2561 4251
764 173 876 215 ET
960 175 1220 219 ACTA

183 339 243 375 Ad
264 344 401 376 Proceres
423 344 520 375 Scotiae
542 352 577 375 ut
599 342 743 377 inducant
769 348 877 393 Regem
908 346 954 381 ad
973 348 1151 392 faciendum
1178 352 1246 382 Ho-

222 394 367 484 fmagium
398 393 435 428 ὠ·
469 389 661 425 fidelitatem
670 405 681 430 ,·
702 393 752 436 fin
773 399 894 439 minus,
927 396 1008 443 quod
1029 397 1088 442 lest
1103 398 1246 444 praemtffa

245 448 356 472 actam.

36 526 165 562 AnnD.
186 522 308 580 REX
326 523 474 554 Univerfis
490 525 524 556 &
542 524 667 568 Singulis
686 524 836 566 Ducibus,
854 527 1034 567 Comiiibus,
1058 529 1092 560 δε
1109 529 1165 561 aliis
1181 529 1252 560 Pro-

53 576 140 606 1400.
262 563 371 594 ceribus
387 562 482 602 Regni
502 563 608 594 Scotiae
626 563 769 603 Salutem,
795 574 824 596 ut
848 566 944 598 debite
969 568 1074 599 faciatis
1101 579 1163 607 quae
1181 569 1250 598 hor-

64 618 87 634 ’.
109 616 132 633 i.
185 609 276 633 tamur

34 613 97 673 Zilia
112 653 141 679 4.
225 624 387 679 Qiomodo
402 638 599 670 Anteceffores
621 640 655 671 δε
669 639 867 678 Progenitores
888 643 976 674 nostri
999 643 1094 682 Reges
1119 644 1251 683 Angliae,

65 682 129 711 ibid.
185 678 255 718 Jure
269 678 417 716 superioris
432 679 466 710 &
476 677 576 708 directi
591 677 787 721 Dominii,ab
802 682 996 720 antiquiffimis
1011 683 1150 713 retroactis
1157 683 1251 713 Tem-

190 716 307 755 po'ribus
329 715 483 754 (videlicet)
503 726 517 745 a
531 724 659 754 tempore
674 719 786 747 Locrim'
802 719 865 749 Filii·
886 723 970 750 Bruti
991 722 1076 758 citra,
1094 721 1200 751 Scotiae
1216 723 1249 753 &

191 756 273 793 ipsius
289 755 419 791 Regibus
434 757 463 784 in
478 755 672 796 Temporibus
688 757 720 787 &
743 757 866 787 Annexis
887 758 990 789 eisdem
1014 759 1198 797 praefuerunt,
1216 761 1250 791 &

191 796 228 825 ab
243 793 305 831 ipsis
318 793 450 829 Regibus
467 803 517 831 pro
560 802 634 832 egno
647 794 770 832 Scotiie,
789 796 822 826 ὃς
835 796 955 834 ejusdem
971 797 1000 827 R
1039 799 1066 827 ni
1082 797 1249 828 Proceribus

189 842 205 862 a
222 833 321 870 quibus
337 832 437 862 habere
453 832 602 870 volebant,
621 832 744 869 Ligeum
762 833 938 871 Homagium
953 836 987 876 ὃς
1034 836 1160 866 idelitatis
1170 836 1251 875 Jura—

191 878 323 901 mentum
338 879 523 909 receperunt,
541 879 592 900 vos
603 870 685 900 latere
700 871 853 902 nullatenus
865 873 1039 912 dubitamus,

229 909 286 947 Et,
306 918 339 940 ex
361 919 418 947 quo
433 910 521 938 iidem
542 909 738 940 Antecessores
752 911 785 941 ὃς
805 910 1001 948 Progenitores
1016 912 1121 949 nostri,
1139 923 1154 942 a
1167 912 1251 943 dietis

196 948 372 985 temporibus
393 948 462 977 citra
476 971 485 985 ,
510 947 540 976 in
561 945 819 986 Poss'ess‘ioneJm-is
838 950 871 980 ὃς
886 950 1021 980 Dominii
1034 951 1253 989 praedictorum,

192 986 237 1018 vel
257 986 348 1026 quasi,
365 985 495 1024 fuerunt,
515 984 599 1023 Nos,
617 986 785 1016 eorumdem
805 988 878 1024 Juris
898 988 930 1019 &
950 988 1084 1020 Dominii
1099 988 1252 1020 Poffeffio-

190 1034 260 1055 nem
279 1025 491 1062 continuantes,
510 1023 670 1063 Nichilqiie
694 1024 776 1055 Novi
797 1026 980 1066 innovantes,
999 1028 1036 1058 set
1044 1028 1112 1067 Jura
1128 1029 1161 1059 &
1176 1027 1252 1057 Prae-

194 1064 336 1100 rogativas
351 1061 477 1092 Coronae
493 1061 598 1092 nostrae
614 1062 774 1093 conservare
789 1064 920 1095 Volentes
937 1065 1017 1096 illaesa
1027 1089 1036 1105 ,
1056 1075 1141 1105 prout
1156 1066 1191 1097 ad
1207 1066 1253 1105 id,

192 1112 228 1132 ex
245 1101 356 1132 Virtute
373 1111 420 1139 per
436 1101 504 1131 Nos
517 1100 811 1141 praestitiJuramenti,
828 1103 920 1134 sumus
932 1104 1070 1142 obligati,

228 1139 271 1170 Ea
286 1147 398 1178 propter
413 1139 481 1169 Nos
496 1139 607 1175 Regem
623 1140 793 1179 Scotorum,
812 1151 861 1178 per
874 1142 980 1172 nostras
1002 1145 1071 1173 certi
1086 1144 1189 1174 tenoris
1204 1143 1254 1174 Li-

191 1186 281 1216 teras,
300 1177 525 1216 Requisivimus,
544 1177 735 1216 Monuimus,
752 1179 785 1209 &
801 1178 994 1211 Hortabamur
1006 1183 1149 1221 quatinus,

231 1216 420 1247 Consideratis
444 1214 596 1247 Christiani
621 1216 768 1254 Sanguinis
784 1216 919 1249 effusione
935 1219 1047 1258 aliisque
1070 1220 1204 1250 Periculis
1220 1220 1254 1251 &

193 1254 356 1295 Dampnis,
375 1265 439 1294 quae
456 1264 490 1284 ex
509 1254 671 1295 praemissis,
691 1255 710 1285 ii
726 1265 788 1285 non
804 1255 901 1287 fierent
914 1280 924 1296 ‚
941 1259 1124 1290 verisimiliter
1141 1258 1253 1296 poss'unt

190 1303 304 1324 evenire

230 1316 331 1363 Nobis
345 1331 530 1369 Homagium
544 1333 578 1364 &
591 1331 768 1362 Fidelitatem
789 1333 925 1370 praedicta
946 1334 1040 1372 (prout
1062 1335 1255 1366 Praedeceffo-

193 1381 235 1401 res
249 1370 304 1408 sui,
321 1369 434 1409 justi&
449 1370 573 1407 legitimi
594 1369 689 1406 Reges
701 1370 870 1409 Scotorum,
890 1372 1014 1411 Regibus
1034 1373 1163 1413 Angliae,
1182 1373 1254 1405 Pro-

192 1409 368 1447 genitoribus
382 1408 498 1446 nostris,
515 1419 531 1438 a
545 1409 687 1439 retroactis
705 1410 877 1448 temporibus
898 1411 1112 1448 consueverunt)
1132 1412 1179 1442 die
1197 1413 1256 1443 Lu-

192 1458 257 1486 nae,
277 1447 421 1478 Vicesirno
442 1448 526 1477 tertio
546 1447 592 1477 die
613 1447 752 1485 praesentis
776 1448 882 1479 Mentis
904 1449 1043 1488 Augusti,
1061 1451 1134 1488 apud
1158 1450 1256 1481 Eden-

190 1485 286 1523 burgh
312 1486 372 1523 (ubi
394 1495 462 1516 tunc
483 1486 523 1515 ob
544 1485 618 1516 hanc
641 1485 783 1524 Causam,
806 1487 839 1517 &
861 1488 946 1518 etiam
969 1498 1081 1526 propter
1103 1488 1208 1519 Pacem
1222 1490 1255 1520 ὃς

190 1523 439 1562 Tranquillitatem
458 1523 648 1562 Regnorum,
665 1525 722 1554 tiim
740 1524 874 1563 Angiiae,
891 1526 974 1564 quam
992 1526 1117 1565 Scotiae‚
1134 1527 1191 1558 esse
1213 1529 1256 1558 in-

191 1563 343 1599 tendimus)
363 1563 483 1593 fac'turus
496 1563 607 1601 veniat,
625 1571 708 1603 prout
725 1562 753 1592 in
767 1562 867 1594 nostris
884 1564 1002 1603 Literis,
1022 1565 1090 1596 inde
1106 1566 1256 1605 confectis,

190 1602 299 1640 plenius
313 1603 486 1632 continetur:

227 1640 309 1671 Cum
325 1650 391 1680 ergo
405 1641 434 1670 iri
450 1639 531 1670 Actis
547 1640 620 1670 inter
635 1638 729 1678 Reges
745 1638 859 1677 Angliae
873 1639 907 1670 &
920 1640 1045 1680 Scotiae,
1064 1643 1111 1680 qui
1133 1641 1254 1680 fuerunt,

189 1679 310 1716 habitis,
327 1680 398 1709 inter
412 1686 529 1715 caetera,
547 1678 701 1716 reperimus
717 1677 796 1715 quod
811 1677 852 1708 illi
862 1688 896 1709 ex
910 1678 1018 1716 Vobis,
1037 1691 1052 1710 a
1075 1682 1175 1718 quibus
1190 1680 1256 1711 Rex

192 1717 308 1755 Angliae
321 1717 459 1755 voluerit,
477 1717 527 1746 sibi
542 1716 668 1754 Ligeum
682 1715 862 1754 Homagium
885 1718 918 1749 ὅ(
941 1718 1089 1750 Fidelitatis
1104 1720 1257 1760 Juramen-

192 1763 254 1786 tum
267 1755 371 1786 facient
384 1756 417 1786 &
433 1754 622 1793 praestabunt,

232 1793 350 1824 Idcirco
364 1794 426 1825 Vos
440 1803 541 1824 omnes
555 1793 589 1824 &
609 1792 749 1832 singulos,
766 1792 882 1825 Tenere
905 1794 1105 1834 Praesentium,
1123 1795 1257 1835 Requiri-

194 1842 274 1871 mus,
291 1831 465 1870 Monemus,
483 1832 516 1862 &
530 1831 685 1862 Hortamur
698 1833 825 1869 quatinus
839 1832 989 1872 praefatum
1009 1837 1024 1851 '⁵
1044 1834 1159 1873 Regem
1183 1835 1257 1866 Sco-

192 1879 289 1902 torum
303 1871 337 1902 ad
354 1870 515 1901 faciendum
530 1869 670 1908 praemiffa
684 1869 843 1909 Inducatis,

229 1908 285 1948 Et,
303 1909 323 1940 fi
340 1910 396 1947 ipse
414 1908 521 1938 Vestris
542 1907 787 1947 Exhortationibus
809 1909 928 1940 nolucrit
949 1910 1092 1949 assentire,
1129 1911 1192 1942 Vos
1213 1913 1259 1942 ni-

196 1948 386 1986 chilominus,
411 1948 494 1978 dictis
512 1946 570 1977 Die
587 1947 621 1977 &
642 1946 737 1985 Loco,
757 1956 853 1977 coram
871 1948 970 1978 Nobis
991 1951 1189 1988 compareatis,
1208 1950 1260 1980 Li-

193 1995 281 2028 geum
298 1986 477 2026 Homagium
493 1987 526 2017 &
544 1985 692 2016 Fidelitatis
705 1985 900 2024 juramentum
920 1986 1017 2018 Nobis
1036 1988 1154 2027 facturi,
1173 1998 1259 2019 coete-

196 2035 279 2066 taque
298 2026 387 2056 acturi
405 2035 468 2062 quae
487 2024 598 2063 qualitas
616 2024 696 2055 Facti
713 2026 835 2060 exegerit
851 2025 883 2055 ὃ(
900 2025 936 2056 de
950 2025 1017 2064 Jure
1034 2027 1135 2057 fuerint
1153 2027 1259 2058 facien-

193 2063 246 2103 da,
264 2063 390 2102 alioquin
403 2063 546 2102 justitiam
566 2062 688 2093 nostram
708 2061 842 2102 Prosequi
860 2065 1045 2103 intendimus,
1060 2074 1144 2103 prout
1158 2065 1194 2096 de
1205 2065 1257 2105 Ju-

193 2112 224 2133 re
232 2102 336 2172 Irii‘efius
348 2102 511 2142 poffurnus,
528 2101 561 2134 &
576 2101 696 2132 Divinae
709 2100 843 2140 placuerit
859 2101 1025 2141 Magestati.

280 2142 359 2172 cu'us
394 2143 455 2173 δίο.

266 2151 466 2220 Tei'te'Rege
486 2178 561 2219 apud
582 2177 687 2210 Villam
706 2178 737 2208 de
756 2179 843 2209 Novo
860 2179 953 2221 Castro
970 2178 1054 2220 fieper
1078 2183 1199 2222 Tynam,
1221 2183 1260 2221 vij

195 2217 242 2250 die
260 2217 389 2258 Augusti.

688 2257 742 2286 Per
757 2254 840 2296 ipsum
858 2257 995 2299 Custodem
1013 2257 1052 2294 ὠ·
1068 2258 1221 2290 Concilium.

41 1841 61 1861 ⁸
82 1843 167 1870 vul.

72 1888 135 1918 157.

355 2387 405 2420 De
427 2388 539 2419 Literis
562 2388 663 2432 Regiis
686 2389 765 2434 Regi
787 2390 886 2420 Scotiae
908 2387 1097 2424 intimandis.

39 2477 117 2511 Ann.
134 2476 175 2508 D.
200 2472 344 2530 REX,
361 2471 484 2503 Dilectis
497 2471 565 2509 fibi,
584 2470 729 2502 Williehno
744 2472 892 2512 Fultlwrp,
909 2473 1017 2504 Thomae
1032 2475 1212 2514 Pickworth‚
1227 2476 1261 2508 &

69 2525 156 2556 1400.
278 2512 402 2542 Gerardo
415 2513 510 2541 Heron
518 2510 695 2578 ,ldMilitibus
708 2533 724 2555 ,¹
742 2510 881 2580 Juhansngl
887 2511 986 2552 Cuifin
999 2536 1010 2551 ,
1035 2513 1168 2552 Johanni
1187 2517 1262 2545 Mit-

44 2561 125 2630 Hf'lp.
136 2566 159 2583 ι’
191 2549 283 2620 surg,
297 2550 860 2630 {CugdgiiatieilessoregstogcARffllggitfficidres
882 2559 971 2619 3ξᾶῗῖ
983 2612 992 2628 ,
1019 2589 1115 2628 Reges
1130 2590 1262 2630 Angliae,

42 2634 124 2669 Viagt'i
135 2642 159 2660 r.
197 2627 267 2667 Jure
281 2628 435 2666 Superioris
448 2628 481 2657 ὃς
494 2626 595 2657 direffl
608 2625 743 2656 Dominii
752 2628 804 2665 ,ab
813 2628 871 2658 anti
892 2627 1007 2658 uiffimis
1015 2630 1161 2660 retroactis
1170 2629 1262 2660 Tem-

42 2675 76 2697 H.
93 2681 122 2706 4.
139 2681 176 2700 m.
200 2667 317 2705 poribus
331 2688 341 2705 ,
366 2666 493 2734 Scfotiae,
518 2665 551 2695 &
565 2664 645 2702 ipsius
662 2663 808 2705 Regibus,
826 2667 856 2696 in
901 2667 1089 2705 emporalibus
1104 2669 1136 2699 &
1150 2669 1262 2702 annexis

65 2710 92 2736 6.
201 2705 304 2735 eisdem
358 2714 397 2734 rae
412 2712 509 2734 uerunt

46 2717 60 2746 3
238 2743 275 2774 Et
290 2729 325 2774 ab
337 2715 401 2781 ppfis
420 2725 550 2778 Regib'us
563 2750 618 2779 pro
634 2739 745 2779 Regno
759 2742 924 2781 Scotiae‚&
938 2743 1062 2782 ejusdem
1078 2742 1174 2781 Regni
1188 2744 1261 2775 Pto-

201 2783 312 2813 ceribus
326 2793 342 2812 a
356 2781 456 2819 quibus
469 2780 573 2810 habere
594 2779 725 2811 volebant
736 2802 747 2819 ,
776 2780 901 2818 Ligeum
915 2781 1094 2822 Homagium
1109 2783 1143 2814 ὅτ.
1157 2783 1181 2813 F
1182 2783 1261 2814 ideli-

201 2821 263 2852 tatis
273 2820 478 2858 juramentum
494 2827 665 2856 receperunt,

236 2858 274 2888 Et
295 2857 365 2888 Nos
382 2858 457 2896 juris
480 2857 514 2888 &
537 2856 675 2887 Dominii
699 2856 857 2894 huiusmodi
871 2857 1077 2889 Posseffionem
1091 2861 1261 2891 continuan-

200 2905 258 2935 tes,
276 2896 419 2934 nichilque
434 2894 521 2925 Novi
536 2897 721 2933 innovantes,
738 2895 776 2926 set
787 2895 855 2935 Jura
869 2897 903 2927 ὅ(
918 2895 1120 2934 Praerogativas
1134 2897 1261 2929 Coronae

201 2935 306 2967 nostrae
320 2934 488 2978 conservare⁸
498 2934 625 2965 volentes
638 2933 718 2978 illaesa
732 2957 752 2978 ³.
764 2944 849 2972 prout
862 2934 896 2966 ad
909 2935 957 2973 id,
982 2945 1016 2966 ex
1030 2937 1131 2967 virtute
1146 2947 1195 2975 per
1211 2948 1262 2968 nos

201 2971 753 3055 1)ΥῇίέΙίῑτιεὲυἷξῑῐὲξῖἶὲἒὲέἓῗὲἒοῗξέᾗῗιῖῖζ
759 2995 874 3041 iiecnon
889 3021 989 3042 omnes
1003 3011 1174 3050 &singulos
1182 3012 1261 3045 Prie-

199 3051 270 3082 latos
286 3053 321 3083 ὅς
334 3050 468 3080 Proceres
483 3049 579 3089 Regni
593 3049 699 3079 Scotiae
715 3071 724 3086 ,
746 3049 825 3086 super
847 3050 903 3080 hoc
920 3050 1105 3088 Requirimus
1120 3074 1129 3089 ,
1154 3051 1263 3082 Mone-

200 3099 264 3120 mus
276 3111 287 3127 ,
313 3090 346 3120 &
360 3089 540 3119 exhortamur
555 3110 565 3126 ,
588 3096 671 3126 prout
684 3089 714 3117 iri
731 3088 830 3118 nostris
847 3088 949 3119 Literis
969 3089 1086 3127 desuper
1101 3090 1263 3130 confectis,

199 3137 267 3172 quas
282 3127 374 3158 Vobis
387 3128 420 3158 &
436 3127 551 3158 cuilibet
564 3125 711 3164 vestrum,
727 3127 782 3156 una
795 3136 865 3157 cum
882 3126 1083 3167 Praesentibus,
1100 3128 1263 3160 Transmit-

197 3174 285 3198 timus
296 3165 358 3203 ipsis
372 3164 540 3195 intimandas
550 3187 560 3202 ‚
978 3175 981 3178 *

239 3203 332 3235 Vobis
348 3204 381 3234 &
398 3203 514 3233 cuilibet
529 3201 654 3233 vestrum
668 3225 677 3240 ,
695 3202 745 3233 sub
761 3203 851 3234 Poena
866 3203 1063 3235 Forisfadturae
1078 3206 1211 3236 omnium
1227 3207 1262 3238 &

200 3242 377 3280 singulorum
393 3251 457 3280 quae
472 3240 570 3271 Nobis
584 3240 754 3271 Forissacere
774 3243 897 3279 poteritis
947 3242 1073 3274 districte
1090 3242 1263 3282 Praecipien-

201 3281 260 3319 do,
279 3279 450 3311 Mandamus
466 3280 592 3317 quatinus
608 3279 732 3316 praefatas
748 3279 851 3310 Literas
864 3265 969 3311 nostras
985 3304 995 3319 ,
1019 3282 1096 3319 juxta
1116 3283 1148 3314 ὃ(
1166 3282 1263 3314 secun-

200 3319 271 3350 dum
288 3319 357 3349 Vim
370 3318 403 3348 &
420 3317 566 3348 Effedmm
581 3318 763 3355 earumdem,
781 3318 862 3348 dictis
877 3318 974 3357 Regi,
992 3320 1132 3359 PraelatiS,
1148 3321 1263 3352 &Pro-

202 3358 313 3389 ceribus
328 3356 428 3393 Regni
445 3355 552 3386 Scotiae
566 3377 576 3393 ‚
600 3356 706 3386 sublato
722 3356 863 3387 dilationis
878 3357 1028 3389 obstaculo
1045 3381 1055 3396 ,
1083 3359 1114 3388 in
1137 3360 1261 3396 ipsorum

200 3396 326 3434 Propriis
339 3394 468 3426 Personis
483 3416 492 3432 ‚
518 3395 538 3424 fi
557 3393 680 3431 ipsorum
693 3393 854 3425 Praesentias
870 3397 1028 3427 commode
1044 3397 1145 3427 habere
1160 3400 1265 3435 poteri-

201 3435 255 3473 tis,
273 3434 440 3471 alioquinin
458 3432 613 3471 Kelcowe,
633 3433 809 3472 Dryburgh,
828 3433 988 3465 Gedworth
1026 3434 1136 3465 Melros
1149 3458 1158 3473 ,
1178 3437 1210 3467 &
1225 3437 1264 3467 E-

202 3473 332 3511 denburg
344 3494 354 3510 ,
378 3472 410 3502 &
434 3471 490 3501 aliis
516 3471 603 3501 Locis
627 3471 751 3502 Publicis
774 3472 844 3502 infra
860 3473 970 3503 didtum
985 3458 1124 3511 Regnum
1139 3474 1263 3514 Scotiae,

202 3512 253 3542 ubi
269 3510 359 3542 Vobis
374 3509 515 3540 Videbitur
529 3509 628 3540 melius
644 3510 795 3549 expedire,
821 3510 959 3549 Publice,
981 3512 1034 3542 alta
1047 3513 1079 3543 &
1094 3512 1263 3549 intelligibili

202 3549 305 3588 Voce,
323 3548 477 3586 IntimetiS,
497 3548 624 3586 Legatis‚
640 3549 674 3580 ὃς
688 3548 850 3589 InsinuetiS,
874 3550 921 3581 seu
935 3551 1032 3589 aliquis
1048 3549 1172 3582 vestrum
1190 3551 1263 3583 Inti-

203 3596 282 3626 met,
302 3587 391 3624 Legat
424 3587 457 3617 &
473 3586 613 3624 Insinuet,

241 3626 372 3664 ipsosque
389 3609 517 3664 Regem,
537 3623 684 3664 Praelatos,
704 3626 737 3656 ὃς
752 3625 906 3664 Proceres,
924 3626 958 3658 ad
977 3637 1009 3658 ea
1028 3637 1093 3666 quae
1114 3626 1175 3671 ipsis
1196 3627 1262 3659 scri-

203 3665 317 3703 bimus,
336 3665 370 3695 &
386 3671 417 3693 ut
431 3662 533 3693 nostris
547 3662 800 3695 Exhortationibus
822 3666 1000 3703 acquiescant
1051 3664 1204 3696 efficaciter
1221 3667 1264 3697 A-

204 3704 318 3734 nimetis
332 3703 365 3734 &
380 3700 536 3738 InducatiS,
553 3701 598 3732 seu
613 3702 680 3733 alter
693 3702 818 3733 vestrum
834 3704 954 3734 Animet
968 3704 1000 3734 &
1015 3687 1151 3742 inducat,
1175 3743 1180 3748 ι
1197 3743 1203 3748 .

240 3741 362 3779 Nosque
378 3740 413 3769 de
427 3739 473 3769 die
488 3738 675 3770 Intimationis
691 3741 835 3778 praedidtae
850 3765 860 3779 ,
885 3743 919 3773 ὃς
940 3742 1072 3781 quicquid
1097 3742 1217 3772 feceritis
1233 3745 1263 3774 in

201 3778 373 3817 Praerriiffis,
390 3778 494 3816 quidve
511 3776 594 3816 Rex,
613 3778 721 3808 Praelati
736 3802 746 3816 ‚
772 3780 804 3809 &
820 3778 956 3810 Proceres
972 3780 1102 3818 praedieti
1116 3779 1263 3818 responde-

202 3819 260 3849 rint
275 3818 309 3849 δι·
326 3817 443 3848 fecerint
457 3818 487 3846 in
502 3815 555 3846 hac
569 3825 661 3854 parte,
678 3816 831 3847 certificare
852 3819 952 3848 curetis
963 3840 973 3855 ,
996 3818 1040 3848 vel
1063 3817 1195 3849 certificet
1218 3820 1264 3850 ille

202 3864 239 3888 ex
252 3855 343 3887 Vobis
356 3856 405 3896 qui
420 3854 508 3886 didias
523 3853 630 3885 Literas
641 3854 748 3886 nostras
760 3855 886 3894 duxerit,
903 3865 933 3887 ut
949 3856 1078 3894 praefatur
1093 3878 1103 3893 ,
1129 3857 1265 3888 intiman-

200 3894 261 3925 das.

201 4007 230 4039 A
239 3931 371 4038 In'iffi‘iles
378 3931 463 4010 ὶζὶζςῖἐ
474 3968 548 4009 apud
560 3967 660 4012 Villam
674 3969 707 4000 de
719 3971 804 3999 Novo
820 3968 913 4009 Castro
919 3969 1000 4010 fitper
1015 3972 1120 4010 Tynam
1133 3993 1143 4009 ,
1161 3972 1199 4010 vij
1217 3972 1264 4006 die

231 4018 248 4039 u
271 4017 290 4039 u
315 4018 334 4038 i.

250 4018 269 4047 g
698 4047 753 4076 Per
768 4043 850 4085 ipfiam
866 4047 962 4085 Regem
976 4045 1014 4082 ό*
1033 4047 1187 4078 Concilium.

1302 176 1780 224 PUBLICA.
2272 195 2351 244 189

1294 349 1369 395 Regi
1392 352 1492 382 Scotiae
1517 354 1654 384 Manitio
1682 351 1719 385 de
1742 355 1934 400 comparendi)
1952 362 2146 404 peremptorie
2169 364 2201 392 in
2226 363 2353 407 Propria

1415 398 1541 443 Perfima
1557 399 1601 432 ad
1615 403 1803 447 Homagium
1819 406 1856 440 &
1871 403 2064 438 fidelitatem
2073 407 2229 450 facienda.

1297 479 1382 534 RE
1392 481 1423 513 X
1433 504 1442 519 ,
1457 482 1538 526 'Regi
1552 483 1705 529 Scotorum
1721 485 1866 529 Salutem,
1882 488 1916 519 &
1930 488 2082 527 Requesti's
2095 501 2129 523 ac
2144 491 2358 525 Monitionibus
2370 490 2446 522 Ann-
2458 491 2500 522 D·

1374 519 1475 552 nostris
1487 522 1660 564 acquiescere
1674 523 1757 561 justis.
2391 539 2476 569 1400.

1332 557 1361 587 A
1378 568 1516 590 memoria
1529 560 1617 591 vestra
1632 571 1691 591 non
1705 563 1812 594 recessit
1827 565 1977 602 quomodo
1994 565 2076 606 Nos,
2369 571 2420 596 An·
2443 578 2467 597 ¹-

1330 595 1519 639 'Attendentes
1534 598 1612 642 quod
1628 599 1822 631 Antecessores
1837 603 1871 632 &
1884 602 2084 640 progenitores
2099 606 2184 637 nostri
2193 607 2285 647 Reges
2293 609 2354 644 An-
2370 611 2402 634 H.
2420 616 2450 642 4-

1296 633 1361 676 gliae
1389 634 1457 672 Jure
1470 635 1613 672 superioris
1629 637 1661 667 ὃ(
1677 638 1776 668 directi
1792 639 1941 678 Dominii,
1958 643 1994 672 ab
2015 644 2208 680 antiquissimis
2228 656 2353 678 retroac-
2403 645 2469 672 ibid.

1294 680 1330 703 tis
1350 656 1544 717 'semporibus
1557 697 1567 711 ,
1591 674 1694 705 Scotiae
1707 677 1831 715 &ipsius
1848 678 1976 716 Regibus
1991 703 2001 718 ,
2028 682 2056 711 in
2078 682 2294 720 Temporalibus
2317 687 2351 717 &

1296 720 1409 754 annexis
1421 713 1540 750 eisdem,
1556 712 1728 744 Praefuerunt
1745 737 1753 752 ,
1779 715 1811 746 δε
1826 717 1862 746 ab
1876 717 1937 754 ipsis
1952 717 2078 756 Regibus
2092 729 2144 758 pro
2160 720 2269 758 Regno
2282 723 2355 754 Seo-

1296 755 1342 777 tiae
1352 771 1370 792 ,ι
1380 749 1413 779 &
1427 751 1552 787 ejusdem
1567 750 1666 788 Regni
1680 752 1851 784 Proceribus
1863 765 1878 784 a
1890 757 1990 794 quibus
2004 757 2105 788 habete
2120 759 2268 798 volebant,
2285 761 2353 792 Ho-

1296 796 1421 825 magium
1438 789 1470 819 ὃς
1487 788 1634 820 Fidelitatis
1647 789 1842 828 juramentum
1865 803 2029 832 receperunt
2042 818 2052 833 ,
2079 797 2111 826 &
2131 807 2166 827 ex
2187 808 2244 836 quo
2264 800 2351 829 iidem

1298 825 1496 856 Anteceffores
1509 827 1543 857 &
1559 826 1756 865 Progenitores
1771 829 1876 869 nostri,
1892 832 1911 850 ³¹²
1926 843 1941 862 a
1955 832 2038 865 dietis
2053 834 2249 872 Temporibus
2264 838 2352 876 citra,
2374 836 2392 854 ²¹¹⁵
2410 838 2433 862 V
2439 835 2494 863 ΠῙ·

1294 863 1522 932 ignfoffeffione
1539 865 1615 904 Juris
1637 866 1670 897 &
1693 866 1828 898 Dominii
1848 869 2052 906 praedictorum
2068 894 2079 910 2
2106 874 2151 904 vel
2172 875 2267 915 quasi,
2292 877 2354 907 fue-
2408 873 2469 910 ¹53·

1368 925 1378 940 2

1333 939 1418 979 Nos,

1299 1016 1305 1022 ¹
1333 977 1401 1009 Hac
1422 979 1642 1012 consideratione
1661 983 1753 1022 moti,
1778 982 1986 1016 Poffeffionem
2004 985 2079 1023 Juris
2094 988 2128 1018 &
2145 988 2282 1020 Dominii
2299 991 2353 1022 hu-

1293 1015 1418 1060 jusmodi
1433 1020 1615 1056 continuare,
1633 1021 1778 1058 nichilque
1793 1022 1877 1053 Novi
1893 1024 2045 1062 innovare,
2069 1024 2105 1056 set
2115 1025 2182 1064 Jura
2196 1029 2228 1058 ὅ(
2244 1027 2354 1061 Praero-

1298 1063 1405 1092 gativas
1419 1055 1548 1088 Coronae
1562 1058 1666 1088 nostrae
1680 1059 1841 1091 conservare
1856 1061 1989 1092 Volentes
2003 1062 2100 1102 illaesa,
2292 1066 2295 1067 ⁷

1334 1093 1439 1131 Nuper
1453 1117 1463 1132 ,
1488 1106 1537 1133 per
1559 1096 1666 1126 nostras
1688 1099 1757 1128 certi
1778 1100 1883 1130 tenoris
1904 1100 2029 1139 LiteraS,

1299 1130 1484 1171 MonuimuS,
1503 1136 1536 1165 ὃς
1551 1134 1744 1166 Hortabamur
1760 1138 1904 1175 quatinus,

1335 1169 1524 1202 Consideratis
1545 1171 1695 1203 Christiani
1715 1175 1857 1212 sanguinis
1877 1175 2010 1207 effusione
2031 1177 2142 1216 aliisque
2164 1177 2301 1212 Periculis
2322 1182 2356 1213 &-

1299 1207 1456 1253 Dampnis,
1476 1220 1540 1248 quae
1555 1220 1589 1240 ex
1605 1211 1771 1250 Praernissis,
1797 1213 1816 1243 fi
1829 1223 1888 1244 non
1903 1215 2001 1245 fierent
2015 1238 2025 1253 ,
2050 1217 2232 1248 verilimiliter
2248 1219 2359 1256 possent

1296 1256 1410 1277 evenire

1337 1272 1437 1316 Nobis
1451 1286 1632 1324 Homagium
1645 1288 1678 1318 &
1694 1288 1868 1320 Fidelitatem
1886 1291 2037 1331 praedii‘ta,
2054 1292 2100 1322 die
2117 1293 2209 1325 Lunae
2223 1318 2233 1334 ,
2251 1295 2359 1328 Vicefi-

1299 1332 1346 1353 rna
1365 1325 1442 1354 tertia
1463 1325 1510 1355 die
1530 1325 1670 1363 praetentis
1694 1326 1803 1358 Mensis
1822 1328 1943 1366 Augusti
1958 1352 1968 1368 ,
2001 1331 2073 1367 apud
2097 1331 2268 1373 Edenburgh
2292 1335 2355 1372 (ubi

1298 1369 1368 1393 tunc
1404 1364 1444 1393 ob
1459 1364 1533 1394 hanc
1549 1363 1688 1403 Causam,
1707 1366 1741 1396 &
1756 1368 1843 1396 etiarn
1856 1377 1969 1405 propter
1984 1367 2088 1399 Pacem
2103 1371 2137 1401 &
2154 1369 2364 1410 Tranquillita-‘

1298 1408 1356 1444 tem
1405 1411 1547 1439 egnorum
1561 1403 1676 1440 Angliae
1693 1404 1726 1434 &
1743 1403 1866 1444 Scotiae,
1883 1405 1938 1436 effe
1956 1408 2140 1446 intendimus)
2160 1409 2261 1440 facturi
2278 1412 2360 1445 veni-

1299 1448 1381 1476 retis,

1337 1477 1383 1507 Ac
1399 1487 1499 1509 omnes
1513 1478 1645 1510 Praelatos
1660 1481 1694 1512 &
1707 1480 1842 1511 Proceres
1850 1481 1947 1519 Regni
1963 1483 2126 1522 Scotiae,ad
2141 1485 2256 1516 eosdem
2270 1486 2360 1519 Diem

1299 1515 1332 1545 δε
1349 1515 1462 1546 Locum
1480 1517 1513 1547 &
1529 1518 1638 1548 Acium
1648 1540 1657 1556 ,
1675 1520 1769 1550 venire
1785 1521 1928 1560 facerem,
1941 1531 2024 1559 prout
2041 1523 2099 1552 hoc
2113 1525 2144 1553 in
2159 1525 2243 1555 dietis
2257 1526 2361 1558 nostris

1300 1553 1402 1584 Literis
1416 1554 1524 1592 plenius
1540 1558 1714 1587 continetur:

1337 1592 1383 1622 Ad
1406 1603 1472 1631 quas
1494 1594 1609 1632 quidem
1633 1595 1740 1626 Literas
1761 1596 1864 1626 nostras
1887 1599 1992 1628 David
2005 1600 2199 1638 Primogenitus
2214 1600 2301 1641 vester
2325 1612 2361 1634 ac

1301 1629 1369 1661 Dux
1385 1630 1552 1669 Rotliesaie,
1567 1633 1627 1663 &c.
1646 1643 1762 1664 necnon
1783 1634 1872 1665 vester
1893 1637 2102 1668 Locumtenens
2122 1638 2202 1677 (Nos
2222 1640 2360 1672 Adversa-

1300 1670 1372 1737 Rutgi
1394 1668 1473 1738 suFm
1497 1670 1608 1710 Angiiae
1630 1672 1745 1709 vocans)
1771 1672 1876 1704 Literas
1896 1674 1994 1704 Nobis
2017 1675 2120 1714 scripsit
2141 1678 2305 1715 (secundum
2318 1680 2358 1718 se)

1331 1717 1346 1737 e
1360 1717 1417 1744 pon
1431 1719 1489 1739 uras
1498 1732 1507 1747 ‚

1339 1746 1470 1784 Qiarum
1492 1754 1625 1778 contenta
1647 1748 1696 1777 fibi
1719 1748 1768 1785 ipsi
1790 1748 1851 1780 sunt
1873 1751 2024 1788 contraria,
2042 1759 2071 1782 ut
2089 1753 2223 1792 cuilibet,
2242 1756 2362 1786 intuenti

1300 1784 1334 1814 &
1348 1783 1518 1822 Intelligenti
1529 1808 1540 1824 ,
1561 1786 1613 1816 hac
1630 1785 1709 1817 Luce
1725 1787 1886 1818 Meridianfi
1901 1790 1934 1820 &
1948 1789 2058 1820 oculata
2079 1790 2134 1822 fide
2154 1793 2251 1823 clarius
2269 1794 2362 1831 potest

1299 1833 1444 1861 apparere:

1338 1860 1460 1892 Miratur
1472 1861 1655 1901 quodamodo
1671 1863 1750 1902 quod
1762 1863 1812 1903 Jus
1828 1864 1955 1896 nostrum
1969 1866 2097 1905 prosequi
2114 1869 2363 1908 intendimus‚non

1300 1900 1522 1931 animadvertens
1544 1901 1623 1938 quod
1646 1902 1755 1932 nemini
1778 1903 1920 1940 injuriatur
1944 1906 1991 1942 qui
2003 1904 2054 1944 Jus
2075 1905 2154 1937 suum
2171 1908 2362 1947 prosequitur,

1302 1938 1335 2007 (ἐς
1351 1938 1453 1970 talisin
1467 1938 1593 1970 Messeni
1609 1939 1730 1972 alienam
1744 1940 1862 1972 Falcem
1878 1944 1988 1976 mittere
2009 1944 2162 1977 nuliatenus
2180 1946 2222 1978 est
2247 1948 2363 1978 censen-

1325 1987 1356 2007 us

1341 2000 1491 2047 C’redimus
1503 2017 1569 2047 vere
1584 2016 1693 2048 nullum
1707 2016 1780 2048 sanae
1799 2018 1908 2050 Mentis
1922 2018 2048 2052 dubitare
2067 2022 2136 2060 quin
2151 2022 2224 2054 aliud
2240 2023 2280 2054 est
2297 2023 2364 2055 Ho-

1303 2054 1431 2091 magium
1444 2063 1537 2096 petere
1551 2077 1561 2093 ,
1585 2055 1619 2086 &
1631 2055 1703 2086 aliud
1721 2055 1844 2087 Divitias
1859 2068 1983 2096 quaerere
1998 2070 2008 2098 3
2034 2058 2155 2091 Divitias
2169 2063 2246 2093 enirn
2262 2061 2364 2099 Regni

1303 2093 1411 2124 Scotiae
1427 2094 1456 2123 in
1475 2093 1576 2125 Literis
1589 2093 1691 2125 nostris
1707 2104 1766 2127 non
1781 2096 1930 2132 petivimus
1946 2107 1953 2126 ι
1978 2097 2011 2128 &
2027 2100 2109 2129 novit
2121 2099 2186 2138 ille,
2211 2101 2260 2140 qui
2275 2098 2365 2133 nichil

1303 2133 1436 2170 ignorat,
1454 2132 1533 2171 quod
1544 2131 1579 2162 ad
1594 2131 1623 2162 id
1640 2131 1728 2164 Mens
1741 2133 1832 2164 nostra
1849 2134 1991 2175 hucusque
2005 2146 2063 2166 non
2080 2137 2198 2170 anelavit
2212 2160 2223 2176 ‚
2240 2138 2308 2171 licet
2321 2141 2365 2170 in*

1298 2171 1402 2209 juriose
1417 2171 1480 2201 haec
1495 2170 1594 2200 Nobis
1606 2171 1733 2209 imponat
1748 2171 1843 2203 David
1858 2182 2045 2206 memoratus:

1342 2208 1426 2240 Idem
1436 2211 1521 2241 etiam
1538 2208 1634 2240 David
1682 2211 1713 2242 in
1728 2210 1811 2242 dietis
1825 2210 1877 2242 suis
1891 2212 2010 2252 Literis,
2027 2213 2120 2244 asserit
2133 2215 2229 2254 quod,
2247 2214 2315 2248 sicut
2331 2217 2365 2248 δε

1304 2247 1392 2286 Nos,
1406 2250 1444 2280 ita
1456 2248 1489 2280 &
1503 2247 1576 2286 ipse,
1595 2233 1728 2280 desi'derat
1742 2248 1897 2282 Christiani
1919 2250 2069 2289 Sanguinis
2088 2251 2255 2285 effusionem
2278 2257 2365 2289 evit&

1304 2297 1348 2325 re,
1367 2288 1401 2318 &
1416 2296 1509 2318 tamen
1526 2287 1556 2317 in
1568 2286 1674 2318 eisdem
1690 2287 1792 2319 Literis
1805 2310 1814 2325 ,
1839 2299 1908 2319 cum
1928 2290 2090 2322 Trescentis
2104 2313 2115 2329 ,
2137 2300 2182 2322 aut
2207 2292 2347 2325 Ducentis

1305 2326 1352 2357 seu
1369 2324 1495 2357 Centum
1514 2324 1673 2359 Nobilibus
1687 2348 1697 2363 ,
1720 2325 1746 2356 se
1766 2325 1853 2358 offert
1868 2327 2030 2359 Nobiscum
2048 2329 2244 2369 pugnaturum
2257 2354 2267 2370 ,
2292 2317 2367 2371 quasi

1304 2364 1464 2396 Nobilium
1479 2364 1640 2404 sanguinem
1655 2363 1848 2396 Christianum
1866 2376 1925 2397 non
1941 2367 2083 2406 censeret,

1343 2402 1421 2434 Ciim
1437 2412 1504 2442 ergo
1517 2402 1661 2440 praedidtae
1674 2403 1730 2435 suae
1744 2403 1847 2436 Literae
1855 2427 1865 2442 ‚
1885 2406 1919 2436 δε
1933 2414 2065 2438 contenta
2080 2409 2109 2436 in
2121 2406 2225 2439 eisdem
2234 2430 2244 2447 ‚
2262 2410 2295 2440 ad
2314 2401 2367 2444 Fa-

1305 2441 1385 2473 &um
1401 2440 1616 2474 Contentorum
1635 2443 1665 2472 in
1684 2441 1785 2473 Literis
1801 2443 1905 2474 nostris
1922 2445 2133 2482 praenominatis
2154 2446 2194 2477 nil
2216 2448 2318 2481 faciant
2336 2449 2368 2479 in

1304 2480 1428 2518 effeetu,

1343 2518 1459 2550 Idcirco
1472 2517 1539 2548 Nos
1548 2541 1556 2556 ,

1343 2556 1442 2588 Didiis
1454 2556 1556 2587 nostris
1571 2555 1809 2596 Requisitionibus
1850 2557 2065 2590 Monitioriibus
2079 2583 2090 2598 ,
2112 2560 2146 2592 &
2161 2559 2369 2594 Exhortationi-

1306 2595 1358 2626 bus
1373 2618 1383 2634 ,
1408 2605 1473 2634 quas
1488 2594 1574 2634 justas
1587 2618 1596 2633 ,
1621 2605 1655 2626 ex
1677 2597 1796 2634 antiquis
1816 2580 1958 2627 Recordis
1973 2599 2007 2629 &
2022 2600 2167 2629 autenticis
2182 2621 2191 2637 ,
2214 2600 2369 2632 luculenter

1304 2633 1450 2702 pocsisumus
1465 2634 1602 2676 probare,
1619 2633 1737 2664 firmiter
1753 2634 1906 2666 infistentes
1922 2658 1933 2674 ,
1959 2637 1992 2668 &
2007 2637 2043 2667 ab
2060 2637 2124 2674 ipsis
2139 2638 2292 2670 nullatenus
2308 2638 2368 2670 Re-

1306 2683 1340 2703 ce
1362 2682 1438 2703 entes

1341 2711 1418 2748 Vos,
1438 2696 1549 2742 e'xnunc
1563 2710 1714 2747 prount&
1729 2719 1797 2741 tunc
1819 2711 1938 2742 Tenore
1959 2711 2139 2743 praesentium
2151 2737 2162 2752 ‚
2187 2723 2220 2744 ex
2240 2714 2367 2752 superha-

1305 2749 1444 2781 bundanti
1461 2749 1643 2786 Requirimus
1659 2771 1669 2786 ,
1694 2749 1851 2781 Monemus
1868 2774 1878 2787 ,
1903 2751 1936 2781 &
1949 2750 2105 2782 Hortamur
2121 2753 2248 2790 quatinus
2262 2753 2318 2784 Die
2333 2754 2367 2785 δε

1307 2788 1409 2826 Loco,
1427 2789 1509 2819 vobis
1524 2788 1553 2817 in
1568 2787 1686 2824 praefatis
1700 2787 1802 2818 nostris
1815 2787 1916 2818 Literis
1931 2799 1978 2828 per
1994 2789 2029 2819 N
2031 2800 2061 2819 os
2077 2790 2218 2827 affignatis
2233 2814 2244 2829 ,
2267 2801 2368 2822 coram

1305 2826 1406 2856 Nobis
1419 2827 1518 2857 curetis
1533 2826 1718 2863 peremptorie
1733 2836 1896 2863 comparere
1908 2849 1918 2865 ,
1936 2827 2031 2857 Nobis
2049 2828 2173 2866 Ligeum
2188 2829 2369 2869 Homagium

1305 2865 1338 2896 &
1353 2864 1530 2896 Fidelitatem
1543 2886 1553 2902 ,
1577 2875 1610 2894 ac
1625 2873 1725 2894 caetera
1739 2866 1836 2895 onmia
1849 2887 1859 2902 ‚
1882 2875 1947 2903 quae
1969 2866 2000 2896 in
2021 2865 2124 2896 eisdem
2146 2866 2246 2897 nostris
2268 2868 2370 2899 Literis

1306 2904 1506 2940 continentur,
1524 2902 1641 2939 sansturi3
1664 2903 1763 2933 Literis
1777 2901 1871 2933 David
1885 2903 1993 2941 praefati
2006 2904 2040 2935 &
2056 2903 2206 2940 Contentis
2220 2907 2250 2936 in
2262 2907 2367 2938 eisdem

1305 2951 1364 2971 non
1379 2941 1552 2972 obstantibus
1567 2941 1801 2979 quibuscumque.

1344 2979 1377 3010 In
1397 2980 1491 3018 cujus,
1510 2980 1571 3010 &a

1379 3018 1469 3049 Teste
1484 3018 1569 3056 Rege
1584 3017 1659 3056 apud
1671 3019 1714 3046 Le
1728 3016 1840 3057 Lythe,
1857 3019 1912 3056 xxij
1929 3018 1975 3049 die
1991 3018 2119 3059 Augusti.

2048 1100 2110 1132 Vos
2126 1101 2352 1145 Requilivimus,

2057 3098 2111 3126 Per
2126 3095 2211 3135 ipfion
2226 3098 2331 3135 Regem.

1460 3241 1520 3272 ero
1538 3236 1724 3281 Monasterio
1742 3238 1852 3272 Sanfbae
1874 3240 1981 3272 Crucis
1996 3239 2032 3272 de
2049 3238 2212 3275 Waltham.

1306 3322 1442 3378 REX,
1457 3322 1600 3355 Escaetori
1615 3321 1663 3353 suo
1678 3323 1707 3352 in
1724 3320 1912 3354 Comitatibus
1926 3322 2042 3354 Effixiae
2056 3324 2088 3355 ὅ(
2103 3323 2299 3364 Hertfordiae,
2315 3326 2367 3358 Sa·
2381 3333 2457 3365 Arm,
2472 3333 2515 3366 D,

1381 3363 1477 3392 lutem.
2401 3382 2487 3412 1400.

1345 3399 1443 3438 C0m³
1489 3438 1494 3443 .
1545 3437 1551 3443 .
1760 3438 1766 3443 .
1789 3438 1795 3444 .
1936 3441 1940 3445 .
2136 3442 2141 3447 .
2379 3416 2431 3439 Aa.
2451 3421 2475 3440 ¹·

1345 3438 1393 3469 Ad
1408 3437 1657 3475 supplicationem,
1675 3436 1797 3468 Domini
1810 3436 1957 3476 Richardz,
1974 3447 2063 3475 nuper
2075 3441 2154 3477 Regis
2171 3439 2304 3478 Angliae,
2316 3440 2366 3471 Se·
2381 3454 2416 3478 H,
2433 3459 2461 3485 4-

1308 3477 1394 3508 cundi
1411 3476 1474 3514 post
1489 3475 1704 3514 Conquestum,
2381 3491 2441 3515 p„-
2460 3497 2483 3516 1,

1346 3515 1399 3545 Per
1420 3514 1523 3544 Sedem
1544 3513 1741 3552 Apostolicam
1765 3512 1931 3544 Conventui
1948 3513 2115 3546 Monasterii
2133 3515 2245 3547 sanetae
2262 3516 2366 3548 Crucis
2380 3529 2414 3553 Η,
2451 3549 2457 3555 ,
2491 3549 2497 3555 ,

1308 3553 1344 3584 de
1358 3553 1523 3590 Waltham,
1539 3551 1683 3582 Roman-ie
1697 3551 1833 3582 Ecciefiae
1848 3552 2013 3582 immediate
2030 3553 2200 3592 subjec‘ti,fit
2218 3554 2363 3587 Indultum
2381 3564 2408 3593 8,
2419 3575 2456 3594 m,
2467 3575 2509 3599 ¹4-

1310 3591 1389 3630 qubd
1405 3601 1507 3621 omnes
1521 3591 1553 3621 ὃς
1571 3590 1690 3628 linguli,
1711 3592 1759 3628 qui
1775 3590 1946 3628 succeffiv‘e,
1964 3594 2099 3631 perpetuis
2116 3592 2211 3623 futuris
2225 3595 2364 3631 tempori-
2483 3598 2489 3603 “

1308 3631 1376 3668 δας,
1394 3630 1422 3659 in
1438 3629 1564 3659 Abbates
1577 3628 1646 3658 dieti
1663 3627 1847 3666 Monasterii,
1862 3629 1931 3658 cuni
1943 3628 2011 3659 illud
2026 3639 2124 3660 vacare
2140 3632 2289 3670 contigerit
2315 3642 2364 3670 per

1305 3668 1396 3706 ipsum
1413 3666 1599 3698 Conventum
1615 3666 1697 3696 electi
1713 3666 1812 3696 suerint
1821 3689 1830 3704 ,
1848 3676 1882 3696 eo
1897 3667 1956 3704 ipso
1968 3689 1977 3704 ,
2000 3667 2052 3697 abs
2069 3679 2102 3699 ue
2114 3669 2202 3707 aliqua
2216 3670 2268 3700 alia
2303 3671 2365 3701 ‘on-

1307 3706 1465 3736 firmatione
1478 3730 1487 3742 ,
1516 3705 1569 3734 smt
1591 3706 1649 3734 veri
1671 3704 1792 3735 Abbates
1811 3704 1933 3741 ejusdem
1949 3704 2024 3735 Mon
2065 3708 2131 3745 etii,
2150 3709 2184 3738 &
2197 3717 2251 3745 pro
2263 3710 2366 3740 talibus

1308 3745 1468 3776 censeantur
1485 3744 1517 3773 ὃς
1530 3743 1697 3780 habeantur,

1347 3783 1391 3813 Ac
1407 3782 1519 3819 perinde
1535 3780 1726 3811 administrare
1741 3781 1772 3810 ὃς
1788 3779 1895 3810 Curam
1912 3780 2080 3812 Animarum
2104 3791 2198 3822 regere
2210 3807 2220 3820 ,
2245 3795 2278 3816 ac
2298 3795 2366 3816 om-

1309 3822 1355 3851 nia
1368 3821 1419 3850 alia
1433 3821 1465 3850 ὃ(
1481 3819 1603 3856 singula,
1625 3829 1686 3857 quae
1702 3819 1733 3848 ad
1751 3818 1873 3856 Curam,
1893 3820 1926 3849 ἃ
1941 3819 2237 3861 Administrationem,
2253 3834 2286 3854 ac
2303 3823 2365 3854 Re*

1308 3862 1406 3899 gimen
1421 3858 1491 3888 dicii
1509 3857 1673 3887 Monasterii
1687 3857 1885 3894 pertinuerint,
1903 3857 1992 3887 libere
2007 3858 2126 3888 &licite
2139 3859 2230 3891 facere
2242 3861 2275 3892 ὃς
2286 3872 2364 3892 exer-

1310 3908 1391 3934 cere,
1409 3898 1439 3926 in
1453 3896 1602 3932 omnibus,
1617 3896 1649 3924 &
1664 3905 1712 3932 per
1728 3896 1823 3924 omnia
1841 3917 1851 3932 ,
1878 3896 1895 3913 '5‘
1921 3896 2020 3932 poffint
2042 3897 2247 3933 imperpetuum
2263 3923 2272 3938 ,
2296 3910 2328 3930 ac
2343 3900 2363 3930 fi

1309 3946 1357 3973 per
1372 3934 1475 3965 Sedem
1490 3933 1654 3970 praedietam
1666 3943 1765 3963 eorum
1779 3932 1889 3962 Electio
1904 3933 1975 3963 foret
1993 3932 2166 3965 Confirmata
2176 3959 2184 3973 ,

1348 3973 1393 4004 Ac
1410 3974 1494 4002 etiam
1510 3982 1526 4001 a
1543 3981 1724 4009 quocumque
1744 3971 1889 4000 maluerint
1902 3992 1913 4008 ,
1940 3971 2090 4002 Catliolico
2106 3974 2238 4005 Anaistite
2253 3997 2262 4012 ,
2289 3974 2364 4005 Gra-

1310 4013 1379 4044 tiam
1392 4011 1425 4041 &
1444 4008 1693 4040 Communioneni
1708 4009 1796 4039 diCtae
1811 4008 1891 4039 Sedis
1907 4009 2042 4048 habente,
2062 4009 2193 4043 Benedici
2208 4013 2333 4051 vileant,

1348 4049 1423 4082 Non
1443 4047 1618 4079 obstantibus
1638 4046 1864 4115 quibuscumqlqe
1885 4046 2142 4080 Constitutioriibus
2155 4073 2166 4090 ,
2186 4050 2365 4119 Literis,Pseu

1858 4094 1870 4114 a
1893 4093 1909 4124 3
2332 4099 2377 4121 υ»

2386 3907 2405 3927 ⁴⁴·
2425 3906 2511 3939 vm,

2415 3952 2477 3981 159·
