2561 4251
695 143 807 185 ET
891 143 1155 186 ACTA
1221 145 1698 191 PUBLICA.

0 231 62 264 hm.
73 228 115 260 D.

7 269 91 309 1361.

0 309 51 351 ἏΫ·
71 317 98 346 3·
134 319 242 363 Bulla,
258 318 349 365 fhper
365 315 527 350 Concordia
554 320 632 398 in‘Zr
659 318 776 397 Ilincem
807 318 965 350 Britanniae
986 320 1022 355 ρὰ·
1051 317 1191 350 Carolum

639 367 662 398 Β
684 377 731 414 ys.

0 444 34 490 Ψ·
58 449 105 477 35·
133 452 345 507 INnocentius
366 451 522 492 Episcopus
535 472 545 490 ,
573 450 674 494 Serv-us
701 449 853 494 Servorum
881 451 941 482 Dei
955 475 965 490 ,
995 450 1135 482 carissimo
1162 449 1192 479 in

0 491 14 507 ἰ-
35 487 60 514 3-
133 510 136 514 .
178 490 296 522 Christo
312 491 399 529 Filio,
415 490 558 522 Edwardo
570 489 647 528 Regi
662 487 772 527 Angliae
789 488 907 529 illustri,
924 490 1048 521 Salutem
1060 491 1093 521 &
1112 488 1191 526 Apo-

133 527 266 560 stolicam
281 529 524 561 BenediCtionem.

170 567 305 598 Pervenit
317 577 406 605 nuper
418 567 452 598 ad
466 566 647 596 Audientiam
662 565 789 595 nostram
803 566 917 605 qualiter
929 569 989 597 tam
1002 566 1067 605 Tu,
1092 566 1193 608 quarn,

131 605 285 636 carissimus
298 607 327 636 in
349 605 466 637 Christo
481 604 565 634 Filius
580 603 685 641 noster,
697 603 840 642 Johannes
855 605 919 636 Rex
933 606 1058 636 Franciae
1072 603 1194 639 Illustrrs,

0 521 23 544 ix
34 520 92 543 Au-

0 564 46 592 vgr.

131 654 186 682 pro
197 644 341 675 tractanda
362 642 531 675 Concordia
546 643 618 672 inter
642 642 759 673 dileelos
774 643 877 682 Filios,
897 644 1023 674 Nobiles
1036 639 1194 678 Viros,Ca-
1235 654 1241 657 -

130 683 226 713 rolum
241 682 359 714 Ducem
380 681 530 712 Britanniae
544 704 554 719 ,
575 681 609 712 &
625 679 789 719 Johannem
809 681 958 712 Comitem
989 679 1196 715 Montisfortis,

130 729 226 751 certos
240 719 330 752 Diem
344 720 377 750 &
391 719 526 757 Locum,
550 720 578 750 in
614 719 692 749 uibus
707 719 755 758 ipfi
777 729 874 750 coram
895 720 1009 757 Vobis,
1031 717 1077 747 seu
1099 715 1196 746 Com-

133 760 261 790 miffariis
272 758 383 795 vestris,
402 759 557 788 convenire
569 758 604 788 de
626 758 726 795 ebant,
744 758 883 794 statuisse,
1188 792 1194 797 ·

172 798 240 828 Nos
258 798 352 834 itaque
374 796 533 834 hujusmodi
552 796 654 836 Regiae
674 796 890 826 Deliberationis
906 817 915 832 ‚
939 803 993 832 pro
1017 794 1076 823 tarn
1096 792 1196 836 salubri

133 835 266 873 materia,
283 834 442 865 Consilium
459 835 615 873 plurimum
628 837 659 866 in
673 834 807 864 Domino
829 832 1062 876 commendantes
1077 853 1086 875 ,
1104 840 1137 861 ac
1154 841 1198 860 m-

134 884 170 905 ce
190 884 217 905 ta
231 883 279 912 per
290 883 342 904 vos
355 873 526 904 laudabiliter
540 874 610 904 Fine
620 873 762 904 terminari
776 870 873 900 deblto
884 880 1045 909 cupientes,
1060 869 1197 913 dilectum

135 884 257 948 Filium,
274 911 463 951 Androynum
487 912 628 942 Abbatem
649 909 816 939 Monasterii
833 907 1022 939 Cluniacenfis
1036 907 1199 952 ,Matisco-

137 951 227 982 nenfis
242 950 383 981 Dioecesrs
396 952 489 987 (cujus
501 949 616 987 provida
628 947 754 978 sollertia
766 948 799 978 &
814 947 907 977 sollers
921 947 1071 978 Prudentia
1087 944 1198 989 1111143-

136 990 201 1029 gnis
215 991 249 1021 &
263 988 366 1019 Arduis
379 988 405 1018 se
420 988 501 1018 nobis
519 989 553 1018 &
567 986 632 1017 Sedi
645 985 820 1022 Apostolicae
835 986 938 1016 claram
953 986 1021 1016 fecit
1035 985 1046 1022 >
1066 984 1099 1015 ad
1114 992 1199 1014 inter-

138 1027 324 1066 ponendum,
343 1028 418 1057 circa
432 1024 627 1055 Concordiam
639 1023 817 1063 hujusmodi,
836 1024 1009 1063 Apostolicae
1034 1022 1200 1053 Auerorita-

138 1067 173 1096 tis
185 1075 273 1106 partes
285 1065 406 1101 debitas,
422 1071 556 1101 tanquam
571 1063 651 1094 Pacis
671 1062 831 1102 Angelum,
853 1062 888 1093 ad
909 1062 1059 1101 praefatum
1083 1061 1199 1091 Locum

137 1104 270 1135 duximus
280 1101 483 1133 destinandum.
1179 1139 1184 1144 ι

178 1143 327 1182 roirca
336 1141 519 1170 Serenitatetn
532 1147 609 1170 tuam
624 1150 758 1178 rogamus
774 1140 806 1171 &
819 1138 968 1170 hortamur
980 1140 1088 1170 attente
1111 1146 1201 1176 quatr-

138 1189 207 1219 nus,
225 1190 278 1218 pro
291 1177 386 1208 nostra
400 1179 433 1209 &
446 1177 622 1216 Apostolicae
641 1179 719 1209 Sedis
742 1177 913 1208 Reverentia
928 1200 938 1216 ,
963 1177 1055 1208 eidem
1075 1177 1203 1215 Abbati,

139 1220 195 1251 tuis
208 1217 358 1248 affistendo
374 1216 528 1247 Favoribus
543 1217 576 1247 &
591 1215 723 1247 Confiliis
736 1216 916 1255 inhaerendo,
935 1226 988 1254 pro
1008 1216 1125 1246 sedanda
1140 1216 1205 1246 Dis-

141 1256 239 1287 cordia
254 1257 327 1285 inter
341 1255 435 1285 dietos
451 1255 569 1286 Ducem
583 1256 617 1286 &
632 1253 801 1293 Comitem,
820 1256 853 1285 &
868 1254 942 1285 Pace
965 1254 1075 1292 stabili,
1098 1255 1205 1284 ratione

141 1295 308 1325 communis
323 1294 492 1332 commodi,

142 1341 230 1373 prout
244 1331 374 1370 expedire
386 1332 504 1369 viderit,
519 1331 617 1370 Opem
631 1332 664 1362 δε
681 1316 809 1375 &peram
824 1331 981 1361 efficacem.

183 1370 253 1402 Dat.
270 1370 406 1403 Avinion.
424 1378 524 1409 quarto
536 1369 579 1401 Id.
597 1369 715 1408 Martii,
734 1368 920 1401 Pontificatfis
933 1369 1021 1400 nostri
1034 1368 1123 1400 Anno
1137 1368 1207 1399 No-

144 1418 193 1440 no.

508 1292 685 1324 reformanda
720 1293 785 1324 dare
806 1293 871 1323 velit
899 1292 1073 1332 Magnitudo
1096 1292 1205 1331 Regia,

660 1445 713 1477 Sub
726 1446 792 1477 Filis
804 1446 994 1477 cannabaceis.

821 1525 854 1553 P.
874 1523 905 1553 de
924 1523 1048 1554 Velletro.

251 1665 299 1697 De
321 1665 476 1697 comitam
493 1667 635 1707 Pontivi,
668 1661 712 1696 ad
735 1673 803 1709 opus
829 1664 917 1709 Regis
938 1661 1110 1708 recipienda.

2 1752 79 1787 Ann.
92 1752 134 1784 D.
154 1748 322 1817 Ι-ΙΕἰΒογ
334 1759 366 1788 3,
384 1756 444 1780 noz
459 1749 601 1818 chgrcesN&
611 1747 756 1817 {oilalgqlde
771 1747 830 1778 Sire
852 1747 1110 1817 degloutzeffeinssg
1129 1746 1216 1778 Guil-

3 1791 117 1867 A¹Z⁶3¹52
152 1821 207 1853 stre
220 1797 291 1857 2¹35?
303 1788 538 1864 &ieffss'j‘ffi‘ahoi
552 1797 733 1863 ἀέὶὲωιὲ,
748 1795 874 1855 ‘siff’
941 1796 985 1817 wa
995 1796 1053 1822 ‘³¹⁵’
1120 1796 1146 1825 ³²
1163 1797 1216 1817 ‘¹⁰‘

0 1873 35 1900 Β.
53 1878 78 1905 3.
191 1861 249 1895 Por
263 1874 298 1895 ce
312 1875 381 1902 que,
401 1864 490 1902 parmi
503 1864 527 1894 la
540 1863 625 1903 Paix,
639 1864 689 1895 fait
702 1865 736 1895 ὅτ
750 1863 894 1894 refourme
907 1871 984 1894 entre
991 1861 1079 1893 Nous
1090 1886 1100 1901 ,
1113 1863 1218 1907 &nos-

1 1911 104 1944 Franc.3
109 1917 138 1945 5.
155 1907 201 1945 tre
217 1903 355 1934 treschere
376 1903 476 1940 Frere,
494 1903 521 1933 Ie
536 1902 595 1932 Roi
609 1903 646 1933 de
661 1902 783 1940 France,
801 1901 896 1932 nostre
910 1903 952 1932 dit
967 1902 990 1932 F
992 1911 1052 1931 rere
1071 1912 1142 1944 nous
1157 1901 1218 1931 doit

2 1950 33 1976 Ε.
53 1955 77 1982 3.
155 1938 252 1972 Barller
265 1942 299 1973 ὃς
316 1941 464 1980 Delivrer,
481 1940 545 1972 Tut
559 1952 592 1971 au
610 1940 709 1979 Plein,
733 1941 760 1971 la
779 1939 912 1972 Countee
937 1940 972 1970 de
991 1939 1132 1978 Ponueu,
1149 1950 1218 1971 avec

5 1993 41 2012 m.
54 1994 98 2019 13.
152 1985 223 2009 totes
237 1981 276 2010 ses
291 1980 517 2020 Appartenances
530 1980 562 2011 &
577 1979 800 2019 Appendances‚

3 2022 21 2040 '⁴
42 2026 61 2050 v
71 2026 93 2052 1.
187 2017 207 2036 ³*
225 2017 320 2049 Parmi
335 2027 369 2050 ce
383 2029 438 2058 que
450 2017 539 2048 Nous
551 2018 672 2048 eussions
684 2018 733 2048 fait
747 2017 844 2048 Bailler
859 2026 875 2046 a
891 2016 963 2054 Lui,
987 2027 1025 2047 ou
1048 2027 1063 2046 a
1084 2015 1135 2047 son
1157 2016 1220 2047 Co-

6 2062 69 2099 318.
150 2056 350 2095 mandement,
369 2057 504 2087 certeines
518 2056 707 2094 Forteresces,
725 2064 872 2093 occupeez
892 2056 925 2087 &
944 2055 1068 2086 detenuz
1089 2065 1138 2094 par
1160 2064 1220 2086 noz

151 2093 253 2125 Gentz
268 2105 297 2126 es
310 2095 383 2126 Paiis
400 2096 436 2126 de
457 2094 529 2135 Brye
542 2117 552 2132 ,
574 2095 607 2125 &
629 2095 665 2125 de
686 2095 881 2133 Champaigne
892 2116 902 2133 ,
918 2093 954 2123 de
982 2093 1164 2133 Nivernoys,
1183 2095 1220 2125 de

151 2132 350 2177 Bourgoigne,
369 2134 402 2164 &
416 2133 451 2163 de
466 2133 624 2169 Auserrois,
651 2133 687 2163 de
708 2132 853 2162 Oureleno
871 2142 883 2162 s
897 2155 907 2170 ,
932 2132 968 2162 de
990 2131 1167 2171 Gastenoys,
1185 2132 1220 2163 de

152 2170 299 2211 Mussien,
315 2171 350 2202 de
365 2171 495 2209 Beauffe,
513 2172 547 2201 &
559 2169 595 2201 de
610 2169 769 2211 Vequeffyn
789 2171 815 2200 le
863 2181 976 2210 ranceys
990 2194 999 2209 ‚
1018 2171 1123 2200 ficome
1140 2171 1159 2200 il
1176 2171 1219 2202 est

152 2210 223 2279 ginis
246 2211 400 2250 largement
420 2210 546 2249 compris
564 2218 593 2240 es
609 2208 733 2249 Lettres‚
752 2209 796 2240 sur
816 2218 850 2240 ce
869 2209 947 2240 faites
965 2209 1050 2241 d’une
1070 2209 1166 2240 costee
1187 2210 1221 2241 &

183 2257 261 2280 autre

188 2273 300 2319 Tout’es
315 2288 352 2319 les
364 2288 456 2327 queles
470 2286 641 2319 Forteresces
656 2287 718 2319 sont
730 2287 760 2326 ja
774 2287 910 2319 Rendues
923 2288 957 2319 &
970 2287 1103 2319 Delivres
1117 2298 1132 2319 a
1157 2287 1223 2319 nos-

149 2332 195 2396 gie
208 2326 248 2357 dit
263 2327 366 2365 Frere,
380 2337 429 2365 par
443 2335 556 2358 manere
571 2337 626 2365 que
642 2326 783 2358 accordez
798 2327 899 2366 estoit,
917 2327 950 2358 &
964 2328 983 2357 il
998 2328 1035 2358 les
1050 2328 1121 2358 tient
1142 2328 1223 2366 parfia

182 2374 278 2396 ement

189 2402 244 2434 Par
258 2389 325 2444 qtioi
339 2404 364 2435 la
377 2403 433 2435 dite
448 2402 583 2435 Countee
597 2404 633 2435 de
649 2402 792 2435 Pountieu
805 2401 894 2435 Nous
915 2404 977 2435 doit
997 2404 1068 2435 estre
1089 2404 1176 2436 Baille
1190 2405 1224 2436 ὃς

153 2440 306 2482 Delivree‚
322 2443 428 2473 ficome
442 2442 532 2473 deffus
546 2443 586 2473 est
598 2441 656 2482 dit,

192 2480 296 2520 Nous,
316 2481 460 2511 confiantz
475 2481 510 2511 de
528 2489 586 2511 voz
606 2481 693 2518 Sens,
715 2480 825 2511 Loialte
838 2504 848 2520 ‚
871 2481 905 2512 ὃς
927 2481 1111 2521 Discrefion,
1140 2480 1226 2513 Don-

157 2529 230 2550 nons
240 2528 255 2548 a
269 2529 341 2550 vous
356 2519 470 2557 Quatre
484 2519 651 2558 Enlarnble,
668 2520 774 2558 Trois,
792 2522 825 2551 δε
842 2531 857 2550 3
869 2519 955 2551 Deux
969 2520 1004 2550 de
1028 2530 1100 2551 vous
1118 2545 1127 2561 ,
1146 2520 1225 2552 Aue-

157 2558 260 2594 torite,
276 2557 352 2596 plein
370 2557 468 2596 Poair,
488 2559 521 2589 ὃς
536 2557 727 2588 Mandement
742 2556 857 2596 especial
871 2559 906 2589 de
928 2558 1109 2598 Demander,
1134 2560 1225 2591 Pren-

157 2595 224 2633 dre,
242 2596 276 2627 &
294 2596 449 2627 Rescevoir
470 2596 507 2626 de
535 2596 630 2627 nostre
644 2597 684 2627 dit
698 2596 721 2626 F
723 2607 800 2636 rere,
819 2597 844 2627 le
857 2597 920 2627 Roi
932 2597 967 2627 de
982 2597 1088 2628 France
1105 2606 1183 2629 toute
1201 2600 1224 2629 la

159 2633 292 2666 Countee
303 2634 340 2665 de
351 2633 475 2666 Pontieu
490 2642 556 2666 tout
569 2631 772 2674 entiererhent,
788 2645 857 2666 avec
871 2645 961 2667 toutes
975 2637 1013 2666 ses
1032 2635 1226 2676 Appartenan-

158 2683 207 2704 ces

199 2696 325 2752 fixeepte
337 2712 375 2743 les
393 2711 501 2743 Choses
513 2736 523 2751 ,
548 2712 678 2743 Alienees
700 2713 736 2743 de
757 2712 782 2743 la
801 2712 859 2743 dite
879 2712 1012 2744 Countee
1051 2723 1079 2743 ar
1098 2711 1136 2744 les
1155 2713 1228 2744 Rois

161 2749 372 2788 d’Engleterre,
389 2752 419 2789 qi
431 2759 504 2781 ount
518 2750 575 2780 este
588 2761 660 2788 pour
672 2752 698 2781 le
719 2760 832 2790 temps,
855 2762 883 2781 as
903 2760 991 2782 autres
1038 2751 1147 2782 ersones
1168 2762 1223 2790 que

162 2797 191 2819 as
208 2788 280 2818 Rois
293 2788 329 2819 de
343 2788 450 2819 France
464 2789 695 2828 tantsoulement,
713 2796 761 2827 par
776 2799 889 2820 manere
903 2800 957 2829 que
977 2791 1101 2829 compris
1126 2790 1170 2830 est
1190 2801 1226 2821 en

164 2826 291 2857 Traictie
304 2827 464 2865 devantdit‚

201 2864 256 2903 Et,
274 2875 351 2905 apres
364 2875 398 2896 ce
432 2876 468 2896 ue
481 2875 552 2896 vous
566 2873 650 2896 aurez
663 2866 756 2896 resceu
771 2864 797 2895 la
809 2865 966 2896 Poffeffion
982 2866 1015 2897 &
1030 2866 1134 2897 Seisme
1149 2866 1184 2898 de
1197 2878 1228 2906 y·

162 2904 229 2935 celli
242 2902 395 2943 Countee,
429 2914 445 2934 e
457 2905 525 2935 faire
538 2905 570 2935 ὃ(
585 2904 696 2935 donner
708 2914 724 2934 a
743 2903 839 2934 nostre
851 2904 892 2934 dit
907 2905 931 2934 F
932 2915 992 2935 rere
1013 2904 1056 2936 sur
1071 2916 1105 2936 ce
1131 2905 1229 2938 souffi-

162 2941 249 2974 santes
263 2941 374 2973 Lettres
386 2942 421 2973 de
435 2943 595 2982 Qstance,

204 2979 259 3018 Et,
273 2982 462 3020 nientmeins,
480 2981 516 3011 de
529 2980 652 3012 Prendre
664 2982 698 3012 &
714 2981 870 3014 Rescevoir
882 3005 892 3020 ,
909 2992 950 3013 ou
971 2982 1066 3013 Noun
1088 2982 1124 3014 de
1144 2994 1231 3024 nous,

166 3019 205 3050 les
223 3018 307 3050 Iss'ues
342 3019 468 3058 Remes,
488 3020 523 3050 &
547 3019 701 3050 Revenues
715 3043 725 3059 ‚
750 3021 784 3052 ὃ(
807 3028 886 3051 toute
909 3031 1022 3052 manere
1043 3021 1091 3052 des
1110 3021 1232 3054 Emolu-

169 3067 251 3089 mens
261 3057 296 3088 de
312 3042 338 3089 13
350 3057 584 3089 diteCountee&
594 3058 824 3098 Appartenances
839 3070 873 3090 au
887 3058 1005 3090 Counte
1021 3060 1055 3090 de
1073 3060 1231 3101 Pountieu‚

168 3098 199 3135 qi
208 3106 262 3136 pur
278 3096 304 3128 le
317 3104 409 3136 temps
421 3096 506 3128 estoit
520 3108 536 3129 a
547 3096 648 3136 Nous,
665 3107 705 3127 ou
719 3108 735 3129 a
747 3107 806 3129 noz
818 3097 1019 3138 Progenitours
1032 3122 1042 3138 ,
1051 3098 1124 3130 Rois
1145 3100 1235 3131 d'En-

194 3143 281 3165 eterre

162 3135 193 3175 gl
208 3172 257 3203 De
270 3158 366 3212 (Her,
383 3173 545 3213 Expioiter‚
561 3176 595 3207 &
609 3174 747 3206 Executer
760 3188 795 3208 en
811 3177 917 3207 mesme
930 3177 954 3208 la
975 3175 1110 3208 Countee
1123 3200 1134 3216 ,
1154 3178 1187 3209 δε
1205 3188 1234 3209 es

170 3208 415 3249 Appartenances,
432 3213 465 3242 &
479 3223 515 3243 en
526 3213 563 3243 les
581 3214 640 3244 Sub
661 3215 689 3244 iz
703 3215 736 3245 &
758 3215 949 3247 Enhabitantz
967 3215 1003 3245 de
1020 3217 1108 3255 ycelle
1121 3239 1131 3255 ,
1153 3225 1234 3248 toute

156 3253 283 3317 'xerffnefie
295 3249 331 3280 de
339 3249 522 3287 Jnrifiiifflon
535 3251 619 3282 haute
632 3224 665 3283 ἐ
679 3253 772 3293 basse,
794 3255 828 3285 &
850 3264 898 3292 par
917 3264 1030 3285 manere
1052 3265 1107 3293 que
1129 3255 1177 3287 fait
1198 3257 1233 3288 ad

215 3297 251 3317 e1
272 3298 308 3318 oe
330 3297 358 3318 es

210 3324 261 3355 De
271 3298 397 3357 Prssnd're
409 3326 477 3358 auffi
491 3327 530 3358 les
544 3327 709 3359 Serementz
723 3328 758 3358 de
780 3328 888 3360 Foialte
905 3330 953 3361 des
973 3330 1088 3362 Nobles
1101 3356 1110 3371 ,
1130 3333 1163 3364 &
1184 3345 1233 3366 au-

173 3370 227 3394 tres
239 3363 276 3394 de
288 3365 377 3404 ycelle
392 3364 525 3396 Countee
539 3366 605 3397 auffi
621 3376 708 3397 come
720 3367 758 3397 les
769 3366 830 3398 ditz
843 3368 1008 3400 Serementz
1021 3371 1097 3401 faites
1112 3372 1231 3404 estoient

172 3411 207 3445 au
224 3400 339 3432 Counte
353 3403 388 3434 de
402 3402 543 3443 Pontieu,
559 3415 574 3435 a
586 3404 677 3436 Nous
691 3429 702 3444 ,
728 3416 768 3436 ou
787 3416 803 3437 a
817 3414 877 3436 noz
899 3406 1096 3447 Progenitours
1115 3409 1234 3443 devant—

172 3439 247 3478 ditz,
265 3441 298 3471 &
312 3440 381 3471 faire
395 3441 422 3471 se
434 3442 572 3474 deveront
586 3453 635 3481 par
648 3445 734 3474 raison
745 3467 754 3482 ,

214 3477 263 3508 De
276 3477 397 3515 Merrre,
415 3479 561 3520 Deputer‚
579 3482 613 3513 &
628 3481 749 3512 Establir
762 3492 797 3512 en
811 3482 837 3512 la
853 3483 910 3513 dite
932 3482 1063 3515 Countee
1081 3485 1234 3527 Justicers,

170 3515 309 3555 Provoz,
325 3516 444 3555 Baillifs‚
462 3520 496 3549 ὃς
513 3528 600 3550 autres
616 3520 763 3550 Ministres
777 3521 809 3551 &
834 3520 958 3552 Officers
977 3522 1181 3563 quelconques,
1200 3528 1233 3557 &

171 3555 207 3585 de
220 3555 257 3586 les
269 3555 375 3586 Ouster
390 3556 423 3586 &
437 3555 581 3596 Remuer,
599 3559 632 3588 ὃς
647 3559 782 3598 Surroger
796 3568 898 3599 autres,
916 3570 952 3590 en
963 3561 1022 3591 leur
1035 3561 1124 3593 Lieux
1141 3586 1151 3601 ,
1174 3573 1234 3595 tant

163 3592 273 3624 'fovent
286 3603 341 3632 que
358 3593 460 3624 mester
476 3605 512 3625 en
526 3596 611 3633 serra,

164 3638 167 3641 ·
212 3631 251 3663 Et
265 3632 350 3676 auffi,
370 3633 389 3663 fi
401 3633 437 3662 les
452 3632 526 3662 Rois
539 3633 747 3673 d'Engleterre,
765 3637 794 3675 qi
809 3645 861 3667 ont
876 3636 933 3667 este
948 3647 1001 3675 pur
1016 3637 1041 3668 le
1057 3646 1147 3676 temps
1166 3663 1176 3678 ‚
1195 3651 1233 3671 en

116 3687 123 3691 -
173 3672 286 3702 avoient
301 3671 402 3701 Aliene
414 3680 453 3701 ou
468 3671 640 3709 Transporte
653 3683 772 3703 aucunes
789 3675 900 3712 choses,
921 3675 955 3705 de
972 3676 996 3706 la
1009 3675 1068 3706 dite
1089 3677 1233 3717 Countee,

173 3718 213 3739 ou
228 3718 316 3740 autres
332 3708 464 3740 Persones
479 3720 532 3748 que
546 3720 573 3739 es
587 3708 660 3739 Rois
674 3711 710 3741 de
724 3712 747 3741 F
749 3722 848 3751 rauce,
866 3714 899 3743 &
913 3713 1012 3751 depuis
1032 3715 1119 3746 soient
1141 3727 1235 3748 venuz

164 3756 204 3776 τε
216 3747 311 3778 Maius
324 3748 362 3779 du
383 3747 444 3779 Roi
461 3747 496 3778 de
512 3748 636 3786 France,
652 3758 691 3779 ou
706 3749 772 3779 auffi
793 3759 840 3788 par
859 3750 975 3789 Partage
988 3775 997 3791 ,
1015 3752 1050 3783 de
1074 3753 1234 3792 Requerrer

175 3784 270 3816 nostre
284 3786 325 3817 dit
341 3786 424 3818 Frere
439 3787 485 3824 q’il
498 3787 577 3818 baille
600 3786 638 3816 les
651 3786 720 3818 dites
737 3788 831 3818 choses
853 3798 869 3818 a
887 3790 977 3827 celui,
994 3793 1021 3829 qi
1035 3802 1106 3821 nous
1129 3804 1164 3823 en
1185 3794 1234 3824 de-

174 3832 225 3853 ura
238 3823 483 3892 fairellleHomage
498 3835 550 3864 pur
563 3825 679 3865 ycelles,
696 3835 734 3856 ou
749 3836 793 3857 cas
807 3836 861 3865 que
871 3826 1006 3866 Homage
1022 3839 1057 3860 en
1071 3830 1167 3862 serroit
1180 3832 1235 3863 due

198 3870 229 3890 ur
262 3872 295 3896 ce
315 3873 331 3893 e

176 3870 196 3899 P
211 3871 265 3938 Ery,
286 3901 305 3930 fi
320 3887 362 3931 e'le
376 3912 413 3932 ne
425 3902 521 3933 serroit
533 3902 621 3939 deue,
638 3901 684 3942 q'il
701 3911 773 3932 nous
787 3902 868 3933 baille
879 3903 903 3933 le
917 3904 1050 3943 Tenant‚
1069 3907 1097 3945 qi
1113 3917 1183 3938 nous
1198 3919 1235 3939 en

174 3938 260 3969 deura
273 3937 340 3969 faire
354 3940 380 3970 le
394 3941 510 3979 devoir,
528 3951 577 3979 par
593 3950 704 3971 manere
721 3950 806 3970 come
820 3941 837 3971 il
859 3941 899 3971 est
919 3941 1060 3982 Obligez,

214 3974 269 4014 Et,
286 3978 480 4018 nientmeyns‚
495 3979 530 4009 de
547 3978 736 4015 conferma,
754 3989 789 4008 en
809 3979 904 4009 Noun
924 3980 959 4010 de
979 3991 1049 4012 nous
1065 4005 1073 4020 ,
1093 3990 1182 4014 toutes
1199 3985 1236 4016 les

174 4015 349 4055 Previleges‚
367 4016 405 4046 les
419 4018 511 4055 queles
522 4027 593 4050 ceux
607 4017 643 4050 de
664 4018 690 4050 la
710 4017 766 4049 dite
786 4017 935 4057 Countee,
960 4018 1007 4051 des
1029 4020 1130 4060 vines,
1148 4021 1236 4055 Chas-

202 4056 277 4092 Tom.
296 4057 355 4085 ΙΙΙ.
382 4057 416 4085 P.
432 4057 475 4086 II.

2234 164 2286 205 41

1230 240 1329 271 teaux,
1345 233 1377 263 &
1392 232 1495 264 Terres
1509 234 1545 264 de
1558 234 1646 272 ycelle
1661 236 1773 265 avoient
1788 245 1822 265 au
1839 242 1931 274 temps
1943 235 1978 267 de
1992 235 2018 267 la
2032 236 2090 268 dite
2104 235 2172 269 Paix
2188 236 2248 277 fait,
2267 238 2286 269 fi
2308 238 2384 269 Anni
2397 237 2439 271 D,

1230 279 1311 301 trove
1324 271 1390 310 soit,
1410 282 1458 309 par
1472 272 1628 312 lnspection
1643 271 1680 303 de
1711 274 1808 312 celles,
1826 274 1908 312 q’eles
1923 283 1958 305 ne
1980 275 2061 306 sount
2086 276 2143 307 mie
2165 278 2288 307 contraia
2328 279 2412 315 1361·

1229 319 1271 338 res
1281 320 1296 339 a
1310 309 1335 338 la
1349 309 1462 339 fourme
1475 310 1509 340 de
1525 312 1548 341 la
1560 309 1628 341 Paix
1643 312 1690 341 sus
1704 313 1758 350 ite,
2307 318 2376 344 Edv.
2394 327 2420 354 3.

1267 346 1303 390 Et
1315 347 1350 376 de
1365 348 1458 386 Faire,
1474 347 1612 379 Executer
1624 372 1634 387 ,
1654 351 1687 380 &
1708 349 1848 388 Expedier
1869 357 1960 381 tontes
1980 360 2070 382 autres
2092 351 2200 383 Choses
2211 375 2221 392 ,
2239 361 2290 383 ηε-

1229 385 1356 416 cessaires
1371 395 1407 429 en
1422 387 1491 416 celle
1505 386 1613 426 Partie,
1632 387 1767 418 combien
1779 399 1834 428 que¹
1847 388 1918 426 pluis
1929 389 2045 426 especial
2056 389 2248 422 Mandement
2254 401 2291 423 en

1229 423 1564 500 fflssnssregffizjgnance’
1575 465 1636 494 &e
1650 476 1665 495 a
1678 464 1761 495 durer
1768 464 1877 503 jusques
1888 475 1904 496 a
1919 465 2014 496 nostre
2027 464 2128 504 Repel.

1267 499 1348 529 Don.
1368 499 1437 530 souz
1453 501 1546 530 nostre
1561 501 1655 531 Grant
1669 502 1747 539 Seal,
1761 513 1776 532 a
1794 503 1888 533 nostre
1902 502 1998 542 Palays
2011 504 2047 534 de
2064 505 2188 535 W'estm.
2215 504 2240 535 le
2253 504 2293 536 xii

1226 537 1299 576 J0ur
1311 538 1348 567 de
1360 537 1465 573 Matcz
1486 561 1495 575 ,
1520 539 1587 568 l'An
1608 541 1652 569 del
1674 539 1808 570 Nativite
1828 541 1924 572 nostre
1944 542 2065 580 Seignur
2086 543 2153 573 Mill
2170 566 2180 582 ,
2205 545 2293 575 Trois

1230 575 1342 614 Centz,
1361 576 1468 607 Sessant
1482 577 1515 607 &
1531 587 1587 615 un,
1605 578 1638 608 &
1654 577 1690 608 de
1703 578 1799 609 nostre
1813 578 1914 619 Regne
1927 581 2036 611 Trente
2058 581 2160 620 Qint.

1318 701 1367 731 De
1384 699 1510 732 Concilio
1518 696 1702 744 fhmmonito
1713 699 1788 781 ‚bad
1802 701 1996 736 traslandum
2007 705 2099 751 fitper
2116 708 2206 738 Statu

1673 751 1723 796 Hy
1745 752 1838 783 erniae.

1237 828 1500 900 ΚΕὸξᾶἵέἓὶἂο
1515 832 1548 863 &
1562 830 1638 863 fideli
1653 831 1719 871 suo,
1735 833 1899 865 Humfredo
1914 834 2027 868 Comiti
2039 837 2074 868 N
2076 837 2293 881 orhamptoniae‚
2314 832 2448 911 ΑΙῦΞῐΊό-ῙΡ·

1275 906 1354 946 Qia
1367 907 1458 940 Terra
1474 907 1569 939 nostra
1584 908 1750 948 Hiberniae,
2315 915 2355 938 An
2387 922 2398 947 3
2407 920 2434 946 5·

1273 944 1328 975 Per
1343 947 1538 977 invalescentes
1556 958 1571 977 a
1583 948 1629 978 diu
1637 947 1863 980 Hibernicorurn
1879 946 2064 983 Inimicorum
2079 952 2241 983 nostrorum
2250 952 2299 983 In·
2318 954 2345 977 Ε·
2368 959 2391 985 3-

1237 986 1346 1021 Cursus,
1365 994 1476 1024 propter
1490 984 1694 1023 Impotentiam
1710 987 1848 1018 Fidelium
1870 989 2047 1029 nostrorum,
2073 991 2260 1022 habitantium
2273 994 2301 1021 in
2317 988 2453 1023 Cs'flus-35·

1237 1023 1335 1055 eadem
1346 1046 1354 1060 ,
1373 1025 1405 1054 ὃς
1418 1034 1471 1062 pro
1485 1034 1521 1054 eo
1536 1024 1615 1062 quod
1630 1023 1794 1064 Magnates,
1812 1027 1845 1057 ὃς
1861 1024 1906 1057 alii
1923 1049 1931 1065 ‚
1956 1029 1991 1058 de
2014 1028 2119 1068 Regno
2134 1030 2231 1059 nostro
2240 1031 2303 1059 An·
2313 1030 2351 1068 ,Β
2379 1035 2401 1061 3-

1238 1061 1319 1099 gliae,
1332 1061 1433 1092 Terras
1445 1063 1474 1093 in
1487 1073 1517 1093 ea
1532 1063 2022 1100 habentes2commodumdictarum
2029 1068 2182 1097 Terrarum
2195 1070 2304 1098 suarum
2323 1073 2361 1091 Μ·
2377 1062 2453 1099 3⁶³²·

1239 1100 1275 1129 ab
1291 1099 1390 1130 eadem
1406 1100 1497 1131 Terra
1512 1102 1644 1140 capiunt,
1662 1103 1695 1132 &
1711 1102 1917 1133 Defenfionem
1932 1105 2051 1143 aliquam
2065 1116 2124 1135 non
2138 1106 2261 1144 faciunt,

1274 1138 1338 1176 Jam
1354 1147 1438 1170 tantae
1452 1138 1595 1170 Vastitatis
1608 1141 1641 1171 ὃς
1660 1139 1872 1172 Βείὶωᾶὶίοηίε
1892 1142 2007 1173 miseriae
2027 1144 2160 1174 subicitur
2174 1168 2183 1182 ,
2205 1145 2285 1183 quod
2295 1168 2305 1184 ,

1242 1178 1294 1207 niti
1310 1176 1390 1208 Deus
1404 1186 1528 1216 avertat,
1544 1179 1578 1209 &
1593 1179 1710 1209 celerius
1724 1180 1897 1211 succurratur
1910 1181 2020 1220 eidem,
2039 1182 2071 1212 ad
2095 1184 2213 1213 totalem
2236 1183 2305 1214 Per-

1242 1215 1381 1245 ditionem
1396 1217 1424 1246 in
1438 1218 1570 1255 proximo
1583 1216 1747 1256 deducetur,

1282 1254 1300 1272 ²*
1320 1253 1374 1283 Per
1387 1254 1484 1292 quod,
1503 1265 1556 1291 pro
1572 1254 1731 1286 Salvatione
1746 1255 1869 1294 ejusdem
1885 1282 1895 1294 ,
1919 1256 2111 1289 ordinavimus
2130 1260 2209 1297 quod
2233 1257 2309 1291 Leo-
2350 1252 2369 1271 ἢ*
2388 1252 2439 1279 VI.

1242 1291 1330 1322 nellus
1343 1292 1451 1322 Comes
1465 1293 1615 1332 Ultoniae,
1634 1294 1717 1324 Filius
1733 1295 1829 1325 noster
1843 1295 2012 1335 cariffimus,
2036 1308 2103 1327 cum
2124 1300 2229 1337 ingenti
2252 1299 2311 1329 Ex·-
2359 1301 2421 1328 3¹9·

1243 1332 1367 1369 cercitu,
1386 1331 1420 1362 ad
1434 1331 1557 1362 Terram
1572 1331 1736 1370 praedictam
1750 1343 1820 1364 cum
1840 1335 1922 1364 omni
1943 1334 2122 1367 festinatione
2141 1338 2310 1368 transmitte·-

1245 1377 1291 1399 tur

1282 1393 1320 1438 Et
1332 1408 1413 1447 quod
1424 1417 1525 1439 omnes
1541 1409 1690 1447 Magnates
1725 1412 1759 1442 &
1775 1410 1835 1449 alii,
1855 1411 1891 1442 de
1902 1410 1984 1442 dieto
1998 1409 2108 1450 Regno
2120 1412 2311 1452 nostro,Tera

1245 1447 1327 1477 rasin
1341 1446 1417 1490 (11613
1432 1447 1522 1477 Terra
1536 1448 1684 1479 Hiberniae
1720 1451 1848 1487 abenteS,
1872 1459 1980 1490 quanto
2002 1453 2143 1488 potentius
2163 1462 2311 1493 poterunt,

1246 1485 1276 1514 in
1289 1484 1441 1516 Comitiva
1456 1485 1527 1516 dieti
1551 1486 1612 1516 Filii
1636 1487 1723 1517 nostri
1739 1510 1748 1525 ‚
1774 1489 1984 1525 proficiscentur
2000 1512 2009 1526 ,
2028 1489 2091 1527 vel,
2109 1491 2128 1520 fl
2145 1490 2262 1522 Debiles
2281 1494 2313 1522 in

1246 1521 1379 1561 Corpore
1389 1523 1525 1562 existant,
1543 1523 1628 1555 Loco
1643 1526 1691 1555 suo
1710 1526 1776 1556 alios
1794 1525 1972 1557 Sufficientes
1991 1527 2098 1558 ibidem
2118 1529 2239 1567 mittant,
2259 1540 2313 1566 pro

1246 1562 1404 1598 repulsione
1428 1562 1573 1593 dustorum
1599 1563 1784 1594 Inimicorum
1810 1587 1819 1602 ,
1842 1566 1875 1595 &
1901 1563 2058 1594 Salvatione
2083 1566 2116 1596 δε
2142 1566 2317 1600 Defenfione

1245 1597 1401 1631 Terrarum
1414 1601 1540 1639 suarum,
1557 1601 1591 1631 &
1604 1601 1742 1632 Succursu
1756 1601 1856 1632 Terrae
1871 1602 2054 1640 supradic'tae,

1288 1638 1342 1676 Et,
1369 1649 1421 1676 pro
1441 1639 1520 1670 didio
1542 1639 1594 1670 Ne
1613 1642 1675 1670 otio
1696 1640 1879 1671 accelerando
1892 1664 1901 1676 ,
1927 1641 2060 1670 volumus
2085 1638 2255 1681 vobiscum,
2281 1646 2315 1676 &

1251 1686 1318 1708 cum
1333 1677 1408 1715 aliis,
1423 1678 1458 1708 de
1474 1678 1574 1708 eodem
1622 1687 1712 1717 egno,
1730 1679 1832 1708 Terras
1847 1680 1876 1708 in
1890 1679 1966 1709 dieta
1980 1679 2070 1710 Terra
2096 1679 2246 1711 Hiberniae
2268 1682 2320 1712 ha-

1253 1716 1400 1754 bentibus,
1417 1716 1606 1755 Colloquium
1621 1717 1726 1748 habere
1739 1718 1772 1748 δε
1789 1717 1971 1756 Τι’3ἇ13ωῐῐ1,

1291 1753 1399 1792 Vobis,
1417 1755 1446 1784 in
1462 1755 1529 1785 Fide
1543 1756 1577 1786 &
1602 1754 1748 1794 Ligeantia
1762 1778 1771 1794 ,
1797 1756 1897 1794 quibus
1917 1757 1998 1786 nobis
2019 1757 2155 1787 tenemini
2171 1781 2180 1796 ,
2205 1756 2323 1790 firmiter

1254 1793 1444 1831 injungendo,
1465 1794 1630 1824 mandamus
1643 1794 1738 1833 quod,
1758 1794 1894 1824 omnibus
1910 1795 1968 1823 aliis
1980 1795 2179 1834 praetex‘miffiS,
2199 1796 2252 1826 suis
2261 1808 2323 1836 per-

1254 1832 1383 1862 sonaliter
1397 1832 1469 1868 apud
1482 1831 1773 1863 Westrnonasterium
1789 1856 1799 1871 ,
1823 1832 1852 1862 in
1876 1832 2032 1869 Qiindena
2051 1833 2165 1864 Paschae
2189 1838 2324 1872 proximo

1255 1869 1365 1907 futura,
1382 1870 1601 1909 adloquendum
1618 1872 1785 1908 nobiscum,
1803 1871 1836 1901 &
1853 1869 1989 1901 Concilio
2004 1870 2102 1901 nostro
2118 1894 2128 1910 ,
2146 1872 2224 1910 super
2242 1874 2323 1905 dieto

1256 1908 1406 1948 NegOtiO,
1426 1909 1459 1939 δε
1474 1908 1540 1938 illud
1556 1911 1814 1947 concernentibus,
1839 1910 1872 1940 ὃς
1894 1910 1926 1939 ad
1946 1909 2109 1940 faciendum
2133 1912 2167 1942 ὃς
2198 1915 2318 1944 consen-

1256 1946 1384 1977 tiendum
1398 1946 1476 1984 super
1489 1946 1547 1977 hoc
1562 1948 1639 1986 quod
1655 1948 1760 1980 ibidem
1775 1948 1925 1987 contigerit
1936 1948 2074 1986 ordinari,

1296 1985 1333 2015 Et
1346 1986 1456 2015 interim
1471 1984 1551 2024 Vos,
1571 1986 1603 2016 ὃ(
1617 1985 1762 2017 Homines
1783 1985 1905 2024 vestros,
1931 1995 2038 2023 quanto
2062 1988 2204 2025 potentius
2222 1989 2256 2019 &
2275 1988 2325 2021 de-

1258 2024 1368 2054 centius
1381 2024 1522 2062 poteritis,
1538 2023 1572 2054 ad
1588 2024 1678 2055 Arma
1692 2026 1803 2064 pareti53
1823 2026 1859 2054 ita
1872 2025 1969 2062 quod,
1987 2025 2016 2054 in
2039 2024 2123 2055 vestri
2146 2026 2304 2058 Defectum
2314 2052 2325 2067 ,

1258 2062 1418 2100 Progressus
1434 2062 1501 2092 dicti
1519 2062 1582 2092 Filii
1601 2062 1689 2092 nostri
1704 2063 1738 2094 &
1753 2062 1919 2094 Excercitus
1933 2062 1970 2092 sui
1993 2073 2051 2092 non
2075 2064 2226 2095 retardetur
2240 2088 2249 2104 ,
2269 2077 2324 2098 nee

1258 2101 1333 2132 dicta
1348 2100 1440 2131 Terra
1454 2100 1618 2130 Amiffionis
1634 2101 1766 2132 Periculo
1779 2101 1917 2140 subjaceat
1932 2110 1966 2131 ex
1980 2101 2033 2131 hac
2050 2102 2148 2140 causa,

1298 2139 1335 2169 Et
1348 2139 1422 2176 hoc,
1440 2139 1508 2169 sicut
1523 2138 1606 2178 Nos,
1624 2140 1656 2170 &
1670 2139 1825 2170 Honorem
1848 2139 1976 2169 nostrum
1994 2162 2004 2177 ,
2029 2150 2062 2170 ac
2081 2140 2268 2174 Salvationem
2291 2146 2325 2175 &

1260 2176 1467 2207 Defensionern
1484 2176 1585 2207 Terrae
1604 2178 1748 2218 praedictae
1760 2201 1769 2216 ,
1784 2178 1899 2216 diligitis
1917 2200 1927 2216 ,
1943 2178 2098 2208 nullatenus
2121 2182 2272 2219 omittatis,
2294 2185 2328 2215 ὃς

1258 2216 1380 2247 habeatis
1395 2215 1435 2244 ibi
1448 2215 1505 2246 hoc
1520 2214 1616 2246 Breve.

1295 2253 1385 2286 Teste
1399 2253 1481 2293 Rege
1496 2254 1570 2293 apud
1584 2254 1892 2294 Westmonasterium,
1909 2255 2025 2286 decimo
2038 2256 2138 2295 quinto
2153 2257 2199 2288 die
2219 2259 2328 2292 Martii.

1648 2334 1702 2362 Per
1720 2331 1804 2372 ipfitm
1822 2334 1919 2369 Regem
1937 2331 1975 2368 ὦ»
1995 2333 2145 2363 Concilium.

1297 2409 1467 2441 Confimilia
1483 2407 1582 2439 Brevia
1594 2408 1751 2450 diriguntur
1765 2410 1938 2448 subscriptis,
1957 2411 1993 2441 de
2006 2410 2121 2442 essendo
2135 2422 2232 2444 coram
2248 2414 2330 2454 Rege

1413 2449 1447 2480 &
1463 2447 1602 2478 Concilio
1617 2449 1667 2479 suo
1683 2449 1717 2481 ad
1739 2449 1797 2480 dies
1822 2448 2005 2488 subscriptos3
2027 2450 2174 2490 videlicet,

1262 2525 1403 2564 Radulpho
1421 2528 1520 2555 Comiti
1544 2525 1699 2565 Staffbra'iae
1714 2550 1726 2566 ‚

1262 2565 1367 2594 Thomae
1381 2567 1479 2594 Comiti
1503 2567 1633 2604 oxomae,

1263 2603 1406 2633 Edwardo
1420 2602 1444 2631 le
1459 2600 1625 2642 Dcfivenfi’r,

1265 2641 1385 2671 Waltero
1401 2642 1433 2670 de
1451 2643 1575 2679 any,

1264 2680 1408 2709 Edwardo
1429 2682 1601 2717 Mountagu‚

1265 2717 1410 2748 Almarico
1426 2717 1458 2746 de
1477 2719 1577 2747 Sanc‘lo
1595 2716 1744 2756 Amaside,

1265 2756 1468 2786 Bartholomaeo
1480 2757 1512 2785 de
1528 2754 1694 2795 Burgheffh,

1265 2794 1394 2834 Johanni
1407 2794 1439 2823 de
1455 2794 1582 2833 Crophull
1588 2818 1599 2834 2

1265 2833 1398 2863 Nicholao
1414 2836 1556 2871 Gernoun,
1796 2848 1800 2853 1

1265 2873 1392 2911 Johanni
1410 2873 1442 2902 de
1458 2872 1555 2902 Bohun
1572 2871 1604 2902 de
1623 2869 1780 2911 Midhurst‚

1817 2526 1947 2566 Johanni
1964 2527 1995 2556 de
2014 2530 2122 2557 Carreu.

1818 2565 1862 2596 W
1862 2565 1970 2633 illielZzo
1986 2565 2014 2595 la
2034 2566 2142 2596 Zouche
2155 2566 2187 2596 de
2200 2569 2330 2606 Haryng-

1855 2611 1927 2633 wort

1820 2626 1989 2672 Waltero'de
2005 2642 2228 2683 Bermyngeham,

1817 2680 1947 2719 Johanni
1967 2685 2074 2721 Campa,

1817 2719 1948 2759 Johanni
1966 2721 2085 2758 Wogan,

1818 2758 1922 2787 David
1935 2758 2025 2791 Barry
2034 2780 2044 2795 ,

1817 2795 1945 2833 Johanni
1964 2795 2139 2834 Cornewaill,

1818 2836 1900 2863 Petro
1916 2834 2028 2864 illalure
2038 2857 2045 2870 ,

1817 2872 1947 2910 Johanni
1967 2876 2160 2902 Mautravers.

1270 2952 1326 3006 R
1339 2949 1403 2980 EX
1421 2950 1595 2981 Vicecorniti
1607 2948 1828 2979 Notinohamiae
1842 2950 1875 2979 &
1893 2949 2028 2987 Derbiae,
2043 2949 2176 2980 Salutem.

1368 2990 1447 3027 Quia
1459 2988 1518 3023 &a
1538 2996 1569 3016 ut
1580 2988 1664 3025 supra
1683 2973 1762 3027 ustq’ue
1778 2988 1828 3025 ibi,
1846 2987 1947 3018 Terrae
1962 2988 2117 3025 praedizstae,
2131 2987 2169 3023 (ᾖν
2187 2995 2251 3018 tunc
2267 2988 2310 3029 fic,

1303 3027 1375 3057 Tibi
1389 3029 1472 3064 praeci
1496 3029 1585 3064 imus,
1605 3026 1721 3055 firmiter
1734 3026 1907 3064 injungentes
1923 3049 1933 3064 ‚
1959 3027 2037 3063 qubd
2059 3029 2228 3065 praemunire
2249 3028 2331 3058 facias

1269 3064 1405 3096 Haeredes
1418 3066 1454 3095 de
1488 3064 1638 3104 ‘aumvylh
1657 3064 1759 3093 Terras
1775 3064 1807 3094 &
1821 3065 1849 3093 T
1851 3074 1997 3094 enementa
2020 3065 2046 3094 in
2070 3064 2206 3095 Hibernia
2227 3066 2331 3096 haben-

1270 3112 1327 3142 tes,
1346 3104 1425 3142 quod
1438 3105 1490 3134 sint
1505 3103 1578 3140 apud
1595 3102 1884 3133 westmonasterium
1906 3103 1934 3132 in
1952 3103 2058 3132 Tribus
2082 3103 2247 3140 septimanis
2269 3104 2329 3133 Pas-

1269 3143 1332 3172 chae
1351 3143 1483 3180 proximo
1497 3142 1610 3179 futuris,
1628 3141 1661 3170 ad
1674 3141 1847 3180 loquendum
1859 3139 1919 3175 &a
1938 3147 1969 3169 ut
1978 3140 2065 3179 sispra
2085 3141 2164 3181 ναμε
2189 3142 2236 3180 ibi,
2257 3153 2330 3172 con-

1269 3181 1360 3220 tigerit
1373 3181 1511 3218 ordinari,
1528 3178 1564 3214 ᾤ’
1577 3186 1640 3208 tunc
1644 3178 1702 3217 fic,

1306 3219 1343 3249 Et
1359 3219 1457 3250 habeas
1469 3220 1508 3248 ibi
1520 3220 1636 3249 nomina
1648 3217 1778 3255 illorum,
1796 3226 1845 3256 per
1866 3227 1936 3257 quos
1955 3227 2003 3249 eos
2021 3219 2191 3258 praemuniri
2215 3218 2328 3257 feceris,

1268 3258 1301 3289 &
1319 3258 1376 3287 hoc
1396 3259 1492 3289 Breve.

1304 3295 1392 3327 Teste
1409 3306 1439 3328 ut
1454 3296 1540 3335 supra.

1584 3373 1741 3405 Confimile
1756 3373 1846 3407 Breve
1865 3375 2000 3416 dirigitur,

1268 3453 1297 3481 V
1299 3452 1425 3480 icecomiti
1441 3449 1611 3489 Stafflrdiae‚

1269 3489 1373 3556 Duff?
1386 3490 1418 3518 de
1442 3488 1594 3527 Strabolgi‚
1619 3491 1716 3520 comiti
1735 3493 1782 3521 A-

1306 3534 1317 3556 t
1340 3538 1353 3556 o
1365 3531 1398 3557 1⁴ae
1408 3550 1417 3565 ,

1268 3565 1373 3596 Thomae
1391 3567 1423 3596 de
1438 3567 1522 3603 Roos,

1268 3606 1367 3641 Rogero
1384 3604 1414 3633 de
1429 3603 1555 3642 Clifford,

1268 3641 1374 3672 Thomae
1393 3643 1424 3671 de
1441 3639 1597 3679 Furmvall,

1268 3680 1376 3710 Thomae
1395 3682 1426 3710 de
1443 3683 1534 3719 any,

1269 3719 1412 3749 Edmundo
1433 3721 1590 3755 Laurente,

1273 3794 1362 3849 RE
1372 3794 1402 3825 X
1414 3818 1423 3833 ,
1440 3793 1547 3824 dileetae
1561 3792 1610 3822 fibi
1620 3815 1629 3830 ‚
1648 3791 1750 3824 Mariae
1763 3793 1925 3826 Comitiffie
1948 3795 2123 3826 Norffolciae
2143 3796 2276 3829 Salutem.

1390 3834 1467 3871 Qia
1481 3831 1540 3866 &a
1556 3838 1587 3859 ut
1595 3832 1680 3870 supra
1695 3831 1774 3873 usque
1789 3833 1843 3872 ibi,
1859 3835 2042 3864 accelerando
2080 3834 2117 3869 &⁴
2136 3843 2198 3865 tunc
2206 3835 2243 3875 fic
2252 3859 2260 3875 ‚

1306 3870 1447 3901 Volumus
1462 3880 1529 3900 cum
1546 3868 1724 3907 Magnatibus
1739 3872 1771 3902 ὃς
1785 3871 1842 3902 aliis
1861 3873 1895 3902 de
1916 3873 2017 3902 eodem
2071 3883 2144 3912 egno
2158 3898 2167 3912 ,
2185 3875 2286 3905 Terras
2303 3876 2333 3905 in

1271 3907 1347 3940 dieta
1360 3910 1450 3939 Terra
1464 3908 1614 3938 Hiberniae
1630 3907 1817 3949 habentibus,
1836 3909 2021 3950 Colloquium
2036 3912 2138 3943 habere
2160 3913 2194 3944 &
2214 3913 2335 3945 Tracsta-

1269 3955 1416 4030 fulvobis,
1436 3985 1465 4014 in
1480 3983 1548 4014 Fide
1562 3984 1596 4014 &
1611 3966 1756 4022 Ligeantia
1769 4009 1779 4025 ,
1804 3987 1904 4030 quibus
1924 3986 2008 4031 nobis
2031 3989 2168 4019 tenemini
2185 4012 2195 4027 ,
2218 3989 2335 4021 firmiter

1274 4024 1463 4063 injungendo,
1483 4022 1649 4054 mandamus
1661 4023 1759 4063 qnod,
1778 4027 1893 4093 {mrbus
1906 4025 1962 4056 alus
1977 4026 2167 4064 praetermissis
2185 4050 2195 4068 ‚
2212 4029 2338 4097 aliqueml

2292 4076 2328 4097 ve

1820 3451 1948 3491 Johanm‘
1963 3450 1994 3481 de
2009 3449 2130 3489 (liberor,

1819 3491 1947 3528 Johanni
1962 3491 1993 3519 de
2010 3493 2034 3519 E
2038 3489 2105 3528 dee,

1819 3529 1948 3567 Johanni
1966 3528 1997 3556 de
2015 3526 2195 3568 Bromuych,

1819 3566 1924 3604 Jacobo
1943 3566 1974 3595 de
1989 3565 2127 3604 Slaffi'rd’

1817 3604 1950 3642 Stephano
1969 3607 2097 3642 Mareys,

1818 3644 1860 3671 W
1861 3642 1966 3672 illielmo
1983 3643 2014 3671 de
2032 3642 2137 3681 ka,

1817 3681 1953 3710 Richardo
1973 3682 2004 3710 de
2021 3681 2157 3720 Stafflnd,

1818 3721 1862 3748 W
1862 3718 1969 3749 illielmo
1989 3720 2020 3749 de
2035 3722 2153 3749 Ferrers.
