2561 4251
231 131 285 171 42

79 206 154 238 Ann.
170 206 210 237 D.
230 204 274 233 vel
287 200 393 240 aliquos
402 223 412 238 ,
428 198 464 229 de
477 194 578 235 quibus
592 196 749 232 confiditis,
766 196 842 235 apud
856 194 1149 228 Westmonasterium
1163 191 1295 230 mittatiS,

98 246 182 283 1361.

81 287 147 311 Eh.
168 293 193 321 3.

81 322 100 340 *Κ
122 324 172 351 VI.

83 370 133 397 320

231 243 268 272 ita
284 240 363 280 quod
378 240 428 268 lint
448 236 558 266 ibidem
573 236 603 265 in
618 235 726 267 Tribus
745 236 764 257 ³⁸
785 236 951 273 Septimanis
965 234 1078 264 Paschae
1093 230 1298 274 proximo-fu-

228 281 319 316 turae,
337 277 371 307 ad
389 274 564 313 loquendum
577 275 744 312 nobiscum,
767 275 801 305 &
823 272 961 303 Concilio
978 271 1097 316 nostro,
1115 272 1194 310 super
1215 270 1297 300 did'to

232 316 385 354 Negotio,
403 314 436 344 ὃς
450 313 518 343 illud
533 313 785 350 concernentibus,
812 313 845 343 &
870 311 905 341 ad
931 310 1092 341 facxendum
1118 311 1151 341 &
1176 309 1299 352 consen-

231 355 372 391 tiendum,
389 351 507 382 nomine
527 351 638 389 vestro,
657 350 736 388 super
748 350 805 381 hoc
825 350 904 389 quod
923 349 1028 380 ibidem
1050 349 1201 387 contigerit
1223 346 1300 377 ordi-

233 394 303 430 nari,

270 431 307 461 Et
325 430 438 460 interim
453 427 596 459 Homines
608 426 727 467 vestros,
741 425 803 462 &a
823 433 855 456 ut
873 426 960 466 supra
977 426 1057 467 usque
1074 425 1123 464 ibi,
1148 425 1304 456 nullatenus

232 469 385 506 omittatis,
402 467 441 503 ό·
460 475 525 497 tunc
534 466 589 506 fic,

267 506 334 537 Nos
344 527 357 544 ,·
370 508 399 535 in
415 505 588 536 Cancellaria
601 503 711 542 nostra,
728 503 765 534 de
778 503 960 535 Nominibus
975 503 1108 542 illorum,
1124 512 1197 542 quos
1216 501 1304 541 usque

231 543 537 582 &Vcstmonasterium,
555 552 589 573 ex
602 543 681 573 causa
695 543 830 581 praediffita
846 567 855 581 ,
873 543 1002 574 duxeritis
1023 541 1202 572 destinandos
1215 563 1225 580 ,
1241 540 1305 571 red·

230 583 344 622 denteS,
361 583 395 614 ad
410 583 488 613 diem
503 581 672 620 praedictum
682 604 691 619 ,
707 582 839 613 distinete
855 582 888 613 &
902 583 997 621 aperte
1011 581 1162 619 certiores,

265 620 304 653 Et
318 622 441 652 habeatis
453 622 492 651 ibi
508 630 576 652 tunc
592 620 650 651 hoc
662 619 759 652 Breve.

306 660 396 691 Teste
410 668 440 690 ut
454 659 540 697 supra.

233 736 403 768 Consimilia
421 737 521 768 Brevia
534 737 695 775 diriguntur
709 735 883 775 subscriptis,
899 737 949 767 sub
967 735 1067 766 eadem
1091 735 1168 765 Data
1182 757 1193 774 ,
1217 734 1252 765 de
1267 734 1307 764 es-

263 775 354 806 sendo
373 786 471 807 coram
486 776 572 816 Rege
586 778 619 808 &
638 775 778 807 Concilio
797 776 848 807 suo
869 776 904 806 ad
930 775 988 806 dies
1008 774 1196 814 subscriptos,
1208 773 1307 806 videli-

267 823 315 846 cet
329 837 339 853 ,

270 891 416 923 Alianorae
426 917 436 930 ‚
456 891 598 937 Comitiffae
613 891 781 931 d’Ormond,

265 934 363 961 Annae
384 931 411 960 la
428 931 590 971 chfpenler,

264 967 414 1008 Philippae‚
433 968 578 1009 Csmitiffie
597 970 629 999 de
647 969 675 999 la
695 968 817 1007 March,

208 1019 225 1035 ι
262 1007 408 1046 Johannae
427 1009 459 1037 de
477 1007 540 1038 Filz
559 1010 690 1046 Wauter,

261 1049 385 1085 Agneti,
406 1045 550 1084 Comitzffae
569 1045 761 1083 Pembrochiae‚

264 1088 368 1121 Marisa
386 1086 419 1114 ds
436 1086 535 1114 Sancto
549 1085 653 1124 Paulo,
671 1081 813 1123 Comitiffae
829 1082 1027 1120 Pembrochiae,

266 1126 414 1159 Margeriae
430 1123 462 1152 de
476 1126 558 1163 Roos,

263 1160 372 1190 Matill.
392 1161 536 1201 Comittffae
557 1165 691 1200 Oxoniae,

262 1201 408 1230 Katerinae
429 1200 578 1240 Comitrffae
598 1199 736 1230 Atholiae.

229 1279 286 1334 R
297 1275 359 1307 EX
383 1276 490 1307 dileim
506 1277 557 1307 fibi
572 1277 601 1307 in
616 1275 755 1313 Christo,
774 1274 882 1306 Abbati
897 1274 934 1305 de
951 1274 1121 1312 Fourneux,
1145 1272 1278 1304 Salutem.

347 1315 426 1355 Qia
441 1315 530 1346 Terra
550 1314 646 1345 nostra
665 1314 834 1351 Hiberniae,
853 1313 915 1348 &a
931 1320 996 1343 tunc
1009 1312 1058 1352 fic,

262 1353 404 1384 Volumus
417 1353 586 1392 vobiscum,
604 1354 638 1385 ὃ(
652 1363 723 1384 cum
742 1353 798 1383 aliis
812 1353 847 1382 de
865 1351 969 1382 eodem
988 1351 1097 1391 Regno
1112 1375 1122 1390 ,
1142 1350 1244 1382 Terras
1269 1350 1300 1380 in

226 1392 365 1423 Hibernia
382 1393 564 1431 habentibus,
582 1391 772 1432 Colloquium
787 1391 889 1421 habere
904 1392 937 1422 &
950 1390 1121 1421 Tradiatum
1130 1412 1140 1428 ,

262 1430 355 1461 Vobis
373 1431 560 1470 mandamus,
586 1430 702 1461 firmiter
724 1431 899 1469 injungentes
915 1452 924 1467 ‚
949 1427 1029 1467 quod
1044 1451 1054 1466 ,
1082 1429 1217 1460 omnibus
1245 1428 1302 1458 aliis

244 1469 413 1500 raetermiffis
428 1493 437 1506 ,
455 1470 510 1500 sitis
531 1469 709 1509 personaliter
733 1468 806 1506 apud
835 1466 1108 1499 Westmonastrium
1134 1468 1164 1498 in
1193 1467 1302 1498 Tribus

247 1509 394 1545 eptimanis
412 1507 525 1538 Paschae
544 1508 681 1546 proximo
696 1507 810 1545 futuris,

265 1545 338 1585 Vel,
355 1547 374 1577 si
394 1546 576 1584 personaliter
591 1555 660 1577 tunc
677 1546 783 1576 ibidem
800 1544 959 1576 commode
984 1544 1113 1576 interesse
1137 1554 1195 1574 non
1215 1543 1302 1582 possi-

227 1587 276 1623 tis,
297 1593 366 1615 tunc
381 1586 414 1614 ali
436 1595 520 1624 uem,
536 1584 580 1615 vel
597 1585 721 1622 aliquos,
740 1584 774 1614 de
787 1584 890 1623 quibus
915 1583 1056 1614 confiditis
1071 1607 1081 1621 ,
1103 1583 1137 1613 ad
1163 1582 1252 1612 Diem
1267 1583 1301 1612 &

227 1623 344 1690 Luscum
359 1633 417 1692 {rcae
438 1624 511 1654 ictos
525 1624 653 1661 mittatis,
673 1623 707 1653 ad
720 1621 901 1661 loquendum
916 1621 1085 1653 Nobiscum
1107 1622 1141 1652 &
1163 1621 1301 1651 Concilio

225 1670 266 1693 no
279 1671 327 1691 tro
397 1672 423 1693 c.

262 1699 301 1744 Et
319 1685 433 1773 ίῆῑεήέ,
444 1700 589 1778 Homifnes
606 1699 722 1738 vestros,
737 1699 796 1736 &a
816 1705 848 1728 ut
863 1697 949 1739 ficpra
966 1698 1044 1740 usque
1066 1697 1123 1736 ibi,
1146 1697 1301 1729 nullatenus

224 1747 360 1769 omittatis
448 1746 513 1768 tunc
542 1750 565 1767 Ic

258 1777 328 1808 Nos
342 1762 377 1806 in'
386 1776 559 1808 Cancellaria
570 1762 669 1807 ’nostra
681 1801 692 1815 ,
706 1775 768 1813 ὠς.
786 1781 818 1805 ut
828 1774 923 1814 supra.

261 1814 301 1847 Et
320 1816 442 1846 habeatis
456 1816 496 1846 ibi
512 1815 570 1846 hoc
584 1815 684 1846 Breve.

301 1853 392 1884 Teste
411 1863 441 1885 ut
459 1855 546 1892 supra.

221 1940 390 1973 Consunilia
408 1940 506 1971 Brevia
520 1920 677 1979 diriguntur
697 1938 798 1970 subscri
820 1939 871 1977 tis,
897 1938 933 1970 de
954 1937 1070 1969 effendo
1095 1948 1195 1970 coram
1218 1937 1303 1978 Rege

383 1979 419 2010 &
435 1978 574 2010 Concilio
588 1979 638 2009 suo
651 1978 685 2010 ad
697 1978 774 2010 diem
799 1976 1144 2017 ubscriptum3videlicet,

261 2057 352 2087 Priori
366 2056 398 2086 de
417 2055 563 2086 Malvern.

260 2095 375 2126 Abbati
391 2095 423 2125 de
441 2096 539 2125 Sanc‘lo
559 2093 712 2134 Augustino
730 2095 761 2125 de
779 2092 935 2134 Bristollia‚

261 2133 376 2164 Abbati
394 2135 426 2163 de
442 2134 576 2173 Osbneye,

259 2172 372 2202 Abbati
390 2174 422 2202 de
442 2175 543 2211 Foure,

256 2213 347 2241 Prion·
371 2212 402 2241 de
419 2212 573 2241 Lanthona
585 2212 675 2251 juxta
693 2209 901 2251 monastriam,

260 2252 351 2279 Priori
366 2250 398 2279 de
416 2250 569 2280 Lanthona
587 2255 617 2281 in
636 2249 754 2289 Wzllia,

261 2291 351 2318 Priori
369 2289 400 2318 de
419 2288 572 2326 Cartimel,

258 2329 349 2357 Priori
366 2327 488 2368 Ecclestae
508 2327 609 2368 chi-{sti
629 2331 765 2356 Cantuar.

227 2404 285 2459 R
298 2403 361 2435 EX
372 2427 381 2443 ,
401 2403 507 2434 dilecto
523 2404 591 2442 sibi,
612 2402 756 2442 Magistro
770 2401 902 2433 Thomae
917 2400 954 2431 de
967 2399 1068 2432 Nevill
1089 2398 1222 2432 Salutem.

221 2478 231 2509 1
300 2482 317 2512 d
342 2444 419 2487 Qia
433 2443 522 2472 Terra
538 2442 632 2473 nostra
647 2442 808 2480 l-libemiae,
824 2439 883 2476 &c.
893 2447 924 2470 ut
932 2437 1019 2479 ficpra
1040 2439 1119 2480 usque
1136 2439 1172 2470 ibi
1185 2462 1195 2478 ,
1214 2448 1296 2470 acce-

234 2488 298 2511 Csan
320 2492 339 2511 o
376 2488 413 2516 (γ
428 2488 491 2511 tunc
515 2492 538 2510 tc

263 2505 404 2550 voiux'nus
418 2480 583 2559 vobiscsur’n,
602 2521 635 2551 ὃς
651 2529 719 2550 cum
734 2519 791 2550 aliis
804 2516 839 2548 de
854 2516 957 2548 eodem
974 2515 1100 2556 Regno,
1117 2517 1218 2548 Terras
1239 2515 1295 2547 five

223 2555 369 2628 {Sufficiat
380 2557 573 2590 Ecclesiastica
586 2560 614 2589 in
627 2557 767 2589 Hibernia
781 2556 966 2594 habentibus„
984 2554 1173 2595 Colloquium
1191 2555 1296 2586 habere

311 2607 355 2628 rac
370 2606 448 2628 atum

264 2635 356 2666 Vobis
377 2621 542 2666 mandamus
557 2659 566 2674 ,
591 2635 710 2666 firmiter
731 2635 931 2673 injungentes,
957 2634 1038 2673 quod
1053 2657 1063 2673 ,
1089 2634 1223 2664 omnibus
1245 2633 1301 2663 aliis

224 2673 411 2711 praetermiffis
446 2675 500 2705 fitis
516 2674 696 2713 personaliter
711 2674 787 2712 apud
808 2672 1120 2710 Westmonasterium,
1138 2674 1168 2703 in
1191 2672 1301 2703 Tribus

225 2713 393 2750 Septimanis
408 2698 521 2743 flaschae
536 2713 673 2751 proximo
690 2711 804 2749 futuris,

261 2750 334 2790 Vel,
353 2752 373 2782 fi
388 2752 565 2791 personaliter
579 2760 650 2783 tunc
662 2751 772 2781 ibidem
790 2750 951 2781 commode
977 2749 1106 2782 interesse
1126 2760 1187 2781 non
1211 2749 1299 2789 poffi-

224 2791 276 2827 tis,
294 2798 361 2821 tunc
376 2792 498 2829 aliquem
512 2790 559 2822 vel
573 2790 678 2831 aliquos
688 2813 699 2830 ,
713 2788 773 2826 &a
793 2795 824 2818 ut
830 2788 928 2829 ficpra.

263 2828 353 2860 Teste
368 2831 500 2869 utsupra.

266 2904 424 2937 Confirnile
443 2906 532 2937 Breve
552 2907 680 2946 dirigitur
703 2906 858 2943 subscriptis
875 2928 886 2944 ,
901 2905 940 2936 de
962 2905 1078 2937 essendo
1100 2914 1200 2937 coram
1217 2904 1300 2946 Rege

368 2945 402 2976 &
418 2943 556 2976 Concilio
572 2946 624 2976 suo
638 2945 673 2976 ad
688 2945 767 2977 dietn
783 2943 990 2984 subscriptum,
1007 2945 1154 2982 videlicet,

266 3021 400 3060 blagistro
416 3023 569 3061 Reymundo
589 3022 717 3063 Peleryn,

264 3059 398 3100 Alagislro
413 3059 541 3099 Johanni
560 3064 675 3093 Briane.

266 3098 400 3138 Magistro
419 3101 462 3128 W
461 3099 568 3129 ilhelmo
587 3103 692 3139 Criour,

266 3139 310 3167 W
306 3136 414 3167 illtelmo
431 3137 463 3166 de
482 3140 654 3178 therton,

268 3175 417 3206 Willielmo
431 3177 514 3214 Sond,

265 3215 309 3244 W
309 3214 416 3244 illielmo
435 3214 467 3243 de
485 3213 602 3244 Bromle.

268 3255 386 3283 Henrico
404 3254 436 3283 de
456 3252 566 3291 Sneyth,

269 3291 404 3332 Magistro
421 3294 535 3321 ,Mori-'cio
554 3292 585 3320 de
604 3289 836 3357 Berzzryngehasffi

269 3329 404 3369 frsagtstro
420 3331 530 3367 Hugoni
548 3328 663 3358 Praeben
682 3331 739 3357 ario
756 3328 788 3357 de
805 3328 961 3366 Balymore,

268 3368 403 3407 Magistro
417 3367 532 3407 Griffi'no
552 3368 582 3397 de
600 3365 760 3404 cherleton‚

268 3407 458 3438 Praebendaria
475 3406 631 3438 Praebendae
649 3405 681 3436 de
695 3404 855 3436 Dunlonan.

85 3561 105 3580 Ψ
125 3563 176 3589 VI.
236 3555 263 3582 ἵ(
290 3559 348 3589 Pro
365 3555 494 3588 Domino
513 3554 549 3588 de
567 3554 767 3587 Maulevrier
787 3581 797 3596 ,
823 3565 880 3585 uno
907 3551 1062 3597 Obstdium
1086 3553 1175 3599 Regis
1202 3555 1302 3586 Fran-

89 3609 153 3635 321.

88 3638 164 3667 Ann.
179 3635 219 3666 D.

115 3673 199 3714 1361.

85 3718 139 3742 An.
158 3723 170 3750 3
175 3722 202 3748 5·
239 3699 316 3757 LE

86 3757 117 3780 E.

87 3795 203 3828 Pat.3‚-.

88 3833 118 3855 E.

86 3873 112 3904 p.

89 3915 126 3933 m.

141 3762 167 3788 3.

139 3838 165 3864 3.

138 3876 160 3894 1.

140 3904 167 3931 8.

581 3606 627 3635 ciae
637 3629 648 3645 ‚
672 3605 809 3637 Licentia
828 3601 963 3647 concessa.

335 3698 396 3729 Roi
410 3709 445 3736 a,
462 3697 549 3728 noble
563 3696 675 3735 Homs,
692 3697 718 3727 le
733 3698 792 3728 Sire
806 3698 842 3728 de
857 3697 1044 3734 Maulevrier,
1061 3694 1144 3727 Salut.

344 3737 492 3767 Combien
511 3745 565 3774 que
577 3745 649 3767 vous
666 3745 737 3766 nous
757 3737 833 3766 soiez
848 3736 963 3766 donnez
982 3735 1100 3775 Ostages
1115 3744 1168 3772 pur
1186 3733 1304 3765 l’acom-

242 3774 398 3811 plifsement
413 3776 459 3805 des
472 3774 585 3812 choses,
605 3773 759 3811 purparlees
775 3775 809 3804 δί
824 3775 975 3805 Accordez
994 3784 1042 3812 par
1060 3774 1101 3803 mi
1116 3773 1140 3802 la
1159 3771 1238 3810 Pa'nt,
1254 3774 1303 3804 fai-

243 3819 271 3841 te
290 3822 367 3843 entre
387 3813 475 3844 Nous
493 3815 526 3846 &
540 3811 635 3843 nostre
653 3811 807 3842 Treschere
826 3813 910 3843 Frere
933 3813 969 3843 de
989 3813 1112 3849 France,

281 3850 319 3880 Et
338 3860 384 3889 par
401 3852 441 3881 mi
460 3861 493 3882 ce
509 3861 581 3882 vous
595 3850 685 3881 deuez
701 3850 847 3880 demurrer
855 3851 978 3888 Ostages
993 3860 1030 3881 en
1043 3850 1148 3881 certein
1161 3847 1243 3886 Lieu,
1251 3859 1307 3888 que

243 3898 315 3918 nous
330 3898 400 3918 vous
413 3889 520 3919 ferrons
536 3889 670 3928 affigner,
686 3887 753 3918 sanz
765 3890 849 3925 partir
870 3888 1011 3928 d’illoeqes
1031 3887 1095 3919 sanz
1115 3888 1193 3918 avoir
1211 3887 1253 3916 sur
1271 3898 1307 3918 ce

242 3934 303 3956 noz
319 3927 452 3964 especialx
471 3928 596 3958 Licence
612 3929 645 3959 ὃ(
664 3925 795 3966 Congie,
814 3927 881 3957 fi‘ce
896 3927 1006 3958 n'estoit
1024 3936 1075 3966 pur
1097 3936 1168 3956 vous
1188 3925 1244 3955 aler
1257 3925 1309 3955 Es-

242 3965 322 3995 bater
334 3974 380 4002 par
393 3974 432 3994 un
446 3964 517 4003 Jour
534 3968 567 3996 &
583 3976 621 3996 un
636 3965 722 3996 Noet
759 3975 794 3995 en
810 3973 952 3996 returnant
965 3976 981 3996 a
993 3965 1084 3995 vestre
1103 3963 1228 4002 Hostiel,
1240 3963 1311 3994 dont

243 4013 315 4037 vous
327 4001 466 4042 partistes,
496 4002 644 4036 lendeman
667 4014 703 4035 au
723 3988 811 4036 §olail
834 4013 946 4035 recours
960 4026 971 4042 ,
994 4004 1102 4035 ficome
1121 4003 1247 4041 compris
1268 4001 1310 4033 est

754 104 1555 156 CONVENTIONEQ

1335 191 1406 229 pluis
1419 191 1578 229 largement
1592 204 1621 225 es
1634 194 1744 226 Lettres
1758 195 1965 236 Obligatoites,
1981 197 2025 228 sur
2040 205 2075 228 ce
2088 195 2165 228 faites
2184 195 2220 228 δε
2232 194 2346 228 >sceneos
2361 195 2399 227 de
2413 187 2491 220 Ann-

2436 182 2561 379 1361931

1627 109 2027 162 LITERAE,

1337 230 1429 261 vestre
1437 230 1508 269 Seal,

1373 268 1479 308 Nous,
1497 269 1650 301 veulliantz
1660 271 1726 302 faire
1739 282 1756 302 a
1769 281 1841 302 vous
1853 272 1951 303 Grace
1972 273 2032 313 plus
2052 274 2184 314 especiale
2196 297 2207 313 ,
2223 283 2296 307 vous
2316 273 2406 304 Don-
2420 268 2489 294 Ed‘v·
2506 270 2521 303 3

1336 317 1408 338 nons
1423 309 1455 339 &
1471 307 1621 339 Ottroions
1635 308 1756 348 Congie
1769 311 1803 341 &
1819 310 1964 349 Licence,
1982 321 2030 349 par
2045 312 2070 343 la
2092 312 2194 344 Tenur
2212 312 2249 344 de
2267 322 2314 344 ces
2339 311 2408 342 Pre-

1338 346 1442 384 sentes,
1459 356 1530 387 que,
1548 358 1606 377 non
1623 348 1735 379 obstant
1746 356 1857 379 aucune
1871 349 1955 380 chose
1969 347 2115 390 contiere,
2132 362 2204 383 vous
2224 359 2300 392 poez
2319 350 2410 382 Partir

1341 384 1377 414 de
1393 385 1484 416 vestre
1497 385 1631 424 l-lostiel,
1647 397 1684 417 en
1705 386 1872 427 Loundrae,
1895 398 1930 418 au
1951 396 2045 426 temps
2061 390 2095 420 &
2114 390 2136 420 fi
2155 390 2252 422 fovent
2271 400 2327 430 que
2349 391 2411 421 bon

1341 433 1413 453 vous
1425 424 1571 463 semblera,
1591 426 1625 457 ὃς
1640 426 1694 456 aler
1709 427 1742 456 ὃς
1759 427 1936 463 esbatreqeu
1956 435 2018 466 part
2032 436 2088 465 que
2107 434 2178 459 vous
2190 429 2293 467 plerra,
2305 429 2410 461 dedans

1342 461 1382 491 les
1397 461 1527 493 Boundes
1543 463 1580 494 de
1596 464 1693 495 nostre
1708 464 1842 496 Roialme
1854 465 2043 504 d’Engleterre
2067 465 2151 503 (hors
2169 466 2218 497 des
2240 468 2333 500 Lieux
2352 469 2410 499 fer·

1342 500 1427 537 tnez)
1448 511 1517 531 avec
1530 501 1657 543 Chiens,
1674 503 1814 543 Faucons,
1829 505 1864 536 &
1875 514 1928 534 vos
1941 503 2084 535 Familiers
2099 505 2282 546 quelconqae,

1379 538 1418 569 Et
1435 539 1582 570 demurrer
1603 541 1670 572 hors
1690 542 1727 572 de
1748 542 1839 573 vestre
1858 541 1900 574 dit
1917 542 2032 573 Hostiel
2051 542 2190 574 chascune
2208 544 2270 575 foiz
2322 553 2336 574 r
2357 544 2412 576 oit

1339 576 1424 617 Jours
1446 579 1623 622 continueles
1642 580 1863 620 tanseulement,
1889 582 1909 612 fi
1928 591 1983 621 que
1998 604 2007 620 ,
2029 582 2191 612 toutesfoitz
2204 603 2215 620 ,
2235 581 2262 613 le
2281 554 2322 614 ga
2332 583 2414 614 tisme

1340 616 1434 656 Jour,
1451 627 1486 647 au
1505 616 1591 647 Solail
1605 617 1795 658 Couchantz,
1811 629 1884 651 vous
1899 619 1973 652 ibiez
1988 620 2121 659 requillez
2135 629 2172 651 en
2190 630 2295 660 propre
2337 621 2413 653 erso-

1345 664 1384 685 ne
1396 655 1499 686 dedans
1513 655 1604 700 vestre
1617 656 1658 686 dit
1668 655 1803 695 >Hostiel,
1822 667 1838 688 a
1851 654 1999 689 Loundres
2012 682 2022 698 ,
2046 668 2098 699 pur
2121 659 2268 690 demurrer
2287 660 2413 700 illoeqae,

1346 693 1412 723 sanz
1429 694 1548 733 departir
1564 704 1612 733 par
1625 695 1719 725 forme
1733 696 1767 726 &
1782 702 1897 726 manere
1911 706 1965 734 que
1977 698 2096 735 obligez
2107 708 2145 728 en
2158 697 2238 736 estes.
2402 731 2404 733 ,

1384 731 1422 763 Et
1436 732 1514 763 ceste
1528 733 1656 764 Licence
1669 743 1740 764 vous
1751 731 1898 764 Donnons
1911 735 1950 772 ὃς
1960 735 2131 767 Accordons
2146 759 2156 774 ‚
2180 746 2230 776 par
2249 746 2364 768 manere
2377 747 2414 777 qe

1345 770 1387 801 dit
1401 770 1460 809 est,
1478 772 1544 802 sanz
1559 772 1702 810 prejudice
1718 772 1766 803 des
1779 781 1868 803 autres
1882 770 1996 810 choses,
2015 784 2071 811 que
2085 776 2210 813 compris
2222 776 2285 807 sont
2299 786 2328 806 es
2343 776 2413 807 Let-

1346 818 1400 840 tres
1415 809 1485 840 dont
1498 811 1634 841 mencion
1648 810 1690 841 est
1705 811 1770 842 faite
1783 810 1878 849 desus,
1895 808 1929 842 &
1944 821 1994 849 par
2009 810 2047 841 les
2062 811 2164 844 Causes
2177 815 2211 845 &
2232 813 2413 846 Condicions

1342 848 1532 917 {levantlditeg
1551 849 1584 879 &
1596 849 1708 888 jusques
1721 860 1736 880 a
1752 860 1787 881 ce
1800 859 1856 889 que
1869 859 1942 880 nous
1955 851 2103 881 vourrions
2115 852 2229 889 repellet
2238 852 2335 884 nostre
2349 863 2413 891 pre-

1354 896 1418 917 ente
1467 896 1576 918 icence.

1381 925 1464 956 Don.
1478 936 1526 963 par
1543 925 1774 970 Tesmoignance
1786 926 1822 957 de
1836 924 1931 958 nostre
1947 926 2049 959 Grand
2063 926 2144 967 Seal,
2162 939 2179 960 a
2197 928 2294 960 nostre
2312 929 2411 970 Palays

1340 963 1378 995 de
1392 963 1520 995 Westm.
1541 964 1567 995 le
1581 973 1630 996 xvr
1644 963 1719 1004 Jour
1737 965 1772 996 de
1789 964 1904 996 Marcz.

1335 1022 1340 1025 ²
1854 1043 1907 1072 Per
1920 1039 2002 1081 ipfiam
2021 1046 2126 1082 Regem.

1340 1118 1390 1188 ,ἓὲ
1401 1119 1476 1163 tieles
1497 1118 1605 1151 Lettres
1619 1127 1671 1151 ont
1685 1118 1723 1150 les
1735 1117 1938 1158 souzescriptz,
1956 1119 2026 1150 souz
2039 1120 2154 1152 meisme
2171 1120 2197 1153 la
2211 1120 2306 1160 Date‚·
2325 1119 2410 1153 Cest-

1385 1168 1480 1197 avoir,

1376 1233 1514 1274 .Mahieu‚
1533 1238 1591 1265 Sire
1609 1235 1642 1265 de
1658 1237 1740 1275 Roye,

1379 1274 1506 1312 Geraud,
1525 1278 1583 1304 Sire
1602 1275 1634 1304 de
1652 1272 1824 1304 Bouberchie.

1582 1402 1678 1446 Super
1696 1401 1888 1432 ‘Promotiona
1911 1395 2160 1432 Hibernicorum.

1343 1484 1399 1539 R
1411 1483 1476 1515 EX
1496 1484 1745 1527 Archiepiscopis,
1762 1483 1926 1524 Episcopis,
1944 1483 2120 1521 Abbatibus,
2137 1484 2172 1516 &
2185 1483 2349 1525 Prioribus,
2363 1485 2411 1518 Fi-
2427 1474 2503 1507 Ann-
2515 1475 2556 1508 D.

1421 1522 1528 1554 delibus
1543 1523 1594 1554 suis
1614 1524 1714 1555 Terrae
1729 1526 1784 1554 luae
1798 1523 1962 1562 Hiberniae,
1982 1522 2115 1554 Salutem.

1376 1558 1475 1591 Sciatis
1488 1562 1583 1600 quod,

1378 1637 1420 1667 Ex
1446 1639 1585 1676 frequenti

2449 1513 2536 1555 1361.

1378 1598 1458 1629 Cum
1478 1611 1515 1630 nu
1537 1611 1566 1631 er
2426 1557 2544 1628 *gf-335·

1518 1611 1535 1640 p
1575 1624 1584 1639 ³
1608 1638 1761 1670 Relatione
1782 1639 1988 1670 nonnullorum
2009 1640 2178 1680 accipientes
2197 1630 2278 1679 quod
2313 1640 2418 1672 diversa
2457 1630 2522 1659 thid.

1340 1672 1478 1718 Dampna
1492 1679 1526 1708 &
1542 1677 1731 1708 Incommoda
1746 1677 1904 1715 Nobis,&
1921 1678 2062 1709 Fidelibus
2075 1678 2179 1710 nostris
2192 1680 2293 1711 Terrae
2307 1679 2417 1710 Hiber·
2431 1679 2468 1698 m·
2488 1679 2518 1705 4·
2531 1701 2536 1707 .

1340 1722 1412 1752 mae,
1434 1725 1589 1747 evenerunt
1604 1724 1638 1745 ex
1654 1716 1726 1754 hoc,
1748 1716 1827 1754 quod
1842 1716 1921 1746 mere
1936 1715 2103 1756 Hibernici,
2123 1717 2180 1751 tarn
2194 1717 2314 1758 Clerici,
2326 1720 2417 1758 quam

1341 1751 1439 1792 Laici,
1459 1752 1577 1785 Inimici
1593 1754 1698 1792 nostri,
1716 1756 1745 1785 in
1762 1753 1952 1793 Civitatibus,
1967 1754 2066 1794 Burgis
2106 1754 2190 1787 Villis
2233 1756 2339 1794 Castris
2356 1780 2367 1796 ,
2380 1758 2417 1790 ὃς

1340 1791 1397 1821 aliis
1412 1792 1500 1823 Locis
1516 1795 1543 1823 in
1558 1793 1654 1823 Terra
1667 1793 1818 1831 praedizsta,
1837 1791 1967 1824 Ministri
1980 1793 2014 1825 δε
2036 1778 2178 1824 officiarii
2199 1779 2339 1834 beputati
2353 1819 2364 1835 ,
2382 1796 2418 1828 &

1340 1830 1376 1861 ad
1390 1829 1583 1862 Canonicatus
1596 1832 1630 1863 ὃς
1645 1831 1815 1863 Praebendas
1833 1833 1862 1862 in
1877 1826 2008 1862 Ecclesiis
2022 1830 2252 1871 Cathedralibus,
2270 1835 2300 1864 in
2317 1834 2419 1866 nostro

1342 1868 1488 1900 Dominio
1503 1870 1702 1910 existentibus,
1721 1870 1755 1902 δε
1776 1870 1827 1901 alia
1848 1869 1990 1902 Beneficia
2012 1869 2211 1904 Ecclefiastica
2229 1873 2301 1904 inter
2319 1873 2421 1914 Angli-

1341 1917 1392 1938 cos
1407 1910 1532 1947 promoti
1547 1908 1668 1940 existunt

1380 1947 1613 1979 Mandaverimus
1623 1932 1787 1986 Juiiiciariis
1801 1948 1835 1979 &
1849 1946 2031 1979 cancellario
2043 1947 2146 1980 nostris
2164 1946 2324 1988 Hiberniae,
2336 1950 2418 1990 quod

1342 1985 1372 2015 in
1389 1985 1576 2026 Civitatibus,
1595 1985 1712 2025 Burgis,
1732 1985 1812 2017 Villis
1826 1984 2022 2027 Mercatoriis,
2039 1988 2074 2018 &
2087 1988 2143 2018 aliis
2159 1984 2262 2026 Locis,
2280 1989 2311 2019 in
2326 1989 2419 2029 fingu-

1342 2023 1375 2055 lis
1388 2025 1582 2056 Comitatibus
1593 2024 1701 2058 {Terrae
1715 2024 1877 2064 praedietae,
1894 2025 2010 2064 publice
2047 2026 2195 2058 roclamari
2208 2027 2418 2067 facerentquod

1341 2064 1451 2103 nullus,
1469 2065 1548 2095 mere
1572 2063 1749 2095 Hibernicus
1761 2086 1771 2103 ,
1793 2063 1829 2094 de
1848 2063 1981 2094 Natione
2038 2064 2200 2096 ibernicam‘i
2218 2059 2356 2106 existens,
2369 2066 2418 2099 fiat

1342 2100 1458 2142 Major,
1477 2102 1611 2141 Ballivus,
1622 2102 1750 2141 Janitor,
1767 2110 1815 2133 aut
1829 2102 1896 2134 alius
1910 2101 2073 2134 Officiarius
2085 2103 2132 2135 seu
2150 2103 2285 2135 Minister
2297 2127 2309 2144 ,
2325 2105 2357 2136 in
2366 2100 2417 2138 ali-

1340 2150 1401 2181 quo
1414 2142 1499 2180 loco,
1518 2142 1603 2172 nobis
1616 2142 1763 2180 subjecto,

1378 2180 1450 2211 Nec
1466 2179 1547 2218 quod
1561 2180 1656 2217 aliquis
1669 2179 1918 2219 Archiepiscopus‚
1937 2179 2109 2220 Episcopus,
2125 2179 2239 2218 Abbas,
2254 2180 2346 2222 Prior,
2367 2190 2416 2216 aut

1338 2219 1436 2257 aliquis
1448 2220 1530 2258 alius,
1547 2219 1582 2250 ad
1598 2218 1699 2250 Fidem
1714 2218 1841 2250 nostram
1855 2219 1992 2258 existens,
2013 2219 2065 2250 sub
2085 2219 2260 2251 forisfadtura
2279 2222 2414 2253 omniurn

1339 2267 1405 2295 quae
1420 2258 1504 2289 nobis
1517 2257 1679 2289 forisfacere
1692 2258 1800 2297 posset,
1818 2256 1965 2297 Aliquem,
1984 2260 2063 2289 mere
2078 2256 2290 2298 Hibernicum,
2304 2259 2341 2290 de
2348 2259 2416 2291 Na-

1338 2297 1418 2326 tione
1433 2295 1633 2328 Hibernicana
1656 2320 1665 2335 ‚
1687 2305 1718 2328 ut
1741 2297 1920 2337 praemittitur
1935 2321 1944 2335 ,
1961 2295 2127 2328 existentem
2145 2320 2155 2337 ,
2180 2296 2262 2328 causti
2279 2297 2411 2330 Consan-

1359 2336 1494 2374 uinitatis,
1514 2335 1687 2374 Affinitatis,
1704 2343 1752 2366 aut
1764 2335 1817 2366 alio
1831 2335 1921 2366 modo
1940 2345 2145 2374 quocumque,
2172 2336 2202 2366 in
2223 2335 2412 2369 Canonicum

1335 2342 1487 2413 {ecipiagg
1506 2374 1552 2405 vel
1567 2375 1600 2405 ad
1613 2374 1726 2413 aliquod
1743 2372 1918 2405 Beneficium
1936 2373 2167 2405 Ecclesiasticum
2184 2375 2257 2405 inter
2271 2375 2413 2415 Anglicos

1335 2411 1511 2444 Promoveat
1525 2413 1572 2444 vel
1585 2412 1742 2451 Admittat,
1757 2412 1794 2443 set
1810 2412 1890 2451 quod
1904 2413 2004 2443 omnia
2017 2411 2156 2443 Beneficia
2165 2434 2176 2450 ,
2190 2421 2240 2450 per
2254 2413 2412 2452 quemlibet

1334 2460 1436 2482 eorum
1453 2451 1646 2490 conferenda,
1663 2461 1734 2482 curn
1749 2452 1929 2490 vacaverint,
1949 2450 2069 2482 Clericis
2089 2450 2234 2490 Anglicis,
2255 2453 2314 2483 fiv'e
2334 2447 2410 2492 aliis,

1333 2490 1368 2520 ad
1383 2490 1484 2559 {idem
1499 2491 1533 2521 &
1549 2489 1753 2522 obedientiam
1766 2489 1873 2521 nostras
1888 2489 2085 2528 existentibus,
2106 2490 2137 2519 in
2159 2488 2249 2520 Terra
2271 2487 2410 2529 praediaa

1333 2539 1390 2560 con
1405 2538 1515 2560 erantur

1373 2568 1419 2598 Ac
1433 2553 1636 2607 postm'odum,
1655 2567 1689 2598 ad
1708 2567 1942 2606 Proiecutiqnem
1957 2565 2139 2601 Clericorum
2157 2565 2194 2596 de
2206 2563 2339 2598 Natione
2350 2564 2411 2599 Hi-

1335 2606 1506 2645 bernicanfi,
1523 2607 1572 2646 qui
1586 2607 1659 2636 inter
1676 2606 1817 2645 Anglicos
1829 2606 1858 2635 in
1872 2602 1964 2635 Terra
1978 2604 2112 2643 praedicta
2129 2603 2163 2635 ad
2179 2603 2279 2635 Fidem
2298 2606 2334 2637 &
2353 2600 2409 2638 Pa-

1335 2655 1401 2677 cem
1414 2645 1541 2676 nostram
1556 2653 1720 2683 morantur,
1739 2645 1823 2674 nobis
1837 2642 2043 2683 suggerentium
2057 2643 2131 2683 ipsos
2145 2665 2155 2682 ‚
2173 2651 2220 2674 tan
2243 2653 2309 2675 uam
2328 2645 2409 2676 mere

1335 2683 1510 2715 Hibernicos
1548 2683 1583 2714 &
1596 2682 1733 2713 [nimicos
1748 2682 1876 2720 nostros,
1902 2681 1974 2712 cum
1995 2686 2055 2711 non
2074 2682 2127 2712 sint
2141 2704 2152 2720 ,
2178 2691 2194 2712 a
2242 2684 2408 2715 romotione

1335 2706 1545 2761 Ecclefiasticffa,
1565 2722 1585 2741 *
1604 2722 1676 2752 infra
1690 2721 1798 2752 dictam
1813 2719 1952 2760 Terram,
1971 2721 2001 2750 in
2018 2718 2164 2751 Dominio
2183 2716 2302 2761 nostro,
2320 2722 2406 2754 virtu-
2420 2713 2512 2790 {²:71-

1334 2770 1363 2793 te
1377 2761 1612 2792 Proclamationis
1625 2758 1784 2799 praedidfae,
1800 2758 1926 2790 exclusos
1939 2757 2070 2797 existere,
2157 2792 2161 2794 ξ

1373 2800 1412 2832 Et
1427 2801 1526 2839 nobis,
1541 2810 1591 2841 per
1607 2798 1770 2830 Peritonem
1784 2798 1879 2836 suam,
1903 2807 2002 2828 coram
2025 2797 2126 2828 Nobis
2146 2797 2183 2833 ὃς
2198 2796 2336 2831 Concilio
2353 2805 2409 2830 no-

1334 2839 1393 2870 stro
1402 2863 1411 2879 ,
1427 2840 1455 2870 in
1470 2839 1573 2870 ultimo
1588 2837 1776 2869 Parliamento
1791 2836 1892 2876 nostro
1906 2835 2059 2867 exhibitam
2095 2835 2312 2875 supplicantium
2325 2843 2356 2868 ut
2369 2838 2405 2871 ad

1335 2888 1437 2909 eorum
1458 2877 1669 2908 Conditionem
1691 2878 1729 2908 ὃς
1749 2874 1948 2906 Constantiam
1965 2897 1975 2912 ,
2000 2875 2029 2904 in
2050 2859 2202 2917 F²idelitate
2216 2873 2312 2905 nostra
2329 2883 2406 2907 con—

1334 2919 1414 2948 tinue
1430 2916 1666 2948 &inflexibiliter
1682 2914 1871 2955 persistendo,
1889 2912 2144 2944 considerationem
2161 2910 2264 2943 habere
2278 2935 2289 2952 ,
2312 2913 2347 2946 &
2366 2912 2406 2946 eis

1333 2956 1414 2994 super
1429 2956 1486 2986 hoc
1500 2955 1536 2986 de
1553 2953 1699 2985 Remedio
1714 2952 1882 2991 providere,
1897 2951 2034 2985 vellemus
2039 2973 2052 2990 ,
2098 2958 2103 2961 ·
2195 2973 2197 2975 .

1372 2994 1607 3025 Mandaverimus
1620 2990 1916 3032 praefatis'Justiciariis
1929 2990 1963 3020 &
1977 2987 2174 3026 cancellario,
2199 2989 2280 3028 quod
2298 2989 2406 3031 aliquos

1335 3032 1500 3072 hujusmodi
1516 3031 1647 3062 Clericos
1664 3026 1981 3068 Hibernicos„vFideles
1994 3027 2123 3066 nostros,
2142 3027 2178 3057 de
2192 3037 2317 3067 quorum
2332 3030 2406 3062 Mo-

1336 3073 1413 3102 ribus
1426 3071 1458 3101 &
1475 3071 1556 3101 bono
1571 3068 1664 3100 Gestu
1680 3077 1744 3107 erga
1757 3066 1827 3097 Nos
1843 3068 1877 3098 &
1892 3066 2004 3096 nostros
2018 3066 2105 3097 iidem
2119 3062 2269 3105 justiciarii
2284 3069 2318 3100 δε
2327 3067 2406 3100 Can..

1337 3111 1463 3141 cellarius
1475 3110 1582 3139 bonam
1606 3107 1844 3140 Informationem
1870 3105 2019 3136 habuerint
2034 3129 2045 3145 ,
2068 3105 2218 3136 occasione
2237 3108 2410 3145 receptionis

1337 3149 1394 3179 sive
1405 3148 1606 3185 acceptationis
1619 3144 1831 3176 Beneficiorum
1846 3141 2124 3182 Ecclefiasticorum,
2142 3144 2213 3178 in'frja
2224 3140 2405 3182 Dominium

1337 3186 1466 3217 nostrum
1480 3186 1582 3216 Terrae
1595 3183 1740 3223 praediecae
1759 3182 1937 3220 existentium
1952 3205 1962 3220 ,
1977 3190 2025 3212 aut
2044 3180 2180 3219 ,Praelatos
2201 3176 2251 3220 ve]¹
2265 3184 2333 3215 alios
2350 3182 2407 3217 Pa-

1337 3232 1435 3255 tronos
1449 3223 1617 3254 eorumdem
1644 3221 1879 3259 Beneficiorum,
1905 3221 2013 3251 ratione
2034 3218 2258 3252 Praesentationis
2276 3223 2322 3254 vel
2343 3220 2407 3255 Ad..

1337 3263 1475 3293 missionis
1488 3261 1647 3300 hujusmodi
1660 3261 1843 3291 Clericorum
1852 3283 1862 3299 ,
1879 3259 2021 3290 Fidelium
2033 3259 2202 3296 nostrorum
2219 3259 2258 3293 ‘ad
2270 3261 2406 3301 eandem,

1335 3312 1396 3333 non
1409 3301 1561 3332 molestent
1576 3301 1604 3330 in
1624 3300 1720 3338 aliquo
1733 3299 1790 3330 five
1803 3307 1937 3340 gravent,
1953 3307 2008 3329 nec
2023 3307 2073 3341 pet
2092 3297 2159 3328 alios
2180 3282 2330 3330 Ministros
2349 3311 2403 3332 no-

1336 3340 1408 3371 stros
1423 3339 1565 3371 molestari
1577 3339 1622 3369 seu
1638 3336 1744 3376 gravari
1757 3338 1939 3376 permittant,
1958 3335 2095 3375 quamdiu
2108 3336 2183 3367 bene
2197 3337 2233 3368 &
2246 3336 2365 3369 fideliter
2375 3335 2403 3370 se

1335 3379 1471 3418 gefferint
1485 3388 1547 3418 erga
1564 3377 1632 3407 Nos
1648 3378 1681 3408 &
1693 3376 1822 3415 nostros,
1842 3377 1911 3406 sicut
1924 3373 2093 3413 praediorum
2108 3374 2165 3413 est,
2202 3379 2208 3409 J
2238 3396 2240 3398 v
2270 3406 2273 3408 ,
2372 3392 2388 3410 ι,

1374 3417 1648 3448 proclamationibus
1662 3415 1820 3454 praedictis,
1831 3414 1882 3444 ⁴seu
1897 3410 2119 3456 quibuscumque
2134 3412 2276 3446 Mandatis
2289 3414 2401 3454 nostffs,

1338 3457 1442 3488 eisdem
1453 3455 1617 3494 Justiciariis
1631 3455 1664 3485 &
1680 3452 1857 3485 Cancellario
1870 3453 1901 3482 in
1914 3452 2089 3486 contrarium
2103 3449 2216 3483 directis
2229 3473 2240 3492 ,
2261 3460 2322 3484 non
2343 3454 2400 3483 ob-

1339 3495 1474 3526 stantibus
1985 3498 1987 3501 ’
2045 3499 2048 3502 ’
2096 3495 2099 3500 ’
2258 3494 2273 3498 ”

1378 3533 1447 3564 Nos
1455 3557 1463 3571 ,
1475 3518 1531 3571 'pro
1542 3532 1696 3563 Securitate
1710 3528 1817 3569 vestra,
1835 3529 1870 3561 &
1881 3527 2018 3573 aliorum,

1337 3572 1417 3603 mista
1432 3573 1531 3602 omnia
1544 3572 1578 3602 &
1594 3569 1696 3609 fingula
1709 3569 1809 3607 vobis,
1827 3568 1860 3599 &
1873 3568 1991 3599 cuilibet
2000 3577 2019 3599 v

1339 3613 1430 3648 tium,
1446 3610 1579 3640 duximus
1592 3606 1777 3649 significanda.

1374 3648 1646 3726 {fefflksgggficacpud
1658 3683 1945 3717 westmonasterium
1952 3706 1963 3722 ,
1976 3678 2112 3713 vicesimo
2123 3662 2226 3721 quarto
2232 3679 2279 3712 die
2293 3678 2400 3715 Martii.

1734 3763 1789 3791 Per
1808 3758 1891 3801 ipsum
1903 3762 2000 3798 Regem
2014 3755 2111 3798 &sper
2122 3753 2282 3790 petitionem
2293 3758 2327 3789 da

1894 3795 2085 3828 Parliammto.

2074 3521 2165 3560 'bruin
2186 3518 2402 3569 iriterest‚⁴prae-

2080 3564 2146 3605 *m,
2170 3566 2267 3612 tenore
2278 3566 2400 3605 praesen-
