2561 4251
25 235 99 268 Ann.
107 230 150 262 D.

51 275 134 321 ‚¹389-

26 320 77 346 ιω.
97 323 122 341 2.

8 485 11 527 1
27 469 76 495 An.
94 473 136 500 ¹3·

8 530 11 542 Δ
27 510 54 534 R.
76 513 100 529 2.

27 547 65 571 Ex
76 543 133 567 Λιι-

26 588 87 617 togr.

713 137 823 179 ET
884 136 1185 178 'ACTA

168 325 226 355 Pro
252 323 394 355 Prioratu
418 319 529 352 Sanffae
555 320 715 352 Trinitatis
740 314 942 360 Londonieifis
955 343 964 358 ‚
990 315 1026 348 de
1044 313 1228 348 Procedendo

613 367 795 412 summarie.

176 454 356 516 URbanus
375 452 513 493 Epistopus
526 476 536 492 ,
555 451 656 484 Servus
675 450 833 481 Servorum
854 448 938 488 Dei,
963 447 1124 481 Venerabili
1144 447 1230 478 Fratri

283 493 483 531 Archiepiftopo
499 489 706 530 Cantuarienfi‚
724 489 775 526 &,
794 487 915 518 Dileffls
933 488 1006 518 Filiis
1045 485 1158 516 Abbati
1167 490 1230 516 Mo-

173 532 284 572 nasterii
294 532 325 561 de
343 531 483 561 Waltham
500 528 692 560 Londonienii
705 526 908 569 Dioeces'e,.ac
947 525 1145 555 Archidiacono
1154 528 1231 554 Lon-

175 569 306 609 donienfi,
326 570 450 600 Salutem
464 571 496 600 ὃς
511 566 708 609 Apostolicam
720 564 969 608 ¹Benedictionem.
1047 603 1052 607 Ι
1200 601 1214 608 Ρ

213 609 349 639 Militanti
362 607 512 643 Ecclefiae,
530 606 596 635 licet
612 611 763 639 immeriti,
780 601 943 639 disponente
959 602 1111 639 Domino,
1130 601 1230 631 Praeii-

173 648 284 684 dentes,
293 648 367 677 circa
382 645 489 675 Curam
498 642 686 674 Ecclefiarum
697 642 729 672 &
740 639 983 670 Monasteriorum
997 642 1131 670 omnium
1145 641 1230 682 soler-

174 686 213 717 tia
229 685 372 716 reddimur
385 682 517 713 indefessa
530 681 646 719 soliciti,
665 688 712 716 ut,
726 680 804 717 juxta
817 678 945 709 debitum
962 678 1106 709 Pastoralis
1118 678 1230 715 Officii,

175 735 276 754 eorum
290 730 473 754 occurramus
485 719 662 757 Dispendiis,
682 719 715 749 &
729 717 924 756 Profectibus,
941 717 1037 749 divina
1059 725 1230 754 cooperante

177 761 354 795 Clementia,
372 759 512 789 salubriter
526 757 709 788 intendamus.

213 802 287 831 Sane
302 822 311 837 ,
336 798 518 827 Dileetorum
539 796 677 826 Filiorum
691 818 701 834 ,
730 797 832 824 Prioris
852 793 890 828 ὠ
911 798 1065 824 Conventus
1086 795 1231 822 Prioratus

174 841 283 870 Sanc‘he
307 839 454 866 Trinitatis
474 833 663 875 Londonienfis
677 856 687 872 ,
707 832 824 862 Ordinis
842 833 938 862 Sancti
956 832 1103 872 Augustini
1119 856 1128 869 ,
1147 831 1231 861 Con-

175 877 323 916 questione
336 876 513 913 percepimus
531 873 610 911 quod
634 871 764 914 nonnulli
785 870 1017 914 Archiepiscopi,
1036 869 1186 913 Episcopi,
1203 879 1232 899 a-

174 916 261 954 liique
277 913 465 944 Ecclesiarum
478 911 604 948 Praelati,
622 911 655 941 &
670 909 792 945 Clerici,
810 918 843 939 ac
860 908 1060 939 Ecclesiasticae
1082 908 1230 945 Personae,

174 954 234 985 tam
249 952 418 989 Religiosae,
439 951 525 988 quam
538 949 820 985 Seculares,necnon
836 947 934 977 Duces
961 945 1231 983 Marchiones‚Co-

175 993 273 1030 mites,
293 991 430 1027 Baroues,
448 987 590 1024 Nobiles,
609 986 734 1024 Milites,
752 987 785 1016 ὃς
809 985 905 1023 Laici,
925 970 1103 1016 Communia
1121 984 1232 1015 Civita-

176 1039 254 1068 tum,
273 1027 477 1060 Univerfitates
491 1025 674 1064 Opidorum,
693 1023 861 1054 Castrorum
872 1049 880 1062 ,
896 1024 1048 1061 Villamm,
1066 1024 1100 1054 &
1113 1024 1232 1054 aliorum

174 1069 327 1106 locorum,
347 1067 381 1097 δε
397 1065 456 1095 aliae
472 1065 620 1102 singulares
636 1063 767 1094 Personae
780 1061 940 1094 Civitatum
953 1063 986 1094 ὃς
1000 1062 1186 1100 Dioecesum,
1200 1071 1233 1091 ac

174 1108 289 1138 aliarum
305 1106 424 1142 partium
438 1103 624 1140 diversarum,
640 1101 818 1139 occuparunt
834 1102 867 1132 &
881 1102 1015 1139 occupari
1027 1101 1153 1132 fecerunt
1176 1099 1234 1130 Ca—

176 1146 245 1180 stra,
264 1144 365 1180 Villas,
384 1144 417 1174 δε
437 1142 488 1173 alia
510 1141 590 1172 Loca
604 1165 613 1180 ‚
632 1140 737 1171 Terras
752 1164 761 1178 ,
780 1139 911 1178 Domos,
930 1139 1133 1177 Poffeffiones,
1148 1140 1233 1179 Jura,

176 1184 210 1215 ὃς
229 1181 440 1222 ]υτίίόἰὲὶίοῃεε
456 1205 465 1218 ,
485 1190 599 1210 necnon
620 1179 738 1209 fruetus
754 1201 765 1217 ‚
783 1178 915 1217 Census,
934 1178 1089 1216 Redditus,
1109 1180 1142 1210 ὅ(
1166 1178 1235 1208 Pro-

176 1230 278 1253 ventus
293 1220 360 1251 dicti
376 1219 534 1255 Prioratus,
553 1219 586 1249 ὃς
601 1217 736 1248 nonnulla
749 1217 798 1247 alia
815 1215 910 1254 Bona,
929 1215 1053 1247 Mobilia
1066 1218 1100 1248 &
1123 1216 1236 1247 Immo-

175 1260 258 1296 bilia,
277 1258 432 1297 Spiritualia
452 1259 485 1289 &
503 1257 684 1294 Temporalia
697 1279 707 1295 ,
725 1255 760 1286 ad
782 1255 911 1285 Priorem
932 1257 965 1287 &
989 1255 1178 1286 Conventum
1203 1264 1237 1285 ac

177 1298 337 1330 Prioratum
352 1297 503 1337 praedictos
517 1296 681 1334 spectantia,
700 1295 733 1325 &
746 1303 777 1324 ea
788 1293 914 1324 detinent
934 1293 1060 1324 indebite
1081 1302 1238 1332 occupata,

176 1337 223 1368 seu
237 1347 269 1366 ea
283 1335 484 1366 Detinentibus
497 1333 627 1372 praestant
640 1334 791 1370 auxilium,
809 1332 958 1363 confilium
969 1355 978 1370 ,
997 1332 1042 1363 vel
1055 1331 1200 1370 favorem,

216 1374 361 1406 Nonnulli
382 1375 467 1404 etiam
487 1373 662 1411 Civitatum,
681 1370 850 1401 Dioecesum
867 1395 877 1409 ,
894 1371 927 1402 &
948 1370 1239 1414 Partiumpraedicta-

176 1423 259 1452 rum,
277 1414 323 1450 qui
335 1412 460 1442 Nomen
476 1410 599 1442 Domini
612 1412 642 1440 in
656 1420 778 1441 vacuum
792 1410 915 1447 recipere
927 1419 987 1439 non
1002 1409 1171 1447 formidant,
1186 1410 1240 1438 eis-

178 1452 246 1482 dem
262 1451 352 1482 Priori
368 1452 400 1482 &
415 1450 599 1487 Conventui,
618 1450 697 1486 super
713 1447 852 1486 praedictis
864 1447 989 1485 Castris,
1007 1447 1102 1485 Villis,
1120 1448 1154 1478 &
1178 1447 1239 1477 Lo-

178 1492 218 1521 cis
234 1491 309 1526 aliis,
327 1490 437 1528 Terris,
456 1489 619 1526 Domibus,
637 1485 873 1524 Poffeffionibus,
889 1485 1239 1524 juribus,&Jurisdi<5tio-

178 1530 278 1566 nibuS‚
296 1528 464 1566 Fruetibus,
482 1526 638 1564 Censibus‚
654 1525 839 1561 Redditibus,
860 1526 893 1554 δε
908 1523 1099 1554 Proventibus
1123 1534 1239 1554 eorum-

177 1567 247 1598 dem
261 1589 270 1604 ,
283 1567 317 1597 &
337 1566 561 1604 quibuscumque
580 1565 636 1595 aliis
656 1563 741 1593 Bonis
756 1585 765 1600 ‚
789 1562 942 1592 mobilibus
965 1565 998 1593 &
1023 1563 1239 1602 immobilibus,

180 1605 200 1636 s
214 1604 363 1634 iritualibus
377 1605 410 1635 &
427 1603 643 1641 temporalibus,
662 1603 696 1632 ὃς
710 1601 767 1631 aliis
782 1602 864 1631 rebus
877 1601 911 1631 ad
926 1601 1039 1632 eosdem
1055 1601 1184 1631 Priorem
1205 1603 1239 1633 &

208 1651 369 1673 onventum
386 1652 419 1672 ac
439 1642 601 1672 Prioratum
620 1640 823 1679 spestantibus,
840 1639 1008 1677 multiplices
1033 1640 1183 1671 Molestias
1203 1642 1236 1672 ὃς

176 1681 294 1721 Injurias
309 1681 432 1711 inferunt
446 1690 479 1710 ac
494 1679 624 1717 laeturas:

219 1721 318 1759 Qare
338 1719 410 1749 dieti
431 1718 515 1749 Prior
533 1719 566 1750 ὃς
588 1716 758 1749 Conventus
775 1716 877 1747 Nobis
897 1717 1039 1747 humiliter
1051 1717 1240 1755 supplicarunt

176 1767 226 1798 ut,
244 1760 314 1789 cum
329 1757 431 1789 eisdem
446 1756 528 1788 valde
542 1755 669 1786 reddatur
682 1755 815 1794 difficile,
833 1766 886 1792 pro
903 1755 1017 1792 lingulis
1040 1756 1187 1795 Qerelis,
1205 1757 1240 1787 ad

179 1797 380 1835 Apostolicam
393 1795 495 1826 Sedem
511 1795 613 1825 habere
626 1794 805 1832 Recursum,
823 1794 972 1832 providete
994 1794 1056 1834 ipfis
1078 1795 1157 1833 super
1181 1796 1240 1827 hoc

178 1835 294 1874 paterni
309 1833 455 1872 diligentia
467 1843 636 1864 curaremuS.

217 1874 286 1905 Nos
307 1875 393 1910 igitur
413 1873 539 1903 adversus
563 1872 779 1910 Occupatores,
799 1870 985 1910 Detentores,
1003 1871 1241 1913 Praesumptores,

179 1912 397 1949 Molestatores,
412 1913 445 1942 &
458 1911 632 1949 Injuriatores
646 1911 819 1949 hujusmodi,
837 1911 885 1940 illo
900 1911 1026 1941 volentes
1039 1911 1141 1942 eisdem
1158 1911 1242 1942 Prio-

177 1952 201 1981 ri
222 1952 255 1981 ὃς
277 1949 445 1980 Conventui
467 1949 613 1980 Remedio
631 1949 793 1987 subvenire,
812 1959 860 1986 per
874 1949 952 1987 quod
966 1949 1090 1986 ipsorum
1107 1960 1242 1989 compes-

178 1999 257 2020 catur
275 1990 432 2025 temeriras,
458 1989 491 2018 ὃ(
514 1988 569 2018 aliis
591 1988 678 2018 aditus
701 1988 899 2018 committendi
920 1988 1016 2018 similia
1036 1989 1240 2028 praecludatur,

179 2028 353 2058 Discretioni
374 2027 473 2058 vestrae
488 2051 497 2065 ,
527 2037 577 2065 per
600 2026 765 2064 Apostolica
784 2026 895 2064 Scripta
917 2025 1089 2057 Mandarnus
1110 2029 1241 2065 quatinus

178 2065 259 2105 Vos,
277 2067 322 2097 vel
336 2066 424 2103 Duo,
441 2074 488 2096 aut
503 2076 575 2096 unus
588 2064 735 2103 vestrum,
754 2075 803 2103 per
817 2075 886 2103 VOS,
905 2065 950 2095 vel
971 2065 1073 2104 alium,
1091 2065 1136 2096 seu
1156 2067 1240 2106 alios,

178 2107 264 2135 etiam
285 2105 304 2135 fi
324 2105 376 2135 sint
396 2113 472 2135 extra
492 2104 555 2135 loca
580 2105 608 2133 in
632 2105 734 2141 quibus
753 2104 877 2146 deputati
890 2103 952 2133 estis
965 2103 1186 2135 Conservatores
1205 2106 1239 2137 &

175 2143 308 2182 judices,
327 2144 445 2181 praefatis
460 2142 553 2173 Priori
569 2144 602 2174 &
617 2142 785 2174 Conventui
801 2142 924 2172 efficacis
942 2142 1121 2173 Defenfionis
1141 2143 1241 2174 Praefi-

179 2181 230 2212 dio
249 2181 416 2220 assistentes,
441 2192 500 2212 non
521 2182 685 2220 permittatis
705 2180 819 2211 eosdem
839 2181 920 2218 super
941 2181 993 2211 hiis
1015 2182 1047 2212 δε
1071 2182 1241 2220 quibussibet

178 2220 237 2250 aliis
260 2220 344 2250 Bonis
363 2221 397 2251 &
413 2220 548 2259 Juribus,
567 2219 600 2250 ad
624 2219 753 2250 Priorem
773 2220 807 2249 ὃ(
829 2218 1017 2250 Conventum
1031 2230 1063 2251 ac
1082 2221 1241 2252 Prioratum

202 2258 332 2289 rrediEtos
345 2259 546 2297 spectantibus,
564 2258 600 2288 ab
614 2258 717 2288 eisdem
732 2257 778 2289 vel
792 2258 932 2296 quibusvis
951 2259 1006 2289 aliis
1028 2259 1153 2290 indebite
1177 2270 1242 2290 mo-

178 2269 286 2335 liestari,
306 2298 351 2327 vel
366 2298 402 2327 eis
418 2297 608 2335 Gravamina,
624 2296 669 2327 seu
686 2296 819 2335 Damna,
837 2297 883 2327 vel
897 2296 1011 2334 Injurias
1025 2299 1160 2336 irrogari,

219 2336 332 2366 Facturi
354 2335 436 2366 dictis
458 2335 548 2366 Priori
572 2336 605 2367 &
623 2335 808 2372 Conventui,
826 2335 895 2365 cum
909 2337 944 2366 ab
960 2335 1025 2375 Eis,
1044 2337 1090 2367 vel
1104 2337 1242 2369 Procura-

134 2366 139 2373 ⁴
181 2375 291 2405 toribus
304 2375 373 2413 suis,
391 2382 438 2405 aut
452 2384 554 2404 eorum
569 2374 680 2412 aliquo,
697 2374 802 2404 fueritis
816 2374 954 2412 requisiti⁷
973 2374 1008 2405 de
1031 2375 1190 2415 praediCtis,
1207 2378 1241 2408 ὃς

27 2900 48 2920 *
65 2901 131 2929 VII.

6 2939 92 2977 ‘⁶33-

182 2413 240 2442 aliis
255 2412 383 2443 Personis
398 2413 672 2451 quibussibet‚super
687 2412 878 2443 Restitutione
893 2413 1053 2450 hujusmodi
1065 2413 1243 2454 Castrorum,

181 2450 334 2490 Villarurn,
360 2451 533 2489 Terrarum,
551 2452 584 2482 &
606 2452 725 2481 aliorum
743 2451 909 2489 Locorum,
924 2451 1173 2492 Jurisdidtionum,
1189 2453 1243 2492 Ju—

179 2490 271 2527 rium,
290 2492 323 2521 &
339 2489 503 2528 Bonorum,
523 2490 676 2520 mobilium
692 2490 725 2520 &
740 2490 951 2528 immobilium,
970 2490 1149 2522 Reddituum
1170 2503 1243 2530 quo-

180 2537 238 2566 que
251 2538 284 2558 ac
297 2528 512 2566 Proventuum,
530 2539 563 2558 ac
577 2528 697 2558 aliorum
719 2537 970 2566 quorumcumque
990 2528 1157 2568 Bonorum,
1176 2541 1244 2561 nec-

178 2576 240 2596 non
261 2566 298 2596 de
316 2566 485 2604 quibussibet
507 2565 665 2605 Molestiis,
691 2566 813 2604 Injuriis‚
837 2575 920 2604 atque
943 2566 1079 2607 Damnis,
1104 2569 1244 2606 praesenti-

178 2604 231 2635 bus
250 2605 285 2635 δε
302 2604 417 2643 futuris,
437 2606 465 2634 iri
487 2604 537 2634 illis
557 2604 710 2643 (videlicet)
725 2615 788 2643 quae
796 2605 966 2644 Judicialem
979 2608 1125 2644 requirunt
1136 2608 1243 2647 indagi-

179 2651 268 2682 nem,
293 2643 444 2674 summarie
465 2644 499 2675 &
520 2643 556 2673 de
577 2643 677 2681 plano,
704 2643 760 2673 fine
776 2643 891 2681 strepitu
913 2645 946 2675 ὃς
964 2643 1052 2682 figura
1072 2645 1190 2685 Judicii,
1213 2649 1242 2677 in

179 2681 239 2711 aliis
261 2683 349 2720 vero,
373 2691 459 2720 prout
483 2682 597 2721 qualitas
618 2691 721 2713 eorum
741 2683 876 2721 exigerit,
900 2682 1023 2721 Justitiae
1045 2685 1244 2722 complemen-

181 2726 261 2756 tum;

216 2757 427 2798 Occupatores,
446 2759 492 2790 seu
505 2759 696 2798 Detentores,
713 2759 951 2799 praesumptores,
972 2760 1190 2800 Molestatores‚
1209 2763 1243 2794 &

180 2795 359 2834 Injuriatores
379 2798 556 2836 hujusmodi,
574 2808 689 2829 necnon
711 2798 946 2830 contradictores
965 2799 1106 2837 quossibet
1125 2801 1158 2831 <Sc
1182 2800 1244 2831 Re-

181 2834 266 2865 belles
289 2835 503 2874 (cujuscumque
523 2836 690 2875 Dignitatis,
708 2836 819 2875 Status,
838 2837 957 2867 Ordinis
964 2860 974 2876 ,
992 2838 1036 2868 vel
1059 2837 1243 2870 Conditionis

181 2873 332 2909 extiterint)
351 2874 579 2921 quandocunque
592 2876 625 2905 ὃς
642 2877 661 2894 *
684 2876 926 2914 quotienscunque
949 2876 1115 2915 expedierit,
1133 2877 1244 2908 Audio-

181 2912 260 2942 ritate
275 2911 387 2950 nostra,
401 2923 451 2950 per
467 2911 624 2943 Censuram
639 2913 864 2944 Ecclesiasticam
878 2915 1075 2954 Appellatione
1089 2915 1244 2954 postposita

181 2950 410 3019 gompescendm
437 2952 571 2983 invocato
591 2950 625 2982 ad
646 2952 722 2991 hoc,
748 2953 767 2983 fi
790 2962 861 2992 opus
881 2952 983 2992 fuerit,
1009 2954 1110 2984 auxilio
1132 2954 1243 2986 Brachii

204 2999 256 3019 ecu
267 2999 334 3019 aris:

217 3027 294 3058 Non
307 3027 482 3059 obstantibus
494 3030 573 3067 tarn,
589 3028 676 3060 felicis
691 3029 908 3069 recordationis,
926 3029 1066 3070 Bonifacii
1077 3034 1160 3070 Papae
1184 3033 1242 3064 viii.

178 3065 395 3097 Praedecefforis
410 3066 515 3106 nostri,

219 3104 252 3134 In
269 3106 370 3142 quibus
385 3114 499 3136 cavetur
512 3107 549 3136 ne
563 3105 675 3144 aliquis,
694 3115 770 3138 extra
783 3107 859 3138 suam
883 3107 1040 3138 Civitatem
1064 3109 1098 3140 &
1120 3108 1243 3140 Dioece-

181 3141 252 3180 sim,
273 3143 323 3172 nisi
338 3144 366 3172 in
380 3145 462 3173 certis
475 3146 597 3182 exceptis
610 3144 744 3184 Casibus,
759 3147 792 3177 &
809 3147 839 3176 in
854 3145 903 3176 illis
926 3147 996 3177 ultra
1017 3157 1102 3177 unam
1124 3147 1243 3178 Dietam

180 3189 198 3211 a
213 3180 269 3210 fine
284 3181 341 3210 suae
355 3180 496 3212 Dioecefis
508 3183 694 3221 adjudicium
708 3194 859 3223 evocetur,
871 3185 916 3215 seu
932 3186 969 3215 ne
981 3185 1097 3223 Judices
1112 3187 1145 3217 ὃς
1160 3185 1243 3217 Con-

179 3218 347 3257 servatores,
362 3228 378 3262 a
399 3218 472 3249 Sede
490 3220 612 3257 deputati
631 3221 782 3261 praedidffi,
800 3232 875 3253 extra
894 3222 1051 3254 Civitatem
1073 3225 1106 3255 &
1121 3224 1244 3256 Dioece-

182 3257 234 3287 fim
249 3281 258 3296 ,
282 3258 312 3286 in
332 3256 433 3300 quibus
454 3256 578 3300 deputati
599 3259 717 3297 fuerint,
743 3269 842 3291 contra
864 3262 1050 3300 quoscunque
1070 3263 1242 3303 procedere,

182 3295 240 3326 five
254 3296 297 3326 alii
310 3296 354 3325 vel
367 3294 424 3325 aliis
436 3305 512 3326 vices
526 3295 582 3326 suas
595 3298 792 3336 committere,
811 3308 857 3329 aut
869 3299 975 3336 aliquos
987 3301 1056 3331 ultra
1069 3311 1154 3331 unam
1170 3302 1243 3332 Die-

186 3342 246 3364 tam
259 3344 273 3363 a
287 3333 342 3363 fine
358 3333 499 3376 Dicecesis
514 3335 680 3365 eorumdem
691 3336 799 3366 trahere
821 3337 1001 3376 praesumant,
1018 3339 1183 3371 dummodo
1201 3341 1245 3371 ul-

186 3379 227 3401 tra
243 3372 322 3402 Duas
336 3371 434 3402 Dietas
445 3372 557 3410 aliquis,
575 3374 738 3404 auctoritate
753 3373 954 3413 Praesentium,
971 3386 1030 3408 non
1045 3378 1181 3416 trahatur,
1198 3379 1244 3409 seu

180 3410 262 3448 quod
281 3411 316 3440 de
335 3410 408 3448 aliis,
434 3420 497 3448 quae
515 3409 682 3449 Judicialem
702 3413 845 3449 requirunt
867 3414 930 3443 inda
951 3416 1046 3453 inem,
1071 3416 1188 3454 Poenis,
1214 3418 1245 3447 iri

182 3459 249 3486 eos,
266 3449 285 3478 fi
303 3449 379 3478 secus
400 3450 526 3486 egerint,
544 3450 577 3479 &
599 3451 628 3479 in
649 3449 677 3480 id
691 3460 890 3490 procurantes,
908 3462 923 3482 a
939 3453 1039 3492 jectis,
1054 3453 1246 3486 Conservato-

185 3497 228 3517 res
242 3486 269 3516 se
283 3487 438 3517 nullatenus
450 3489 652 3526 intromittant,

221 3525 320 3564 Qiam
335 3525 391 3554 aliis
400 3526 597 3568 ‘quibuscuque
611 3525 867 3558 Constitutionibus
876 3538 909 3567 ,a
924 3528 1177 3561 Praedeeefforibus
1191 3542 1246 3562 no-

184 3563 262 3601 stris,
278 3562 418 3593 Romanis
431 3563 633 3602 Pontificibus,
651 3566 710 3596 tam
723 3566 927 3606 deJudicibus,
945 3567 1103 3608 Delegatis,
1121 3569 1247 3600 &Con-

184 3603 369 3632 servatoribus
384 3626 393 3640 ,
419 3604 506 3640 quam
527 3602 671 3643 Personis,
696 3604 767 3635 ultra
789 3614 897 3637 certum
918 3616 1089 3646 numerum,
1113 3608 1146 3638 ad
1164 3608 1248 3646 Judi-

184 3642 262 3671 cium
276 3650 336 3671 non
351 3640 505 3679 vocandis,

223 3679 281 3709 Aut
294 3679 350 3709 aliis
363 3678 469 3717 Editis,
479 3689 543 3716 quae
555 3680 656 3711 vestrae
668 3681 781 3719 poffent
795 3683 824 3712 in
837 3682 890 3713 hac
904 3691 980 3720 parte
991 3683 1187 3722 Jurisdiffloni
1199 3693 1246 3716 aut

183 3715 336 3756 Potestati,
353 3717 464 3755 ejusque
478 3718 568 3747 libero
583 3721 734 3758 exercitio,
753 3721 972 3757 quomodolibet
985 3723 1119 3760 obviare,

189 3793 196 3799 ·
222 3755 278 3786 Seu
293 3756 312 3786 fi
326 3755 479 3794 aliquibus,
498 3758 707 3795 communiter,
724 3759 771 3788 vel
784 3759 910 3797 divifim,
927 3770 942 3789 a
965 3760 1097 3797 praedieta
1119 3761 1151 3791 sit
1171 3760 1246 3792 Sede

187 3793 329 3824 indultum
346 3793 425 3832 quod
440 3794 711 3834 Excommunicari,
730 3796 880 3834 Suspendi,
898 3797 942 3827 vel
965 3798 1113 3836 Interdici‚
1128 3799 1174 3829 seu
1197 3810 1247 3830 ex·

186 3838 228 3860 tra
250 3832 296 3861 vel
312 3833 382 3863 ultra
396 3842 470 3863 certa
484 3833 546 3863 loca
560 3833 594 3863 ad
605 3833 751 3873 Judiciurn
764 3836 878 3865 evocari
889 3845 948 3865 non
981 3836 1081 3874 offint,
1097 3847 1146 3874 per
1156 3837 1245 3868 Litte-

187 3877 229 3899 ras
241 3868 434 3908 Apostolicas,
452 3881 511 3901 non
525 3872 657 3902 facientes
671 3872 782 3909 plenam
803 3873 837 3903 &
857 3882 942 3911 expre
966 3884 1026 3912 am,
1043 3885 1076 3905 ac
1098 3875 1134 3906 de
1156 3877 1245 3907 verbo

184 3906 221 3951 ad
235 3907 357 3950 verbum
371 3910 407 3939 de
421 3909 535 3940 Indulto
549 3910 722 3949 hujusmodi,
738 3911 772 3941 &
787 3921 887 3941 eorum
901 3912 1047 3952 Personis,
1067 3913 1171 3951 Locis,
1186 3914 1246 3944 Or-

186 3943 317 3982 dinibus,
335 3947 368 3976 &
380 3947 560 3979 Nominibus
572 3950 706 3988 propriis,
721 3950 916 3989 mentionem,

225 3981 265 4026 Et
279 3984 403 4021 qualibet
417 3986 469 4016 alia
485 3987 572 4017 dietae
588 3986 667 4018 Sedis
680 3986 877 4027 Indulgens,
892 3990 1033 4028 generali,
1051 3989 1098 4023 vel
1112 3989 1237 4029 speciali,

184 4020 376 4058 cujuscunque
388 4023 515 4056 Tenoris
530 4024 643 4066 existat,

223 4062 296 4096 Tom.
319 4062 378 4091 ΙΙΙ.
398 4063 431 4092 Ρ.
450 4064 499 4093 1V.

1267 133 1735 175 PUBL1CA.
2266 146 2322 187 43

1306 219 1360 251 Per
1381 229 1466 257 quam
1503 218 1685 250 Praesentibus
1707 228 1767 248 non
1789 218 1960 257 expressam,
1978 218 2022 249 vel
2037 215 2157 249 totaliter
2169 227 2228 248 non
2243 219 2326 248 inscr-
2345 216 2419 248 Ann.
2434 216 2476 248 D.

1268 266 1345 296 tarn,
1365 244 1677 296 vestraejurisdietionis
1691 258 1838 294 explicatio
1851 259 1878 287 in
1894 258 1947 288 hac
1964 266 2040 294 parte
2054 256 2140 287 valeat
2162 257 2326 293 quomodo·
2368 258 2452 296 1389.

1269 297 1337 326 libet
1359 296 1506 334 impediri,
1525 296 1557 326 ὃ(
1580 295 1616 326 de
1639 306 1709 334 qua,
1728 295 1859 333 cujusque
1878 304 1940 326 toto
1960 295 2095 332 Tenore,
2121 294 2157 324 de
2178 295 2267 325 verbo
2293 295 2327 325 ad
2348 299 2399 323 Ric.
2417 305 2445 324 20

1271 335 1390 366 verbum
1399 357 1408 372 ‚
1425 336 1453 364 in
1467 334 1567 364 nostris
1582 334 1682 364 Literis
1695 332 1823 363 habenda
1836 334 1867 364 fit
1879 334 1987 363 mentio
2001 333 2131 370 specialis.

1309 371 1457 403 Caeterum
1474 373 1621 409 volumus,
1639 373 1672 403 ὃ(
1688 370 1855 409 Αροίὶοίὶςῖῑ
1869 372 2032 402 ειυέὶοῑίωῑε
2045 371 2327 409 decernimus‚qu‹“›d

1271 411 1391 449 quilibet
1403 409 1529 441 vestrum
1541 410 1670 448 prosequi
1682 411 1770 441 valeat
1780 410 1940 440 Articulum
1956 410 2038 439 etiam
2072 420 2102 439 er
2114 409 2198 439 alium
2211 410 2328 439 inchoa-

1273 459 1351 487 tum,
1366 450 1498 517 cquamvis
1519 449 1594 478 idern
1616 448 1756 479 Inchoans
1770 447 1849 479 nullo
1862 448 1943 479 fuerit
1957 447 2038 486 Impe
2060 449 2169 479 imento
2184 449 2327 478 canonico

1291 497 1329 518 rie
1350 497 1365 517 e
1387 497 1438 517 itus

1271 498 1290 526 p
1310 498 1473 564 (Quidque,
1486 535 1502 555 a
1518 523 1593 554 Data
1607 523 1788 554 Praesentium
1798 547 1807 561 ,
1821 524 1853 555 fit
1868 525 2008 563 vobis,&
2024 525 2174 562 unicuique
2187 523 2327 563 vestrum,

1270 565 1300 594 in
1320 563 1469 594 Praemiffis
1491 563 1641 600 omnibus,
1660 564 1692 593 &
1715 572 1815 592 eorum
1839 563 1965 601 singulis,
1984 564 2072 600 ceptis
2095 565 2127 593 ὃ(
2144 573 2203 593 non
2223 565 2328 601 ceptis,

1270 602 1449 640 praesentibus
1463 602 1497 632 δε
1510 601 1625 638 futuris,
1643 609 1801 638 perpetuata
1813 600 1939 631 Potestas
1952 603 1984 632 ὃ(
2001 601 2161 639 Jurisdietio
2183 603 2310 632 attributa
2319 625 2330 640 ‚

1271 650 1301 670 ut
1316 651 1351 670 eo
1364 641 1463 679 vigore
1476 638 1565 677 estque
1578 638 1708 668 firmitate
1723 638 1844 677 possitiS,
1858 640 1887 668 iri
1904 639 2052 669 praemissis
2075 640 2207 669 omnibus
2217 662 2227 677 ,
2243 641 2331 678 ceptis

1271 679 1305 709 ὃς
1319 689 1378 709 non
1391 679 1494 715 ceptis,
1512 677 1691 714 praesentibus
1705 678 1737 707 δε
1752 677 1866 714 futuris,
1885 678 1918 707 ὃ(
1934 688 1986 714 pro
1999 678 2138 716 praedietis
2159 679 2329 716 procedere,

1270 727 1303 746 ac
1317 717 1337 747 si
1354 717 1486 754 praedicta
1498 717 1595 745 omnia
1610 715 1643 745 &
1656 714 1759 751 singula
1770 724 1866 744 coram
1879 716 1960 745 vobis
1978 725 2058 752 cepta
2077 716 2205 754 fuissent,
2224 717 2258 746 &
2276 717 2330 754 Ju—

1270 754 1395 785 risdifflo
1414 754 1519 791 vestra,
1538 755 1571 785 &
1593 753 1738 790 cujussibet
1761 752 1905 790 vestrum,
1929 755 1957 783 in
1979 754 2118 790 praedictis
2137 755 2272 785 omnibus
2294 757 2329 787 ὃς

1271 793 1395 861 singtilsiis,
1414 802 1464 830 per
1478 791 1655 822 Citationem
1670 791 1714 822 vel
1731 790 1859 821 Modum
1879 792 1965 822 alium
1988 800 2147 829 perpetuata
2166 793 2330 830 legitimum

1272 840 1350 862 extiti
1376 840 1416 860 et·

1309 855 1524 899 Constitutione
1534 867 1688 906 praedicta,
1708 867 1785 905 super
1799 867 2066 905 Conservatoribus,
2082 868 2115 899 &
2131 868 2182 900 alia
2197 869 2330 909 qualibet,

1270 909 1299 938 in
1313 908 1485 938 contrarium
1499 906 1590 944 edita,
1609 916 1670 936 non
1690 906 1838 944 obstante,

1309 945 1494 976 Praesentibus
1507 944 1571 982 post
1589 945 1829 983 Qinquennium
1844 944 1965 974 minime
1981 944 2110 975 valituris.

1310 983 1378 1014 Dat.
1395 986 1485 1013 Romae
1508 982 1581 1021 apud
1603 984 1733 1013 Sanam
1753 985 1864 1013 Petrum
1884 983 1923 1012 iii.
1942 981 2026 1013 Non.
2042 982 2127 1022 Julii,
2145 982 2331 1018 Pontificatsrs

1271 1022 1359 1053 nostri
1371 1022 1458 1053 Anno
1474 1021 1668 1053 Duodecirno.

1311 1100 1352 1127 N.
1372 1099 1402 1128 de
1422 1097 1555 1136 Glywicz.

1309 1137 1360 1177 Jo.
1379 1136 1502 1177 chjusio.

1798 1176 1852 1205 Pro
1870 1176 1905 1204 G.
1923 1177 2009 1205 Wrt.

1936 1255 2059 1282 Marcus.

1852 1328 1905 1358 Sub
1916 1327 1978 1370 filis
1995 1327 2179 1360 cannabaceir.

1472 1455 1521 1486 De
1541 1452 1777 1486 Proclamatioue
1795 1454 1986 1499 Uengarum
2005 1455 2144 1486 Franciae.

1279 1535 1399 1593 REX
1414 1539 1567 1567 Vicecomiti
1581 1539 1696 1567 Kantiae
1711 1538 1844 1568 Salutem.
2327 1556 2329 1558 -
2360 1534 2438 1566 Ann.
2450 1535 2493 1568 D.

1384 1576 1521 1606 Formam
1541 1576 1721 1614 Treugarum
1734 1601 1744 1614 ,
1769 1578 1841 1607 inter
1864 1578 1922 1606 Nos
1945 1577 1978 1607 &
2000 1574 2202 1614 Adversarium
2222 1576 2337 1617 nostrum
2392 1575 2476 1613 1389.

1275 1615 1398 1682 Franci'ae
1413 1622 1572 1652 captarum,
1590 1614 1642 1644 tibi
1657 1615 1792 1645 mittimus
1814 1616 1845 1644 iri
1867 1614 1988 1652 quadam
2009 1614 2136 1652 Cedulfi,
2154 1615 2339 1647 Praesentibus
2359 1617 2412 1641 An.
2433 1624 2473 1651 ¹3-

1275 1653 1365 1683 interc
1377 1652 1424 1683 usa
2360 1656 2388 1679 R.
2411 1662 2437 1679 2.

1312 1676 1482 1721 Mandan’tes
1495 1689 1576 1729 quod
1588 1690 1700 1728 statim,
1717 1690 1778 1720 vifis
1793 1690 1987 1728 praesentibus,
2005 1690 2136 1730 Treugas
2157 1691 2214 1721 illas
2231 1693 2259 1721 in
2282 1693 2337 1722 fin·
2356 1693 2493 1725 Franc.13.

1276 1730 1346 1769 gulis
1360 1729 1501 1760 Portubus
1516 1729 1549 1759 &
1565 1729 1670 1766 Locis,
1688 1728 1759 1759 infra
1773 1728 1907 1759 Ballivam
1923 1737 2018 1766 tuam,
2039 1730 2086 1759 ubi
2110 1729 2239 1767 expedire
2259 1731 2338 1761 vide·
2357 1732 2386 1756 R·
2404 1738 2474 1756 ια»-

1276 1769 1313 1797 ris
1322 1792 1332 1806 ,
1350 1777 1384 1798 ex
1398 1776 1475 1805 parte
1488 1767 1601 1806 nostra,
1615 1767 1731 1806 publice
1743 1767 1912 1807 proclamari
1926 1766 1960 1798 &
1973 1768 2061 1799 teneri
2073 1767 2156 1799 facias
2163 1769 2243 1807 juxta
2257 1777 2339 1799 teno-
2363 1775 2406 1801 ¹9·

1278 1816 1339 1837 reni
1355 1806 1536 1843 earumdem,

1315 1844 1353 1875 Et
1368 1845 1426 1874 hoc
1441 1843 1595 1874 nullatenus
1611 1845 1733 1875 omittas.

1353 1882 1442 1914 Teste
1457 1883 1539 1922 Rege
1550 1882 1624 1921 apud
1638 1882 1915 1922 Wstmonasterium,
1932 1883 2039 1914 oustavo
2053 1882 2099 1914 die
2108 1883 2184 1922 Julii.

1761 1962 1815 1990 Per
1830 1959 1911 2000 ipficm
1922 1962 2018 1998 Regem
2032 1959 2071 1996 (ᾤ’
2085 1960 2236 1991 Concilium.

2359 2036 2462 2066 ¹,v11.

1319 2037 1339 2058 ²¹¹
1359 2036 1525 2068 Consimilia
1539 2036 1638 2070 Brevia
1650 2037 1807 2078 diriguntur
1819 2037 2045 2069 Vicecomitibus
2057 2037 2228 2077 subscriptis,
2245 2037 2296 2070 sub
2361 2074 2417 2110 ⁶⁴4

2333 2096 2335 2098 .
2382 2094 2394 2111 ,
2420 2096 2426 2102 ,

1619 2076 1721 2108 eadem
1736 2076 1828 2115 Data;
1845 2075 1978 2109 videlicet
1985 2099 1995 2115 ,

1318 2153 1522 2184 Vicecomitibus
1541 2155 1701 2185 Londoniae.

1317 2196 1345 2222 V
1345 2196 1469 2222 icecomiti
1487 2193 1579 2232 Effi’x.

1319 2234 1347 2260 V
1348 2234 1448 2260 icecom.
1467 2231 1560 2270 Norffi
1579 2230 1616 2266 ὠ·
1635 2231 1702 2271 Suff

1318 2272 1346 2299 V
1346 2273 1447 2299 icecom.
1463 2270 1648 2309 Suthampton.

1317 2311 1346 2338 V
1347 2311 1447 2338 icecom.
1469 2308 1584 2338 cornub.

1318 2349 1347 2376 V
1348 2350 1450 2376 icecom.
1468 2348 1578 2377 Devon.

1319 2388 1348 2415 V
1347 2389 1446 2414 icecom.
1465 2383 1577 2424 Somerfi
1593 2384 1632 2422 &⁹
1649 2383 1734 2423 Dms

1319 2427 1447 2453 Vicecom.
1467 2424 1601 2454 Eborum.

1319 2465 1348 2492 V
1348 2465 1449 2492 icecom.
1469 2461 1592 2492 Lincoln.

1320 2504 1348 2530 V
1349 2503 1447 2530 icecom.
1468 2500 1647 2531 Nerthumbr.

1321 2542 1349 2569 V
1349 2543 1450 2569 icecom.
1469 2539 1578 2569 Cumbr.

1318 2581 1347 2608 V
1347 2581 1448 2607 icecom.
1466 2576 1613 2615 PVeslmerl.

1318 2620 1347 2647 V
1347 2619 1445 2645 icecom.
1464 2615 1565 2655 Suffix.

1318 2654 1445 2693 Johanm'
1459 2658 1608 2684 Devereux
1624 2652 1746 2684 Custodi
1762 2653 1899 2693 Qlinque
1914 2654 2063 2686 Portuum.

1319 2692 1449 2761 Joclioqgni
1464 2696 1534 2723 Duci
1549 2692 1739 2733 Lancastriae,
1758 2694 1804 2724 vel
1819 2694 1876 2731 ejus
1890 2692 2067 2724 Cancellario
2082 2693 2111 2723 in
2134 2692 2249 2725 Ducatu
2271 2703 2344 2733 prae-

1378 2741 1386 2760 1
1417 2741 1445 2761 o.

1318 2769 1448 2808 Johanni
1461 2770 1493 2799 de
1506 2769 1619 2799 Haland
1629 2769 1741 2799 Comiti
1755 2768 2011 2808 Huntyngdoniae,
2027 2769 2184 2807 Capitaneo
2205 2770 2288 2800 Villae
2307 2771 2343 2800 δε

1357 2808 1450 2838 Castri
1466 2808 1553 2848 Regis
1567 2808 1603 2838 de
1616 2807 1710 2846 Brest,
1728 2807 1774 2838 vel
1785 2809 1840 2846 ejus
1857 2808 1973 2838 Locum
1988 2810 2094 2838 tenenti
2108 2807 2222 2838 ibidem.

1318 2845 1464 2877 Willielmo
1483 2846 1507 2876 le
1527 2850 1603 2884 Scrop
1638 2846 1794 2883 Capitaneo
1815 2846 1898 2875 Villae
1921 2846 1954 2876 &
1972 2845 2066 2876 Castri
2087 2846 2175 2886 Regis
2197 2845 2234 2876 de
2253 2844 2342 2876 Chir-

1352 2884 1463 2923 burgh,
1479 2884 1524 2917 vel
1537 2886 1593 2923 ejus
1637 2894 1726 2915 ocum
1742 2884 1847 2914 tenenti
1859 2884 1973 2914 ibidem.

1386 3014 1434 3045 De
1452 3008 1641 3053 Restitusme
1656 3009 1878 3055 ‘I'Z’mporalium
1901 3008 2086 3051 Menevenfis
2104 3008 2239 3043 Eccletae.

1283 3096 1419 3154 REX,
1439 3095 1544 3127 dilecto
1562 3094 1629 3132 fibi,
1647 3093 1754 3124 Thomae
1772 3092 1947 3161 Oldecffell,
1963 3093 2103 3123 Escaetori
2119 3093 2168 3123 suo
2181 3094 2210 3123 in
2234 3092 2340 3124 Comi-
2361 3091 2437 3123 Ann.
2451 3091 2492 3123 D.

1361 3137 1460 3167 tatibus
1483 3133 1673 3164 Gloucestriae
1686 3133 1719 3163 &
1734 3132 1857 3162 Herefor
1880 3133 1928 3170 iae,
1947 3142 1980 3163 ac
1994 3131 2124 3162 Marchia
2137 3131 2268 3170 Walliae,
2287 3133 2339 3162 eis·
2389 3132 2473 3170 1389.

1280 3174 1346 3205 dem
1363 3173 1552 3204 Comitatibus
1566 3171 1724 3210 adjacente,
1741 3170 1874 3200 Salutem.
2357 3173 2409 3197 An.
2426 3180 2472 3206 13.

1318 3211 1400 3244 Cum
1421 3211 1567 3242 Dominus
1588 3214 1709 3240 Summus
1730 3208 1860 3247 Pontifex
1903 3207 2103 3238 Venerabilem
2127 3208 2254 3246 Patrem,
2280 3207 2338 3245 Jo-
2359 3213 2388 3235 R.
2411 3217 2436 3235 2.

1281 3251 1398 3281 hannem
1411 3274 1420 3288 ,
1442 3259 1532 3286 nuper
1553 3246 1773 3287 Herqfordenſsm
1794 3232 1963 3286 Eptst'opum,
1986 3257 2001 3276 a
2022 3247 2153 3284 vinculo,
2178 3256 2236 3283 quo
2255 3245 2338 3276 diistae
2361 3250 2417 3273 Par.
2430 3255 2473 3281 ¹3·

1282 3290 1416 3321 Ecclesiae
1437 3288 1597 3325 tenebatur,
1614 3286 1779 3323 absolverit,
1799 3287 1832 3316 ὃς
1856 3285 1946 3323 ipsum
1964 3284 1998 3314 ad
2010 3284 2163 3314 Ecclesiam
2178 3284 2340 3327 Meneven-
2360 3289 2389 3312 R.
2401 3290 2491 3320 2.p.i,

1283 3329 1341 3358 sem
1354 3326 1577 3363 transtulerit,&
1590 3325 1680 3362 ipsum
1692 3325 1721 3354 in
1736 3324 1909 3361 Episcopum
1923 3323 1981 3353 loci
1993 3323 2061 3353 illius
2074 3322 2271 3365 praefecerit&
2286 3322 2340 3352 Pa·
2359 3332 2396 3350 m.
2412 3331 2458 3357 ²7·

1282 3367 1405 3404 storem,
1424 3366 1492 3395 ficut
1514 3373 1563 3401 per
1585 3363 1690 3393 Literas
1710 3362 1825 3393 Bullatas
1846 3362 1927 3400 ipsius
1944 3362 2058 3391 Summi
2072 3360 2235 3398 PontifiCis,
2254 3361 2339 3392 nobis

1282 3405 1349 3436 inde
1362 3404 1495 3441 directas,
1512 3401 1595 3432 nobis
1611 3401 1739 3440 constat,

1319 3443 1388 3474 Nos

1322 3482 1380 3512 Pro
1393 3467 1435 3511 ’eo
1457 3478 1534 3517 quod
1548 3477 1624 3508 idem
1635 3477 1779 3516 Johannes
1792 3477 1926 3507 omnibus
1939 3476 2050 3513 verbis,
2069 3476 2151 3510 uobis
2167 3475 2344 3514 praejudicia-

1284 3520 1371 3559 libus,
1390 3521 1417 3549 in
1431 3518 1510 3548 dictis
1525 3517 1625 3547 Literis
1640 3516 1749 3546 Bullatis
1764 3516 1921 3552 contentis,
1939 3524 2036 3544 coram
2049 3515 2133 3544 nobis
2153 3516 2342 3553 renunciavit,

1285 3560 1319 3590 ὅ(
1333 3559 1438 3589 Gratiae
1452 3555 1557 3586 nostrae
1570 3555 1711 3586 humiliter
1725 3555 1752 3584 se
1763 3553 1901 3591 submisit,
1916 3552 2043 3584 volentes
2059 3562 2126 3582 cum
2139 3563 2176 3583 eo
2189 3562 2268 3591 agere
2280 3562 2344 3592 gra-

1285 3606 1356 3628 tiose

1322 3620 1458 3672 Ce'pimus
1472 3631 1648 3662 Fidelitatem
1664 3631 1745 3669 ipsius
1755 3629 1906 3669 Johannis,
1925 3629 1959 3659 &
1980 3628 2166 3666 Temporalia
2187 3628 2254 3659 diCti
2276 3628 2346 3666 Epi-

1285 3674 1332 3705 sco
1353 3673 1413 3703 atfis
1430 3670 1609 3701 Menevensis
1624 3669 1809 3699 Restituimus
1825 3667 1936 3704 eidem
2227 3705 2232 3710 .

1351 3722 1361 3742 t
1376 3712 1440 3741 ideo
1457 3709 1507 3739 tibi
1520 3707 1703 3745 Praecipimus
1718 3706 1798 3744 quod
1814 3705 1907 3735 eidem
1923 3705 2048 3743 Johanni
2066 3703 2249 3742 Temporalia
2270 3715 2345 3743 prae-

1284 3749 1361 3780 <iusta
1373 3773 1383 3788 ,
1407 3757 1475 3779 cum
1500 3746 1674 3777 Pertinentiis
1688 3770 1698 3784 ,
1723 3747 1753 3775 in
1773 3744 1875 3776 Bauiva
1893 3752 1941 3775 tua
1953 3767 1963 3781 .,
1987 3744 2085 3774 liberes
2106 3744 2136 3772 in
2159 3742 2252 3772 forma
2271 3753 2344 3781 prae-

1286 3789 1413 3856 dlg'i'aeste
1434 3824 1517 3862 Rege
1535 3822 1610 3861 apud
1634 3821 1756 3863 castrum
1769 3820 1850 3860 fimm
1871 3820 1903 3850 de
1925 3819 2082 3859 Wyndefire
2102 3817 2277 3850 duodecimo
2297 3819 2346 3851 die

1282 3865 1348 3906 'lum
1791 3900 1843 3928 Per
1859 3900 1950 3927 Breve
1966 3897 1997 3927 de
2010 3898 2129 3926 Privata
2139 3894 2239 3934 Sigillo.
