2561 4251
722 139 832 181 ET
917 137 1173 181 ACTA

3 223 124 304 A'1¹¹3n61D
186 265 225 297 Et
246 263 311 306 Ego
325 261 498 296 Willielmus
512 263 548 294 de
562 262 724 303 Tiryngton
733 286 742 302 ,
759 262 965 294 Lincolnienfis
981 262 1123 307 Dioecesis
1137 260 1206 306 Cle·

5 306 73 332 Edv·
94 311 121 340 3·
149 305 240 343 ricus,
255 304 391 336 Publicus
410 302 585 332 Audioritate
606 302 774 340 Apostolicfi
794 302 950 339 Notarius,
975 311 1039 341 quia
1062 299 1206 339 praemissis

148 344 282 375 omnibus
295 343 329 373 &
343 341 453 381 singulis
465 350 514 378 per
528 341 694 379 praefatum,
712 341 915 371 Reverendurn
929 340 1041 384 Patrem
1139 338 1205 382 Do-

150 383 261 412 minum
282 379 537 417 Archiepiscopum
556 379 677 416 superius
692 380 810 410 recitatis
824 380 856 409 δε
872 379 950 409 fadhs
963 387 1062 422 coram
1075 388 1129 415 eo,
1147 376 1206 406 die-

151 422 220 459 bus,
238 420 272 450 &
291 417 380 456 iocis,
394 427 426 448 ac
440 417 574 448 Testibus
588 417 747 456 supradietis
761 417 880 454 praesens
891 417 1023 455 interfui,
1040 426 1127 460 eaque
1141 425 1207 445 orn·

154 460 202 489 nia
222 457 255 488 &
273 456 379 493 smgula
393 455 529 494 (excepta
551 456 639 494 Sigilli
659 456 698 485 sui
719 455 911 495 appofitione)
929 456 967 486 fic
988 454 1047 485 fieri
1066 454 1147 497 vrdi,
1174 454 1208 483 &

152 495 261 533 audivi,
279 496 337 526 aliis
351 503 505 532 occupatus
519 495 656 532 negotiis,
673 493 757 523 scribi
770 494 841 531 feci,
860 495 909 531 &‚
929 495 958 524 in
971 493 1045 524 hanc
1060 492 1209 535 Publicarn

155 534 292 565 Formam
312 533 454 572 redigens,
479 533 548 562 meis
567 532 664 571 Sigillo
685 532 719 563 ὃς
739 531 872 562 Nomine
891 533 1023 563 roboravi
1036 540 1163 570 rogatus,
1182 540 1211 559 in

154 572 371 605 Testimonium
383 570 558 603 eorumdem.

193 648 232 679 Et
253 647 320 686 Ego
335 648 479 688 johannes
500 646 536 677 de
551 645 654 677 Barton
668 647 743 683 juxta
757 646 891 678 Humbre
907 646 1112 690 Lincolniensis
1125 643 1215 686 que-

157 687 224 719 cesis
240 687 385 724 Clericus,
404 685 534 716 Publicus
551 685 716 722 Apostolica
729 686 905 717 Audieritate
919 686 1074 721 Notarius,
1089 681 1214 724 praemis-

159 726 193 757 fis
211 727 344 756 omnibus
359 726 392 756 &
407 724 515 763 fingulis
530 734 579 762 per
591 723 718 762 diffitum,
735 723 938 755 Reverendum
953 723 1082 760 Patrem,
1102 720 1211 764 Domi-

158 773 229 795 num
250 762 479 794 Cantuariensem
502 762 774 801 Archiepiscopum,
792 763 825 793 ὅτ.
848 770 1021 804 commeo,
1040 767 1072 790 ut
1091 758 1213 795 superius

159 804 308 834 recitantur
321 824 331 840 ‚
350 802 434 832 Affls
450 824 459 840 ‚
476 800 576 840 gestis,
591 801 625 832 ὃς
644 801 759 838 habitis,
775 801 881 837 Anno,
898 795 1214 842 Indictione·,·Mense‚

158 839 287 879 Diebus,
305 841 339 871 &
355 840 442 870 Locis
457 839 631 877 supradietis,
648 837 888 879 Pontificatsisque
898 835 1069 880 Sand'tiffimi
1083 834 1214 881 {HAChss‘

159 879 204 910 sto
220 877 308 910 Patris
321 880 354 909 ὃς
368 878 506 916 Domini,
526 877 648 907 Domini
664 876 824 906 innocentii
837 875 1001 918 supradieti,
1019 873 1129 904 D1v1na
1141 872 1215 902 Pro-

157 917 298 954 videntia,
316 916 402 955 Papae
422 916 499 947 Sexri
512 915 600 946 Anno
615 915 726 951 Nono,
744 914 800 943 una
814 923 882 945 cum
895 913 1049 951 Testibus,
1069 913 1103 944 &
1117 910 1216 956 .N.⁰t.²‘

159 957 205 987 riis
219 957 383 994 praescriptis
397 956 513 994 praesens
526 952 655 990 interfui,
673 961 759 991 eaque
771 953 867 982 omnia
882 953 916 982 &
928 952 1048 996 singula,
1065 948 1218 994 Sigillifli-

159 995 202 1025 &i
222 994 308 1024 Patris
325 994 497 1034 appositione
515 991 658 1021 dumtaxat
678 990 813 1029 excepta,
833 991 870 1021 fic
890 990 947 1022 fieri
967 991 1043 1028 Vldl,
1059 990 1092 1020 ὃς
1104 989 1213 1033 audivi,

161 1034 196 1064 &
217 1033 263 1064 hic
288 1042 335 1063 me
355 1030 515 1068 subscripsi,
530 1039 563 1059 ac
585 1028 706 1068 Signum
720 1038 816 1059 meum
831 1029 1007 1070 praesentibus
1021 1028 1134 1066 apposui
1148 1037 1220 1058 con-

162 1073 275 1103 suetum
288 1079 417 1109 rogatus,
435 1069 465 1098 in
478 1067 695 1099 Testimonium
711 1069 842 1099 omnium
857 1068 1072 1108 praemiss'orum.

321 1145 388 1176 Filis
398 1144 491 1185 sericis
504 1143 604 1174 viridis
619 1143 717 1174 coloris
726 1167 736 1183 ,
753 1144 825 1175 Cera*
841 1144 944 1184 viridi,
959 1144 1000 1174 ad
1009 1147 1108 1183 imum,
1124 1146 1152 1173 in
1166 1153 1221 1172 me-

356 1185 398 1215 dio
407 1207 416 1224 ,
433 1182 555 1221 Sigillum
567 1181 775 1222 Archiepifiopi.

336 1308 363 1336 *ς
389 1313 438 1345 De
463 1307 723 1344 Perturbatoribns
747 1312 833 1343 Pacis
854 1308 1039 1356 castigandis.

13 1407 36 1428 t
56 1408 107 1436 vl,
162 1398 250 1459 LE
271 1397 332 1427 Roi
352 1407 367 1427 a
406 1395 502 1426 nostre
521 1394 605 1438 chere
624 1396 658 1427 &
673 1395 753 1433 foial‚
772 1394 898 1425 Richard
913 1394 950 1424 de
964 1394 1105 1439 Stafford,
1124 1394 1220 1426 nostre

20 1446 83 1483 338,
236 1420 384 1481 Seneschal
405 1434 440 1465 de
462 1433 639 1477 Gascorgne,
656 1434 726 1476 &a
747 1441 816 1463 touz
836 1441 896 1463 noz
918 1432 1077 1477 Capitains,
1103 1433 1219 1502 {ardez

15 1484 94 1516 Ann,
108 1481 147 1512 D.
161 1470 914 1549 deslgirltlieess{cedggrffilgelig’tssuffiegppffssZeidherens,
929 1471 962 1501 &
979 1471 1111 1510 Alhez,e
1138 1481 1220 1504 eantz

14 1520 129 1634 {²²³}-
161 1526 1037 1630 3:32?a>asaassrarssiszetrs0szaaz
1051 1548 1221 1621 sisae

15 1641 104 1665 Franc.
160 1631 302 1664 Fraunce,
320 1627 358 1656 ses
381 1625 490 1664 Affiez,
505 1626 539 1657 &
560 1623 706 1655 Adherens
727 1624 832 1655 d'autre
854 1623 919 1655 Part
929 1647 946 1669 ,¹
956 1626 999 1656 sur
1019 1627 1140 1696 tFuzblgs
1155 1627 1220 1659 De-

15 1683 62 1742 ?„55
80 1678 110 1741 ¹1³·
123 1683 148 1711 ³·
159 1664 427 1742 b²‘E²t⁸{0¹1?s³}⁶13'r¹Sz'
434 1673 506 1746 Ji}
513 1672 672 1746 Ἶὲῗὲἓῖζέ
670 1673 745 1741 Ῑὲἷξί,
751 1673 870 1740 Ρὸξῖἱίῗὸ
878 1673 1082 1742 ιῖνὲῗῖξὲιῖἒῗ
1096 1690 1218 1736 δίψα.

64 1722 79 1751 3
159 1745 254 1776 nostre
274 1741 432 1773 Treschere
452 1741 513 1787 Filz
535 1740 657 1778 Ainsne,
675 1742 709 1772 ὃς
730 1748 818 1772 autres
832 1748 891 1771 noz
904 1739 1044 1780 Enfantz,
1065 1741 1125 1777 &ss
1136 1751 1218 1782 prout

160 1784 282 1892 <27ng
299 1780 748 1895 ἶιζτῗέξὲιζὲίᾷἓὲἑῖέξε4ᾖοῆτε
762 1816 856 1849 Grant
870 1817 932 1849 Seal
946 1827 961 1849 a
974 1817 1067 1850 nostre
1083 1819 1171 1853 Palais
1183 1821 1220 1854 de

208 1870 223 1890 e
251 1869 292 1889 rn.
314 1868 330 1888 e
344 1866 400 1888 xxv
430 1866 484 1887 our
590 1866 609 1886 0
631 1866 668 1886 re.

199 1934 369 1967 Confimiles
391 1934 497 1965 Literae
517 1933 605 1973 Regis
619 1958 629 1972 ,
653 1933 690 1964 de
708 1933 798 1965 verbo
819 1935 848 1964 in
867 1935 986 1965 verbum
1001 1957 1012 1974 ,
1029 1934 1187 1976 diriguntur

373 1973 547 2011 subscriptis,
560 1974 610 2003 sub
629 1973 727 2004 eadem
751 1972 844 2011 Data,
866 1973 1012 2013 videlicet,

196 2050 330 2082 Richardo
343 2051 374 2080 de
389 2048 543 2088 Totefffham,
561 2049 746 2080 Gubernatori
761 2052 789 2080 V
788 2049 843 2079 illae
855 2049 887 2079 de
902 2049 1025 2089 Rupella.

197 2093 369 2129 Capitaneis,
388 2088 541 2126 Callodibus
562 2092 590 2118 V
591 2088 703 2118 illarum
722 2087 760 2123 ῤ’
776 2087 946 2128 Castrorum,
962 2089 1100 2129 subditis,
1116 2090 1227 2121 Adhae-

236 2128 374 2166 rentibus,
392 2125 431 2163 ᾤ’
451 2126 589 2165 Alligatis
612 2130 689 2165 Regis
698 2149 708 2165 ,
722 2126 886 2165 inpartibus
900 2127 1099 2167 Tranfinarinis
1110 2128 1229 2170 exssen-

237 2166 320 2196 tibus.

282 2293 342 2324 Pro
366 2290 477 2324 Karolo
495 2288 531 2323 de
549 2290 634 2322 Blets
645 2316 655 2333 ‚
673 2290 765 2337 fhpcr
780 2289 945 2338 Qaestione
956 2291 1109 2339 pendente.

168 2376 319 2432 REX,
338 2376 471 2408 univerfis
493 2376 527 2407 &
547 2375 657 2416 fingulis
679 2375 922 2416 Vicecomitibus,
949 2376 1126 2417 Majoribus,
1145 2380 1229 2411 Balli-

246 2417 288 2447 vis
300 2438 310 2454 ‚
329 2415 468 2446 Ministris
481 2438 492 2454 ,
509 2414 648 2446 Portuum
662 2436 672 2452 ,
691 2413 884 2454 Paffigiorum
900 2438 910 2453 ,
927 2416 1105 2456 aliorumque
1129 2419 1228 2450 Loco-

22 2454 101 2487 'Ann.
110 2453 151 2485 D.
168 2464 237 2486 cum
253 2454 442 2492 Custodibus',
461 2463 494 2484 ac
508 2453 566 2483 aliis
581 2453 720 2484 Ministris
732 2455 765 2485 ὃς
782 2453 924 2485 Fidelibus
934 2454 1004 2494 suis,
1022 2455 1055 2486 ad
1069 2466 1140 2496 quos
1154 2467 1226 2498 prae-

42 2493 127 2534 1361.
168 2494 255 2524 sentes
269 2493 372 2523 Literae
404 2492 580 2530 ervenerint,
597 2492 733 2522 Salutem.

23 2536 75 2563 ⁸4⁷³·
92 2542 137 2570 35·
207 2532 301 2571 Qua,
319 2541 368 2570 pes
672 2571 675 2574 .
692 2570 696 2574 .
765 2570 769 2575 .
1085 2572 1090 2577 .

23 2575 55 2599 Ε.
77 2580 104 2607 3.
167 2581 253 2601 neum
275 2570 405 2601 nostrum
427 2570 568 2608 Franciae,
592 2569 711 2599 Nobilis
734 2568 803 2607 Vir,
830 2569 949 2601 Karolus
968 2571 1004 2601 de
1024 2571 1105 2602 Blehs
1127 2583 1225 2604 coram

54 2609 116 2637 [bid.
169 2609 269 2640 Nobis
290 2610 323 2640 &
343 2608 561 2648 Consanguineo
583 2608 681 2638 nostro
704 2607 845 2645 praedizsto
859 2631 868 2647 ,
893 2618 939 2640 aut
959 2608 1107 2649 Deputatis
1129 2612 1231 2643 nostris

24 2655 61 2675 m.
76 2656 105 2683 5.
168 2647 328 2686 specialibus
349 2649 377 2678 in
399 2647 452 2677 hac
473 2655 563 2685 parte,
578 2646 679 2684 debet,
694 2646 728 2676 ad
750 2654 859 2677 certum
880 2648 935 2685 jam
950 2649 1096 2686 praefixum
1112 2650 1230 2681 Termi-

169 2697 255 2724 num,
274 2687 303 2716 in
316 2686 388 2717 Villa
401 2686 437 2717 de
451 2685 558 2716 Sandro
573 2684 722 2715 Adomaro
735 2693 914 2725 comparere,
933 2687 962 2716 in
978 2687 1146 2723 Quaestione
1161 2700 1231 2729 pen-

169 2725 253 2755 dente
266 2726 338 2755 inter
353 2726 443 2764 ipsum
458 2723 597 2753 Karolum
614 2724 662 2761 &,
681 2723 853 2754 cariffimum
868 2724 1119 2756 Consanouineum
1133 2729 1166 2758 δε
1183 2729 1229 2758 Fi-

169 2763 264 2793 delem
284 2763 411 2793 nostrum
445 2762 607 2800 Johannetn
627 2762 743 2792 Ducem
758 2761 907 2793 Britanniae
923 2765 955 2794 ὃς
971 2749 1123 2794 (fomitem
1139 2765 1232 2797 Mon-

171 2802 303 2839 tisfortis,
321 2801 400 2838 super
418 2785 532 2830 bucatu
555 2799 721 2838 Britanni-ae,
739 2801 778 2843 ὃς
787 2801 850 2830 alias
865 2802 950 2840 usque
963 2803 997 2833 ad
1012 2802 1123 2833 finalem
1141 2805 1233 2844 Qae-

172 2839 271 2870 stionis
285 2839 446 2878 hujusmodi
461 2837 644 2869 Decifionem
661 2839 852 2877 processurus,

208 2878 277 2909 Nos
962 2894 963 2897 ¹

209 2917 257 2948 Ut
279 2901 354 2947 idem
379 2915 498 2946 Karolus
511 2914 545 2945 ad
561 2914 671 2946 dietum
688 2915 803 2946 Locum
817 2915 852 2946 de
865 2915 972 2947 Sancio
988 2917 1135 2950 Adomaro
1149 2922 1236 2952 tutius

172 2956 312 2987 declinare
325 2954 563 2994 valeat‚volentes
577 2953 724 2985 Securitati
739 2954 818 2994 ipfius
834 2962 880 2986 aut
895 2954 1050 2988 Comitivae
1066 2959 1121 2989 sua:
1132 2959 1234 2991 favoris

175 2994 265 3025 nostri
278 2994 406 3035 praesidio
424 2992 590 3031 providere,
858 3033 862 3038 ¹

213 3033 390 3072 Suscepimus
410 3032 500 3072 ipsum
521 3030 679 3069 Karolutn‚
697 3041 731 3062 ac
754 3031 883 3070 Quadrin
905 3041 979 3063 entas
1000 3032 1131 3066 Personas
1146 3035 1237 3075 Equi-

176 3079 235 3110 tes,
252 3072 287 3102 de
309 3070 456 3101 Comitiva
476 3070 537 3107 sua,
557 3069 739 3101 Confiliarios
758 3072 791 3101 ὅ(
806 3070 885 3100 Fami
898 3072 963 3102 iares
976 3072 1057 3110 suos,
1075 3074 1236 3113 cujuscum-

175 3120 232 3148 que
253 3109 348 3141 Status
368 3110 414 3139 vel
434 3108 615 3139 Conditionis
628 3109 760 3146 existant,
779 3109 812 3139 ad
832 3110 936 3140 dietam
952 3111 1060 3141 Villam
1076 3112 1112 3142 de
1124 3113 1232 3144 saneto

176 3149 340 3186 Adomaro,
357 3157 391 3178 ex
414 3148 492 3178 causa
506 3147 653 3185 praedic‘ia,
668 3147 724 3177 fine
737 3148 831 3178 Armis
845 3148 982 3186 aliquibus
997 3151 1156 3191 veniendo,
1174 3151 1234 3187 &c.

172 3194 254 3225 prout
267 3189 296 3215 in
312 3188 416 3215 Litoris
431 3187 464 3215 de
478 3186 614 3215 Condudlu
630 3197 686 3215 cum
700 3186 751 3216 hac
766 3186 911 3226 Claustcla3
927 3188 1053 3218 videlicet
1062 3212 1072 3228 ,

217 3224 255 3254 Et
275 3224 492 3261 nichilominus,
510 3224 529 3253 sl
551 3224 679 3255 securum
693 3225 727 3255 δε
740 3224 842 3255 salvum
858 3225 1046 3257 Condutstum
1062 3238 1076 3257 a
1091 3228 1171 3259 vobis
1185 3239 1235 3267 pe-

177 3263 290 3300 tierint,
309 3261 343 3292 de
358 3262 415 3292 hoc
431 3261 596 3300 provideatis
609 3263 648 3293 eis
661 3263 786 3293 celeriter
801 3263 965 3302 Sumptibus
980 3266 1156 3296 eorumdem.

217 3301 268 3331 Nc
281 3303 350 3331 vero
362 3301 454 3330 dictus
467 3300 604 3337 Karolus,
621 3300 702 3338 super
719 3311 778 3331 non
793 3301 927 3334 Adventu
942 3305 992 3334 suo
1007 3305 1131 3343 ibidem,
1150 3316 1237 3338 occa-

178 3339 255 3369 sione
276 3339 458 3377 quarumdam
478 3337 733 3376 Convemionum,
751 3340 822 3369 inter
843 3340 910 3370 Nos
924 3343 958 3372 δε
971 3342 1066 3382 Ipsum
1079 3344 1141 3374 alias
1155 3346 1235 3375 habi-

182 3385 289 3414 tarum,
305 3378 330 3408 se
350 3379 453 3416 poterit
474 3377 618 3415 excusare,
635 3377 765 3407 veniendi
786 3378 821 3408 ad
836 3378 945 3409 dicium
966 3381 1065 3412 locum
1080 3381 1115 3412 de
1131 3382 1238 3415 Sanito

180 3415 344 3453 Adomaro,
361 3415 468 3445 ibidem
487 3416 614 3446 morandi
639 3425 672 3446 ex
690 3415 767 3446 causa
789 3417 941 3456 praedicsta,
959 3419 992 3449 &
1012 3421 1131 3458 abinde,
1146 3431 1236 3461 quan-

179 3453 344 3491 documque
364 3454 414 3483 fibi
429 3454 579 3493 placuerit,
596 3454 630 3484 &
650 3454 752 3492 absque
772 3454 979 3493 impedimento
996 3458 1141 3496 quolibet,
1168 3470 1237 3491 curn

181 3491 329 3522 Comitiva
349 3491 394 3521 sua
414 3491 563 3530 praedicta,
583 3492 670 3523 libere
690 3493 854 3531 recedendi,
872 3494 909 3524 de
929 3495 1051 3525 uberiori
1064 3496 1168 3536 gratia,
1186 3499 1237 3530 fibi

182 3530 362 3567 Licentiam,
380 3537 479 3559 tenore
482 3531 687 3597 spraesentium,
705 3532 889 3562 concedimus
900 3532 1058 3572 specialem.

219 3568 252 3599 In
271 3569 367 3606 cujus,
382 3568 443 3598 &c.
462 3577 480 3597 u
492 3577 546 3606 que
567 3568 601 3598 ad
623 3569 739 3601 Festum
758 3570 942 3602 Pentecostes
961 3573 1094 3610 proximo
1109 3572 1238 3606 futurum

179 3607 328 3639 duraturas.

216 3644 286 3677 Dat.
299 3644 372 3684 apud
385 3643 693 3684 Westmonasterium,
709 3647 843 3679 vicesimo
859 3648 959 3686 quinto
974 3647 1019 3678 die
1035 3647 1182 3682 Octobris.

422 2531 559 2562 raetatum
572 2530 669 2569 Pacis,
686 2529 813 2561 habitum
828 2532 902 2562 inter
916 2530 986 2562 Nos
1003 2533 1037 2564 &
1053 2532 1229 2575 Consangui-

851 3726 918 3755 -Per
932 3724 1014 3763 ipfimz
1030 3727 1135 3764 Regem.

215 3996 287 4027 Tam.
303 3996 362 4027 ΙΙΙ.
385 3998 419 4028 Ρ.
435 3999 484 4031 11.

1255 136 1729 179 PUBLICA.
2247 149 2301 188 49

2316 222 2392 253 Ann.
2410 221 2452 255 D.

2340 260 2425 300 1361.

2321 301 2388 328 Edv.
2409 310 2436 338 3.

2322 337 2341 357 *ἒ
2362 341 2414 367 Vl.

2322 386 2386 414 339-

1320 307 1345 333 *
1358 311 1415 341 Pro
1443 310 1543 343 Είεὲἶο
1571 310 1782 355 Lmdonienst,
1809 310 1845 344 de
1860 311 2045 361 Juramento
2061 311 2232 360 recipiendo.

1248 393 1470 454 INnocentius
1491 394 1645 434 Episcopus
1661 420 1671 435 ,
1701 396 1802 427 Servus
1822 396 1979 427 Servorum
2002 398 2057 428 Dei
2071 421 2080 434 7
2111 396 2250 429 carissimo
2270 398 2300 427 in
2319 419 2371 442 An.
2390 424 2425 452 35

1295 431 1414 462 Christo
1427 432 1510 470 Filio,
1532 434 1673 465 Edwardo
1688 435 1760 474 Regi
1774 436 1884 476 Anglii:
1895 436 2013 474 Illustri,
2031 438 2156 468 Salutem
2171 437 2204 467 &
2219 437 2300 475 Apo-
2323 458 2351 482 E.
2374 463 2399 490 3·
2428 439 2435 444 “

1247 469 1377 500 stolicam
1395 470 1636 503 Benedicitonem.
2321 496 2361 518 Ex
2375 495 2436 519 An,

1284 508 1362 539 Cum
1386 518 1475 548 nuper
1497 510 1685 541 Londoniensi
1706 512 1855 551 Ecclesiae,
1874 521 1942 544 tunc
1966 514 2092 550 vacanti,
2110 513 2144 543 de
2166 512 2301 552 Personfi,
2319 537 2385 567 ngr·

1249 546 1346 577 dilecti
1368 547 1431 577 Filii
1449 547 1580 588 Symonis
1595 572 1604 586 ,
1627 549 1717 579 Elem
1740 551 1942 582 Londoniensis
1957 576 1967 589 ,
1988 551 2086 581 Nobis
2105 554 2137 582 ὃς
2163 552 2303 582 Fratribus

1250 585 1350 615 nostris
1365 608 1376 623 ,
1403 587 1444 616 ob
1468 587 1614 625 grandium
1637 588 1748 618 suorum
1775 591 1939 627 exigentiam
1969 589 2164 626 Meritorum,
2187 590 2306 627 accepta

1251 623 1412 654 duxerimus
1430 625 1656 664 providendum,
1676 626 1858 665 nostrumque
1874 628 2071 665 Apostolicum
2084 627 2237 659 Causarum
2252 629 2306 659 Pa-

1251 660 1347 691 latium
1366 662 1460 699 (cujus
1479 663 1554 693 idern
1574 664 1682 703 Symon
1698 665 1787 703 longo
1804 675 1931 703 tempore
1947 667 2029 697 fuerit
2049 667 2188 703 Auditor)
2206 668 2306 705 majori

1253 708 1330 729 nunc
1373 708 1428 729 arte
1447 701 1590 731 bonorum
1605 703 1637 732 &
1651 710 1830 739 expertorum
1847 704 2016 735 Auditorum
2032 706 2132 743 ipliuS,
2146 715 2179 736 ex
2194 704 2308 736 Morta-

1251 735 1333 766 litatis
1349 710 1447 775 geste,
1467 740 1535 770 ficut
1552 740 1685 770 Domino
1700 740 1818 779 placuit,
1836 742 2015 779 destitutum,
2035 744 2115 780 ipiius
2130 744 2220 775 Eleeti
2235 754 2309 782 prae-

1252 773 1488 842 senti-abpropter
1508 779 1566 816 ejus
1587 787 1719 816 magnam
1742 780 1775 810 &
1794 788 1934 817 expertam
1948 781 2168 822 Sufficientiam,
2185 783 2219 813 ad
2232 793 2308 814 tem-

1274 823 1303 842 us
1317 823 1344 842 m
1365 823 1371 841 1
1393 823 1436 844 eat

1253 821 1271 849 p
1292 850 1329 880 Et
1345 823 1490 919 [i-rffipre’rea
1511 852 1586 882 idem
1600 853 1731 893 Elesius,
1750 857 1782 886 ad
1800 855 1987 894 praestandum
2003 858 2164 888 Celsitudini
2177 868 2251 898 tuae,
2265 870 2309 891 ra-

1252 889 1331 919 tione
1378 890 1574 927 emporalitatis
1588 893 1708 930 ejusdem
1724 894 1873 933 Ecclelize,
1893 896 2001 926 solitum
2012 897 2228 936 Juramentum,
2247 908 2309 935 per-

1254 927 1382 959 sonaliter
1397 928 1424 958 se
1436 928 1470 959 ad
1486 929 1604 967 praeseus
1623 932 1768 963 transferre
1784 944 1842 964 non
1858 934 1957 972 possit,

1290 966 1419 997 Eandem
1433 966 1635 999 Cellitudinem
1651 980 1780 1007 rogamus
1794 974 1899 1003 attente
1910 996 1919 1010 ,
1934 974 2060 1012 quatinus
2075 974 2161 1013 ipsos,
2176 974 2310 1006 Eleetum

1255 1005 1289 1036 &
1312 1005 1481 1044 Ecclesiam,
1505 1006 1556 1037 fibi
1576 1009 1772 1049 commiffim,
1791 1011 1896 1041 habens
1916 1022 1965 1049 pro
1979 1011 2074 1042 nostrai
2088 1014 2119 1043 &
2138 1011 2321 1050 Apostolicael

1259 1043 1337 1074 Sedis
1358 1045 1529 1076 Reverentis⁴
1552 1047 1711 1086 propensius
1736 1049 1968 1088 commendatos,
1991 1051 2195 1088 praestationem
2221 1052 2316 1089 hujuss

1260 1082 1341 1113 modi
1361 1082 1536 1121 Juramenti,
1555 1085 1598 1115 vel
1619 1086 1666 1116 hic
1682 1087 1716 1116 ab
1731 1087 1834 1118 eodem
1850 1087 1951 1119 ΕΙεέὶο
1962 1090 1991 1118 in
2009 1090 2136 1120 manibus
2150 1089 2279 1128 alicujus,
2296 1099 2314 1121 a

1260 1119 1308 1150 Te
1328 1121 1405 1160 super
1425 1122 1482 1153 hoc
1505 1122 1677 1154 Potestatetn
1696 1125 1836 1164 habentis,
1856 1127 1901 1157 vel
1922 1130 1951 1158 in
1968 1129 2088 1164 partibus
2101 1128 2315 1159 aProcuratore

1259 1159 1340 1195 ipfius
1362 1160 1471 1200 EleEti,
1489 1160 1523 1192 ad
1546 1161 1603 1192 hoc
1627 1163 1741 1203 speciale
1761 1165 1922 1196 mandatum
1933 1167 2070 1205 habente,
2089 1167 2123 1197 de
2138 1168 2315 1204 benignitate

1259 1196 1349 1237 Regia
1375 1200 1479 1237 placeat
1502 1209 1647 1238 acceptare
1661 1225 1670 1239 ,
1694 1212 1726 1232 ac
1747 1202 1945 1242 Juramentum
1968 1207 2130 1244 praefatum,
2155 1206 2314 1236 nostrarum

1258 1245 1373 1273 precum
1396 1240 1513 1277 intuitu,
1531 1240 1623 1278 quoad
1645 1242 1757 1280 omnia,
1777 1243 1812 1273 ad
1835 1253 1898 1281 quae
1921 1243 2036 1274 lileshus
2055 1243 2110 1283 ipse
2126 1253 2252 1283 tenetur,
2271 1254 2316 1274 re<

1257 1282 1353 1342 pufftare
1368 1276 1520 1315 sufficiens,
1538 1288 1571 1308 ac
1586 1279 1606 1308 fi
1618 1279 1674 1319 ipse
1688 1281 1864 1320 pelion-aliter
1878 1282 1945 1312 illud
1958 1283 1986 1312 in
1998 1284 2050 1313 tuis
2067 1283 2195 1315 manibus
2208 1283 2316 1322 praesti-

1256 1320 1275 1342 ti
1302 1322 1337 1344 et.

1299 1351 1336 1383 Et
1352 1354 1646 1393 nichilominus,cum
1660 1356 1735 1387 idem
1751 1357 1865 1389 Electus
1877 1360 1910 1390 ad
1925 1360 2067 1398 praefatam
2081 1360 2197 1392 accedet
2212 1360 2316 1394 Eccle-

1259 1389 1344 1427 fiam,
1357 1391 1466 1422 dietum
1479 1393 1689 1434 Juramentum,
1709 1396 1728 1426 fi
1743 1397 1879 1435 volueris,
1897 1400 2021 1436 recipere
2035 1401 2138 1437 poteris
2151 1401 2187 1430 ab
2201 1401 2315 1431 eodem.

1296 1428 1365 1460 Dat.
1387 1431 1522 1462 Avinion.
1543 1434 1571 1464 iv
1598 1433 1660 1464 Kal.
1681 1434 1864 1466 Nobembris
1878 1459 1888 1475 ‚
1912 1437 2097 1470 Pontificatus
2118 1439 2206 1470 nostri
2228 1440 2318 1471 Anno

1257 1476 1346 1498 nono.

1575 1511 1610 1539 G.
1629 1509 1661 1539 de
1676 1513 1812 1542 Romanis.

1891 1552 1943 1581 Sub
1948 1552 2008 1593 filis
2025 1554 2216 1585 Cannahaceis.

1260 1674 1348 1720 Regis
1377 1675 1526 1718 Franciae,
1565 1686 1636 1723 uper
1661 1676 1884 1721 Concffonibus
1908 1690 1977 1712 ante
1999 1684 2189 1725 memoratis,
2215 1684 2323 1716 Litera

1695 1731 1875 1760 executoria.

1256 1806 1394 1881 JEhan‚
1411 1818 1459 1848 par
1476 1809 1501 1841 la
1516 1809 1611 1841 Grace
1623 1810 1659 1842 de
1673 1810 1767 1850 Dieu,
1785 1812 1845 1843 Roi
1858 1812 1895 1844 de
1915 1814 2022 1845 France
2034 1825 2066 1853 a,
2085 1815 2180 1848 nostre
2197 1816 2275 1848 Arne
2287 1819 2322 1850 &

1307 1846 1372 1877 Feal
1387 1846 1490 1886 Cofin,
1510 1849 1535 1879 le
1551 1848 1648 1880 Conte
1662 1850 1697 1881 de
1712 1851 1777 1881 Fois
1792 1852 1887 1882 Salurz
1900 1854 1933 1884 ὃς
1948 1853 2102 1884 Βὶίεόὶίοη.
2340 1860 2418 1891 Ann.
2433 1859 2476 1892 D.

1301 1885 1417 1925 Come,
1455 1897 1503 1924 par
1523 1889 1562 1917 mi
1583 1889 1609 1919 le
1630 1888 1745 1920 Traitste
1764 1889 1799 1920 de
1817 1891 1842 1921 la
1862 1891 1930 1921 Paix
1950 1892 1984 1922 ὃς
2007 1892 2117 1924 Accort
2131 1916 2140 1931 ,
2170 1894 2219 1924 fait
2243 1903 2322 1927 entre
2366 1901 2452 1939 136¹·

1264 1922 1352 1954 Nous
1371 1925 1420 1962 ὃς,
1439 1925 1534 1956 nostre
1553 1927 1700 1957 Treschier
1720 1929 1752 1959 &
1768 1928 1861 1966 Ame,
1875 1930 1900 1959 le
1915 1929 1973 1960 Roi
1987 1931 2199 1972 d'Engleterre‚
2218 1944 2290 1964 nous
2306 1935 2324 1965 li
2342 1943 2395 1967 An.
2413 1948 2456 1975 35.

1263 1961 1355 1992 soions
1370 1964 1475 1993 Tenuz
1495 1975 1510 1994 a
1532 1964 1639 1996 Baillier
1654 1967 1687 1997 &
1703 1966 1867 2004 Deliverer‚
1888 1977 1967 1999 entre
1980 1970 2102 2007 pluseurs
2116 1982 2205 2003 autres
2217 1973 2324 2011 choses,
2341 1982 2370 2005 Ε.
2391 1987 2416 2013 3.

1265 2000 1371 2031 Terres
1390 2003 1423 2033 &
1447 2002 1516 2033 Paiis
1537 2003 1699 2044 d’Agenoys
1718 2006 1751 2036 δε
1771 2006 1808 2037 de
1823 2006 1953 2046 Rigor-re,
1972 2010 2005 2040 ὃς
2017 2020 2033 2040 a
2047 2019 2082 2039 ce
2095 2010 2185 2040 soions
2199 2011 2324 2050 obliges,
2349 2021 2384 2043 Ex
2400 2021 2454 2043 th.

1266 2049 1314 2077 par
1338 2040 1398 2080 Foy
1420 2042 1453 2072 δε
1473 2052 1522 2079 par
1543 2042 1705 2081 Serement,
1735 2044 1782 2075 fait
1803 2045 1845 2075 sur
1866 2047 1892 2075 le
1915 2046 2009 2085 Corps
2027 2047 2091 2086 Jesu
2115 2049 2208 2080 Christ
2223 2050 2325 2088 sacre,
2341 2061 2409 2091 penes
2424 2057 2477 2087 Ca-¹

1266 2088 1354 2109 corne
1367 2101 1376 2116 ,
1403 2090 1443 2110 ou
1470 2080 1511 2111 dit
1532 2079 1657 2112 Traie'tie
1678 2083 1712 2114 &
1732 2091 1791 2113 noz
1810 2093 1898 2115 autres
1920 2085 2030 2117 Lettres
2048 2110 2057 2125 ,
2091 2087 2135 2117 sur
2156 2098 2190 2119 ce
2213 2088 2325 2119 Bailliez
2344 2102 2406 2121 mer.

1266 2126 1282 2147 a
1309 2117 1403 2148 nostre
1430 2118 1471 2149 dit
1500 2119 1605 2159 Frere,
1628 2131 1666 2151 ou
1688 2132 1704 2151 a
1725 2132 1772 2153 ces
1792 2122 1880 2154 Genz
1899 2134 1969 2164 pour
1989 2126 2050 2164 lui,
2077 2126 2117 2156 est
2138 2127 2199 2166 plus
2217 2137 2232 2157 a
2248 2127 2324 2166 plain

1267 2164 1428 2194 contenue3

1307 2194 1394 2225 Nous
1414 2205 1486 2226 vous
1505 2195 1605 2227 Prions
1617 2220 1628 2235 ,
1653 2197 1822 2237 Requerons
1834 2222 1844 2238 ,
1869 2201 1903 2233 ὃ(
1917 2224 1926 2239 ,
1945 2203 2123 2233 neantmoins
2139 2227 2148 2241 ‚
2165 2203 2331 2245 Mandons,

1270 2231 1506 2273 Comrnandons,
1525 2236 1558 2266 &
1581 2236 1780 2277 Enjoygnons‚
1799 2236 1859 2274 &a
1876 2248 1959 2278 prout
1965 2240 2051 2280 Jitpra
2064 2242 2097 2271 de
2111 2245 2183 2272 Dat.
2201 2252 2236 2273 12
2253 2247 2328 2282 Aug.

1267 2275 1382 2301 mutatis
1402 2281 1575 2312 competenter
1587 2277 1735 2307 mutandis.

1306 2310 1407 2341 Donn.
1429 2322 1461 2342 au
1485 2312 1599 2343 Louure
1622 2314 1666 2344 lez
1684 2314 1746 2345 Par.
1766 2315 1792 2346 le
1813 2325 1848 2347 xx
1866 2315 1939 2355 Jour
1955 2318 1990 2348 de
2001 2317 2085 2349 Nov.
2101 2318 2169 2349 l’An
2184 2320 2221 2350 de
2235 2319 2333 2352 Grace

1270 2348 1346 2387 Mil,
1365 2350 1533 2389 Toisccntz‚
1547 2351 1667 2383 Sex-ante
1684 2353 1746 2384 Un.

1270 2477 1319 2508 De
1348 2477 1560 2522 Commiffirriis
1579 2504 1588 2519 ,
1635 2478 1680 2511 Διί
1707 2479 1919 2514 intendendum
1949 2480 2134 2516 Libe-rationi
2163 2485 2332 2519 Terrarum

1310 2525 1407 2569 juxta
1434 2528 1576 2558 Parmam
1602 2529 1710 2571 Pacis,
1737 2533 1772 2568 ὠ·
1800 2529 2082 2563 Renuncimombus
2104 2534 2287 2579 recipiendis.

1356 2610 1418 2640 Ous
1432 2633 1442 2648 ,
1465 2610 1588 2642 Edward
1604 2635 1614 2650 ,
1640 2623 1688 2650 par
1708 2612 1733 2643 la
1755 2613 1850 2646 Grace
1871 2615 1905 2646 de
1926 2614 2021 2654 Dieu,
2040 2616 2100 2648 Roi
2123 2617 2334 2660 d'Engleterre,

1366 2649 1487 2687 Seignur
1506 2650 1644 2681 d’Irlaude
1657 2653 1690 2683 &
1705 2652 1914 2694 d’Aquimigne,
2353 2661 2429 2692 Ann.
2440 2660 2481 2692 D.

1310 2687 1465 2719 Confiantz
1486 2700 1502 2719 a
1525 2689 1596 2728 plain
1618 2690 1667 2720 des
1689 2691 1773 2730 Sens,
1798 2692 1913 2731 LeaIre,
1930 2692 2116 2734 Discrecion,
2132 2696 2165 2727 &
2178 2696 2333 2728 Dilioence
2373 2702 2457 2739 1361.

1273 2725 1325 2766 de,
1342 2735 1401 2757 noz
1417 2728 1514 2758 cheres
1526 2729 1559 2758 &
1571 2728 1653 2759 foialx
1664 2752 1673 2768 ,
1690 2730 1822 2761 Thomas
1837 2731 1873 2763 de
1888 2732 2014 2764 Vuedale
2029 2732 2176 2774 Chivaler‚
2195 2738 2228 2768 &
2243 2722 2332 2768 Kiais-
2350 2744 2402 2767 An.
2422 2750 2433 2775 3
2439 2749 2467 2774 ς.

1273 2774 1315 2796 tre
1338 2764 1468 2797 Thomas
1482 2768 1519 2798 de
1531 2766 1680 2798 Dunclent
1695 2768 1834 2800 Licencie
1846 2781 1882 2800 en
1896 2771 1969 2812 Leys
1977 2795 1987 2811 ,
2350 2783 2380 2807 Ε.
2404 2788 2428 2814 3.

1312 2804 1413 2835 Yceux
1432 2816 1521 2836 avons
1541 2805 1677 2836 Commis
1689 2808 1722 2837 δε
1737 2806 1889 2847 Deputez,
1905 2810 2055 2848 Deputons
2069 2811 2104 2842 &
2115 2812 2337 2853 Commettons,
2356 2822 2432 2844 Franc

1275 2852 1324 2880 par
1347 2853 1393 2874 ces
1414 2843 1571 2883 Presentes,
1588 2845 1623 2875 de
1635 2845 1701 2875 faire
1717 2849 1851 2878 certeines
1867 2848 2022 2888 Requestes
2034 2860 2064 2887 a,
2083 2851 2179 2881 nostre
2193 2851 2333 2883 Tresche-
2358 2865 2400 2891 35.
2420 2859 2445 2881 Ε.
2457 2862 2483 2889 3.

1275 2892 1305 2911 re
1327 2882 1427 2920 Frere,
1445 2883 1471 2914 le
1491 2882 1553 2913 Roi
1573 2883 1608 2913 de
1629 2883 1753 2923 France,
1777 2884 1820 2915 sur
1838 2886 2115 2926 l'Acomplissement
2135 2891 2168 2920 ὃς
2185 2890 2334 2923 effeetuele
2350 2905 2386 2922 m.
2407 2903 2430 2930 3.

1277 2920 1467 2959 Expedition,
1482 2922 1518 2952 de
1532 2930 1594 2952 tout
1629 2922 1700 2960 lein,
1718 2923 1765 2953 des
1779 2924 1876 2955 choses
1892 2926 2059 2964 Accordez,
2078 2926 2207 2966 Promis,
2226 2931 2259 2961 ὃς
2270 2930 2333 2969 Jur-

1277 2967 1326 3028 {Aez
1338 2970 1354 2989 a
1368 2959 1455 2990 Nous
1467 2983 1476 2999 ,
1493 2970 1540 2999 par
1556 2971 1595 2991 no
1623 2971 1651 2992 re
1665 2961 1706 2991 dit
1718 2961 1818 3002 Frere,
1837 2964 1878 2994 sur
1893 2964 1917 2995 la
1934 2964 2018 3005 Paiz,
2038 2965 2086 2997 fait
2101 2976 2179 2997 entre
2194 2967 2283 2999 Nous
2299 2970 2333 3000 &

1307 3009 1322 3027 U

1314 3008 1394 3076 *ysst'
1413 3047 1462 3076 par
1475 3037 1605 3075 especial‚
1624 3038 1661 3069 de
1672 3037 1812 3077 Requerir
1827 3039 1920 3071 nostre
1935 3041 1976 3072 dit
1989 3042 2073 3073 Frere
2084 3043 2131 3082 q'il
2147 3042 2208 3075 face
2223 3043 2336 3081 Bailler‚

1278 3073 1414 3114 Rendre,
1428 3077 1462 3107 δε
1483 3076 1631 3113 Delivrer,
1649 3085 1712 3107 tout
1734 3088 1748 3107 a
1769 3078 1840 3116 plein
1874 3090 1889 3108 a
1912 3079 2014 3118 Nous,
2029 3092 2069 3112 ou
2087 3092 2102 3112 a
2123 3093 2182 3112 noz
2202 3084 2335 3121 especialx
2355 3093 2373 3112 it
2394 3095 2446 3121 vr,

1277 3113 1412 3152 Deputez
1428 3125 1462 3145 en
1476 3115 1545 3145 celle
1559 3116 1662 3153 partie,
1679 3124 1769 3146 toutes
1780 3116 1817 3147 les
1832 3101 1975 3158 dontees,
1994 3119 2107 3159 Circes,
2124 3120 2226 3159 Villez,
2246 3121 2333 3151 Chas-
2355 3142 2366 3168 3
2371 3142 2415 3167 40,

1278 3160 1376 3190 teaux,
1393 3154 1581 3191 Forteresces‚
1599 3154 1719 3192 Terres,
1736 3154 1824 3193 Paiis,
1840 3155 1920 3194 Illes‚
1936 3158 1969 3188 &
1990 3158 2097 3194 LieuX,
2115 3159 2152 3190 les
2166 3170 2258 3197 queux
2271 3161 2335 3190 nos-

1278 3199 1320 3221 tre
1339 3192 1392 3227 dit,
1404 3192 1486 3222 Frere
1506 3192 1591 3222 Nous
1616 3193 1656 3222 est
1676 3192 1782 3223 Tenuz
1799 3195 1833 3226 &
1849 3194 1974 3235 Obligez
1987 3207 2002 3226 a
2014 3197 2131 3236 Bailler,
2150 3198 2282 3237 Rendre,
2301 3201 2334 3229 &

1278 3229 1428 3261 Deliverer
1442 3240 1537 3269 parmy
1553 3231 1578 3261 la
1591 3230 1658 3261 Paix
1673 3231 1790 3269 susdite,

1316 3268 1353 3299 Et
1373 3271 1467 3300 auxint
1491 3270 1537 3307 q'il
1563 3270 1596 3300 δε
1619 3269 1666 3300 son
1690 3269 1773 3301 Eisue
1795 3270 1855 3301 Filz
1877 3272 1987 3310 facent,
2005 3274 2070 3304 sanz
2085 3283 2176 3303 aucun
2191 3273 2279 3313 delai,
2298 3275 2338 3306 les

1277 3306 1524 3344 Renunciacions,
1543 3306 1690 3346 Curious,
1708 3308 1949 3349 Delaissementz,
1964 3313 1996 3342 ὅ(
2012 3312 2200 3349 Transportz,
2216 3313 2338 3344 acordez

1277 3356 1293 3376 a
1310 3346 1376 3376 faire
1389 3347 1424 3377 de
1439 3347 1496 3376 leur
1511 3346 1618 3384 Partie,
1639 3348 1671 3378 ὃς
1688 3346 1794 3378 licome
1808 3348 1826 3377 il
1840 3349 1882 3379 est
1896 3350 1967 3387 pluis
1985 3350 2154 3388 pleineuieut
2168 3352 2295 3389 compris
2308 3363 2336 3384 es

1277 3384 1396 3415 diverses
1413 3385 1536 3423 Lettres,
1550 3385 1635 3416 sealtz
1648 3385 1682 3416 dc
1695 3386 1754 3415 lour
1769 3386 1862 3418 Graut
1877 3388 1975 3424 Sealz,

1315 3423 1352 3453 Et
1374 3423 1440 3453 aussi
1462 3434 1515 3463 pur
1542 3423 1612 3453 Voir
1633 3424 1665 3454 &
1687 3423 1750 3463 Oyr
1775 3424 1842 3456 faire
1863 3426 1899 3456 les
1918 3426 2166 3465 Renunciacions,
2187 3426 2337 3468 Ceffious,

1278 3461 1520 3501 Delaiffetnentz‚
1545 3464 1578 3493 ἃ
1600 3461 1795 3502 Transportz,
1812 3464 1844 3494 &
1866 3472 1956 3495 autres
1978 3464 2075 3495 choses
2095 3465 2284 3506 devantdites,
2304 3470 2337 3500 &

1278 3499 1351 3531 estre
1366 3501 1490 3540 presentz
1505 3512 1520 3532 a
1534 3501 1571 3531 les
1586 3500 1667 3539 faire,

1316 3538 1373 3576 Et,
1391 3548 1473 3570 outre
1494 3550 1544 3577 ce,
1563 3549 1615 3576 pur
1636 3539 1782 3570 Recevoir
1803 3540 1840 3570 les
1865 3539 1973 3571 Lettres
1986 3539 2023 3570 de
2036 3541 2132 3573 nostre
2143 3542 2183 3573 dit
2198 3544 2280 3575 Frere
2300 3545 2337 3576 de

1281 3576 1405 3616 France,
1423 3579 1455 3609 &
1469 3578 1504 3608 de
1516 3578 1562 3608 ibn
1577 3577 1661 3608 Eisne
1678 3579 1700 3608 F
1702 3579 1740 3608 ilz
1755 3579 1911 3616 avantditz,
1924 3579 1962 3609 les
1978 3580 2070 3616 queles
2086 3581 2191 3612 serront
2206 3581 2338 3615 Envoiez

1280 3617 1314 3647 &
1330 3614 1432 3646 Baillez
1448 3627 1461 3646 a
1476 3617 1569 3647 nostre
1581 3615 1691 3655 Partie,
1706 3618 1756 3647 ala
1772 3616 1846 3646 Ville
1860 3617 1895 3647 de
1909 3616 1961 3647 Bru
1983 3628 2011 3648 es
2027 3629 2061 3648 en
2077 3619 2224 3658 Fltndres‚
2238 3632 2253 3652 a
2266 3621 2340 3660 Jour

1279 3653 1316 3684 de
1338 3654 1363 3684 la
1385 3655 1462 3685 Saint
1484 3654 1577 3685 Andre
1594 3655 1728 3691 procheiu
1745 3664 1866 3694 venant,
1884 3663 1943 3686 tant
1969 3667 2000 3687 ur
2014 3657 2051 3687 les
2065 3658 2135 3687 dites
2158 3659 2343 3692 Renouncia-

1278 3693 1379 3732 cions,
1397 3693 1542 3729 Ceffions,
1560 3692 1800 3731 Delailseinentz,
1818 3694 1851 3724 &
1873 3694 2065 3734 Transportz,
2084 3706 2170 3726 come
2192 3697 2234 3726 sur
2250 3707 2341 3731 autres

1281 3730 1392 3770 choses,
1412 3733 1459 3770 qui
1477 3742 1546 3762 nous
1559 3732 1675 3762 doivent
1690 3731 1761 3762 estre
1774 3733 1953 3771 accompliez
1968 3743 2064 3774 parmy
2080 3735 2103 3765 la
2116 3735 2172 3765 dite
2187 3735 2270 3774 Paix‚
2287 3737 2340 3768 de-

1279 3769 1349 3800 souz
1374 3771 1449 3801 lours
1473 3770 1584 3801 Grantz
1605 3769 1698 3808 Sealx,
1717 3780 1766 3807 par
1789 3770 1883 3802 forme
1908 3772 1942 3803 &
1966 3782 2078 3803 manere
2099 3774 2240 3816 accqrdez.
2257 3785 2339 3808 entre

1281 3807 1372 3839 Nous
1386 3811 1419 3841 &
1436 3809 1498 3840 Eux
1533 3810 1566 3840 &
1581 3817 1672 3838 tontes
1685 3818 1810 3839 maneres
1825 3810 1874 3840 des
1887 3810 1995 3841 Lettres
2010 3820 2065 3849 que
2080 3810 2145 3841 faire
2161 3814 2186 3843 le
2200 3813 2340 3847 deueront

1280 3856 1296 3877 a
1311 3857 1381 3878 nous
1396 3858 1444 3887 par
1459 3834 1554 3878 nosire
1567 3847 1607 3877 dit
1624 3847 1648 3876 F
1649 3857 1708 3877 rere
1723 3847 1760 3877 de
1776 3847 1899 3886 France3

1318 3884 1372 3924 Er,
1395 3887 1414 3916 fi
1435 3887 1537 3917 mester
1557 3886 1614 3924 est,
1633 3886 1667 3916 ὃς
1684 3885 1722 3915 les
1742 3884 1843 3917 Gentz
1862 3887 1898 3917 de
1915 3886 2012 3917 nostre
2027 3887 2067 3918 dit
2081 3887 2164 3919 Frere
2177 3889 2202 3920 le
2215 3899 2336 3924 vorront

1280 3922 1443 3961 Requerir,
1466 3925 1502 3955 de
1522 3925 1605 3962 faire,
1627 3933 1665 3953 en
1685 3924 1780 3954 Noun
1802 3924 1837 3955 de
1859 3926 1962 3963 Nous,
1986 3935 2001 3955 a
2021 3925 2117 3958 nostre
2136 3927 2178 3958 dit
2201 3927 2285 3960 Frere
2305 3930 2342 3961 de

1281 3960 1405 4001 France,
1423 3965 1457 3995 &
1478 3974 1494 3995 a
1515 3963 1539 3995 {a
1554 3962 1663 4001 Partie,
1680 3962 1829 4033 suffisangs
1847 3963 1955 3996 Lettres
1968 3964 2005 3996 de
2019 3963 2166 4004 Quitance
2179 3967 2212 3999 &
2227 3968 2263 3998 de
2278 3968 2342 3998 Ab-

2217 4006 2345 4037 solucion
