<?xml version="1.0" encoding="UTF-8"?>
<!DOCTYPE html PUBLIC "-//W3C//DTD XHTML 1.0 Transitional//EN"
    "http://www.w3.org/TR/xhtml1/DTD/xhtml1-transitional.dtd">
<html xmlns="http://www.w3.org/1999/xhtml" xml:lang="en" lang="en">
 <head>
  <title>
</title>
<meta http-equiv="Content-Type" content="text/html;charset=utf-8" />
  <meta name='ocr-system' content='tesseract 3.04.00' />
  <meta name='ocr-capabilities' content='ocr_page ocr_carea ocr_par ocr_line ocrx_word'/>
</head>
<body>
  <div class='ocr_page' id='page_1' title='image "./fderaconventione03ryme_0493.png"; bbox 0 0 2561 4251; ppageno 0'>
   <div class='ocr_carea' id='block_1_1' title="bbox 752 154 1770 197">
    <p class='ocr_par' dir='ltr' id='par_1_1' title="bbox 752 154 1770 197">
     <span class='ocr_line' id='line_1_1' title="bbox 752 154 1770 197; baseline -0.001 0"><span class='ocrx_word' id='word_1_1' title='bbox 752 155 861 197; x_wconf 88' lang='lat' dir='ltr'>ET</span> <span class='ocrx_word' id='word_1_2' title='bbox 943 155 1211 197; x_wconf 90' lang='lat' dir='ltr'><strong>ACTA</strong></span> <span class='ocrx_word' id='word_1_3' title='bbox 1292 154 1770 196; x_wconf 75' lang='lat' dir='ltr'>PUBLICA.</span> 
     </span>
    </p>
   </div>
   <div class='ocr_carea' id='block_1_2' title="bbox 1521 281 1616 286">
    <p class='ocr_par' dir='ltr' id='par_1_2' title="bbox 1521 281 1616 286">
     <span class='ocr_line' id='line_1_2' title="bbox 1521 281 1616 286; baseline 0 0"><span class='ocrx_word' id='word_1_4' title='bbox 1521 281 1616 286; x_wconf 95' lang='lat' dir='ltr'> </span> 
     </span>
    </p>
   </div>
   <div class='ocr_carea' id='block_1_3' title="bbox 1871 281 1953 285">
    <p class='ocr_par' dir='ltr' id='par_1_3' title="bbox 1871 281 1953 285">
     <span class='ocr_line' id='line_1_3' title="bbox 1871 281 1953 285; baseline 0 0"><span class='ocrx_word' id='word_1_5' title='bbox 1871 281 1953 285; x_wconf 95' lang='lat' dir='ltr'> </span> 
     </span>
    </p>
   </div>
   <div class='ocr_carea' id='block_1_4' title="bbox 4 221 8 1134">
    <p class='ocr_par' dir='ltr' id='par_1_4' title="bbox 4 221 8 1134">
     <span class='ocr_line' id='line_1_4' title="bbox 4 221 8 1134; baseline 0 0"><span class='ocrx_word' id='word_1_6' title='bbox 4 221 8 1134; x_wconf 95' lang='lat' dir='ltr'> </span> 
     </span>
    </p>
   </div>
   <div class='ocr_carea' id='block_1_5' title="bbox 10 2070 161 2302">
    <p class='ocr_par' dir='ltr' id='par_1_5' title="bbox 10 2070 161 2302">
     <span class='ocr_line' id='line_1_5' title="bbox 28 2070 161 2103; baseline -0.015 0"><span class='ocrx_word' id='word_1_7' title='bbox 28 2071 105 2103; x_wconf 83' lang='lat' dir='ltr'>Ann.</span> <span class='ocrx_word' id='word_1_8' title='bbox 118 2070 161 2101; x_wconf 95' lang='lat' dir='ltr'>D.</span> 
     </span>
     <span class='ocr_line' id='line_1_6' title="bbox 49 2119 134 2149; baseline 0 -1"><span class='ocrx_word' id='word_1_9' title='bbox 49 2119 134 2149; x_wconf 77' lang='lat'>1373-</span> 
     </span>
     <span class='ocr_line' id='line_1_7' title="bbox 26 2153 141 2185; baseline -0.009 -7"><span class='ocrx_word' id='word_1_10' title='bbox 26 2153 79 2178; x_wconf 79' lang='lat' dir='ltr'>An.</span> <span class='ocrx_word' id='word_1_11' title='bbox 95 2160 141 2185; x_wconf 89' lang='lat'>47.</span> 
     </span>
     <span class='ocr_line' id='line_1_8' title="bbox 10 2191 101 2224; baseline -0.011 -9"><span class='ocrx_word' id='word_1_12' title='bbox 10 2191 57 2215; x_wconf 69' lang='lat' dir='ltr'>OE.</span> <span class='ocrx_word' id='word_1_13' title='bbox 76 2197 101 2224; x_wconf 84' lang='lat'>3.</span> 
     </span>
     <span class='ocr_line' id='line_1_9' title="bbox 27 2229 158 2262; baseline 0 -8"><span class='ocrx_word' id='word_1_14' title='bbox 27 2229 101 2254; x_wconf 77' lang='lat' dir='ltr'>Fran.</span> <span class='ocrx_word' id='word_1_15' title='bbox 113 2237 158 2262; x_wconf 83' lang='lat'>47.</span> 
     </span>
     <span class='ocr_line' id='line_1_10' title="bbox 25 2268 132 2302; baseline 0.028 -11"><span class='ocrx_word' id='word_1_16' title='bbox 25 2268 56 2292; x_wconf 78' lang='grc' dir='ltr'>Ε.</span> <span class='ocrx_word' id='word_1_17' title='bbox 67 2273 132 2302; x_wconf 84' lang='lat' dir='ltr'>3.m.</span> 
     </span>
    </p>
   </div>
   <div class='ocr_carea' id='block_1_6' title="bbox 2 2511 5 3299">
    <p class='ocr_par' dir='ltr' id='par_1_6' title="bbox 2 2511 5 3299">
     <span class='ocr_line' id='line_1_11' title="bbox 2 2511 5 3299; baseline 0 0"><span class='ocrx_word' id='word_1_18' title='bbox 2 2511 5 3299; x_wconf 95' lang='lat' dir='ltr'> </span> 
     </span>
    </p>
   </div>
   <div class='ocr_carea' id='block_1_7' title="bbox 2 2511 5 3299">
    <p class='ocr_par' dir='ltr' id='par_1_7' title="bbox 2 2511 5 3299">
     <span class='ocr_line' id='line_1_12' title="bbox 2 2511 5 3299; baseline 0 0"><span class='ocrx_word' id='word_1_19' title='bbox 2 2511 5 3299; x_wconf 95' lang='lat' dir='ltr'> </span> 
     </span>
    </p>
   </div>
   <div class='ocr_carea' id='block_1_8' title="bbox 2 2511 5 3299">
    <p class='ocr_par' dir='ltr' id='par_1_8' title="bbox 2 2511 5 3299">
     <span class='ocr_line' id='line_1_13' title="bbox 2 2511 5 3299; baseline 0 0"><span class='ocrx_word' id='word_1_20' title='bbox 2 2511 5 3299; x_wconf 95' lang='lat' dir='ltr'> </span> 
     </span>
    </p>
   </div>
   <div class='ocr_carea' id='block_1_9' title="bbox 2 2511 6 3299">
    <p class='ocr_par' dir='ltr' id='par_1_9' title="bbox 2 2511 6 3299">
     <span class='ocr_line' id='line_1_14' title="bbox 2 2511 6 3299; baseline 0 0"><span class='ocrx_word' id='word_1_21' title='bbox 2 2511 6 3299; x_wconf 95' lang='lat' dir='ltr'> </span> 
     </span>
    </p>
   </div>
   <div class='ocr_carea' id='block_1_10' title="bbox 2 2511 6 3299">
    <p class='ocr_par' dir='ltr' id='par_1_10' title="bbox 2 2511 6 3299">
     <span class='ocr_line' id='line_1_15' title="bbox 2 2511 6 3299; baseline 0 0"><span class='ocrx_word' id='word_1_22' title='bbox 2 2511 6 3299; x_wconf 95' lang='lat' dir='ltr'> </span> 
     </span>
    </p>
   </div>
   <div class='ocr_carea' id='block_1_11' title="bbox 25 3453 129 3549">
    <p class='ocr_par' dir='ltr' id='par_1_11' title="bbox 25 3453 129 3549">
     <span class='ocr_line' id='line_1_16' title="bbox 25 3453 129 3510; baseline 0.01 -1"><span class='ocrx_word' id='word_1_23' title='bbox 25 3453 129 3510; x_wconf 61' lang='grc' dir='ltr'>Ιὲῐᾱῖἕη.</span> 
     </span>
     <span class='ocr_line' id='line_1_17' title="bbox 28 3528 128 3549; baseline 0.02 -2"><span class='ocrx_word' id='word_1_24' title='bbox 28 3528 63 3548; x_wconf 81' lang='lat' dir='ltr'>m.</span> <span class='ocrx_word' id='word_1_25' title='bbox 87 3531 118 3548; x_wconf 85' lang='lat'>10</span> <span class='ocrx_word' id='word_1_26' title='bbox 123 3544 128 3549; x_wconf 93' lang='lat'>.</span> 
     </span>
    </p>
   </div>
   <div class='ocr_carea' id='block_1_12' title="bbox 33 239 2471 421">
    <p class='ocr_par' dir='ltr' id='par_1_12' title="bbox 33 239 2471 421">
     <span class='ocr_line' id='line_1_18' title="bbox 34 239 2471 286; baseline -0.002 -10"><span class='ocrx_word' id='word_1_27' title='bbox 34 248 109 280; x_wconf 80' lang='lat' dir='ltr'>Ann.</span> <span class='ocrx_word' id='word_1_28' title='bbox 124 244 165 276; x_wconf 89' lang='lat' dir='ltr'>D.</span> <span class='ocrx_word' id='word_1_29' title='bbox 174 245 294 279; x_wconf 75' lang='lat' dir='ltr'>Somine&#39;</span> <span class='ocrx_word' id='word_1_30' title='bbox 306 245 342 276; x_wconf 91' lang='lat' dir='ltr'>de</span> <span class='ocrx_word' id='word_1_31' title='bbox 356 243 466 281; x_wconf 87' lang='lat' dir='ltr'>Quatre</span> <span class='ocrx_word' id='word_1_32' title='bbox 479 239 577 286; x_wconf 77' lang='lat' dir='ltr'>Milles</span> <span class='ocrx_word' id='word_1_33' title='bbox 591 240 688 272; x_wconf 80' lang='lat' dir='ltr'>Mares</span> <span class='ocrx_word' id='word_1_34' title='bbox 697 265 706 281; x_wconf 87' lang='lat'>,</span> <span class='ocrx_word' id='word_1_35' title='bbox 724 251 779 281; x_wconf 89' lang='lat' dir='ltr'>que</span> <span class='ocrx_word' id='word_1_36' title='bbox 791 242 870 280; x_wconf 88' lang='lat' dir='ltr'>paiez</span> <span class='ocrx_word' id='word_1_37' title='bbox 883 251 956 273; x_wconf 91' lang='lat' dir='ltr'>nous</span> <span class='ocrx_word' id='word_1_38' title='bbox 968 242 1031 273; x_wconf 93' lang='lat' dir='ltr'>sont</span> <span class='ocrx_word' id='word_1_39' title='bbox 1044 251 1092 280; x_wconf 87' lang='lat' dir='ltr'>par</span> <span class='ocrx_word' id='word_1_40' title='bbox 1105 241 1130 272; x_wconf 89' lang='lat' dir='ltr'>la</span> <span class='ocrx_word' id='word_1_41' title='bbox 1153 241 1231 272; x_wconf 87' lang='lat' dir='ltr'>cause</span> <span class='ocrx_word' id='word_1_42' title='bbox 1617 282 1683 285; x_wconf 55' lang='lat'>.-</span> <span class='ocrx_word' id='word_1_43' title='bbox 1697 282 1811 285; x_wconf 49' lang='lat'>„--—</span> <span class='ocrx_word' id='word_1_44' title='bbox 1820 281 1870 285; x_wconf 36' lang='grc' dir='ltr'>ἡὴ</span> <span class='ocrx_word' id='word_1_45' title='bbox 1955 282 1974 284; x_wconf 36' lang='grc' dir='ltr'>Ἦ</span> <span class='ocrx_word' id='word_1_46' title='bbox 2347 254 2414 270; x_wconf 55' lang='lat' dir='ltr'>:ww</span> <span class='ocrx_word' id='word_1_47' title='bbox 2438 244 2471 273; x_wconf 22' lang='lat'>3).</span> 
     </span>
     <span class='ocr_line' id='line_1_19' title="bbox 33 280 2414 374; baseline 0 -14"><span class='ocrx_word' id='word_1_48' title='bbox 33 292 146 360; x_wconf 48' lang='lat'>-1&#39;13111&#39;113-73·</span> <span class='ocrx_word' id='word_1_49' title='bbox 174 280 604 363; x_wconf 35' lang='lat' dir='ltr'>&amp;ssgssmpffie&#39;gzffil‘sf&#39;ffiffifflgk</span> <span class='ocrx_word' id='word_1_50' title='bbox 622 318 658 349; x_wconf 70' lang='lat' dir='ltr'>de</span> <span class='ocrx_word' id='word_1_51' title='bbox 675 318 770 350; x_wconf 70' lang='lat' dir='ltr'><strong>mstse</strong></span> <span class='ocrx_word' id='word_1_52' title='bbox 791 319 885 351; x_wconf 67' lang='lat' dir='ltr'>Gfasst</span> <span class='ocrx_word' id='word_1_53' title='bbox 905 319 986 357; x_wconf 64' lang='lat'>3⁰³¹:</span> <span class='ocrx_word' id='word_1_54' title='bbox 1003 329 1018 350; x_wconf 74' lang='lat' dir='ltr'>a</span> <span class='ocrx_word' id='word_1_55' title='bbox 1032 319 1128 349; x_wconf 73' lang='lat' dir='ltr'>¹¹0stse</span> <span class='ocrx_word' id='word_1_56' title='bbox 1142 318 1165 348; x_wconf 85' lang='grc' dir='ltr'>Ρ</span> <span class='ocrx_word' id='word_1_57' title='bbox 1167 318 1229 349; x_wconf 54' lang='grc'><strong>31315</strong></span> <span class='ocrx_word' id='word_1_58' title='bbox 1290 323 1317 350; x_wconf 42' lang='grc' dir='ltr'>ἓξ</span> <span class='ocrx_word' id='word_1_59' title='bbox 1342 330 1400 359; x_wconf 85' lang='lat' dir='ltr'>I&#39;ro</span> <span class='ocrx_word' id='word_1_60' title='bbox 1418 328 1522 360; x_wconf 72' lang='lat' dir='ltr'>Alicia</span> <span class='ocrx_word' id='word_1_61' title='bbox 1540 331 1675 361; x_wconf 79' lang='lat' dir='ltr'>Perreres</span> <span class='ocrx_word' id='word_1_62' title='bbox 1723 327 1891 360; x_wconf 57' lang='lat' dir='ltr'>Domicelliz</span> <span class='ocrx_word' id='word_1_63' title='bbox 1909 325 2042 373; x_wconf 72' lang='lat' dir='ltr'>Plailippae</span> <span class='ocrx_word' id='word_1_64' title='bbox 2063 337 2154 374; x_wconf 70' lang='lat' dir='ltr'>nuper</span> <span class='ocrx_word' id='word_1_65' title='bbox 2175 330 2298 374; x_wconf 62' lang='lat' dir='ltr'>Reginae.</span> <span class='ocrx_word' id='word_1_66' title='bbox 2347 299 2378 344; x_wconf 41' lang='grc' dir='ltr'>ἡ(</span> <span class='ocrx_word' id='word_1_67' title='bbox 2394 306 2397 310; x_wconf 49' lang='lat' dir='ltr'>v</span> <span class='ocrx_word' id='word_1_68' title='bbox 2413 304 2414 307; x_wconf 13' lang='grc' dir='ltr'><strong>Ἰ</strong></span> 
     </span>
     <span class='ocr_line' id='line_1_20' title="bbox 174 354 2421 421; baseline -0.005 -26"><span class='ocrx_word' id='word_1_69' title='bbox 174 364 211 395; x_wconf 93' lang='lat' dir='ltr'>de</span> <span class='ocrx_word' id='word_1_70' title='bbox 227 360 351 394; x_wconf 88' lang='lat' dir='ltr'>Westm.</span> <span class='ocrx_word' id='word_1_71' title='bbox 368 359 394 389; x_wconf 82' lang='lat' dir='ltr'>le</span> <span class='ocrx_word' id='word_1_72' title='bbox 411 367 487 389; x_wconf 83' lang='lat' dir='ltr'>xxvi.</span> <span class='ocrx_word' id='word_1_73' title='bbox 498 367 563 396; x_wconf 75' lang='lat' dir='ltr'>jour</span> <span class='ocrx_word' id='word_1_74' title='bbox 573 357 609 388; x_wconf 89' lang='lat' dir='ltr'>de</span> <span class='ocrx_word' id='word_1_75' title='bbox 618 357 703 397; x_wconf 90' lang='lat' dir='ltr'>Juyn.</span> <span class='ocrx_word' id='word_1_76' title='bbox 1686 354 1695 370; x_wconf 89' lang='lat'>’</span> <span class='ocrx_word' id='word_1_77' title='bbox 2341 355 2453 421; x_wconf 34' lang='grc' dir='ltr'>Ἐξ</span> 
     </span>
    </p>
   </div>
   <div class='ocr_carea' id='block_1_13' title="bbox 4 382 1122 435">
    <p class='ocr_par' dir='ltr' id='par_1_13' title="bbox 4 382 1122 442">
     <span class='ocr_line' id='line_1_21' title="bbox 4 382 1122 435; baseline -0.003 -8"><span class='ocrx_word' id='word_1_78' title='bbox 4 382 7 424; x_wconf 76' lang='lat' dir='ltr'>l</span> <span class='ocrx_word' id='word_1_79' title='bbox 860 398 918 425; x_wconf 76' lang='lat' dir='ltr'>Per&#39;</span> <span class='ocrx_word' id='word_1_80' title='bbox 926 395 1007 435; x_wconf 67' lang='lat' dir='ltr'>ipfiaem</span> <span class='ocrx_word' id='word_1_81' title='bbox 1020 397 1122 432; x_wconf 80' lang='lat' dir='ltr'><em>Regem.</em></span> 
     </span>
    </p>
   </div>
   <div class='ocr_carea' id='block_1_14' title="bbox 197 473 840 481">
    <p class='ocr_par' dir='ltr' id='par_1_14' title="bbox 197 473 840 481">
     <span class='ocr_line' id='line_1_22' title="bbox 197 473 840 481; baseline 0 0"><span class='ocrx_word' id='word_1_82' title='bbox 197 473 840 481; x_wconf 95' lang='lat' dir='ltr'> </span> 
     </span>
    </p>
   </div>
   <div class='ocr_carea' id='block_1_15' title="bbox 234 518 1166 602">
    <p class='ocr_par' dir='ltr' id='par_1_15' title="bbox 234 518 1166 602">
     <span class='ocr_line' id='line_1_23' title="bbox 234 518 1166 602; baseline -0.004 -45"><span class='ocrx_word' id='word_1_83' title='bbox 234 526 284 557; x_wconf 87' lang='lat' dir='ltr'>De</span> <span class='ocrx_word' id='word_1_84' title='bbox 301 523 388 556; x_wconf 80' lang='lat' dir='ltr'>Filiis</span> <span class='ocrx_word' id='word_1_85' title='bbox 409 524 509 556; x_wconf 71' lang='lat' dir='ltr'>Caroli</span> <span class='ocrx_word' id='word_1_86' title='bbox 528 521 564 555; x_wconf 77' lang='lat' dir='ltr'>de</span> <span class='ocrx_word' id='word_1_87' title='bbox 581 523 660 602; x_wconf 57' lang='grc' dir='ltr'>Βῖοέυ</span> <span class='ocrx_word' id='word_1_88' title='bbox 674 548 683 563; x_wconf 83' lang='lat'>,</span> <span class='ocrx_word' id='word_1_89' title='bbox 712 520 756 600; x_wconf 53' lang='lat' dir='ltr'>{lid</span> <span class='ocrx_word' id='word_1_90' title='bbox 773 518 909 563; x_wconf 50' lang='lat' dir='ltr'>Castrum</span> <span class='ocrx_word' id='word_1_91' title='bbox 925 519 960 553; x_wconf 83' lang='lat' dir='ltr'>de</span> <span class='ocrx_word' id='word_1_92' title='bbox 977 518 1166 567; x_wconf 75' lang='lat' dir='ltr'>Notingham</span> 
     </span>
     <span class='ocr_line' id='line_1_24' title="bbox 643 581 772 601; baseline -0.008 0"><span class='ocrx_word' id='word_1_93' title='bbox 643 581 714 601; x_wconf 68' lang='lat' dir='ltr'>acen</span> <span class='ocrx_word' id='word_1_94' title='bbox 738 581 772 601; x_wconf 71' lang='lat' dir='ltr'>is.</span> 
     </span>
    </p>
   </div>
   <div class='ocr_carea' id='block_1_16' title="bbox 2 652 1228 863">
    <p class='ocr_par' dir='ltr' id='par_1_16' title="bbox 2 652 1228 819">
     <span class='ocr_line' id='line_1_25' title="bbox 31 652 1228 712; baseline -0.003 -23"><span class='ocrx_word' id='word_1_95' title='bbox 31 669 106 702; x_wconf 55' lang='lat' dir='ltr'>Arm,</span> <span class='ocrx_word' id='word_1_96' title='bbox 120 667 161 698; x_wconf 55' lang='grc' dir='ltr'>Ῑ)θ</span> <span class='ocrx_word' id='word_1_97' title='bbox 176 657 308 712; x_wconf 79' lang='lat' dir='ltr'>REX,</span> <span class='ocrx_word' id='word_1_98' title='bbox 326 657 433 688; x_wconf 68' lang='lat' dir='ltr'>dilectis</span> <span class='ocrx_word' id='word_1_99' title='bbox 455 656 521 694; x_wconf 88' lang='lat' dir='ltr'>fibi,</span> <span class='ocrx_word' id='word_1_100' title='bbox 548 654 686 684; x_wconf 83' lang='lat' dir='ltr'>Willielmo</span> <span class='ocrx_word' id='word_1_101' title='bbox 707 655 738 684; x_wconf 86' lang='lat' dir='ltr'>de</span> <span class='ocrx_word' id='word_1_102' title='bbox 758 652 863 693; x_wconf 76' lang='lat' dir='ltr'>Wston</span> <span class='ocrx_word' id='word_1_103' title='bbox 884 654 1023 685; x_wconf 87' lang='lat' dir='ltr'>Scutifero</span> <span class='ocrx_word' id='word_1_104' title='bbox 1045 654 1144 685; x_wconf 88' lang='lat' dir='ltr'>nostro</span> <span class='ocrx_word' id='word_1_105' title='bbox 1159 677 1169 693; x_wconf 88' lang='lat'>,</span> <span class='ocrx_word' id='word_1_106' title='bbox 1195 655 1228 685; x_wconf 90' lang='lat'>&amp;</span> 
     </span>
     <span class='ocr_line' id='line_1_26' title="bbox 2 715 144 780; baseline -0.014 -6"><span class='ocrx_word' id='word_1_107' title='bbox 2 729 6 766; x_wconf 72' lang='lat'><em>³</em></span> <span class='ocrx_word' id='word_1_108' title='bbox 29 715 144 780; x_wconf 48' lang='lat'>..3323</span> 
     </span>
     <span class='ocr_line' id='line_1_27' title="bbox 29 789 106 819; baseline 0.013 -7"><span class='ocrx_word' id='word_1_109' title='bbox 29 789 59 813; x_wconf 71' lang='lat' dir='ltr'>z.</span> <span class='ocrx_word' id='word_1_110' title='bbox 82 793 106 819; x_wconf 86' lang='lat'>3·</span> 
     </span>
    </p>

    <p class='ocr_par' dir='ltr' id='par_1_17' title="bbox 2 826 151 863">
     <span class='ocr_line' id='line_1_28' title="bbox 2 826 151 863; baseline -0.027 -13"><span class='ocrx_word' id='word_1_111' title='bbox 2 851 5 863; x_wconf 28' lang='grc' dir='ltr'>ἲ</span> <span class='ocrx_word' id='word_1_112' title='bbox 31 826 87 850; x_wconf 78' lang='lat' dir='ltr'>Pat.</span> <span class='ocrx_word' id='word_1_113' title='bbox 107 831 151 857; x_wconf 88' lang='lat'>47.</span> 
     </span>
    </p>
   </div>
   <div class='ocr_carea' id='block_1_17' title="bbox 8 864 161 935">
    <p class='ocr_par' dir='ltr' id='par_1_18' title="bbox 8 864 161 935">
     <span class='ocr_line' id='line_1_29' title="bbox 30 864 142 896; baseline -0.009 -7"><span class='ocrx_word' id='word_1_114' title='bbox 30 864 59 889; x_wconf 73' lang='lat' dir='ltr'>E.</span> <span class='ocrx_word' id='word_1_115' title='bbox 79 868 104 895; x_wconf 85' lang='lat'>3.</span> <span class='ocrx_word' id='word_1_116' title='bbox 118 867 142 896; x_wconf 87' lang='lat' dir='ltr'>p.</span> 
     </span>
     <span class='ocr_line' id='line_1_30' title="bbox 8 907 161 935; baseline 0.013 -11"><span class='ocrx_word' id='word_1_117' title='bbox 8 911 12 924; x_wconf 56' lang='grc' dir='ltr'>ι</span> <span class='ocrx_word' id='word_1_118' title='bbox 31 907 100 926; x_wconf 85' lang='lat' dir='ltr'>2.m.</span> <span class='ocrx_word' id='word_1_119' title='bbox 116 908 161 935; x_wconf 82' lang='lat'>30.</span> 
     </span>
    </p>
   </div>
   <div class='ocr_carea' id='block_1_18' title="bbox 163 692 1234 1844">
    <p class='ocr_par' dir='ltr' id='par_1_19' title="bbox 249 692 992 734">
     <span class='ocr_line' id='line_1_31' title="bbox 249 692 992 734; baseline -0.004 -9"><span class='ocrx_word' id='word_1_120' title='bbox 249 696 376 734; x_wconf 84' lang='lat' dir='ltr'>Johanni</span> <span class='ocrx_word' id='word_1_121' title='bbox 387 697 463 731; x_wconf 75' lang='lat' dir='ltr'>Legg</span> <span class='ocrx_word' id='word_1_122' title='bbox 476 694 613 724; x_wconf 86' lang='lat' dir='ltr'>Servienti</span> <span class='ocrx_word' id='word_1_123' title='bbox 628 694 677 723; x_wconf 92' lang='lat' dir='ltr'>suo</span> <span class='ocrx_word' id='word_1_124' title='bbox 690 693 724 722; x_wconf 88' lang='lat' dir='ltr'>ad</span> <span class='ocrx_word' id='word_1_125' title='bbox 739 692 844 730; x_wconf 90' lang='lat' dir='ltr'>Arma,</span> <span class='ocrx_word' id='word_1_126' title='bbox 860 693 992 723; x_wconf 77' lang='lat' dir='ltr'>Salutem.</span> 
     </span>
    </p>

    <p class='ocr_par' dir='ltr' id='par_1_20' title="bbox 175 730 1231 920">
     <span class='ocr_line' id='line_1_32' title="bbox 213 730 1230 771; baseline -0.005 -8"><span class='ocrx_word' id='word_1_127' title='bbox 213 733 312 765; x_wconf 87' lang='lat' dir='ltr'>Sciatis</span> <span class='ocrx_word' id='word_1_128' title='bbox 332 732 412 769; x_wconf 69' lang='lat' dir='ltr'>quod</span> <span class='ocrx_word' id='word_1_129' title='bbox 434 732 639 771; x_wconf 81' lang='lat' dir='ltr'>Affignavimus</span> <span class='ocrx_word' id='word_1_130' title='bbox 660 741 710 761; x_wconf 89' lang='lat' dir='ltr'>vos</span> <span class='ocrx_word' id='word_1_131' title='bbox 730 730 763 760; x_wconf 91' lang='lat' dir='ltr'>ad</span> <span class='ocrx_word' id='word_1_132' title='bbox 786 730 869 760; x_wconf 88' lang='lat' dir='ltr'>Duos</span> <span class='ocrx_word' id='word_1_133' title='bbox 892 731 974 760; x_wconf 89' lang='lat' dir='ltr'>Filios</span> <span class='ocrx_word' id='word_1_134' title='bbox 986 730 1076 760; x_wconf 88' lang='lat' dir='ltr'>Caroli</span> <span class='ocrx_word' id='word_1_135' title='bbox 1088 731 1120 760; x_wconf 88' lang='lat' dir='ltr'>de</span> <span class='ocrx_word' id='word_1_136' title='bbox 1133 730 1230 768; x_wconf 80' lang='lat' dir='ltr'>Bloys,</span> 
     </span>
     <span class='ocr_line' id='line_1_33' title="bbox 177 767 1229 809; baseline -0.002 -10"><span class='ocrx_word' id='word_1_137' title='bbox 177 780 264 809; x_wconf 87' lang='lat' dir='ltr'>nuper</span> <span class='ocrx_word' id='word_1_138' title='bbox 285 771 431 802; x_wconf 80' lang='lat' dir='ltr'>Prisonarii</span> <span class='ocrx_word' id='word_1_139' title='bbox 450 771 554 808; x_wconf 87' lang='lat' dir='ltr'>nostri,</span> <span class='ocrx_word' id='word_1_140' title='bbox 572 769 680 800; x_wconf 82' lang='lat' dir='ltr'>oblides</span> <span class='ocrx_word' id='word_1_141' title='bbox 703 769 814 799; x_wconf 90' lang='lat' dir='ltr'>nostros</span> <span class='ocrx_word' id='word_1_142' title='bbox 834 771 862 798; x_wconf 90' lang='lat' dir='ltr'>in</span> <span class='ocrx_word' id='word_1_143' title='bbox 883 768 986 798; x_wconf 88' lang='lat' dir='ltr'>Castro</span> <span class='ocrx_word' id='word_1_144' title='bbox 1004 767 1103 798; x_wconf 89' lang='lat' dir='ltr'>nostro</span> <span class='ocrx_word' id='word_1_145' title='bbox 1118 769 1153 798; x_wconf 91' lang='lat' dir='ltr'>de</span> <span class='ocrx_word' id='word_1_146' title='bbox 1166 767 1229 797; x_wconf 90' lang='lat' dir='ltr'>De-</span> 
     </span>
     <span class='ocr_line' id='line_1_34' title="bbox 176 805 1231 849; baseline -0.006 -9"><span class='ocrx_word' id='word_1_147' title='bbox 176 812 241 849; x_wconf 86' lang='lat' dir='ltr'>vyse</span> <span class='ocrx_word' id='word_1_148' title='bbox 258 811 317 848; x_wconf 88' lang='lat' dir='ltr'>jam</span> <span class='ocrx_word' id='word_1_149' title='bbox 338 809 483 846; x_wconf 79' lang='lat' dir='ltr'>detentos,</span> <span class='ocrx_word' id='word_1_150' title='bbox 502 809 552 847; x_wconf 81' lang='lat' dir='ltr'>de,</span> <span class='ocrx_word' id='word_1_151' title='bbox 570 808 676 838; x_wconf 64' lang='lat' dir='ltr'>dileFto</span> <span class='ocrx_word' id='word_1_152' title='bbox 696 809 729 838; x_wconf 77' lang='grc' dir='ltr'>δε</span> <span class='ocrx_word' id='word_1_153' title='bbox 754 807 841 837; x_wconf 86' lang='lat' dir='ltr'>Fideli</span> <span class='ocrx_word' id='word_1_154' title='bbox 862 806 978 845; x_wconf 86' lang='lat' dir='ltr'>nostro,</span> <span class='ocrx_word' id='word_1_155' title='bbox 995 809 1093 843; x_wconf 87' lang='lat' dir='ltr'>Rogero</span> <span class='ocrx_word' id='word_1_156' title='bbox 1109 807 1140 836; x_wconf 86' lang='lat' dir='ltr'>de</span> <span class='ocrx_word' id='word_1_157' title='bbox 1155 805 1231 835; x_wconf 83' lang='lat' dir='ltr'>Bello</span> 
     </span>
     <span class='ocr_line' id='line_1_35' title="bbox 175 844 1230 886; baseline -0.003 -9"><span class='ocrx_word' id='word_1_158' title='bbox 175 848 288 886; x_wconf 83' lang='lat' dir='ltr'>Campo,</span> <span class='ocrx_word' id='word_1_159' title='bbox 308 847 526 878; x_wconf 85' lang='lat' dir='ltr'>Constabulario</span> <span class='ocrx_word' id='word_1_160' title='bbox 548 846 640 877; x_wconf 81' lang='lat' dir='ltr'>Castri</span> <span class='ocrx_word' id='word_1_161' title='bbox 664 845 734 875; x_wconf 85' lang='lat' dir='ltr'>illius</span> <span class='ocrx_word' id='word_1_162' title='bbox 755 845 799 874; x_wconf 87' lang='lat' dir='ltr'>vel</span> <span class='ocrx_word' id='word_1_163' title='bbox 819 846 874 882; x_wconf 85' lang='lat' dir='ltr'>ejus</span> <span class='ocrx_word' id='word_1_164' title='bbox 894 844 1012 875; x_wconf 88' lang='lat' dir='ltr'>Locum</span> <span class='ocrx_word' id='word_1_165' title='bbox 1034 853 1162 882; x_wconf 85' lang='lat' dir='ltr'>tenente,</span> <span class='ocrx_word' id='word_1_166' title='bbox 1182 854 1230 882; x_wconf 82' lang='lat' dir='ltr'>per</span> 
     </span>
     <span class='ocr_line' id='line_1_36' title="bbox 175 883 920 920; baseline -0.007 -4"><span class='ocrx_word' id='word_1_167' title='bbox 175 885 355 916; x_wconf 84' lang='lat' dir='ltr'>Indenturam</span> <span class='ocrx_word' id='word_1_168' title='bbox 369 886 434 916; x_wconf 77' lang='lat' dir='ltr'>inde</span> <span class='ocrx_word' id='word_1_169' title='bbox 449 885 654 916; x_wconf 84' lang='lat' dir='ltr'>conficiendam</span> <span class='ocrx_word' id='word_1_170' title='bbox 663 907 672 920; x_wconf 86' lang='lat'>,</span> <span class='ocrx_word' id='word_1_171' title='bbox 691 883 920 920; x_wconf 88' lang='lat' dir='ltr'>Recipiendum,</span> 
     </span>
    </p>

    <p class='ocr_par' dir='ltr' id='par_1_21' title="bbox 175 920 1232 1079">
     <span class='ocr_line' id='line_1_37' title="bbox 212 920 1231 962; baseline -0.004 -7"><span class='ocrx_word' id='word_1_172' title='bbox 212 923 251 955; x_wconf 89' lang='lat' dir='ltr'>Et</span> <span class='ocrx_word' id='word_1_173' title='bbox 263 935 311 955; x_wconf 89' lang='lat' dir='ltr'>eos</span> <span class='ocrx_word' id='word_1_174' title='bbox 323 925 425 954; x_wconf 79' lang='lat' dir='ltr'>abinde</span> <span class='ocrx_word' id='word_1_175' title='bbox 440 925 524 962; x_wconf 87' lang='lat' dir='ltr'>usque</span> <span class='ocrx_word' id='word_1_176' title='bbox 537 922 669 954; x_wconf 88' lang='lat' dir='ltr'>Castrum</span> <span class='ocrx_word' id='word_1_177' title='bbox 683 920 812 951; x_wconf 87' lang='lat' dir='ltr'>nostrum</span> <span class='ocrx_word' id='word_1_178' title='bbox 827 920 864 951; x_wconf 92' lang='lat' dir='ltr'>de</span> <span class='ocrx_word' id='word_1_179' title='bbox 883 920 1073 959; x_wconf 82' lang='lat' dir='ltr'>Notyngham</span> <span class='ocrx_word' id='word_1_180' title='bbox 1095 920 1171 951; x_wconf 79' lang='lat' dir='ltr'>salvo</span> <span class='ocrx_word' id='word_1_181' title='bbox 1197 921 1231 951; x_wconf 72' lang='grc' dir='ltr'>δε</span> 
     </span>
     <span class='ocr_line' id='line_1_38' title="bbox 175 959 1232 998; baseline -0.004 -6"><span class='ocrx_word' id='word_1_182' title='bbox 175 962 271 993; x_wconf 73' lang='lat' dir='ltr'>secure</span> <span class='ocrx_word' id='word_1_183' title='bbox 287 963 352 993; x_wconf 91' lang='lat' dir='ltr'>duci</span> <span class='ocrx_word' id='word_1_184' title='bbox 366 962 542 998; x_wconf 89' lang='lat' dir='ltr'>faciendum,</span> <span class='ocrx_word' id='word_1_185' title='bbox 559 962 592 991; x_wconf 89' lang='lat'>&amp;</span> <span class='ocrx_word' id='word_1_186' title='bbox 606 969 654 990; x_wconf 85' lang='lat' dir='ltr'>eos</span> <span class='ocrx_word' id='word_1_187' title='bbox 670 959 783 988; x_wconf 83' lang='lat' dir='ltr'>Roberto</span> <span class='ocrx_word' id='word_1_188' title='bbox 795 959 826 988; x_wconf 88' lang='lat' dir='ltr'>de</span> <span class='ocrx_word' id='word_1_189' title='bbox 839 962 972 996; x_wconf 79' lang='lat' dir='ltr'>Morton,</span> <span class='ocrx_word' id='word_1_190' title='bbox 990 960 1104 989; x_wconf 88' lang='lat' dir='ltr'>Locum</span> <span class='ocrx_word' id='word_1_191' title='bbox 1127 960 1232 989; x_wconf 90' lang='lat' dir='ltr'>tenenti</span> 
     </span>
     <span class='ocr_line' id='line_1_39' title="bbox 177 996 1232 1037; baseline -0.005 -6"><span class='ocrx_word' id='word_1_192' title='bbox 177 1000 294 1031; x_wconf 79' lang='lat' dir='ltr'>Collara&#39;i</span> <span class='ocrx_word' id='word_1_193' title='bbox 307 1003 338 1031; x_wconf 86' lang='lat' dir='ltr'>de</span> <span class='ocrx_word' id='word_1_194' title='bbox 353 1000 580 1037; x_wconf 75' lang='lat' dir='ltr'>Aubrichecourt‚</span> <span class='ocrx_word' id='word_1_195' title='bbox 599 996 805 1028; x_wconf 82' lang='lat' dir='ltr'>Constabularii</span> <span class='ocrx_word' id='word_1_196' title='bbox 821 997 890 1027; x_wconf 61' lang='lat' dir='ltr'>dieti</span> <span class='ocrx_word' id='word_1_197' title='bbox 904 996 996 1027; x_wconf 88' lang='lat' dir='ltr'>Castri</span> <span class='ocrx_word' id='word_1_198' title='bbox 1011 997 1099 1028; x_wconf 89' lang='lat' dir='ltr'>nostri</span> <span class='ocrx_word' id='word_1_199' title='bbox 1114 997 1149 1027; x_wconf 91' lang='lat' dir='ltr'>de</span> <span class='ocrx_word' id='word_1_200' title='bbox 1162 996 1232 1026; x_wconf 91' lang='lat' dir='ltr'>No-</span> 
     </span>
     <span class='ocr_line' id='line_1_40' title="bbox 177 1035 1232 1079; baseline -0.006 -9"><span class='ocrx_word' id='word_1_201' title='bbox 177 1048 188 1070; x_wconf 90' lang='lat' dir='ltr'>t</span> <span class='ocrx_word' id='word_1_202' title='bbox 208 1040 332 1079; x_wconf 87' lang='lat' dir='ltr'>ngham,</span> <span class='ocrx_word' id='word_1_203' title='bbox 351 1049 399 1076; x_wconf 87' lang='lat' dir='ltr'>per</span> <span class='ocrx_word' id='word_1_204' title='bbox 412 1037 596 1068; x_wconf 89' lang='lat' dir='ltr'>Indenturam</span> <span class='ocrx_word' id='word_1_205' title='bbox 609 1035 674 1066; x_wconf 77' lang='lat' dir='ltr'>inde</span> <span class='ocrx_word' id='word_1_206' title='bbox 688 1037 760 1066; x_wconf 90' lang='lat' dir='ltr'>inter</span> <span class='ocrx_word' id='word_1_207' title='bbox 775 1045 825 1066; x_wconf 90' lang='lat' dir='ltr'>vos</span> <span class='ocrx_word' id='word_1_208' title='bbox 849 1035 1074 1073; x_wconf 87' lang='lat' dir='ltr'>conficiendam,</span> <span class='ocrx_word' id='word_1_209' title='bbox 1095 1035 1232 1065; x_wconf 89' lang='lat' dir='ltr'>Liberan-</span> 
     </span>
    </p>

    <p class='ocr_par' dir='ltr' id='par_1_22' title="bbox 177 1072 1232 1151">
     <span class='ocr_line' id='line_1_41' title="bbox 199 1072 1232 1116; baseline -0.005 -7"><span class='ocrx_word' id='word_1_210' title='bbox 199 1088 264 1116; x_wconf 89' lang='lat' dir='ltr'>um,</span> <span class='ocrx_word' id='word_1_211' title='bbox 279 1077 314 1107; x_wconf 90' lang='lat' dir='ltr'>ad</span> <span class='ocrx_word' id='word_1_212' title='bbox 330 1087 396 1114; x_wconf 85' lang='lat' dir='ltr'>eos,</span> <span class='ocrx_word' id='word_1_213' title='bbox 414 1077 443 1105; x_wconf 90' lang='lat' dir='ltr'>in</span> <span class='ocrx_word' id='word_1_214' title='bbox 456 1075 535 1106; x_wconf 57' lang='lat' dir='ltr'>dicto</span> <span class='ocrx_word' id='word_1_215' title='bbox 549 1072 650 1105; x_wconf 82' lang='lat' dir='ltr'>Castro</span> <span class='ocrx_word' id='word_1_216' title='bbox 665 1073 700 1104; x_wconf 89' lang='lat' dir='ltr'>de</span> <span class='ocrx_word' id='word_1_217' title='bbox 714 1074 923 1113; x_wconf 88' lang='lat' dir='ltr'>Notyngham,</span> <span class='ocrx_word' id='word_1_218' title='bbox 938 1074 1014 1105; x_wconf 78' lang='lat' dir='ltr'>salvo</span> <span class='ocrx_word' id='word_1_219' title='bbox 1030 1073 1049 1093; x_wconf 63' lang='lat'>²*</span> <span class='ocrx_word' id='word_1_220' title='bbox 1064 1075 1097 1105; x_wconf 66' lang='grc' dir='ltr'>ὃς</span> <span class='ocrx_word' id='word_1_221' title='bbox 1121 1074 1232 1112; x_wconf 76' lang='lat' dir='ltr'>secure,</span> 
     </span>
     <span class='ocr_line' id='line_1_42' title="bbox 177 1112 764 1151; baseline -0.005 -5"><span class='ocrx_word' id='word_1_222' title='bbox 177 1116 211 1147; x_wconf 91' lang='lat' dir='ltr'>ad</span> <span class='ocrx_word' id='word_1_223' title='bbox 227 1115 388 1146; x_wconf 82' lang='lat' dir='ltr'>Periculum</span> <span class='ocrx_word' id='word_1_224' title='bbox 402 1114 481 1144; x_wconf 89' lang='lat' dir='ltr'>suum</span> <span class='ocrx_word' id='word_1_225' title='bbox 490 1138 499 1151; x_wconf 88' lang='lat'>,</span> <span class='ocrx_word' id='word_1_226' title='bbox 519 1112 764 1151; x_wconf 87' lang='lat' dir='ltr'>Custodiendum;</span> 
     </span>
    </p>

    <p class='ocr_par' dir='ltr' id='par_1_23' title="bbox 171 1150 1234 1262">
     <span class='ocr_line' id='line_1_43' title="bbox 214 1150 1234 1189; baseline -0.005 -5"><span class='ocrx_word' id='word_1_227' title='bbox 214 1154 252 1184; x_wconf 89' lang='lat' dir='ltr'>Et</span> <span class='ocrx_word' id='word_1_228' title='bbox 268 1153 334 1184; x_wconf 79' lang='lat' dir='ltr'>ideo</span> <span class='ocrx_word' id='word_1_229' title='bbox 348 1153 429 1183; x_wconf 88' lang='lat' dir='ltr'>vobis</span> <span class='ocrx_word' id='word_1_230' title='bbox 443 1152 614 1182; x_wconf 83' lang='lat' dir='ltr'>Mandamus</span> <span class='ocrx_word' id='word_1_231' title='bbox 630 1151 709 1189; x_wconf 82' lang='lat' dir='ltr'>quod</span> <span class='ocrx_word' id='word_1_232' title='bbox 731 1152 805 1181; x_wconf 85' lang='lat' dir='ltr'>circa</span> <span class='ocrx_word' id='word_1_233' title='bbox 824 1150 977 1189; x_wconf 73' lang='lat' dir='ltr'>praemissa,</span> <span class='ocrx_word' id='word_1_234' title='bbox 999 1160 1066 1180; x_wconf 91' lang='lat' dir='ltr'>cum</span> <span class='ocrx_word' id='word_1_235' title='bbox 1085 1152 1168 1180; x_wconf 91' lang='lat' dir='ltr'>omni</span> <span class='ocrx_word' id='word_1_236' title='bbox 1189 1150 1234 1180; x_wconf 87' lang='lat' dir='ltr'>di-</span> 
     </span>
     <span class='ocr_line' id='line_1_44' title="bbox 171 1189 1231 1262; baseline -0.003 -40"><span class='ocrx_word' id='word_1_237' title='bbox 171 1193 304 1262; x_wconf 47' lang='lat' dir='ltr'>ffentia,</span> <span class='ocrx_word' id='word_1_238' title='bbox 323 1190 484 1230; x_wconf 90' lang='lat' dir='ltr'>intendatis,</span> <span class='ocrx_word' id='word_1_239' title='bbox 501 1192 535 1222; x_wconf 70' lang='grc' dir='ltr'>ὃ(</span> <span class='ocrx_word' id='word_1_240' title='bbox 551 1200 582 1222; x_wconf 87' lang='lat' dir='ltr'>ea</span> <span class='ocrx_word' id='word_1_241' title='bbox 597 1190 698 1221; x_wconf 77' lang='lat' dir='ltr'>faciatis</span> <span class='ocrx_word' id='word_1_242' title='bbox 719 1189 753 1220; x_wconf 70' lang='grc' dir='ltr'>δε</span> <span class='ocrx_word' id='word_1_243' title='bbox 774 1191 950 1227; x_wconf 82' lang='lat' dir='ltr'>exequamini</span> <span class='ocrx_word' id='word_1_244' title='bbox 970 1190 1000 1219; x_wconf 89' lang='lat' dir='ltr'>in</span> <span class='ocrx_word' id='word_1_245' title='bbox 1020 1190 1112 1219; x_wconf 87' lang='lat' dir='ltr'>forma</span> <span class='ocrx_word' id='word_1_246' title='bbox 1131 1189 1231 1227; x_wconf 81' lang='lat' dir='ltr'>praedi-</span> 
     </span>
    </p>

    <p class='ocr_par' dir='ltr' id='par_1_24' title="bbox 203 1240 233 1260">
     <span class='ocr_line' id='line_1_45' title="bbox 203 1240 233 1260; baseline 0 0"><span class='ocrx_word' id='word_1_247' title='bbox 203 1240 233 1260; x_wconf 86' lang='lat' dir='ltr'>a:</span> 
     </span>
    </p>

    <p class='ocr_par' dir='ltr' id='par_1_25' title="bbox 177 1265 1231 1342">
     <span class='ocr_line' id='line_1_46' title="bbox 213 1265 1231 1304; baseline -0.003 -5"><span class='ocrx_word' id='word_1_248' title='bbox 213 1268 416 1300; x_wconf 88' lang='lat' dir='ltr'>Mandavimus</span> <span class='ocrx_word' id='word_1_249' title='bbox 430 1269 507 1299; x_wconf 88' lang='lat' dir='ltr'>enim</span> <span class='ocrx_word' id='word_1_250' title='bbox 523 1267 615 1298; x_wconf 89' lang='lat' dir='ltr'>eidem</span> <span class='ocrx_word' id='word_1_251' title='bbox 627 1269 742 1303; x_wconf 84' lang='lat' dir='ltr'>Rogero,</span> <span class='ocrx_word' id='word_1_252' title='bbox 761 1265 807 1297; x_wconf 86' lang='lat' dir='ltr'>vel</span> <span class='ocrx_word' id='word_1_253' title='bbox 821 1266 876 1304; x_wconf 85' lang='lat' dir='ltr'>ejus</span> <span class='ocrx_word' id='word_1_254' title='bbox 892 1266 1008 1296; x_wconf 88' lang='lat' dir='ltr'>Locum</span> <span class='ocrx_word' id='word_1_255' title='bbox 1024 1265 1231 1304; x_wconf 80' lang='lat' dir='ltr'>tenenti,quod</span> 
     </span>
     <span class='ocr_line' id='line_1_47' title="bbox 177 1304 1231 1342; baseline -0.005 -4"><span class='ocrx_word' id='word_1_256' title='bbox 177 1309 184 1314; x_wconf 83' lang='lat'><em>&#39;</em></span> <span class='ocrx_word' id='word_1_257' title='bbox 207 1307 232 1338; x_wconf 90' lang='lat' dir='ltr'>se</span> <span class='ocrx_word' id='word_1_258' title='bbox 246 1307 337 1338; x_wconf 63' lang='lat' dir='ltr'>diotos</span> <span class='ocrx_word' id='word_1_259' title='bbox 351 1307 421 1337; x_wconf 90' lang='lat' dir='ltr'>duos</span> <span class='ocrx_word' id='word_1_260' title='bbox 436 1307 521 1337; x_wconf 85' lang='lat' dir='ltr'>Filios</span> <span class='ocrx_word' id='word_1_261' title='bbox 537 1306 618 1336; x_wconf 91' lang='lat' dir='ltr'>vobis</span> <span class='ocrx_word' id='word_1_262' title='bbox 634 1305 690 1335; x_wconf 83' lang='lat' dir='ltr'>fine</span> <span class='ocrx_word' id='word_1_263' title='bbox 705 1304 838 1336; x_wconf 89' lang='lat' dir='ltr'>dilatione</span> <span class='ocrx_word' id='word_1_264' title='bbox 850 1304 963 1342; x_wconf 86' lang='lat' dir='ltr'>liberet,</span> <span class='ocrx_word' id='word_1_265' title='bbox 982 1305 1015 1335; x_wconf 67' lang='grc' dir='ltr'>ὃς</span> <span class='ocrx_word' id='word_1_266' title='bbox 1039 1305 1157 1342; x_wconf 69' lang='lat' dir='ltr'>praesato</span> <span class='ocrx_word' id='word_1_267' title='bbox 1176 1307 1231 1333; x_wconf 86' lang='lat' dir='ltr'>Ro-</span> 
     </span>
    </p>

    <p class='ocr_par' dir='ltr' id='par_1_26' title="bbox 177 1341 1230 1424">
     <span class='ocr_line' id='line_1_48' title="bbox 196 1341 1230 1384; baseline -0.004 -8"><span class='ocrx_word' id='word_1_268' title='bbox 196 1353 253 1375; x_wconf 83' lang='lat' dir='ltr'>erto</span> <span class='ocrx_word' id='word_1_269' title='bbox 267 1345 347 1384; x_wconf 79' lang='lat' dir='ltr'>quod</span> <span class='ocrx_word' id='word_1_270' title='bbox 360 1346 414 1382; x_wconf 90' lang='lat' dir='ltr'>ipse</span> <span class='ocrx_word' id='word_1_271' title='bbox 429 1345 522 1375; x_wconf 63' lang='lat' dir='ltr'>distes</span> <span class='ocrx_word' id='word_1_272' title='bbox 542 1343 628 1374; x_wconf 84' lang='lat' dir='ltr'>Filios</span> <span class='ocrx_word' id='word_1_273' title='bbox 644 1354 660 1373; x_wconf 90' lang='lat' dir='ltr'>a</span> <span class='ocrx_word' id='word_1_274' title='bbox 679 1343 760 1373; x_wconf 90' lang='lat' dir='ltr'>vobis</span> <span class='ocrx_word' id='word_1_275' title='bbox 779 1343 911 1381; x_wconf 87' lang='lat' dir='ltr'>recipiat,</span> <span class='ocrx_word' id='word_1_276' title='bbox 929 1353 978 1380; x_wconf 85' lang='lat' dir='ltr'>per</span> <span class='ocrx_word' id='word_1_277' title='bbox 997 1341 1180 1373; x_wconf 87' lang='lat' dir='ltr'>Indenturam</span> <span class='ocrx_word' id='word_1_278' title='bbox 1200 1345 1230 1373; x_wconf 88' lang='lat' dir='ltr'>in</span> 
     </span>
     <span class='ocr_line' id='line_1_49' title="bbox 177 1382 904 1424; baseline -0.006 -9"><span class='ocrx_word' id='word_1_279' title='bbox 177 1385 273 1415; x_wconf 86' lang='lat' dir='ltr'>forma</span> <span class='ocrx_word' id='word_1_280' title='bbox 286 1382 418 1422; x_wconf 64' lang='lat' dir='ltr'>praedieta</span> <span class='ocrx_word' id='word_1_281' title='bbox 435 1382 600 1414; x_wconf 88' lang='lat' dir='ltr'>faciendam.</span> <span class='ocrx_word' id='word_1_282' title='bbox 900 1418 904 1424; x_wconf 31' lang='grc' dir='ltr'><strong><em>ι</em></strong></span> 
     </span>
    </p>

    <p class='ocr_par' dir='ltr' id='par_1_27' title="bbox 163 1418 1233 1767">
     <span class='ocr_line' id='line_1_50' title="bbox 211 1418 1230 1459; baseline -0.004 -7"><span class='ocrx_word' id='word_1_283' title='bbox 211 1422 324 1453; x_wconf 87' lang='lat' dir='ltr'>Damus</span> <span class='ocrx_word' id='word_1_284' title='bbox 337 1430 433 1452; x_wconf 89' lang='lat' dir='ltr'>autem</span> <span class='ocrx_word' id='word_1_285' title='bbox 441 1421 571 1453; x_wconf 78' lang='lat' dir='ltr'>universis</span> <span class='ocrx_word' id='word_1_286' title='bbox 578 1422 611 1451; x_wconf 90' lang='lat'>&amp;</span> <span class='ocrx_word' id='word_1_287' title='bbox 619 1419 727 1459; x_wconf 83' lang='lat' dir='ltr'>singulis</span> <span class='ocrx_word' id='word_1_288' title='bbox 735 1419 959 1450; x_wconf 86' lang='lat' dir='ltr'>Vicecomitibus</span> <span class='ocrx_word' id='word_1_289' title='bbox 967 1441 976 1456; x_wconf 84' lang='lat'>,</span> <span class='ocrx_word' id='word_1_290' title='bbox 987 1418 1143 1457; x_wconf 87' lang='lat' dir='ltr'>Majoribus</span> <span class='ocrx_word' id='word_1_291' title='bbox 1149 1444 1158 1457; x_wconf 88' lang='lat'>,</span> <span class='ocrx_word' id='word_1_292' title='bbox 1168 1418 1230 1449; x_wconf 83' lang='lat' dir='ltr'>Bal-</span> 
     </span>
     <span class='ocr_line' id='line_1_51' title="bbox 174 1457 1230 1499; baseline -0.003 -8"><span class='ocrx_word' id='word_1_293' title='bbox 174 1461 253 1499; x_wconf 83' lang='lat' dir='ltr'>livis,</span> <span class='ocrx_word' id='word_1_294' title='bbox 280 1459 434 1498; x_wconf 87' lang='lat' dir='ltr'>Ministris,</span> <span class='ocrx_word' id='word_1_295' title='bbox 456 1469 488 1490; x_wconf 88' lang='lat' dir='ltr'>ac</span> <span class='ocrx_word' id='word_1_296' title='bbox 512 1460 568 1490; x_wconf 88' lang='lat' dir='ltr'>aliis</span> <span class='ocrx_word' id='word_1_297' title='bbox 590 1458 726 1489; x_wconf 88' lang='lat' dir='ltr'>Fidelibus</span> <span class='ocrx_word' id='word_1_298' title='bbox 746 1458 862 1496; x_wconf 84' lang='lat' dir='ltr'>nostris,</span> <span class='ocrx_word' id='word_1_299' title='bbox 887 1459 946 1487; x_wconf 66' lang='lat' dir='ltr'>t‘am</span> <span class='ocrx_word' id='word_1_300' title='bbox 967 1457 1036 1486; x_wconf 85' lang='lat' dir='ltr'>infra</span> <span class='ocrx_word' id='word_1_301' title='bbox 1058 1457 1230 1497; x_wconf 73' lang='lat' dir='ltr'>LibertateS,</span> 
     </span>
     <span class='ocr_line' id='line_1_52' title="bbox 163 1494 1231 1538; baseline -0.007 -8"><span class='ocrx_word' id='word_1_302' title='bbox 163 1501 264 1538; x_wconf 74' lang='lat' dir='ltr'>*quam</span> <span class='ocrx_word' id='word_1_303' title='bbox 284 1507 374 1536; x_wconf 69' lang='lat' dir='ltr'>eXtra,</span> <span class='ocrx_word' id='word_1_304' title='bbox 395 1498 513 1528; x_wconf 88' lang='lat' dir='ltr'>Tenore</span> <span class='ocrx_word' id='word_1_305' title='bbox 533 1497 713 1527; x_wconf 83' lang='lat' dir='ltr'>Praesentium</span> <span class='ocrx_word' id='word_1_306' title='bbox 733 1496 850 1526; x_wconf 82' lang='lat' dir='ltr'>firmiter</span> <span class='ocrx_word' id='word_1_307' title='bbox 862 1496 892 1524; x_wconf 88' lang='lat' dir='ltr'>in</span> <span class='ocrx_word' id='word_1_308' title='bbox 906 1494 1064 1533; x_wconf 78' lang='lat' dir='ltr'>Mandatis,</span> <span class='ocrx_word' id='word_1_309' title='bbox 1083 1496 1162 1534; x_wconf 72' lang='lat' dir='ltr'>quod</span> <span class='ocrx_word' id='word_1_310' title='bbox 1177 1507 1231 1527; x_wconf 91' lang='lat' dir='ltr'>vo-</span> 
     </span>
     <span class='ocr_line' id='line_1_53' title="bbox 175 1533 1231 1576; baseline -0.003 -8"><span class='ocrx_word' id='word_1_311' title='bbox 175 1538 234 1576; x_wconf 85' lang='lat' dir='ltr'>bis,</span> <span class='ocrx_word' id='word_1_312' title='bbox 250 1538 284 1568; x_wconf 91' lang='lat'>&amp;</span> <span class='ocrx_word' id='word_1_313' title='bbox 298 1536 412 1567; x_wconf 81' lang='lat' dir='ltr'>cuilibet</span> <span class='ocrx_word' id='word_1_314' title='bbox 427 1536 568 1573; x_wconf 86' lang='lat' dir='ltr'>vestrum,</span> <span class='ocrx_word' id='word_1_315' title='bbox 586 1536 614 1564; x_wconf 90' lang='lat' dir='ltr'>in</span> <span class='ocrx_word' id='word_1_316' title='bbox 629 1534 774 1572; x_wconf 86' lang='lat' dir='ltr'>praemiffis</span> <span class='ocrx_word' id='word_1_317' title='bbox 789 1534 923 1564; x_wconf 90' lang='lat' dir='ltr'>omnibus</span> <span class='ocrx_word' id='word_1_318' title='bbox 942 1534 975 1563; x_wconf 62' lang='grc' dir='ltr'>ὃς</span> <span class='ocrx_word' id='word_1_319' title='bbox 998 1533 1106 1572; x_wconf 81' lang='lat' dir='ltr'>singulis</span> <span class='ocrx_word' id='word_1_320' title='bbox 1127 1535 1231 1565; x_wconf 86' lang='lat' dir='ltr'>sacien-</span> 
     </span>
     <span class='ocr_line' id='line_1_54' title="bbox 177 1571 1230 1612; baseline -0.005 -7"><span class='ocrx_word' id='word_1_321' title='bbox 177 1576 220 1605; x_wconf 87' lang='lat' dir='ltr'>dis</span> <span class='ocrx_word' id='word_1_322' title='bbox 240 1576 274 1606; x_wconf 83' lang='lat'>&amp;</span> <span class='ocrx_word' id='word_1_323' title='bbox 292 1574 480 1612; x_wconf 80' lang='lat' dir='ltr'>exequendis,</span> <span class='ocrx_word' id='word_1_324' title='bbox 506 1573 684 1604; x_wconf 91' lang='lat' dir='ltr'>Intendentes</span> <span class='ocrx_word' id='word_1_325' title='bbox 705 1572 758 1602; x_wconf 90' lang='lat' dir='ltr'>sint</span> <span class='ocrx_word' id='word_1_326' title='bbox 777 1573 810 1602; x_wconf 69' lang='grc' dir='ltr'>ὃς</span> <span class='ocrx_word' id='word_1_327' title='bbox 832 1571 1044 1609; x_wconf 84' lang='lat' dir='ltr'>Respondentes</span> <span class='ocrx_word' id='word_1_328' title='bbox 1058 1596 1068 1610; x_wconf 83' lang='lat'>‚</span> <span class='ocrx_word' id='word_1_329' title='bbox 1093 1574 1126 1604; x_wconf 90' lang='lat'><strong>&amp;</strong></span> <span class='ocrx_word' id='word_1_330' title='bbox 1148 1574 1230 1603; x_wconf 82' lang='lat' dir='ltr'>vobis</span> 
     </span>
     <span class='ocr_line' id='line_1_55' title="bbox 177 1609 1231 1651; baseline -0.002 -8"><span class='ocrx_word' id='word_1_331' title='bbox 177 1613 340 1644; x_wconf 90' lang='lat' dir='ltr'>Hakeneios</span> <span class='ocrx_word' id='word_1_332' title='bbox 354 1635 364 1651; x_wconf 88' lang='lat'>,</span> <span class='ocrx_word' id='word_1_333' title='bbox 389 1611 531 1650; x_wconf 86' lang='lat' dir='ltr'>Cariagia,</span> <span class='ocrx_word' id='word_1_334' title='bbox 560 1612 594 1642; x_wconf 91' lang='lat'>&amp;</span> <span class='ocrx_word' id='word_1_335' title='bbox 613 1610 665 1641; x_wconf 87' lang='lat' dir='ltr'>alia</span> <span class='ocrx_word' id='word_1_336' title='bbox 685 1610 833 1640; x_wconf 69' lang='lat' dir='ltr'>necessaria</span> <span class='ocrx_word' id='word_1_337' title='bbox 853 1620 906 1648; x_wconf 84' lang='lat' dir='ltr'>pro</span> <span class='ocrx_word' id='word_1_338' title='bbox 928 1609 1075 1641; x_wconf 70' lang='lat' dir='ltr'>Duc&#39;tione</span> <span class='ocrx_word' id='word_1_339' title='bbox 1097 1611 1231 1641; x_wconf 84' lang='lat' dir='ltr'>Filiorum</span> 
     </span>
     <span class='ocr_line' id='line_1_56' title="bbox 176 1647 1230 1690; baseline -0.003 -8"><span class='ocrx_word' id='word_1_340' title='bbox 176 1651 398 1690; x_wconf 66' lang='lat' dir='ltr'>praedkstorum,</span> <span class='ocrx_word' id='word_1_341' title='bbox 416 1651 445 1679; x_wconf 89' lang='lat' dir='ltr'>in</span> <span class='ocrx_word' id='word_1_342' title='bbox 468 1650 521 1680; x_wconf 88' lang='lat' dir='ltr'>hac</span> <span class='ocrx_word' id='word_1_343' title='bbox 545 1657 639 1687; x_wconf 88' lang='lat' dir='ltr'>parte,</span> <span class='ocrx_word' id='word_1_344' title='bbox 657 1658 709 1687; x_wconf 90' lang='lat' dir='ltr'>pro</span> <span class='ocrx_word' id='word_1_345' title='bbox 723 1648 853 1678; x_wconf 88' lang='lat' dir='ltr'>Denariis</span> <span class='ocrx_word' id='word_1_346' title='bbox 864 1647 979 1686; x_wconf 91' lang='lat' dir='ltr'>nostris,</span> <span class='ocrx_word' id='word_1_347' title='bbox 996 1648 1061 1679; x_wconf 79' lang='lat' dir='ltr'>inde</span> <span class='ocrx_word' id='word_1_348' title='bbox 1077 1649 1230 1688; x_wconf 89' lang='lat' dir='ltr'>solvendis,</span> 
     </span>
     <span class='ocr_line' id='line_1_57' title="bbox 178 1687 1233 1727; baseline -0.002 -7"><span class='ocrx_word' id='word_1_349' title='bbox 178 1691 279 1721; x_wconf 91' lang='lat' dir='ltr'>habere</span> <span class='ocrx_word' id='word_1_350' title='bbox 294 1689 414 1727; x_wconf 82' lang='lat' dir='ltr'>faciant,</span> <span class='ocrx_word' id='word_1_351' title='bbox 432 1688 503 1719; x_wconf 81' lang='lat' dir='ltr'>cum</span> <span class='ocrx_word' id='word_1_352' title='bbox 515 1697 565 1726; x_wconf 88' lang='lat' dir='ltr'>per</span> <span class='ocrx_word' id='word_1_353' title='bbox 583 1698 635 1719; x_wconf 91' lang='lat' dir='ltr'>vos</span> <span class='ocrx_word' id='word_1_354' title='bbox 646 1688 749 1718; x_wconf 88' lang='lat' dir='ltr'>fuerint</span> <span class='ocrx_word' id='word_1_355' title='bbox 762 1687 841 1725; x_wconf 84' lang='lat' dir='ltr'>super</span> <span class='ocrx_word' id='word_1_356' title='bbox 855 1687 912 1717; x_wconf 89' lang='lat' dir='ltr'>hoc</span> <span class='ocrx_word' id='word_1_357' title='bbox 934 1696 968 1717; x_wconf 86' lang='lat' dir='ltr'>ex</span> <span class='ocrx_word' id='word_1_358' title='bbox 983 1696 1059 1726; x_wconf 87' lang='lat' dir='ltr'>parte</span> <span class='ocrx_word' id='word_1_359' title='bbox 1072 1688 1166 1718; x_wconf 85' lang='lat' dir='ltr'>nostra</span> <span class='ocrx_word' id='word_1_360' title='bbox 1190 1698 1233 1718; x_wconf 91' lang='lat' dir='ltr'>re-</span> 
     </span>
     <span class='ocr_line' id='line_1_58' title="bbox 176 1728 1000 1767; baseline -0.004 -9"><span class='ocrx_word' id='word_1_361' title='bbox 176 1728 275 1767; x_wconf 83' lang='lat' dir='ltr'>quifiti.</span> <span class='ocrx_word' id='word_1_362' title='bbox 998 1738 1000 1741; x_wconf 57' lang='grc'>’</span> 
     </span>
    </p>

    <p class='ocr_par' dir='ltr' id='par_1_28' title="bbox 212 1765 438 1804">
     <span class='ocr_line' id='line_1_59' title="bbox 212 1765 438 1804; baseline -0.009 -7"><span class='ocrx_word' id='word_1_363' title='bbox 212 1765 248 1797; x_wconf 86' lang='lat' dir='ltr'>In</span> <span class='ocrx_word' id='word_1_364' title='bbox 264 1766 356 1804; x_wconf 85' lang='lat' dir='ltr'>cujus,</span> <span class='ocrx_word' id='word_1_365' title='bbox 377 1766 438 1796; x_wconf 87' lang='lat' dir='ltr'>&amp;c.</span> 
     </span>
    </p>

    <p class='ocr_par' dir='ltr' id='par_1_29' title="bbox 249 1802 1162 1844">
     <span class='ocr_line' id='line_1_60' title="bbox 249 1802 1162 1844; baseline -0.002 -8"><span class='ocrx_word' id='word_1_366' title='bbox 249 1804 340 1836; x_wconf 91' lang='lat' dir='ltr'>Teste</span> <span class='ocrx_word' id='word_1_367' title='bbox 352 1804 434 1844; x_wconf 85' lang='lat' dir='ltr'>Rege</span> <span class='ocrx_word' id='word_1_368' title='bbox 445 1804 518 1842; x_wconf 85' lang='lat' dir='ltr'>apud</span> <span class='ocrx_word' id='word_1_369' title='bbox 533 1803 821 1835; x_wconf 88' lang='lat' dir='ltr'>Westmonasterium</span> <span class='ocrx_word' id='word_1_370' title='bbox 835 1802 1007 1834; x_wconf 90' lang='lat' dir='ltr'>duodecimo</span> <span class='ocrx_word' id='word_1_371' title='bbox 1021 1802 1066 1833; x_wconf 87' lang='lat' dir='ltr'>die</span> <span class='ocrx_word' id='word_1_372' title='bbox 1075 1803 1162 1842; x_wconf 91' lang='lat' dir='ltr'>Junii.</span> 
     </span>
    </p>
   </div>
   <div class='ocr_carea' id='block_1_19' title="bbox 200 1925 1207 2011">
    <p class='ocr_par' dir='ltr' id='par_1_30' title="bbox 200 1925 1207 2011">
     <span class='ocr_line' id='line_1_61' title="bbox 200 1925 1207 2010; baseline -0.004 -47"><span class='ocrx_word' id='word_1_373' title='bbox 200 1930 250 1963; x_wconf 87' lang='lat' dir='ltr'>De</span> <span class='ocrx_word' id='word_1_374' title='bbox 265 1928 348 1962; x_wconf 85' lang='lat' dir='ltr'>Clero</span> <span class='ocrx_word' id='word_1_375' title='bbox 365 1927 543 1963; x_wconf 75' lang='lat' dir='ltr'>Arraiando</span> <span class='ocrx_word' id='word_1_376' title='bbox 551 1955 562 1972; x_wconf 92' lang='lat'>,</span> <span class='ocrx_word' id='word_1_377' title='bbox 587 1932 623 1968; x_wconf 62' lang='grc' dir='ltr'><strong><em>ὠ</em></strong></span> <span class='ocrx_word' id='word_1_378' title='bbox 635 1956 661 2010; x_wconf 76' lang='lat' dir='ltr'>,d</span> <span class='ocrx_word' id='word_1_379' title='bbox 669 1928 714 1962; x_wconf 80' lang='lat' dir='ltr'>ad</span> <span class='ocrx_word' id='word_1_380' title='bbox 728 1926 856 2010; x_wconf 56' lang='lat' dir='ltr'>Zosteras</span> <span class='ocrx_word' id='word_1_381' title='bbox 870 1929 978 1960; x_wconf 80' lang='lat' dir='ltr'>Maris</span> <span class='ocrx_word' id='word_1_382' title='bbox 994 1925 1207 1970; x_wconf 75' lang='lat' dir='ltr'>defendendas,</span> 
     </span>
     <span class='ocr_line' id='line_1_62' title="bbox 659 1989 778 2011; baseline 0 -1"><span class='ocrx_word' id='word_1_383' title='bbox 659 1989 730 2011; x_wconf 60' lang='lat' dir='ltr'><em>acen</em></span> <span class='ocrx_word' id='word_1_384' title='bbox 752 1989 778 2010; x_wconf 77' lang='lat'>0-</span> 
     </span>
    </p>
   </div>
   <div class='ocr_carea' id='block_1_20' title="bbox 169 2060 1236 3100">
    <p class='ocr_par' dir='ltr' id='par_1_31' title="bbox 182 2060 1234 2141">
     <span class='ocr_line' id='line_1_63' title="bbox 182 2060 1234 2120; baseline -0.004 -26"><span class='ocrx_word' id='word_1_385' title='bbox 182 2062 318 2120; x_wconf 80' lang='lat' dir='ltr'>REX,</span> <span class='ocrx_word' id='word_1_386' title='bbox 337 2062 497 2095; x_wconf 81' lang='lat' dir='ltr'>Venerabili</span> <span class='ocrx_word' id='word_1_387' title='bbox 516 2064 546 2093; x_wconf 91' lang='lat' dir='ltr'>in</span> <span class='ocrx_word' id='word_1_388' title='bbox 565 2062 682 2094; x_wconf 89' lang='lat' dir='ltr'>Christo</span> <span class='ocrx_word' id='word_1_389' title='bbox 705 2062 796 2100; x_wconf 86' lang='lat' dir='ltr'>Patri,</span> <span class='ocrx_word' id='word_1_390' title='bbox 817 2064 861 2092; x_wconf 88' lang='lat' dir='ltr'><em>W</em></span> <span class='ocrx_word' id='word_1_391' title='bbox 876 2062 975 2094; x_wconf 89' lang='lat' dir='ltr'>eadem</span> <span class='ocrx_word' id='word_1_392' title='bbox 991 2061 1097 2101; x_wconf 71' lang='lat' dir='ltr'>gratia,</span> <span class='ocrx_word' id='word_1_393' title='bbox 1112 2060 1234 2100; x_wconf 75' lang='lat' dir='ltr'>Epzfiopo</span> 
     </span>
     <span class='ocr_line' id='line_1_64' title="bbox 259 2102 601 2141; baseline 0 -10"><span class='ocrx_word' id='word_1_394' title='bbox 259 2102 451 2141; x_wconf 64' lang='lat' dir='ltr'>IsVyntonienfi,</span> <span class='ocrx_word' id='word_1_395' title='bbox 470 2102 601 2133; x_wconf 90' lang='lat' dir='ltr'>Salutem.</span> 
     </span>
    </p>

    <p class='ocr_par' dir='ltr' id='par_1_32' title="bbox 177 2138 1236 2333">
     <span class='ocr_line' id='line_1_65' title="bbox 215 2138 1086 2179; baseline -0.001 -9"><span class='ocrx_word' id='word_1_396' title='bbox 215 2138 294 2170; x_wconf 93' lang='lat' dir='ltr'>Cum</span> <span class='ocrx_word' id='word_1_397' title='bbox 304 2163 313 2178; x_wconf 84' lang='lat'>,</span> <span class='ocrx_word' id='word_1_398' title='bbox 329 2150 359 2170; x_wconf 87' lang='lat' dir='ltr'>ut</span> <span class='ocrx_word' id='word_1_399' title='bbox 373 2141 574 2179; x_wconf 81' lang='lat' dir='ltr'>intelleximus,</span> <span class='ocrx_word' id='word_1_400' title='bbox 591 2139 767 2178; x_wconf 87' lang='lat' dir='ltr'>quamplures</span> <span class='ocrx_word' id='word_1_401' title='bbox 782 2139 900 2178; x_wconf 90' lang='lat' dir='ltr'>Naves,</span> <span class='ocrx_word' id='word_1_402' title='bbox 917 2139 1015 2169; x_wconf 89' lang='lat' dir='ltr'>Galeae</span> <span class='ocrx_word' id='word_1_403' title='bbox 1052 2139 1086 2169; x_wconf 91' lang='lat'>&amp;</span> 
     </span>
     <span class='ocr_line' id='line_1_66' title="bbox 177 2161 1236 2217; baseline -0.001 -9"><span class='ocrx_word' id='word_1_404' title='bbox 177 2177 214 2208; x_wconf 89' lang='lat' dir='ltr'>de</span> <span class='ocrx_word' id='word_1_405' title='bbox 236 2179 381 2209; x_wconf 83' lang='lat' dir='ltr'>inimicitia</span> <span class='ocrx_word' id='word_1_406' title='bbox 403 2179 515 2217; x_wconf 84' lang='lat' dir='ltr'>nostra,</span> <span class='ocrx_word' id='word_1_407' title='bbox 533 2189 600 2209; x_wconf 90' lang='lat' dir='ltr'>cum</span> <span class='ocrx_word' id='word_1_408' title='bbox 624 2178 741 2208; x_wconf 69' lang='lat' dir='ltr'>Armata</span> <span class='ocrx_word' id='word_1_409' title='bbox 764 2177 910 2215; x_wconf 86' lang='lat' dir='ltr'>Potentia,</span> <span class='ocrx_word' id='word_1_410' title='bbox 927 2177 1004 2215; x_wconf 88' lang='lat' dir='ltr'>supra</span> <span class='ocrx_word' id='word_1_411' title='bbox 1021 2161 1104 2207; x_wconf 65' lang='lat' dir='ltr'>Mare</span> <span class='ocrx_word' id='word_1_412' title='bbox 1118 2177 1236 2207; x_wconf 88' lang='lat' dir='ltr'>existen-</span> 
     </span>
     <span class='ocr_line' id='line_1_67' title="bbox 177 2215 1236 2254; baseline -0.001 -8"><span class='ocrx_word' id='word_1_413' title='bbox 177 2224 236 2254; x_wconf 69' lang='lat' dir='ltr'>tes,</span> <span class='ocrx_word' id='word_1_414' title='bbox 254 2219 312 2247; x_wconf 74' lang='lat' dir='ltr'>tam</span> <span class='ocrx_word' id='word_1_415' title='bbox 335 2216 439 2247; x_wconf 84' lang='lat' dir='ltr'>Villam</span> <span class='ocrx_word' id='word_1_416' title='bbox 462 2217 587 2248; x_wconf 91' lang='lat' dir='ltr'>nostram</span> <span class='ocrx_word' id='word_1_417' title='bbox 609 2216 852 2254; x_wconf 79' lang='lat' dir='ltr'>suthamptoniae‚</span> <span class='ocrx_word' id='word_1_418' title='bbox 869 2217 955 2254; x_wconf 75' lang='lat' dir='ltr'>quam</span> <span class='ocrx_word' id='word_1_419' title='bbox 978 2224 1066 2253; x_wconf 85' lang='lat' dir='ltr'>partes</span> <span class='ocrx_word' id='word_1_420' title='bbox 1081 2215 1236 2253; x_wconf 84' lang='lat' dir='ltr'>adjacentes</span> 
     </span>
     <span class='ocr_line' id='line_1_68' title="bbox 177 2254 1236 2293; baseline 0 -9"><span class='ocrx_word' id='word_1_421' title='bbox 177 2265 232 2292; x_wconf 88' lang='lat' dir='ltr'>pro</span> <span class='ocrx_word' id='word_1_422' title='bbox 255 2256 361 2286; x_wconf 90' lang='lat' dir='ltr'>viribus</span> <span class='ocrx_word' id='word_1_423' title='bbox 382 2255 523 2287; x_wconf 88' lang='lat' dir='ltr'>destruere</span> <span class='ocrx_word' id='word_1_424' title='bbox 544 2257 686 2293; x_wconf 89' lang='lat' dir='ltr'>nituntur,</span> <span class='ocrx_word' id='word_1_425' title='bbox 703 2255 753 2285; x_wconf 78' lang='lat' dir='ltr'>nisi</span> <span class='ocrx_word' id='word_1_426' title='bbox 775 2264 877 2286; x_wconf 88' lang='lat' dir='ltr'>eorum</span> <span class='ocrx_word' id='word_1_427' title='bbox 901 2254 1020 2285; x_wconf 83' lang='lat' dir='ltr'>Malitiae</span> <span class='ocrx_word' id='word_1_428' title='bbox 1040 2254 1147 2285; x_wconf 77' lang='lat' dir='ltr'>virilius</span> <span class='ocrx_word' id='word_1_429' title='bbox 1171 2254 1236 2284; x_wconf 87' lang='lat' dir='ltr'>resi-</span> 
     </span>
     <span class='ocr_line' id='line_1_69' title="bbox 178 2293 280 2333; baseline 0.01 -10"><span class='ocrx_word' id='word_1_430' title='bbox 178 2293 280 2333; x_wconf 85' lang='lat' dir='ltr'>statur,</span> 
     </span>
    </p>

    <p class='ocr_par' dir='ltr' id='par_1_33' title="bbox 213 2332 300 2371">
     <span class='ocr_line' id='line_1_70' title="bbox 213 2332 300 2371; baseline 0.011 -9"><span class='ocrx_word' id='word_1_431' title='bbox 213 2332 300 2371; x_wconf 93' lang='lat' dir='ltr'>Nos,</span> 
     </span>
    </p>

    <p class='ocr_par' dir='ltr' id='par_1_34' title="bbox 174 2370 1234 2488">
     <span class='ocr_line' id='line_1_71' title="bbox 212 2370 1233 2409; baseline -0.002 -7"><span class='ocrx_word' id='word_1_432' title='bbox 212 2370 347 2403; x_wconf 90' lang='lat' dir='ltr'>Volentes</span> <span class='ocrx_word' id='word_1_433' title='bbox 370 2373 519 2403; x_wconf 85' lang='lat' dir='ltr'>Salvationi</span> <span class='ocrx_word' id='word_1_434' title='bbox 542 2373 575 2405; x_wconf 88' lang='lat'>&amp;</span> <span class='ocrx_word' id='word_1_435' title='bbox 598 2372 766 2403; x_wconf 86' lang='lat' dir='ltr'>Defensioni</span> <span class='ocrx_word' id='word_1_436' title='bbox 792 2372 874 2402; x_wconf 82' lang='lat' dir='ltr'>Villae</span> <span class='ocrx_word' id='word_1_437' title='bbox 896 2372 929 2403; x_wconf 87' lang='lat'>&amp;</span> <span class='ocrx_word' id='word_1_438' title='bbox 942 2371 1070 2402; x_wconf 89' lang='lat' dir='ltr'>Partium</span> <span class='ocrx_word' id='word_1_439' title='bbox 1085 2370 1233 2409; x_wconf 68' lang='lat' dir='ltr'>praedirsta-</span> 
     </span>
     <span class='ocr_line' id='line_1_72' title="bbox 175 2409 1234 2450; baseline 0.001 -12"><span class='ocrx_word' id='word_1_440' title='bbox 175 2419 256 2447; x_wconf 88' lang='lat' dir='ltr'>rum,</span> <span class='ocrx_word' id='word_1_441' title='bbox 275 2419 359 2447; x_wconf 89' lang='lat' dir='ltr'>prout</span> <span class='ocrx_word' id='word_1_442' title='bbox 383 2413 536 2450; x_wconf 83' lang='lat' dir='ltr'>convenit,</span> <span class='ocrx_word' id='word_1_443' title='bbox 551 2411 716 2449; x_wconf 84' lang='lat' dir='ltr'>providere,</span> <span class='ocrx_word' id='word_1_444' title='bbox 743 2412 776 2442; x_wconf 68' lang='grc' dir='ltr'>ὃς</span> <span class='ocrx_word' id='word_1_445' title='bbox 799 2411 912 2442; x_wconf 79' lang='lat' dir='ltr'>malitiae</span> <span class='ocrx_word' id='word_1_446' title='bbox 929 2411 1074 2441; x_wconf 58' lang='lat' dir='ltr'>dietorum</span> <span class='ocrx_word' id='word_1_447' title='bbox 1097 2409 1234 2440; x_wconf 89' lang='lat' dir='ltr'>Inimico-</span> 
     </span>
     <span class='ocr_line' id='line_1_73' title="bbox 174 2449 917 2488; baseline 0.003 -11"><span class='ocrx_word' id='word_1_448' title='bbox 174 2457 238 2477; x_wconf 88' lang='lat' dir='ltr'>rum</span> <span class='ocrx_word' id='word_1_449' title='bbox 255 2449 432 2488; x_wconf 90' lang='lat' dir='ltr'>nostrorum,</span> <span class='ocrx_word' id='word_1_450' title='bbox 452 2460 519 2481; x_wconf 92' lang='lat' dir='ltr'>cum</span> <span class='ocrx_word' id='word_1_451' title='bbox 537 2449 595 2480; x_wconf 89' lang='lat' dir='ltr'>Dei</span> <span class='ocrx_word' id='word_1_452' title='bbox 608 2450 765 2487; x_wconf 83' lang='lat' dir='ltr'>adjutorio,</span> <span class='ocrx_word' id='word_1_453' title='bbox 783 2451 917 2487; x_wconf 83' lang='lat' dir='ltr'>obviare,</span> 
     </span>
    </p>

    <p class='ocr_par' dir='ltr' id='par_1_35' title="bbox 169 2485 1232 2861">
     <span class='ocr_line' id='line_1_74' title="bbox 211 2485 1232 2527; baseline 0.002 -12"><span class='ocrx_word' id='word_1_454' title='bbox 211 2485 301 2517; x_wconf 89' lang='lat' dir='ltr'>Vobis</span> <span class='ocrx_word' id='word_1_455' title='bbox 324 2487 506 2527; x_wconf 82' lang='lat' dir='ltr'>mandamus,</span> <span class='ocrx_word' id='word_1_456' title='bbox 533 2488 649 2518; x_wconf 84' lang='lat' dir='ltr'>firmiter</span> <span class='ocrx_word' id='word_1_457' title='bbox 670 2489 861 2526; x_wconf 81' lang='lat' dir='ltr'>injungentes,</span> <span class='ocrx_word' id='word_1_458' title='bbox 888 2487 968 2525; x_wconf 80' lang='lat' dir='ltr'>quod</span> <span class='ocrx_word' id='word_1_459' title='bbox 991 2486 1110 2526; x_wconf 84' lang='lat' dir='ltr'>Clerum</span> <span class='ocrx_word' id='word_1_460' title='bbox 1132 2486 1232 2517; x_wconf 86' lang='lat' dir='ltr'>vestrae</span> 
     </span>
     <span class='ocr_line' id='line_1_75' title="bbox 171 2522 1231 2566; baseline 0.001 -13"><span class='ocrx_word' id='word_1_461' title='bbox 171 2522 334 2564; x_wconf 86' lang='lat' dir='ltr'>Dioecesis,</span> <span class='ocrx_word' id='word_1_462' title='bbox 361 2525 506 2557; x_wconf 91' lang='lat' dir='ltr'>Comitatu</span> <span class='ocrx_word' id='word_1_463' title='bbox 529 2526 770 2566; x_wconf 85' lang='lat' dir='ltr'>Suthamptoniae,</span> <span class='ocrx_word' id='word_1_464' title='bbox 793 2526 850 2556; x_wconf 84' lang='lat' dir='ltr'>fine</span> <span class='ocrx_word' id='word_1_465' title='bbox 872 2526 1005 2556; x_wconf 77' lang='lat' dir='ltr'>dilatione</span> <span class='ocrx_word' id='word_1_466' title='bbox 1029 2526 1147 2556; x_wconf 84' lang='lat' dir='ltr'>Arraiari</span> <span class='ocrx_word' id='word_1_467' title='bbox 1163 2549 1172 2563; x_wconf 86' lang='lat'>,</span> <span class='ocrx_word' id='word_1_468' title='bbox 1198 2526 1231 2555; x_wconf 89' lang='lat'>&amp;</span> 
     </span>
     <span class='ocr_line' id='line_1_76' title="bbox 172 2563 1231 2603; baseline 0 -11"><span class='ocrx_word' id='word_1_469' title='bbox 172 2571 221 2592; x_wconf 87' lang='lat' dir='ltr'>eos</span> <span class='ocrx_word' id='word_1_470' title='bbox 237 2563 332 2594; x_wconf 90' lang='lat' dir='ltr'>Armis</span> <span class='ocrx_word' id='word_1_471' title='bbox 348 2565 574 2603; x_wconf 84' lang='lat' dir='ltr'>competentibus</span> <span class='ocrx_word' id='word_1_472' title='bbox 584 2565 661 2603; x_wconf 82' lang='lat' dir='ltr'>juxta</span> <span class='ocrx_word' id='word_1_473' title='bbox 674 2564 785 2595; x_wconf 85' lang='lat' dir='ltr'>Statum</span> <span class='ocrx_word' id='word_1_474' title='bbox 800 2565 833 2595; x_wconf 91' lang='lat'>&amp;</span> <span class='ocrx_word' id='word_1_475' title='bbox 850 2564 1002 2595; x_wconf 83' lang='lat' dir='ltr'>Facultates</span> <span class='ocrx_word' id='word_1_476' title='bbox 1024 2564 1080 2594; x_wconf 87' lang='lat' dir='ltr'>suas</span> <span class='ocrx_word' id='word_1_477' title='bbox 1102 2563 1231 2601; x_wconf 87' lang='lat' dir='ltr'>Muniri,</span> 
     </span>
     <span class='ocr_line' id='line_1_77' title="bbox 171 2601 1231 2640; baseline 0 -9"><span class='ocrx_word' id='word_1_478' title='bbox 171 2601 206 2631; x_wconf 92' lang='lat'>&amp;</span> <span class='ocrx_word' id='word_1_479' title='bbox 222 2610 287 2640; x_wconf 88' lang='lat' dir='ltr'>eos,</span> <span class='ocrx_word' id='word_1_480' title='bbox 313 2602 351 2633; x_wconf 87' lang='lat' dir='ltr'>fic</span> <span class='ocrx_word' id='word_1_481' title='bbox 368 2603 507 2633; x_wconf 87' lang='lat' dir='ltr'>Arraiatos</span> <span class='ocrx_word' id='word_1_482' title='bbox 519 2604 552 2634; x_wconf 74' lang='grc' dir='ltr'>δε</span> <span class='ocrx_word' id='word_1_483' title='bbox 567 2611 762 2640; x_wconf 84' lang='lat' dir='ltr'>competenter</span> <span class='ocrx_word' id='word_1_484' title='bbox 777 2603 925 2640; x_wconf 72' lang='lat' dir='ltr'>Munstos,</span> <span class='ocrx_word' id='word_1_485' title='bbox 942 2603 1028 2639; x_wconf 80' lang='lat' dir='ltr'>usque</span> <span class='ocrx_word' id='word_1_486' title='bbox 1042 2602 1147 2632; x_wconf 64' lang='lat' dir='ltr'>dietam</span> <span class='ocrx_word' id='word_1_487' title='bbox 1170 2602 1231 2632; x_wconf 94' lang='lat' dir='ltr'>Vil-</span> 
     </span>
     <span class='ocr_line' id='line_1_78' title="bbox 170 2637 1230 2680; baseline 0.002 -12"><span class='ocrx_word' id='word_1_488' title='bbox 170 2637 226 2669; x_wconf 86' lang='lat' dir='ltr'>lam</span> <span class='ocrx_word' id='word_1_489' title='bbox 241 2640 466 2680; x_wconf 84' lang='lat' dir='ltr'>Suthamptoniae</span> <span class='ocrx_word' id='word_1_490' title='bbox 481 2642 515 2672; x_wconf 90' lang='lat'>&amp;</span> <span class='ocrx_word' id='word_1_491' title='bbox 530 2641 661 2672; x_wconf 87' lang='lat' dir='ltr'>Costeras</span> <span class='ocrx_word' id='word_1_492' title='bbox 675 2641 783 2679; x_wconf 88' lang='lat' dir='ltr'>Maris,</span> <span class='ocrx_word' id='word_1_493' title='bbox 800 2642 828 2671; x_wconf 90' lang='lat' dir='ltr'>in</span> <span class='ocrx_word' id='word_1_494' title='bbox 845 2642 965 2678; x_wconf 87' lang='lat' dir='ltr'>partibus</span> <span class='ocrx_word' id='word_1_495' title='bbox 980 2641 1047 2678; x_wconf 88' lang='lat' dir='ltr'>illis,</span> <span class='ocrx_word' id='word_1_496' title='bbox 1067 2640 1172 2670; x_wconf 85' lang='lat' dir='ltr'>ibidem</span> <span class='ocrx_word' id='word_1_497' title='bbox 1187 2640 1230 2670; x_wconf 92' lang='lat' dir='ltr'>su-</span> 
     </span>
     <span class='ocr_line' id='line_1_79' title="bbox 171 2678 1230 2718; baseline 0 -11"><span class='ocrx_word' id='word_1_498' title='bbox 171 2686 220 2715; x_wconf 89' lang='lat' dir='ltr'>per</span> <span class='ocrx_word' id='word_1_499' title='bbox 235 2678 306 2709; x_wconf 90' lang='lat' dir='ltr'>salva</span> <span class='ocrx_word' id='word_1_500' title='bbox 321 2679 459 2710; x_wconf 90' lang='lat' dir='ltr'>Custodia</span> <span class='ocrx_word' id='word_1_501' title='bbox 474 2680 654 2717; x_wconf 88' lang='lat' dir='ltr'>earumdem,</span> <span class='ocrx_word' id='word_1_502' title='bbox 673 2679 806 2718; x_wconf 87' lang='lat' dir='ltr'>quamdiu</span> <span class='ocrx_word' id='word_1_503' title='bbox 821 2679 932 2710; x_wconf 76' lang='lat' dir='ltr'>necesse</span> <span class='ocrx_word' id='word_1_504' title='bbox 946 2679 1043 2716; x_wconf 88' lang='lat' dir='ltr'>fuerit,</span> <span class='ocrx_word' id='word_1_505' title='bbox 1062 2686 1230 2716; x_wconf 85' lang='lat' dir='ltr'>moraturos,</span> 
     </span>
     <span class='ocr_line' id='line_1_80' title="bbox 169 2717 1228 2756; baseline 0.002 -12"><span class='ocrx_word' id='word_1_506' title='bbox 169 2717 269 2746; x_wconf 90' lang='lat' dir='ltr'>venire</span> <span class='ocrx_word' id='word_1_507' title='bbox 281 2717 403 2756; x_wconf 74' lang='lat' dir='ltr'>faciatis3</span> <span class='ocrx_word' id='word_1_508' title='bbox 422 2719 510 2749; x_wconf 87' lang='lat' dir='ltr'>taliter</span> <span class='ocrx_word' id='word_1_509' title='bbox 525 2719 559 2749; x_wconf 77' lang='grc' dir='ltr'>δε</span> <span class='ocrx_word' id='word_1_510' title='bbox 574 2720 610 2748; x_wconf 88' lang='lat' dir='ltr'>ita</span> <span class='ocrx_word' id='word_1_511' title='bbox 626 2718 746 2756; x_wconf 76' lang='lat' dir='ltr'>provide</span> <span class='ocrx_word' id='word_1_512' title='bbox 761 2728 813 2748; x_wconf 88' lang='lat' dir='ltr'>vos</span> <span class='ocrx_word' id='word_1_513' title='bbox 829 2718 961 2748; x_wconf 88' lang='lat' dir='ltr'>habentes</span> <span class='ocrx_word' id='word_1_514' title='bbox 977 2719 1005 2747; x_wconf 95' lang='lat' dir='ltr'>in</span> <span class='ocrx_word' id='word_1_515' title='bbox 1020 2718 1073 2747; x_wconf 92' lang='lat' dir='ltr'>hac</span> <span class='ocrx_word' id='word_1_516' title='bbox 1091 2725 1165 2754; x_wconf 87' lang='lat' dir='ltr'>parte</span> <span class='ocrx_word' id='word_1_517' title='bbox 1180 2718 1228 2754; x_wconf 77' lang='lat' dir='ltr'>ne,</span> 
     </span>
     <span class='ocr_line' id='line_1_81' title="bbox 170 2755 1229 2795; baseline 0 -12"><span class='ocrx_word' id='word_1_518' title='bbox 170 2762 222 2792; x_wconf 85' lang='lat' dir='ltr'>per</span> <span class='ocrx_word' id='word_1_519' title='bbox 242 2755 326 2785; x_wconf 89' lang='lat' dir='ltr'>vestri</span> <span class='ocrx_word' id='word_1_520' title='bbox 346 2757 542 2795; x_wconf 81' lang='lat' dir='ltr'>negligentiam</span> <span class='ocrx_word' id='word_1_521' title='bbox 564 2764 610 2786; x_wconf 88' lang='lat' dir='ltr'>aut</span> <span class='ocrx_word' id='word_1_522' title='bbox 631 2756 821 2794; x_wconf 88' lang='lat' dir='ltr'>tepiditatem,</span> <span class='ocrx_word' id='word_1_523' title='bbox 847 2756 963 2793; x_wconf 78' lang='lat' dir='ltr'>Nobis,</span> <span class='ocrx_word' id='word_1_524' title='bbox 981 2756 1026 2786; x_wconf 87' lang='lat' dir='ltr'>seu</span> <span class='ocrx_word' id='word_1_525' title='bbox 1050 2755 1153 2793; x_wconf 84' lang='lat' dir='ltr'>Regno</span> <span class='ocrx_word' id='word_1_526' title='bbox 1176 2764 1229 2784; x_wconf 90' lang='lat' dir='ltr'>no-</span> 
     </span>
     <span class='ocr_line' id='line_1_82' title="bbox 170 2791 1228 2861; baseline 0.001 -39"><span class='ocrx_word' id='word_1_527' title='bbox 170 2791 319 2861; x_wconf 54' lang='lat' dir='ltr'>ffi·0,1aut</span> <span class='ocrx_word' id='word_1_528' title='bbox 341 2793 466 2824; x_wconf 89' lang='lat' dir='ltr'>Partibus</span> <span class='ocrx_word' id='word_1_529' title='bbox 488 2794 647 2832; x_wconf 75' lang='lat' dir='ltr'>praediffls,</span> <span class='ocrx_word' id='word_1_530' title='bbox 673 2793 844 2832; x_wconf 87' lang='lat' dir='ltr'>Dampnum</span> <span class='ocrx_word' id='word_1_531' title='bbox 866 2794 912 2825; x_wconf 88' lang='lat' dir='ltr'>vel</span> <span class='ocrx_word' id='word_1_532' title='bbox 934 2793 1097 2824; x_wconf 84' lang='lat' dir='ltr'>Periculum</span> <span class='ocrx_word' id='word_1_533' title='bbox 1121 2794 1228 2823; x_wconf 79' lang='lat' dir='ltr'>eveniat</span> 
     </span>
    </p>

    <p class='ocr_par' dir='ltr' id='par_1_36' title="bbox 209 2840 298 2866">
     <span class='ocr_line' id='line_1_83' title="bbox 209 2840 298 2866; baseline -0.011 -5"><span class='ocrx_word' id='word_1_534' title='bbox 209 2840 262 2866; x_wconf 84' lang='lat' dir='ltr'>qua</span> <span class='ocrx_word' id='word_1_535' title='bbox 274 2841 298 2861; x_wconf 90' lang='lat' dir='ltr'>e.</span> 
     </span>
    </p>

    <p class='ocr_par' dir='ltr' id='par_1_37' title="bbox 169 2867 1228 3054">
     <span class='ocr_line' id='line_1_84' title="bbox 207 2867 1228 2908; baseline 0 -9"><span class='ocrx_word' id='word_1_536' title='bbox 207 2867 245 2899; x_wconf 92' lang='lat' dir='ltr'>Et</span> <span class='ocrx_word' id='word_1_537' title='bbox 260 2869 318 2899; x_wconf 91' lang='lat' dir='ltr'>hoc</span> <span class='ocrx_word' id='word_1_538' title='bbox 337 2869 406 2900; x_wconf 85' lang='lat' dir='ltr'>sicut</span> <span class='ocrx_word' id='word_1_539' title='bbox 420 2869 505 2908; x_wconf 83' lang='lat' dir='ltr'>Nos,</span> <span class='ocrx_word' id='word_1_540' title='bbox 524 2871 556 2901; x_wconf 90' lang='lat'>&amp;</span> <span class='ocrx_word' id='word_1_541' title='bbox 571 2869 725 2901; x_wconf 89' lang='lat' dir='ltr'>Honorem</span> <span class='ocrx_word' id='word_1_542' title='bbox 742 2870 891 2908; x_wconf 85' lang='lat' dir='ltr'>nostrum,</span> <span class='ocrx_word' id='word_1_543' title='bbox 907 2879 940 2900; x_wconf 84' lang='lat' dir='ltr'>ac</span> <span class='ocrx_word' id='word_1_544' title='bbox 955 2869 1146 2900; x_wconf 90' lang='lat' dir='ltr'>Salvationem</span> <span class='ocrx_word' id='word_1_545' title='bbox 1168 2869 1228 2900; x_wconf 93' lang='lat' dir='ltr'>Vil-</span> 
     </span>
     <span class='ocr_line' id='line_1_85' title="bbox 169 2906 1227 2947; baseline 0 -10"><span class='ocrx_word' id='word_1_546' title='bbox 169 2906 205 2938; x_wconf 82' lang='lat' dir='ltr'>lae</span> <span class='ocrx_word' id='word_1_547' title='bbox 224 2907 257 2938; x_wconf 64' lang='grc' dir='ltr'>ὃς</span> <span class='ocrx_word' id='word_1_548' title='bbox 286 2907 411 2938; x_wconf 87' lang='lat' dir='ltr'>Partium</span> <span class='ocrx_word' id='word_1_549' title='bbox 424 2908 638 2946; x_wconf 66' lang='lat' dir='ltr'>praedictarum,</span> <span class='ocrx_word' id='word_1_550' title='bbox 656 2909 784 2947; x_wconf 84' lang='lat' dir='ltr'>diligitis,</span> <span class='ocrx_word' id='word_1_551' title='bbox 803 2909 956 2938; x_wconf 89' lang='lat' dir='ltr'>nullatenus</span> <span class='ocrx_word' id='word_1_552' title='bbox 972 2909 1122 2945; x_wconf 71' lang='lat' dir='ltr'>omittatis,</span> <span class='ocrx_word' id='word_1_553' title='bbox 1140 2908 1227 2938; x_wconf 89' lang='lat' dir='ltr'>scien-</span> 
     </span>
     <span class='ocr_line' id='line_1_86' title="bbox 170 2946 1226 2985; baseline 0 -9"><span class='ocrx_word' id='word_1_554' title='bbox 170 2953 211 2976; x_wconf 89' lang='lat' dir='ltr'>tes</span> <span class='ocrx_word' id='word_1_555' title='bbox 232 2955 286 2983; x_wconf 88' lang='lat' dir='ltr'>pro</span> <span class='ocrx_word' id='word_1_556' title='bbox 306 2956 387 2977; x_wconf 90' lang='lat' dir='ltr'>certo</span> <span class='ocrx_word' id='word_1_557' title='bbox 407 2947 504 2985; x_wconf 80' lang='lat' dir='ltr'>quod,</span> <span class='ocrx_word' id='word_1_558' title='bbox 522 2947 541 2977; x_wconf 88' lang='lat' dir='ltr'>fi</span> <span class='ocrx_word' id='word_1_559' title='bbox 562 2948 591 2977; x_wconf 90' lang='lat' dir='ltr'>in</span> <span class='ocrx_word' id='word_1_560' title='bbox 615 2947 788 2977; x_wconf 87' lang='lat' dir='ltr'>Arraiatione</span> <span class='ocrx_word' id='word_1_561' title='bbox 803 2946 882 2977; x_wconf 86' lang='lat' dir='ltr'>Cleri</span> <span class='ocrx_word' id='word_1_562' title='bbox 896 2946 980 2976; x_wconf 90' lang='lat' dir='ltr'>vestri</span> <span class='ocrx_word' id='word_1_563' title='bbox 998 2947 1124 2984; x_wconf 68' lang='lat' dir='ltr'>praediffl</span> <span class='ocrx_word' id='word_1_564' title='bbox 1140 2946 1226 2984; x_wconf 90' lang='lat' dir='ltr'>tepidi</span> 
     </span>
     <span class='ocr_line' id='line_1_87' title="bbox 169 2984 1226 3023; baseline 0.001 -10"><span class='ocrx_word' id='word_1_565' title='bbox 169 2984 215 3014; x_wconf 92' lang='lat' dir='ltr'>vel</span> <span class='ocrx_word' id='word_1_566' title='bbox 230 2984 332 3014; x_wconf 76' lang='lat' dir='ltr'>remissi</span> <span class='ocrx_word' id='word_1_567' title='bbox 346 2984 467 3023; x_wconf 88' lang='lat' dir='ltr'>fueritis,</span> <span class='ocrx_word' id='word_1_568' title='bbox 485 2985 596 3016; x_wconf 62' lang='lat' dir='ltr'>diritum</span> <span class='ocrx_word' id='word_1_569' title='bbox 612 2985 731 3015; x_wconf 81' lang='lat' dir='ltr'>Clerum</span> <span class='ocrx_word' id='word_1_570' title='bbox 746 2994 795 3023; x_wconf 87' lang='lat' dir='ltr'>per</span> <span class='ocrx_word' id='word_1_571' title='bbox 810 2985 912 3016; x_wconf 86' lang='lat' dir='ltr'>Laicos</span> <span class='ocrx_word' id='word_1_572' title='bbox 928 2984 1045 3015; x_wconf 84' lang='lat' dir='ltr'>Arraiari</span> <span class='ocrx_word' id='word_1_573' title='bbox 1065 2986 1098 3016; x_wconf 72' lang='grc' dir='ltr'>δε</span> <span class='ocrx_word' id='word_1_574' title='bbox 1121 2985 1226 3015; x_wconf 90' lang='lat' dir='ltr'>ibidem</span> 
     </span>
     <span class='ocr_line' id='line_1_88' title="bbox 169 3021 715 3054; baseline 0.002 -3"><span class='ocrx_word' id='word_1_575' title='bbox 169 3021 249 3052; x_wconf 90' lang='lat' dir='ltr'>Duci</span> <span class='ocrx_word' id='word_1_576' title='bbox 262 3022 397 3054; x_wconf 88' lang='lat' dir='ltr'>faciemus</span> <span class='ocrx_word' id='word_1_577' title='bbox 412 3033 446 3053; x_wconf 82' lang='lat' dir='ltr'>ex</span> <span class='ocrx_word' id='word_1_578' title='bbox 461 3024 539 3054; x_wconf 90' lang='lat' dir='ltr'>causa</span> <span class='ocrx_word' id='word_1_579' title='bbox 553 3024 580 3054; x_wconf 90' lang='lat' dir='ltr'>su</span> <span class='ocrx_word' id='word_1_580' title='bbox 603 3024 715 3054; x_wconf 63' lang='lat' dir='ltr'>radiEta.</span> 
     </span>
    </p>

    <p class='ocr_par' dir='ltr' id='par_1_38' title="bbox 208 3060 1121 3100">
     <span class='ocr_line' id='line_1_89' title="bbox 208 3060 1121 3100; baseline 0.001 -10"><span class='ocrx_word' id='word_1_581' title='bbox 208 3060 298 3091; x_wconf 89' lang='lat' dir='ltr'>Teste</span> <span class='ocrx_word' id='word_1_582' title='bbox 312 3061 418 3100; x_wconf 88' lang='lat' dir='ltr'>meipso</span> <span class='ocrx_word' id='word_1_583' title='bbox 430 3062 502 3100; x_wconf 86' lang='lat' dir='ltr'>apud</span> <span class='ocrx_word' id='word_1_584' title='bbox 517 3062 576 3093; x_wconf 90' lang='lat' dir='ltr'>We</span> <span class='ocrx_word' id='word_1_585' title='bbox 605 3061 822 3100; x_wconf 84' lang='lat' dir='ltr'>monasterium,</span> <span class='ocrx_word' id='word_1_586' title='bbox 841 3061 975 3093; x_wconf 88' lang='lat' dir='ltr'>vicesimo</span> <span class='ocrx_word' id='word_1_587' title='bbox 989 3061 1034 3092; x_wconf 88' lang='lat' dir='ltr'>die</span> <span class='ocrx_word' id='word_1_588' title='bbox 1044 3061 1121 3100; x_wconf 88' lang='lat' dir='ltr'>Julii.</span> 
     </span>
    </p>
   </div>
   <div class='ocr_carea' id='block_1_21' title="bbox 1101 2138 1235 2177">
    <p class='ocr_par' dir='ltr' id='par_1_39' title="bbox 1101 2138 1235 2177">
     <span class='ocr_line' id='line_1_90' title="bbox 1101 2138 1235 2177; baseline -0.007 -8"><span class='ocrx_word' id='word_1_589' title='bbox 1101 2138 1215 2175; x_wconf 83' lang='lat' dir='ltr'>Bargeae</span> <span class='ocrx_word' id='word_1_590' title='bbox 1224 2161 1235 2177; x_wconf 88' lang='lat'>,</span> 
     </span>
    </p>
   </div>
   <div class='ocr_carea' id='block_1_22' title="bbox 191 3185 1198 3284">
    <p class='ocr_par' dir='ltr' id='par_1_40' title="bbox 191 3185 1198 3284">
     <span class='ocr_line' id='line_1_91' title="bbox 191 3185 1198 3241; baseline 0.005 -22"><span class='ocrx_word' id='word_1_591' title='bbox 191 3190 249 3221; x_wconf 88' lang='lat' dir='ltr'>Pro</span> <span class='ocrx_word' id='word_1_592' title='bbox 264 3185 408 3233; x_wconf 80' lang='lat' dir='ltr'>Johanne</span> <span class='ocrx_word' id='word_1_593' title='bbox 426 3188 462 3222; x_wconf 86' lang='lat' dir='ltr'>de</span> <span class='ocrx_word' id='word_1_594' title='bbox 477 3189 617 3238; x_wconf 73' lang='lat' dir='ltr'>Myvill‚</span> <span class='ocrx_word' id='word_1_595' title='bbox 640 3190 808 3234; x_wconf 82' lang='lat' dir='ltr'>Prisbnario</span> <span class='ocrx_word' id='word_1_596' title='bbox 825 3191 949 3222; x_wconf 84' lang='lat' dir='ltr'>Domini</span> <span class='ocrx_word' id='word_1_597' title='bbox 969 3190 1004 3224; x_wconf 84' lang='lat' dir='ltr'>de</span> <span class='ocrx_word' id='word_1_598' title='bbox 1020 3194 1177 3241; x_wconf 76' lang='lat' dir='ltr'>Latymere</span> <span class='ocrx_word' id='word_1_599' title='bbox 1187 3218 1198 3234; x_wconf 85' lang='lat'>‚</span> 
     </span>
     <span class='ocr_line' id='line_1_92' title="bbox 433 3235 961 3284; baseline 0.008 -15"><span class='ocrx_word' id='word_1_600' title='bbox 433 3236 469 3269; x_wconf 86' lang='lat' dir='ltr'>de</span> <span class='ocrx_word' id='word_1_601' title='bbox 490 3235 677 3270; x_wconf 84' lang='lat' dir='ltr'>Liberatione</span> <span class='ocrx_word' id='word_1_602' title='bbox 687 3239 748 3283; x_wconf 72' lang='lat' dir='ltr'>fita</span> <span class='ocrx_word' id='word_1_603' title='bbox 757 3238 961 3284; x_wconf 78' lang='lat' dir='ltr'>procuranda.</span> 
     </span>
    </p>
   </div>
   <div class='ocr_carea' id='block_1_23' title="bbox 14 3320 538 3441">
    <p class='ocr_par' dir='ltr' id='par_1_41' title="bbox 14 3320 538 3441">
     <span class='ocr_line' id='line_1_93' title="bbox 14 3320 538 3377; baseline -0.008 -21"><span class='ocrx_word' id='word_1_604' title='bbox 14 3327 100 3359; x_wconf 71' lang='lat' dir='ltr'>Ami.</span> <span class='ocrx_word' id='word_1_605' title='bbox 114 3327 156 3359; x_wconf 81' lang='lat' dir='ltr'>D,</span> <span class='ocrx_word' id='word_1_606' title='bbox 171 3320 308 3377; x_wconf 78' lang='lat' dir='ltr'>REX,</span> <span class='ocrx_word' id='word_1_607' title='bbox 325 3322 387 3353; x_wconf 92' lang='lat' dir='ltr'>&amp;c.</span> <span class='ocrx_word' id='word_1_608' title='bbox 405 3321 538 3353; x_wconf 87' lang='lat' dir='ltr'>Salutem.</span> 
     </span>
     <span class='ocr_line' id='line_1_94' title="bbox 24 3375 142 3441; baseline -0.051 2"><span class='ocrx_word' id='word_1_609' title='bbox 24 3375 142 3441; x_wconf 54' lang='lat'>..2233</span> 
     </span>
    </p>
   </div>
   <div class='ocr_carea' id='block_1_24' title="bbox 167 3359 1223 3856">
    <p class='ocr_par' dir='ltr' id='par_1_42' title="bbox 167 3359 1223 3704">
     <span class='ocr_line' id='line_1_95' title="bbox 266 3359 1223 3398; baseline 0.007 -9"><span class='ocrx_word' id='word_1_610' title='bbox 266 3359 364 3390; x_wconf 88' lang='lat' dir='ltr'>Sciatis</span> <span class='ocrx_word' id='word_1_611' title='bbox 388 3360 468 3398; x_wconf 82' lang='lat' dir='ltr'>quod</span> <span class='ocrx_word' id='word_1_612' title='bbox 490 3361 652 3398; x_wconf 86' lang='lat' dir='ltr'>suscepimus</span> <span class='ocrx_word' id='word_1_613' title='bbox 673 3361 701 3391; x_wconf 92' lang='lat' dir='ltr'>in</span> <span class='ocrx_word' id='word_1_614' title='bbox 722 3360 825 3393; x_wconf 86' lang='lat' dir='ltr'>salvum</span> <span class='ocrx_word' id='word_1_615' title='bbox 841 3362 875 3393; x_wconf 92' lang='lat'>&amp;</span> <span class='ocrx_word' id='word_1_616' title='bbox 890 3361 1017 3394; x_wconf 90' lang='lat' dir='ltr'>securum</span> <span class='ocrx_word' id='word_1_617' title='bbox 1033 3362 1223 3396; x_wconf 68' lang='lat' dir='ltr'>Conduetum</span> 
     </span>
     <span class='ocr_line' id='line_1_96' title="bbox 168 3396 1221 3442; baseline 0.008 -16"><span class='ocrx_word' id='word_1_618' title='bbox 168 3396 314 3442; x_wconf 79' lang='lat' dir='ltr'>nostrum,</span> <span class='ocrx_word' id='word_1_619' title='bbox 331 3397 489 3442; x_wconf 64' lang='lat' dir='ltr'>Johqnnem</span> <span class='ocrx_word' id='word_1_620' title='bbox 503 3399 534 3428; x_wconf 89' lang='lat' dir='ltr'>de</span> <span class='ocrx_word' id='word_1_621' title='bbox 549 3401 631 3434; x_wconf 79' lang='lat' dir='ltr'>Neyv</span> <span class='ocrx_word' id='word_1_622' title='bbox 648 3397 671 3428; x_wconf 91' lang='lat' dir='ltr'>ll</span> <span class='ocrx_word' id='word_1_623' title='bbox 682 3398 815 3430; x_wconf 82' lang='lat' dir='ltr'>Chivaler</span> <span class='ocrx_word' id='word_1_624' title='bbox 835 3400 870 3430; x_wconf 92' lang='lat' dir='ltr'>de</span> <span class='ocrx_word' id='word_1_625' title='bbox 889 3400 1019 3439; x_wconf 89' lang='lat' dir='ltr'>Francia,</span> <span class='ocrx_word' id='word_1_626' title='bbox 1032 3401 1221 3434; x_wconf 90' lang='lat' dir='ltr'>Prisonarium</span> 
     </span>
     <span class='ocr_line' id='line_1_97' title="bbox 168 3434 1222 3479; baseline 0.007 -14"><span class='ocrx_word' id='word_1_627' title='bbox 168 3434 264 3465; x_wconf 63' lang='lat' dir='ltr'>dilecti</span> <span class='ocrx_word' id='word_1_628' title='bbox 279 3436 312 3467; x_wconf 68' lang='grc' dir='ltr'>ὃς</span> <span class='ocrx_word' id='word_1_629' title='bbox 327 3436 413 3466; x_wconf 86' lang='lat' dir='ltr'>fidelis</span> <span class='ocrx_word' id='word_1_630' title='bbox 428 3436 534 3475; x_wconf 87' lang='lat' dir='ltr'>nostri,</span> <span class='ocrx_word' id='word_1_631' title='bbox 553 3437 616 3466; x_wconf 81' lang='lat' dir='ltr'>Wil</span> <span class='ocrx_word' id='word_1_632' title='bbox 625 3437 696 3467; x_wconf 88' lang='lat' dir='ltr'>ielmi</span> <span class='ocrx_word' id='word_1_633' title='bbox 710 3440 820 3467; x_wconf 88' lang='lat' dir='ltr'>Domini</span> <span class='ocrx_word' id='word_1_634' title='bbox 841 3438 872 3468; x_wconf 84' lang='lat' dir='ltr'>de</span> <span class='ocrx_word' id='word_1_635' title='bbox 893 3441 1058 3478; x_wconf 81' lang='lat' dir='ltr'>Latymere,</span> <span class='ocrx_word' id='word_1_636' title='bbox 1075 3441 1109 3471; x_wconf 88' lang='lat' dir='ltr'>ad</span> <span class='ocrx_word' id='word_1_637' title='bbox 1134 3451 1222 3479; x_wconf 88' lang='lat' dir='ltr'>partes</span> 
     </span>
     <span class='ocr_line' id='line_1_98' title="bbox 168 3473 1223 3517; baseline 0.007 -14"><span class='ocrx_word' id='word_1_638' title='bbox 168 3473 311 3511; x_wconf 79' lang='lat' dir='ltr'>Franciae,</span> <span class='ocrx_word' id='word_1_639' title='bbox 328 3484 381 3514; x_wconf 86' lang='lat' dir='ltr'>pro</span> <span class='ocrx_word' id='word_1_640' title='bbox 397 3474 607 3505; x_wconf 90' lang='lat' dir='ltr'>Deliberatione</span> <span class='ocrx_word' id='word_1_641' title='bbox 621 3475 702 3512; x_wconf 79' lang='lat' dir='ltr'>ipsius</span> <span class='ocrx_word' id='word_1_642' title='bbox 717 3475 858 3514; x_wconf 83' lang='lat' dir='ltr'>Johannis</span> <span class='ocrx_word' id='word_1_643' title='bbox 872 3477 1055 3515; x_wconf 85' lang='lat' dir='ltr'>perquirenda</span> <span class='ocrx_word' id='word_1_644' title='bbox 1077 3479 1133 3510; x_wconf 90' lang='lat' dir='ltr'>five</span> <span class='ocrx_word' id='word_1_645' title='bbox 1156 3490 1223 3517; x_wconf 90' lang='lat' dir='ltr'>pro-</span> 
     </span>
     <span class='ocr_line' id='line_1_99' title="bbox 168 3511 1205 3554; baseline 0.006 -12"><span class='ocrx_word' id='word_1_646' title='bbox 168 3511 307 3549; x_wconf 87' lang='lat' dir='ltr'>curanda,</span> <span class='ocrx_word' id='word_1_647' title='bbox 326 3522 375 3550; x_wconf 88' lang='lat' dir='ltr'>per</span> <span class='ocrx_word' id='word_1_648' title='bbox 388 3512 560 3543; x_wconf 88' lang='lat' dir='ltr'>Dominium</span> <span class='ocrx_word' id='word_1_649' title='bbox 575 3514 608 3544; x_wconf 70' lang='grc' dir='ltr'>ὃς</span> <span class='ocrx_word' id='word_1_650' title='bbox 622 3513 794 3544; x_wconf 87' lang='lat' dir='ltr'>Potestatem</span> <span class='ocrx_word' id='word_1_651' title='bbox 807 3514 917 3553; x_wconf 85' lang='lat' dir='ltr'>nostra,</span> <span class='ocrx_word' id='word_1_652' title='bbox 936 3515 994 3545; x_wconf 70' lang='lat' dir='ltr'>tam</span> <span class='ocrx_word' id='word_1_653' title='bbox 1016 3526 1065 3554; x_wconf 89' lang='lat' dir='ltr'>per</span> <span class='ocrx_word' id='word_1_654' title='bbox 1084 3517 1205 3548; x_wconf 88' lang='lat' dir='ltr'>Terram</span> 
     </span>
     <span class='ocr_line' id='line_1_100' title="bbox 167 3541 1223 3624; baseline 0.002 -3"><span class='ocrx_word' id='word_1_655' title='bbox 167 3551 327 3622; x_wconf 52' lang='lat' dir='ltr'>arear</span> <span class='ocrx_word' id='word_1_656' title='bbox 350 3550 632 3620; x_wconf 46' lang='lat' dir='ltr'>assasse?</span> <span class='ocrx_word' id='word_1_657' title='bbox 644 3551 1058 3622; x_wconf 53' lang='lat' dir='ltr'>iaeifsassrgbffssem</span> <span class='ocrx_word' id='word_1_658' title='bbox 1075 3541 1223 3624; x_wconf 46' lang='lat' dir='ltr'>Dari</span> 
     </span>
     <span class='ocr_line' id='line_1_101' title="bbox 169 3598 1222 3671; baseline 0.005 -13"><span class='ocrx_word' id='word_1_659' title='bbox 169 3625 254 3659; x_wconf 85' lang='lat' dir='ltr'>Mare</span> <span class='ocrx_word' id='word_1_660' title='bbox 269 3598 491 3665; x_wconf 65' lang='lat' dir='ltr'>curVnVyQiinque</span> <span class='ocrx_word' id='word_1_661' title='bbox 506 3627 629 3658; x_wconf 86' lang='lat' dir='ltr'>Vallettis</span> <span class='ocrx_word' id='word_1_662' title='bbox 643 3628 676 3658; x_wconf 91' lang='lat'>&amp;</span> <span class='ocrx_word' id='word_1_663' title='bbox 690 3627 745 3659; x_wconf 89' lang='lat' dir='ltr'>Sex</span> <span class='ocrx_word' id='word_1_664' title='bbox 759 3628 862 3669; x_wconf 75' lang='lat' dir='ltr'>Equis,</span> <span class='ocrx_word' id='word_1_665' title='bbox 877 3631 911 3662; x_wconf 90' lang='lat'>&amp;</span> <span class='ocrx_word' id='word_1_666' title='bbox 926 3603 1222 3671; x_wconf 51' lang='lat' dir='ltr'>exindgliii’Regiiutrrg</span> 
     </span>
     <span class='ocr_line' id='line_1_102' title="bbox 167 3664 604 3704; baseline -0.005 -7"><span class='ocrx_word' id='word_1_667' title='bbox 167 3666 297 3697; x_wconf 89' lang='lat' dir='ltr'>nostrum</span> <span class='ocrx_word' id='word_1_668' title='bbox 312 3665 424 3704; x_wconf 86' lang='lat' dir='ltr'>Angliae</span> <span class='ocrx_word' id='word_1_669' title='bbox 443 3664 604 3702; x_wconf 74' lang='lat' dir='ltr'>redeundo,</span> 
     </span>
    </p>

    <p class='ocr_par' dir='ltr' id='par_1_43' title="bbox 170 3703 1223 3772">
     <span class='ocr_line' id='line_1_103' title="bbox 207 3703 1223 3748; baseline 0.003 -13"><span class='ocrx_word' id='word_1_670' title='bbox 207 3704 245 3736; x_wconf 90' lang='lat' dir='ltr'>Et</span> <span class='ocrx_word' id='word_1_671' title='bbox 260 3704 324 3735; x_wconf 91' lang='lat' dir='ltr'>ideo</span> <span class='ocrx_word' id='word_1_672' title='bbox 339 3704 436 3740; x_wconf 84' lang='lat' dir='ltr'>vobis,</span> <span class='ocrx_word' id='word_1_673' title='bbox 453 3704 486 3734; x_wconf 86' lang='lat'>&amp;</span> <span class='ocrx_word' id='word_1_674' title='bbox 501 3703 616 3734; x_wconf 86' lang='lat' dir='ltr'>cuilibet</span> <span class='ocrx_word' id='word_1_675' title='bbox 629 3703 772 3743; x_wconf 87' lang='lat' dir='ltr'>vestrum,</span> <span class='ocrx_word' id='word_1_676' title='bbox 787 3705 967 3744; x_wconf 85' lang='lat' dir='ltr'>mandamus,</span> <span class='ocrx_word' id='word_1_677' title='bbox 985 3705 1045 3742; x_wconf 58' lang='grc' dir='ltr'>ὠς.</span> <span class='ocrx_word' id='word_1_678' title='bbox 1063 3713 1095 3737; x_wconf 84' lang='lat' dir='ltr'>ut</span> <span class='ocrx_word' id='word_1_679' title='bbox 1109 3710 1137 3737; x_wconf 85' lang='lat' dir='ltr'>in</span> <span class='ocrx_word' id='word_1_680' title='bbox 1149 3708 1223 3748; x_wconf 81' lang='lat' dir='ltr'>fimi-</span> 
     </span>
     <span class='ocr_line' id='line_1_104' title="bbox 170 3742 561 3772; baseline -0.005 0"><span class='ocrx_word' id='word_1_681' title='bbox 170 3742 239 3772; x_wconf 77' lang='lat' dir='ltr'>libus</span> <span class='ocrx_word' id='word_1_682' title='bbox 251 3743 283 3772; x_wconf 86' lang='lat' dir='ltr'>de</span> <span class='ocrx_word' id='word_1_683' title='bbox 298 3743 432 3772; x_wconf 67' lang='lat' dir='ltr'>conduelu</span> <span class='ocrx_word' id='word_1_684' title='bbox 447 3745 561 3771; x_wconf 78' lang='lat' dir='ltr'>Literis.</span> 
     </span>
    </p>

    <p class='ocr_par' dir='ltr' id='par_1_44' title="bbox 171 3779 1222 3856">
     <span class='ocr_line' id='line_1_105' title="bbox 207 3779 1222 3820; baseline 0.006 -10"><span class='ocrx_word' id='word_1_685' title='bbox 207 3780 240 3810; x_wconf 87' lang='lat' dir='ltr'>ln</span> <span class='ocrx_word' id='word_1_686' title='bbox 255 3782 349 3819; x_wconf 86' lang='lat' dir='ltr'>cujus,</span> <span class='ocrx_word' id='word_1_687' title='bbox 367 3781 428 3812; x_wconf 86' lang='lat' dir='ltr'>&amp;c.</span> <span class='ocrx_word' id='word_1_688' title='bbox 442 3780 526 3818; x_wconf 88' lang='lat' dir='ltr'>usque</span> <span class='ocrx_word' id='word_1_689' title='bbox 540 3779 574 3810; x_wconf 91' lang='lat' dir='ltr'>ad</span> <span class='ocrx_word' id='word_1_690' title='bbox 589 3779 704 3810; x_wconf 89' lang='lat' dir='ltr'>Festum</span> <span class='ocrx_word' id='word_1_691' title='bbox 719 3780 828 3812; x_wconf 88' lang='lat' dir='ltr'>Natalis</span> <span class='ocrx_word' id='word_1_692' title='bbox 841 3781 983 3820; x_wconf 88' lang='lat' dir='ltr'>Domini,</span> <span class='ocrx_word' id='word_1_693' title='bbox 1001 3784 1132 3820; x_wconf 86' lang='lat' dir='ltr'>proximo</span> <span class='ocrx_word' id='word_1_694' title='bbox 1146 3784 1222 3816; x_wconf 87' lang='lat' dir='ltr'>futu-</span> 
     </span>
     <span class='ocr_line' id='line_1_106' title="bbox 171 3819 418 3856; baseline 0.004 -7"><span class='ocrx_word' id='word_1_695' title='bbox 171 3827 236 3849; x_wconf 88' lang='lat' dir='ltr'>rum</span> <span class='ocrx_word' id='word_1_696' title='bbox 245 3841 255 3856; x_wconf 89' lang='lat'>,</span> <span class='ocrx_word' id='word_1_697' title='bbox 269 3819 418 3850; x_wconf 81' lang='lat' dir='ltr'>duraturas.</span> 
     </span>
    </p>
   </div>
   <div class='ocr_carea' id='block_1_25' title="bbox 205 3855 1197 3900">
    <p class='ocr_par' dir='ltr' id='par_1_45' title="bbox 205 3855 1197 3900">
     <span class='ocr_line' id='line_1_107' title="bbox 205 3855 1197 3900; baseline 0.004 -12"><span class='ocrx_word' id='word_1_698' title='bbox 205 3855 294 3888; x_wconf 89' lang='lat' dir='ltr'>Teste</span> <span class='ocrx_word' id='word_1_699' title='bbox 308 3857 394 3898; x_wconf 89' lang='lat' dir='ltr'>Rege</span> <span class='ocrx_word' id='word_1_700' title='bbox 407 3856 480 3897; x_wconf 89' lang='lat' dir='ltr'>apud</span> <span class='ocrx_word' id='word_1_701' title='bbox 494 3856 802 3896; x_wconf 76' lang='lat' dir='ltr'>westmonasterium,</span> <span class='ocrx_word' id='word_1_702' title='bbox 818 3857 955 3890; x_wconf 87' lang='lat' dir='ltr'>vicefimo</span> <span class='ocrx_word' id='word_1_703' title='bbox 970 3857 1049 3892; x_wconf 65' lang='lat' dir='ltr'>seXto</span> <span class='ocrx_word' id='word_1_704' title='bbox 1062 3859 1109 3891; x_wconf 89' lang='lat' dir='ltr'>die</span> <span class='ocrx_word' id='word_1_705' title='bbox 1118 3860 1197 3900; x_wconf 84' lang='lat' dir='ltr'>Julii.</span> 
     </span>
    </p>
   </div>
   <div class='ocr_carea' id='block_1_26' title="bbox 1267 410 2475 1024">
    <p class='ocr_par' dir='ltr' id='par_1_46' title="bbox 1267 410 2475 1024">
     <span class='ocr_line' id='line_1_108' title="bbox 1268 410 2408 466; baseline 0 -25"><span class='ocrx_word' id='word_1_706' title='bbox 1268 410 1382 466; x_wconf 79' lang='lat' dir='ltr'>REX</span> <span class='ocrx_word' id='word_1_707' title='bbox 1396 412 1546 450; x_wconf 86' lang='lat' dir='ltr'>omnibus,</span> <span class='ocrx_word' id='word_1_708' title='bbox 1563 412 1598 442; x_wconf 89' lang='lat' dir='ltr'>ad</span> <span class='ocrx_word' id='word_1_709' title='bbox 1613 423 1701 455; x_wconf 78' lang='lat' dir='ltr'>quos,</span> <span class='ocrx_word' id='word_1_710' title='bbox 1719 412 1779 443; x_wconf 86' lang='lat' dir='ltr'>&amp;c-</span> <span class='ocrx_word' id='word_1_711' title='bbox 1799 410 1931 443; x_wconf 84' lang='lat' dir='ltr'>Salutem.</span> <span class='ocrx_word' id='word_1_712' title='bbox 2345 437 2366 458; x_wconf 79' lang='lat' dir='ltr'><em>E</em></span> <span class='ocrx_word' id='word_1_713' title='bbox 2392 417 2408 450; x_wconf 46' lang='lat' dir='ltr'><strong>g</strong></span> 
     </span>
     <span class='ocr_line' id='line_1_109' title="bbox 1360 449 2447 497; baseline -0.001 -18"><span class='ocrx_word' id='word_1_714' title='bbox 1360 449 1455 479; x_wconf 84' lang='lat' dir='ltr'>Sciatis</span> <span class='ocrx_word' id='word_1_715' title='bbox 1478 451 1555 487; x_wconf 75' lang='lat' dir='ltr'>quod</span> <span class='ocrx_word' id='word_1_716' title='bbox 1577 452 1766 481; x_wconf 80' lang='lat' dir='ltr'>conceshmus</span> <span class='ocrx_word' id='word_1_717' title='bbox 1781 474 1790 489; x_wconf 92' lang='lat'>,</span> <span class='ocrx_word' id='word_1_718' title='bbox 1815 451 1924 481; x_wconf 63' lang='lat' dir='ltr'>dilectae</span> <span class='ocrx_word' id='word_1_719' title='bbox 1946 449 2028 479; x_wconf 83' lang='lat' dir='ltr'>nobis</span> <span class='ocrx_word' id='word_1_720' title='bbox 2043 475 2051 487; x_wconf 89' lang='lat'>,</span> <span class='ocrx_word' id='word_1_721' title='bbox 2078 449 2178 479; x_wconf 71' lang='lat' dir='ltr'>Aliriae</span> <span class='ocrx_word' id='word_1_722' title='bbox 2200 452 2326 487; x_wconf 80' lang='lat' dir='ltr'>Perrers,</span> <span class='ocrx_word' id='word_1_723' title='bbox 2346 454 2408 497; x_wconf 52' lang='lat' dir='ltr'><em>[st-³</em></span> <span class='ocrx_word' id='word_1_724' title='bbox 2423 480 2427 487; x_wconf 39' lang='lat'><strong><em>¹</em></strong></span> <span class='ocrx_word' id='word_1_725' title='bbox 2441 479 2447 484; x_wconf 61' lang='grc'><strong><em>,</em></strong></span> 
     </span>
     <span class='ocr_line' id='line_1_110' title="bbox 1267 482 2462 534; baseline 0.003 -19"><span class='ocrx_word' id='word_1_726' title='bbox 1267 494 1358 524; x_wconf 85' lang='lat' dir='ltr'>nuper</span> <span class='ocrx_word' id='word_1_727' title='bbox 1381 489 1429 517; x_wconf 87' lang='lat' dir='ltr'>uni</span> <span class='ocrx_word' id='word_1_728' title='bbox 1451 487 1678 519; x_wconf 78' lang='lat' dir='ltr'>Domicellarum</span> <span class='ocrx_word' id='word_1_729' title='bbox 1701 489 1848 527; x_wconf 81' lang='lat' dir='ltr'>Camerae,</span> <span class='ocrx_word' id='word_1_730' title='bbox 1868 487 2025 518; x_wconf 68' lang='lat' dir='ltr'>Cariffimzi:</span> <span class='ocrx_word' id='word_1_731' title='bbox 2042 488 2187 518; x_wconf 67' lang='lat' dir='ltr'>Cotisonis</span> <span class='ocrx_word' id='word_1_732' title='bbox 2201 488 2323 525; x_wconf 72' lang='lat' dir='ltr'>nostrae,</span> <span class='ocrx_word' id='word_1_733' title='bbox 2342 482 2376 534; x_wconf 50' lang='lat' dir='ltr'>E*</span> <span class='ocrx_word' id='word_1_734' title='bbox 2396 485 2462 525; x_wconf 48' lang='grc' dir='ltr'>’Ὗζ</span> 
     </span>
     <span class='ocr_line' id='line_1_111' title="bbox 1269 516 2475 573; baseline 0.002 -19"><span class='ocrx_word' id='word_1_735' title='bbox 1269 524 1415 564; x_wconf 68' lang='lat' dir='ltr'>Philippae,</span> <span class='ocrx_word' id='word_1_736' title='bbox 1433 535 1523 564; x_wconf 87' lang='lat' dir='ltr'>nuper</span> <span class='ocrx_word' id='word_1_737' title='bbox 1539 529 1644 563; x_wconf 81' lang='lat' dir='ltr'>Reginae</span> <span class='ocrx_word' id='word_1_738' title='bbox 1661 528 1786 565; x_wconf 70' lang='lat' dir='ltr'>Angliie,</span> <span class='ocrx_word' id='word_1_739' title='bbox 1806 529 1902 557; x_wconf 84' lang='lat' dir='ltr'>onmia</span> <span class='ocrx_word' id='word_1_740' title='bbox 1913 526 2033 565; x_wconf 83' lang='lat' dir='ltr'>Jocalia,</span> <span class='ocrx_word' id='word_1_741' title='bbox 2053 527 2148 564; x_wconf 82' lang='lat' dir='ltr'>Bona,</span> <span class='ocrx_word' id='word_1_742' title='bbox 2167 528 2200 558; x_wconf 68' lang='lat' dir='ltr'>&lt;Sc</span> <span class='ocrx_word' id='word_1_743' title='bbox 2217 526 2325 557; x_wconf 81' lang='lat' dir='ltr'>Catalla</span> <span class='ocrx_word' id='word_1_744' title='bbox 2352 556 2369 573; x_wconf 59' lang='lat' dir='ltr'><em>n</em></span> <span class='ocrx_word' id='word_1_745' title='bbox 2383 516 2438 573; x_wconf 42' lang='lat' dir='ltr'>32ss</span> <span class='ocrx_word' id='word_1_746' title='bbox 2450 526 2475 535; x_wconf 69' lang='lat'><strong><em>“</em></strong></span> 
     </span>
     <span class='ocr_line' id='line_1_112' title="bbox 1269 557 2439 601; baseline 0.003 -9"><span class='ocrx_word' id='word_1_747' title='bbox 1269 570 1334 597; x_wconf 85' lang='lat' dir='ltr'>quae</span> <span class='ocrx_word' id='word_1_748' title='bbox 1350 563 1437 593; x_wconf 84' lang='lat' dir='ltr'>nostri</span> <span class='ocrx_word' id='word_1_749' title='bbox 1455 564 1497 593; x_wconf 84' lang='lat' dir='ltr'>vel</span> <span class='ocrx_word' id='word_1_750' title='bbox 1512 564 1593 600; x_wconf 82' lang='lat' dir='ltr'>iplius</span> <span class='ocrx_word' id='word_1_751' title='bbox 1609 575 1695 601; x_wconf 86' lang='lat' dir='ltr'>nuper</span> <span class='ocrx_word' id='word_1_752' title='bbox 1711 565 1857 596; x_wconf 77' lang='lat' dir='ltr'>Consortis</span> <span class='ocrx_word' id='word_1_753' title='bbox 1871 565 1976 594; x_wconf 83' lang='lat' dir='ltr'>nostrae</span> <span class='ocrx_word' id='word_1_754' title='bbox 1990 565 2117 601; x_wconf 89' lang='lat' dir='ltr'>fuerunt,</span> <span class='ocrx_word' id='word_1_755' title='bbox 2130 567 2163 595; x_wconf 72' lang='grc' dir='ltr'>δε</span> <span class='ocrx_word' id='word_1_756' title='bbox 2177 565 2211 595; x_wconf 88' lang='lat' dir='ltr'>ad</span> <span class='ocrx_word' id='word_1_757' title='bbox 2226 575 2325 595; x_wconf 78' lang='lat' dir='ltr'>triarius</span> <span class='ocrx_word' id='word_1_758' title='bbox 2344 557 2352 574; x_wconf 83' lang='lat'><strong><em>⁷</em></strong></span> <span class='ocrx_word' id='word_1_759' title='bbox 2374 567 2379 573; x_wconf 84' lang='lat'>&#39;</span> <span class='ocrx_word' id='word_1_760' title='bbox 2415 564 2439 582; x_wconf 71' lang='lat'>²⁵</span> 
     </span>
     <span class='ocr_line' id='line_1_113' title="bbox 1270 601 2327 642; baseline 0.004 -12"><span class='ocrx_word' id='word_1_761' title='bbox 1270 601 1424 641; x_wconf 60' lang='lat' dir='ltr'>Eusizmiae,</span> <span class='ocrx_word' id='word_1_762' title='bbox 1443 611 1507 639; x_wconf 83' lang='lat' dir='ltr'>quae</span> <span class='ocrx_word' id='word_1_763' title='bbox 1529 601 1578 631; x_wconf 88' lang='lat' dir='ltr'>fuit</span> <span class='ocrx_word' id='word_1_764' title='bbox 1603 602 1690 632; x_wconf 84' lang='lat' dir='ltr'>Uxor</span> <span class='ocrx_word' id='word_1_765' title='bbox 1713 602 1828 632; x_wconf 63' lang='lat' dir='ltr'>llizlteri</span> <span class='ocrx_word' id='word_1_766' title='bbox 1851 604 1882 632; x_wconf 77' lang='lat' dir='ltr'>de</span> <span class='ocrx_word' id='word_1_767' title='bbox 1894 602 2053 642; x_wconf 59' lang='lat' dir='ltr'>Heselarton</span> <span class='ocrx_word' id='word_1_768' title='bbox 2068 603 2187 641; x_wconf 81' lang='lat' dir='ltr'>Militis,</span> <span class='ocrx_word' id='word_1_769' title='bbox 2206 603 2327 634; x_wconf 82' lang='lat' dir='ltr'>devene-</span> 
     </span>
     <span class='ocr_line' id='line_1_114' title="bbox 1271 640 2327 680; baseline 0.003 -11"><span class='ocrx_word' id='word_1_770' title='bbox 1271 649 1352 678; x_wconf 84' lang='lat' dir='ltr'>runt,</span> <span class='ocrx_word' id='word_1_771' title='bbox 1370 641 1403 670; x_wconf 91' lang='lat'>&amp;</span> <span class='ocrx_word' id='word_1_772' title='bbox 1425 640 1608 677; x_wconf 87' lang='lat' dir='ltr'>postmodum</span> <span class='ocrx_word' id='word_1_773' title='bbox 1632 651 1679 677; x_wconf 82' lang='lat' dir='ltr'>per</span> <span class='ocrx_word' id='word_1_774' title='bbox 1700 641 1803 671; x_wconf 68' lang='lat' dir='ltr'>dic‘tam</span> <span class='ocrx_word' id='word_1_775' title='bbox 1827 641 1947 670; x_wconf 71' lang='lat' dir='ltr'>Almam</span> <span class='ocrx_word' id='word_1_776' title='bbox 1967 642 2002 671; x_wconf 86' lang='lat' dir='ltr'>ab</span> <span class='ocrx_word' id='word_1_777' title='bbox 2024 641 2121 671; x_wconf 78' lang='lat' dir='ltr'>eadem</span> <span class='ocrx_word' id='word_1_778' title='bbox 2136 641 2270 680; x_wconf 81' lang='lat' dir='ltr'>Eufamia</span> <span class='ocrx_word' id='word_1_779' title='bbox 2292 641 2327 672; x_wconf 90' lang='lat' dir='ltr'>ad</span> 
     </span>
     <span class='ocr_line' id='line_1_115' title="bbox 1271 677 1792 717; baseline 0.002 -10"><span class='ocrx_word' id='word_1_780' title='bbox 1271 687 1343 715; x_wconf 89' lang='lat' dir='ltr'>opus</span> <span class='ocrx_word' id='word_1_781' title='bbox 1358 677 1485 708; x_wconf 87' lang='lat' dir='ltr'>nostrum</span> <span class='ocrx_word' id='word_1_782' title='bbox 1501 687 1612 716; x_wconf 83' lang='lat' dir='ltr'>recepta</span> <span class='ocrx_word' id='word_1_783' title='bbox 1627 679 1792 717; x_wconf 67' lang='lat' dir='ltr'>extiterunt,</span> 
     </span>
     <span class='ocr_line' id='line_1_116' title="bbox 1310 715 2328 755; baseline 0.003 -10"><span class='ocrx_word' id='word_1_784' title='bbox 1310 715 1449 746; x_wconf 75' lang='lat' dir='ltr'>Habenda</span> <span class='ocrx_word' id='word_1_785' title='bbox 1463 717 1560 745; x_wconf 78' lang='lat' dir='ltr'>omnia</span> <span class='ocrx_word' id='word_1_786' title='bbox 1573 716 1698 755; x_wconf 86' lang='lat' dir='ltr'>Jocalia,</span> <span class='ocrx_word' id='word_1_787' title='bbox 1715 717 1810 755; x_wconf 84' lang='lat' dir='ltr'>Bona,</span> <span class='ocrx_word' id='word_1_788' title='bbox 1829 717 1861 747; x_wconf 72' lang='grc' dir='ltr'>δε</span> <span class='ocrx_word' id='word_1_789' title='bbox 1878 715 1982 747; x_wconf 78' lang='lat' dir='ltr'>Catalla</span> <span class='ocrx_word' id='word_1_790' title='bbox 1995 717 2126 755; x_wconf 65' lang='lat' dir='ltr'>praedieta</span> <span class='ocrx_word' id='word_1_791' title='bbox 2144 718 2266 755; x_wconf 81' lang='lat' dir='ltr'>praefatae</span> <span class='ocrx_word' id='word_1_792' title='bbox 2280 721 2328 747; x_wconf 88' lang='lat' dir='ltr'>A-</span> 
     </span>
     <span class='ocr_line' id='line_1_117' title="bbox 1272 753 1616 784; baseline 0.006 -2"><span class='ocrx_word' id='word_1_793' title='bbox 1272 753 1339 783; x_wconf 85' lang='lat' dir='ltr'>liciae</span> <span class='ocrx_word' id='word_1_794' title='bbox 1354 753 1388 783; x_wconf 92' lang='lat' dir='ltr'>de</span> <span class='ocrx_word' id='word_1_795' title='bbox 1402 753 1494 783; x_wconf 90' lang='lat' dir='ltr'>Dono</span> <span class='ocrx_word' id='word_1_796' title='bbox 1509 754 1616 784; x_wconf 88' lang='lat' dir='ltr'>nostro.</span> 
     </span>
     <span class='ocr_line' id='line_1_118' title="bbox 1311 791 2330 833; baseline 0.004 -12"><span class='ocrx_word' id='word_1_797' title='bbox 1311 791 1349 821; x_wconf 89' lang='lat' dir='ltr'>Et</span> <span class='ocrx_word' id='word_1_798' title='bbox 1362 792 1470 829; x_wconf 90' lang='lat' dir='ltr'>insuper</span> <span class='ocrx_word' id='word_1_799' title='bbox 1485 792 1543 822; x_wconf 68' lang='lat' dir='ltr'>tam</span> <span class='ocrx_word' id='word_1_800' title='bbox 1559 793 1700 832; x_wconf 83' lang='lat' dir='ltr'>praefatam</span> <span class='ocrx_word' id='word_1_801' title='bbox 1718 793 1853 831; x_wconf 79' lang='lat' dir='ltr'>Aliriam,</span> <span class='ocrx_word' id='word_1_802' title='bbox 1874 793 1958 830; x_wconf 62' lang='lat' dir='ltr'>quarn</span> <span class='ocrx_word' id='word_1_803' title='bbox 1974 793 2126 832; x_wconf 65' lang='lat' dir='ltr'>Haeredes,</span> <span class='ocrx_word' id='word_1_804' title='bbox 2145 794 2330 833; x_wconf 78' lang='lat' dir='ltr'>Executores,</span> 
     </span>
     <span class='ocr_line' id='line_1_119' title="bbox 1275 830 2329 871; baseline 0.003 -11"><span class='ocrx_word' id='word_1_805' title='bbox 1275 830 1309 860; x_wconf 88' lang='lat'>&amp;</span> <span class='ocrx_word' id='word_1_806' title='bbox 1323 830 1421 859; x_wconf 73' lang='lat' dir='ltr'>Terrae</span> <span class='ocrx_word' id='word_1_807' title='bbox 1435 830 1577 860; x_wconf 78' lang='lat' dir='ltr'>Tenentes</span> <span class='ocrx_word' id='word_1_808' title='bbox 1593 831 1713 865; x_wconf 82' lang='lat' dir='ltr'>ejusdem</span> <span class='ocrx_word' id='word_1_809' title='bbox 1730 831 1830 860; x_wconf 65' lang='lat' dir='ltr'>Aliciie</span> <span class='ocrx_word' id='word_1_810' title='bbox 1846 832 2054 870; x_wconf 68' lang='lat' dir='ltr'>quoscumque,</span> <span class='ocrx_word' id='word_1_811' title='bbox 2073 833 2109 862; x_wconf 84' lang='lat' dir='ltr'>de</span> <span class='ocrx_word' id='word_1_812' title='bbox 2125 835 2258 863; x_wconf 83' lang='lat' dir='ltr'>omnibus</span> <span class='ocrx_word' id='word_1_813' title='bbox 2274 833 2329 871; x_wconf 73' lang='lat' dir='ltr'>jo·-</span> 
     </span>
     <span class='ocr_line' id='line_1_120' title="bbox 1274 866 2329 913; baseline 0.006 -17"><span class='ocrx_word' id='word_1_814' title='bbox 1274 868 1395 912; x_wconf 79' lang='lat' dir='ltr'>calibus,</span> <span class='ocrx_word' id='word_1_815' title='bbox 1414 867 1513 913; x_wconf 79' lang='lat' dir='ltr'>BoniS‚</span> <span class='ocrx_word' id='word_1_816' title='bbox 1530 870 1563 898; x_wconf 67' lang='grc' dir='ltr'>ὃς</span> <span class='ocrx_word' id='word_1_817' title='bbox 1586 866 1696 899; x_wconf 85' lang='lat' dir='ltr'>Catallis</span> <span class='ocrx_word' id='word_1_818' title='bbox 1716 870 1856 907; x_wconf 61' lang='lat' dir='ltr'>praedietis</span> <span class='ocrx_word' id='word_1_819' title='bbox 1878 869 2076 907; x_wconf 83' lang='lat' dir='ltr'>Aequietamus</span> <span class='ocrx_word' id='word_1_820' title='bbox 2091 872 2122 902; x_wconf 74' lang='grc' dir='ltr'>ὃ(</span> <span class='ocrx_word' id='word_1_821' title='bbox 2136 871 2329 903; x_wconf 80' lang='lat' dir='ltr'>Exoneramus</span> 
     </span>
     <span class='ocr_line' id='line_1_121' title="bbox 1275 914 1495 945; baseline 0 -10"><span class='ocrx_word' id='word_1_822' title='bbox 1275 914 1495 945; x_wconf 86' lang='lat' dir='ltr'>imperpetuum.</span> 
     </span>
     <span class='ocr_line' id='line_1_122' title="bbox 1313 945 1535 981; baseline 0 -7"><span class='ocrx_word' id='word_1_823' title='bbox 1313 945 1346 974; x_wconf 84' lang='lat' dir='ltr'>ln</span> <span class='ocrx_word' id='word_1_824' title='bbox 1363 945 1458 981; x_wconf 79' lang='lat' dir='ltr'>cujus,</span> <span class='ocrx_word' id='word_1_825' title='bbox 1475 945 1535 974; x_wconf 87' lang='lat' dir='ltr'>&amp;c.</span> 
     </span>
     <span class='ocr_line' id='line_1_123' title="bbox 1352 981 2147 1024; baseline 0.003 -12"><span class='ocrx_word' id='word_1_826' title='bbox 1352 981 1443 1013; x_wconf 87' lang='lat' dir='ltr'>Teste</span> <span class='ocrx_word' id='word_1_827' title='bbox 1457 982 1538 1022; x_wconf 85' lang='lat' dir='ltr'>Rege</span> <span class='ocrx_word' id='word_1_828' title='bbox 1552 982 1624 1020; x_wconf 89' lang='lat' dir='ltr'>apud</span> <span class='ocrx_word' id='word_1_829' title='bbox 1640 983 1821 1022; x_wconf 56' lang='lat' dir='ltr'>NVodestok,</span> <span class='ocrx_word' id='word_1_830' title='bbox 1838 983 1943 1014; x_wconf 64' lang='lat' dir='ltr'>octavo</span> <span class='ocrx_word' id='word_1_831' title='bbox 1958 983 2003 1015; x_wconf 90' lang='lat' dir='ltr'>die</span> <span class='ocrx_word' id='word_1_832' title='bbox 2019 984 2147 1024; x_wconf 79' lang='lat' dir='ltr'>Augusti.</span> 
     </span>
    </p>
   </div>
   <div class='ocr_carea' id='block_1_27' title="bbox 1780 1061 2224 1098">
    <p class='ocr_par' dir='ltr' id='par_1_47' title="bbox 1780 1061 2224 1098">
     <span class='ocr_line' id='line_1_124' title="bbox 1780 1061 2224 1098; baseline 0.002 -9"><span class='ocrx_word' id='word_1_833' title='bbox 1780 1063 1832 1089; x_wconf 89' lang='lat' dir='ltr'>Per</span> <span class='ocrx_word' id='word_1_834' title='bbox 1849 1064 1939 1090; x_wconf 78' lang='lat' dir='ltr'>Breve</span> <span class='ocrx_word' id='word_1_835' title='bbox 1952 1061 1983 1090; x_wconf 85' lang='lat' dir='ltr'>de</span> <span class='ocrx_word' id='word_1_836' title='bbox 1998 1063 2118 1090; x_wconf 74' lang='lat' dir='ltr'>Privato</span> <span class='ocrx_word' id='word_1_837' title='bbox 2127 1061 2224 1098; x_wconf 70' lang='lat' dir='ltr'>sigillo.</span> 
     </span>
    </p>
   </div>
   <div class='ocr_carea' id='block_1_28' title="bbox 1298 1137 2328 1142">
    <p class='ocr_par' dir='ltr' id='par_1_48' title="bbox 1298 1137 2328 1142">
     <span class='ocr_line' id='line_1_125' title="bbox 1298 1137 2328 1142; baseline 0 0"><span class='ocrx_word' id='word_1_838' title='bbox 1298 1137 2328 1142; x_wconf 95' lang='lat' dir='ltr'> </span> 
     </span>
    </p>
   </div>
   <div class='ocr_carea' id='block_1_29' title="bbox 1455 1183 2153 1232">
    <p class='ocr_par' dir='ltr' id='par_1_49' title="bbox 1455 1183 2153 1232">
     <span class='ocr_line' id='line_1_126' title="bbox 1455 1183 2153 1232; baseline 0.001 -14"><span class='ocrx_word' id='word_1_839' title='bbox 1455 1188 1549 1232; x_wconf 79' lang='lat' dir='ltr'>Super</span> <span class='ocrx_word' id='word_1_840' title='bbox 1566 1189 1656 1219; x_wconf 71' lang='lat' dir='ltr'>Statu</span> <span class='ocrx_word' id='word_1_841' title='bbox 1670 1189 1705 1224; x_wconf 58' lang='grc' dir='ltr'><strong><em>ὠ</em></strong></span> <span class='ocrx_word' id='word_1_842' title='bbox 1727 1183 1864 1228; x_wconf 65' lang='lat' dir='ltr'>Custodia</span> <span class='ocrx_word' id='word_1_843' title='bbox 1881 1186 1974 1218; x_wconf 70' lang='lat' dir='ltr'>Torrae</span> <span class='ocrx_word' id='word_1_844' title='bbox 1993 1183 2153 1219; x_wconf 69' lang='lat' dir='ltr'>Hibertziae.</span> 
     </span>
    </p>
   </div>
   <div class='ocr_carea' id='block_1_30' title="bbox 1266 1267 2479 3233">
    <p class='ocr_par' dir='ltr' id='par_1_50' title="bbox 1277 1267 2479 1351">
     <span class='ocr_line' id='line_1_127' title="bbox 1277 1267 2479 1328; baseline -0.002 -29"><span class='ocrx_word' id='word_1_845' title='bbox 1277 1267 1396 1324; x_wconf 79' lang='lat' dir='ltr'>REX</span> <span class='ocrx_word' id='word_1_846' title='bbox 1409 1271 1561 1310; x_wconf 89' lang='lat' dir='ltr'>omnibus,</span> <span class='ocrx_word' id='word_1_847' title='bbox 1578 1271 1611 1301; x_wconf 92' lang='lat' dir='ltr'>ad</span> <span class='ocrx_word' id='word_1_848' title='bbox 1629 1281 1716 1328; x_wconf 62' lang='lat' dir='ltr'>qu057</span> <span class='ocrx_word' id='word_1_849' title='bbox 1735 1271 1795 1301; x_wconf 87' lang='lat' dir='ltr'>&amp;c.</span> <span class='ocrx_word' id='word_1_850' title='bbox 1814 1269 1948 1300; x_wconf 80' lang='lat' dir='ltr'>Salutem.</span> <span class='ocrx_word' id='word_1_851' title='bbox 2345 1278 2420 1308; x_wconf 40' lang='lat' dir='ltr'>Anu.</span> <span class='ocrx_word' id='word_1_852' title='bbox 2438 1278 2479 1310; x_wconf 52' lang='lat' dir='ltr'>D4</span> 
     </span>
     <span class='ocr_line' id='line_1_128' title="bbox 1374 1307 2458 1351; baseline -0.001 -13"><span class='ocrx_word' id='word_1_853' title='bbox 1374 1308 1552 1339; x_wconf 86' lang='lat' dir='ltr'>Accedentes</span> <span class='ocrx_word' id='word_1_854' title='bbox 1565 1310 1599 1340; x_wconf 91' lang='lat' dir='ltr'>ad</span> <span class='ocrx_word' id='word_1_855' title='bbox 1615 1309 1682 1339; x_wconf 50' lang='grc' dir='ltr'>λος</span> <span class='ocrx_word' id='word_1_856' title='bbox 1697 1310 1730 1340; x_wconf 86' lang='lat'>&amp;</span> <span class='ocrx_word' id='word_1_857' title='bbox 1743 1309 1910 1339; x_wconf 88' lang='lat' dir='ltr'>Concilium</span> <span class='ocrx_word' id='word_1_858' title='bbox 1925 1307 2053 1339; x_wconf 90' lang='lat' dir='ltr'>nostrum</span> <span class='ocrx_word' id='word_1_859' title='bbox 2068 1310 2096 1338; x_wconf 93' lang='lat' dir='ltr'>in</span> <span class='ocrx_word' id='word_1_860' title='bbox 2117 1308 2234 1347; x_wconf 62' lang='lat' dir='ltr'>Anglii,</span> <span class='ocrx_word' id='word_1_861' title='bbox 2374 1327 2458 1351; x_wconf 56' lang='lat'>127⁴.</span> 
     </span>
    </p>

    <p class='ocr_par' dir='ltr' id='par_1_51' title="bbox 1312 1341 2460 1392">
     <span class='ocr_line' id='line_1_129' title="bbox 1312 1341 2460 1392; baseline 0.008 -17"><span class='ocrx_word' id='word_1_862' title='bbox 1312 1344 1491 1377; x_wconf 84' lang='lat' dir='ltr'>Venerabiles</span> <span class='ocrx_word' id='word_1_863' title='bbox 1507 1348 1631 1386; x_wconf 82' lang='lat' dir='ltr'>Fratres,</span> <span class='ocrx_word' id='word_1_864' title='bbox 2345 1352 2403 1383; x_wconf 66' lang='lat' dir='ltr'>Ans</span> <span class='ocrx_word' id='word_1_865' title='bbox 2414 1341 2460 1392; x_wconf 55' lang='lat'>43.</span> 
     </span>
    </p>

    <p class='ocr_par' dir='ltr' id='par_1_52' title="bbox 1272 1384 2458 1461">
     <span class='ocr_line' id='line_1_130' title="bbox 1309 1384 2439 1427; baseline 0.003 -14"><span class='ocrx_word' id='word_1_866' title='bbox 1309 1384 1448 1423; x_wconf 72' lang='lat' dir='ltr'>Episc‘opus</span> <span class='ocrx_word' id='word_1_867' title='bbox 1470 1386 1598 1427; x_wconf 72' lang='lat' dir='ltr'>Midenfis</span> <span class='ocrx_word' id='word_1_868' title='bbox 1619 1389 1648 1416; x_wconf 87' lang='lat' dir='ltr'>in</span> <span class='ocrx_word' id='word_1_869' title='bbox 1665 1385 1821 1423; x_wconf 86' lang='lat' dir='ltr'>Hibernia,</span> <span class='ocrx_word' id='word_1_870' title='bbox 1839 1395 1927 1424; x_wconf 87' lang='lat' dir='ltr'>nuper</span> <span class='ocrx_word' id='word_1_871' title='bbox 1941 1385 2139 1415; x_wconf 79' lang='lat' dir='ltr'>Thesaurarius</span> <span class='ocrx_word' id='word_1_872' title='bbox 2159 1384 2254 1416; x_wconf 89' lang='lat' dir='ltr'>noster</span> <span class='ocrx_word' id='word_1_873' title='bbox 2273 1384 2331 1416; x_wconf 85' lang='lat' dir='ltr'>Hi-</span> <span class='ocrx_word' id='word_1_874' title='bbox 2348 1399 2378 1421; x_wconf 81' lang='lat' dir='ltr'>E.</span> <span class='ocrx_word' id='word_1_875' title='bbox 2399 1384 2439 1425; x_wconf 46' lang='lat'>2]</span> 
     </span>
     <span class='ocr_line' id='line_1_131' title="bbox 1272 1420 2458 1461; baseline -0.003 -11"><span class='ocrx_word' id='word_1_876' title='bbox 1272 1420 1378 1451; x_wconf 71' lang='lat' dir='ltr'>bernice</span> <span class='ocrx_word' id='word_1_877' title='bbox 1388 1446 1396 1460; x_wconf 84' lang='lat'>‚</span> <span class='ocrx_word' id='word_1_878' title='bbox 2346 1427 2405 1460; x_wconf 63' lang='lat' dir='ltr'>Pars</span> <span class='ocrx_word' id='word_1_879' title='bbox 2420 1444 2458 1461; x_wconf 29' lang='grc' dir='ltr'>,Ἣ</span> 
     </span>
    </p>

    <p class='ocr_par' dir='ltr' id='par_1_53' title="bbox 1309 1456 2465 1506">
     <span class='ocr_line' id='line_1_132' title="bbox 1309 1456 2465 1506; baseline 0.009 -17"><span class='ocrx_word' id='word_1_880' title='bbox 1309 1461 1337 1487; x_wconf 89' lang='grc' dir='ltr'><strong><em>Ε</em></strong></span> <span class='ocrx_word' id='word_1_881' title='bbox 1354 1460 1447 1499; x_wconf 62' lang='lat' dir='ltr'>isiopzts</span> <span class='ocrx_word' id='word_1_882' title='bbox 1461 1462 1652 1502; x_wconf 83' lang='lat' dir='ltr'>Cluniacenfis,</span> <span class='ocrx_word' id='word_1_883' title='bbox 2347 1476 2375 1498; x_wconf 87' lang='grc' dir='ltr'>Ε.</span> <span class='ocrx_word' id='word_1_884' title='bbox 2389 1456 2443 1506; x_wconf 54' lang='grc' dir='ltr'>ςὙρ,</span> <span class='ocrx_word' id='word_1_885' title='bbox 2452 1481 2465 1498; x_wconf 85' lang='lat'>2</span> 
     </span>
    </p>

    <p class='ocr_par' dir='ltr' id='par_1_54' title="bbox 1274 1500 2446 1577">
     <span class='ocr_line' id='line_1_133' title="bbox 1336 1500 2446 1540; baseline 0.002 -12"><span class='ocrx_word' id='word_1_886' title='bbox 1336 1508 1406 1529; x_wconf 86' lang='lat' dir='ltr'>rater</span> <span class='ocrx_word' id='word_1_887' title='bbox 1428 1500 1591 1530; x_wconf 82' lang='lat' dir='ltr'>Willielmus</span> <span class='ocrx_word' id='word_1_888' title='bbox 1610 1504 1702 1540; x_wconf 82' lang='lat' dir='ltr'>Tany,</span> <span class='ocrx_word' id='word_1_889' title='bbox 1720 1500 1802 1531; x_wconf 88' lang='lat' dir='ltr'>Prior</span> <span class='ocrx_word' id='word_1_890' title='bbox 1823 1500 1974 1538; x_wconf 84' lang='lat' dir='ltr'>Hospitalis</span> <span class='ocrx_word' id='word_1_891' title='bbox 1990 1500 2233 1539; x_wconf 71' lang='lat' dir='ltr'>Sanc‘tiJohannis</span> <span class='ocrx_word' id='word_1_892' title='bbox 2244 1500 2330 1538; x_wconf 85' lang='lat' dir='ltr'>Jeru-</span> <span class='ocrx_word' id='word_1_893' title='bbox 2345 1504 2446 1539; x_wconf 55' lang='lat' dir='ltr'>mjzo.</span> 
     </span>
     <span class='ocr_line' id='line_1_134' title="bbox 1274 1534 2060 1577; baseline 0.003 -11"><span class='ocrx_word' id='word_1_894' title='bbox 1274 1534 1356 1566; x_wconf 78' lang='lat' dir='ltr'>salem</span> <span class='ocrx_word' id='word_1_895' title='bbox 1374 1538 1401 1567; x_wconf 92' lang='lat' dir='ltr'>in</span> <span class='ocrx_word' id='word_1_896' title='bbox 1414 1537 1567 1577; x_wconf 79' lang='lat' dir='ltr'>Hibernia,</span> <span class='ocrx_word' id='word_1_897' title='bbox 1587 1538 1775 1569; x_wconf 84' lang='lat' dir='ltr'>Cancellarius</span> <span class='ocrx_word' id='word_1_898' title='bbox 1789 1539 1883 1568; x_wconf 88' lang='lat' dir='ltr'>noster</span> <span class='ocrx_word' id='word_1_899' title='bbox 1900 1538 2060 1576; x_wconf 69' lang='lat' dir='ltr'>Hiberniae,</span> 
     </span>
    </p>

    <p class='ocr_par' dir='ltr' id='par_1_55' title="bbox 1273 1573 2332 1654">
     <span class='ocr_line' id='line_1_135' title="bbox 1309 1573 2332 1617; baseline 0.003 -13"><span class='ocrx_word' id='word_1_900' title='bbox 1309 1573 1345 1605; x_wconf 91' lang='lat' dir='ltr'>Et</span> <span class='ocrx_word' id='word_1_901' title='bbox 1365 1576 1495 1605; x_wconf 80' lang='lat' dir='ltr'>Robertus</span> <span class='ocrx_word' id='word_1_902' title='bbox 1516 1577 1680 1617; x_wconf 83' lang='lat' dir='ltr'>Holywode,</span> <span class='ocrx_word' id='word_1_903' title='bbox 1699 1576 1850 1614; x_wconf 86' lang='lat' dir='ltr'>Chivaler,</span> <span class='ocrx_word' id='word_1_904' title='bbox 1867 1586 1937 1607; x_wconf 88' lang='lat' dir='ltr'>unus</span> <span class='ocrx_word' id='word_1_905' title='bbox 1958 1577 2100 1607; x_wconf 77' lang='lat' dir='ltr'>Baronum</span> <span class='ocrx_word' id='word_1_906' title='bbox 2122 1576 2158 1607; x_wconf 87' lang='lat' dir='ltr'>de</span> <span class='ocrx_word' id='word_1_907' title='bbox 2182 1576 2332 1608; x_wconf 87' lang='lat' dir='ltr'>Scaccario</span> 
     </span>
     <span class='ocr_line' id='line_1_136' title="bbox 1273 1613 1552 1654; baseline 0.011 -12"><span class='ocrx_word' id='word_1_908' title='bbox 1273 1613 1371 1643; x_wconf 89' lang='lat' dir='ltr'>nostro</span> <span class='ocrx_word' id='word_1_909' title='bbox 1387 1614 1552 1654; x_wconf 66' lang='lat' dir='ltr'>Hiberniae,</span> 
     </span>
    </p>

    <p class='ocr_par' dir='ltr' id='par_1_56' title="bbox 1273 1651 2333 1769">
     <span class='ocr_line' id='line_1_137' title="bbox 1313 1651 2333 1692; baseline 0.001 -9"><span class='ocrx_word' id='word_1_910' title='bbox 1313 1651 1374 1690; x_wconf 75' lang='lat' dir='ltr'>Qii</span> <span class='ocrx_word' id='word_1_911' title='bbox 1388 1663 1438 1691; x_wconf 87' lang='lat' dir='ltr'>per</span> <span class='ocrx_word' id='word_1_912' title='bbox 1454 1653 1671 1685; x_wconf 88' lang='lat' dir='ltr'>Comunitatem</span> <span class='ocrx_word' id='word_1_913' title='bbox 1690 1654 1848 1692; x_wconf 75' lang='lat' dir='ltr'>Ligeorum</span> <span class='ocrx_word' id='word_1_914' title='bbox 1864 1653 2027 1683; x_wconf 86' lang='lat' dir='ltr'>nostrorum</span> <span class='ocrx_word' id='word_1_915' title='bbox 2041 1653 2142 1683; x_wconf 77' lang='lat' dir='ltr'>Terra:</span> <span class='ocrx_word' id='word_1_916' title='bbox 2158 1654 2262 1683; x_wconf 80' lang='lat' dir='ltr'>nostrae</span> <span class='ocrx_word' id='word_1_917' title='bbox 2276 1654 2333 1684; x_wconf 89' lang='lat' dir='ltr'>Hi-</span> 
     </span>
     <span class='ocr_line' id='line_1_138' title="bbox 1273 1690 2332 1730; baseline 0.002 -10"><span class='ocrx_word' id='word_1_918' title='bbox 1273 1690 1396 1730; x_wconf 85' lang='lat' dir='ltr'>berniae,</span> <span class='ocrx_word' id='word_1_919' title='bbox 1413 1692 1446 1722; x_wconf 94' lang='lat' dir='ltr'>ad</span> <span class='ocrx_word' id='word_1_920' title='bbox 1469 1691 1690 1723; x_wconf 85' lang='lat' dir='ltr'>Certiorandum</span> <span class='ocrx_word' id='word_1_921' title='bbox 1711 1690 1779 1722; x_wconf 93' lang='lat' dir='ltr'>Nos</span> <span class='ocrx_word' id='word_1_922' title='bbox 1801 1693 1835 1722; x_wconf 72' lang='grc' dir='ltr'>ὅ(</span> <span class='ocrx_word' id='word_1_923' title='bbox 1856 1691 2023 1722; x_wconf 89' lang='lat' dir='ltr'>Concilium</span> <span class='ocrx_word' id='word_1_924' title='bbox 2046 1691 2177 1722; x_wconf 88' lang='lat' dir='ltr'>nostrum</span> <span class='ocrx_word' id='word_1_925' title='bbox 2198 1692 2233 1721; x_wconf 83' lang='lat' dir='ltr'>de</span> <span class='ocrx_word' id='word_1_926' title='bbox 2253 1692 2332 1723; x_wconf 81' lang='lat' dir='ltr'>Statu</span> 
     </span>
     <span class='ocr_line' id='line_1_139' title="bbox 1275 1728 1967 1769; baseline 0.003 -11"><span class='ocrx_word' id='word_1_927' title='bbox 1275 1729 1395 1766; x_wconf 88' lang='lat' dir='ltr'>ejusdem</span> <span class='ocrx_word' id='word_1_928' title='bbox 1409 1730 1525 1769; x_wconf 65' lang='lat' dir='ltr'>Terrae,</span> <span class='ocrx_word' id='word_1_929' title='bbox 1544 1733 1572 1761; x_wconf 91' lang='lat' dir='ltr'>in</span> <span class='ocrx_word' id='word_1_930' title='bbox 1586 1731 1737 1761; x_wconf 88' lang='lat' dir='ltr'>Nuncium</span> <span class='ocrx_word' id='word_1_931' title='bbox 1753 1730 1824 1760; x_wconf 83' lang='lat' dir='ltr'>miffi</span> <span class='ocrx_word' id='word_1_932' title='bbox 1838 1728 1967 1767; x_wconf 85' lang='lat' dir='ltr'>fuerunt,</span> 
     </span>
    </p>

    <p class='ocr_par' dir='ltr' id='par_1_57' title="bbox 1275 1767 2336 2153">
     <span class='ocr_line' id='line_1_140' title="bbox 1312 1767 2334 1808; baseline 0.001 -10"><span class='ocrx_word' id='word_1_933' title='bbox 1312 1768 1506 1808; x_wconf 81' lang='lat' dir='ltr'>Suggerebant</span> <span class='ocrx_word' id='word_1_934' title='bbox 1521 1770 1553 1800; x_wconf 69' lang='grc' dir='ltr'>δε</span> <span class='ocrx_word' id='word_1_935' title='bbox 1570 1770 1674 1806; x_wconf 85' lang='lat' dir='ltr'>plenius</span> <span class='ocrx_word' id='word_1_936' title='bbox 1688 1769 1879 1806; x_wconf 88' lang='lat' dir='ltr'>insinuabant,</span> <span class='ocrx_word' id='word_1_937' title='bbox 1897 1779 1995 1799; x_wconf 88' lang='lat' dir='ltr'>coram</span> <span class='ocrx_word' id='word_1_938' title='bbox 2019 1768 2098 1798; x_wconf 62' lang='lat' dir='ltr'>dieto</span> <span class='ocrx_word' id='word_1_939' title='bbox 2120 1767 2258 1798; x_wconf 85' lang='lat' dir='ltr'>Concilio</span> <span class='ocrx_word' id='word_1_940' title='bbox 2280 1779 2334 1799; x_wconf 91' lang='lat' dir='ltr'>no-</span> 
     </span>
     <span class='ocr_line' id='line_1_141' title="bbox 1276 1804 2333 1846; baseline 0 -10"><span class='ocrx_word' id='word_1_941' title='bbox 1276 1804 1332 1836; x_wconf 90' lang='lat' dir='ltr'>stro</span> <span class='ocrx_word' id='word_1_942' title='bbox 1345 1831 1354 1845; x_wconf 85' lang='lat'>‚</span> <span class='ocrx_word' id='word_1_943' title='bbox 1381 1806 1505 1837; x_wconf 83' lang='lat' dir='ltr'>Terram</span> <span class='ocrx_word' id='word_1_944' title='bbox 1525 1808 1688 1846; x_wconf 72' lang='lat' dir='ltr'>praediCtam</span> <span class='ocrx_word' id='word_1_945' title='bbox 1702 1831 1712 1846; x_wconf 82' lang='lat'>,</span> <span class='ocrx_word' id='word_1_946' title='bbox 1737 1808 1770 1837; x_wconf 85' lang='lat'>&amp;</span> <span class='ocrx_word' id='word_1_947' title='bbox 1794 1807 1898 1845; x_wconf 80' lang='lat' dir='ltr'>Ligeos</span> <span class='ocrx_word' id='word_1_948' title='bbox 1920 1806 2031 1836; x_wconf 85' lang='lat' dir='ltr'>nostros</span> <span class='ocrx_word' id='word_1_949' title='bbox 2051 1806 2156 1836; x_wconf 86' lang='lat' dir='ltr'>ibidem</span> <span class='ocrx_word' id='word_1_950' title='bbox 2171 1830 2179 1844; x_wconf 92' lang='lat'>,</span> <span class='ocrx_word' id='word_1_951' title='bbox 2206 1807 2263 1837; x_wconf 68' lang='lat' dir='ltr'>tam</span> <span class='ocrx_word' id='word_1_952' title='bbox 2285 1815 2333 1843; x_wconf 88' lang='lat' dir='ltr'>per</span> 
     </span>
     <span class='ocr_line' id='line_1_142' title="bbox 1277 1844 2335 1884; baseline 0.001 -10"><span class='ocrx_word' id='word_1_953' title='bbox 1277 1844 1503 1876; x_wconf 89' lang='lat' dir='ltr'>Combustiones</span> <span class='ocrx_word' id='word_1_954' title='bbox 1516 1848 1619 1884; x_wconf 84' lang='lat' dir='ltr'>varias,</span> <span class='ocrx_word' id='word_1_955' title='bbox 1638 1847 1723 1884; x_wconf 68' lang='lat' dir='ltr'>quam</span> <span class='ocrx_word' id='word_1_956' title='bbox 1736 1855 1785 1883; x_wconf 81' lang='lat' dir='ltr'>per</span> <span class='ocrx_word' id='word_1_957' title='bbox 1800 1845 1983 1882; x_wconf 75' lang='lat' dir='ltr'>Homicidia,</span> <span class='ocrx_word' id='word_1_958' title='bbox 2002 1855 2051 1882; x_wconf 86' lang='lat' dir='ltr'>per</span> <span class='ocrx_word' id='word_1_959' title='bbox 2066 1845 2202 1875; x_wconf 76' lang='lat' dir='ltr'>inimicos</span> <span class='ocrx_word' id='word_1_960' title='bbox 2217 1846 2250 1875; x_wconf 62' lang='grc' dir='ltr'>ὃ(</span> <span class='ocrx_word' id='word_1_961' title='bbox 2274 1844 2335 1875; x_wconf 85' lang='lat' dir='ltr'>Re-</span> 
     </span>
     <span class='ocr_line' id='line_1_143' title="bbox 1275 1882 2335 1922; baseline 0.002 -10"><span class='ocrx_word' id='word_1_962' title='bbox 1275 1883 1360 1913; x_wconf 89' lang='lat' dir='ltr'>belles</span> <span class='ocrx_word' id='word_1_963' title='bbox 1381 1884 1493 1914; x_wconf 81' lang='lat' dir='ltr'>nostros</span> <span class='ocrx_word' id='word_1_964' title='bbox 1515 1886 1542 1914; x_wconf 90' lang='lat' dir='ltr'>in</span> <span class='ocrx_word' id='word_1_965' title='bbox 1562 1885 1684 1922; x_wconf 88' lang='lat' dir='ltr'>partibus</span> <span class='ocrx_word' id='word_1_966' title='bbox 1704 1883 1754 1913; x_wconf 87' lang='lat' dir='ltr'>illis</span> <span class='ocrx_word' id='word_1_967' title='bbox 1772 1883 1861 1920; x_wconf 65' lang='lat' dir='ltr'>faeta,</span> <span class='ocrx_word' id='word_1_968' title='bbox 1887 1885 1919 1914; x_wconf 65' lang='grc' dir='ltr'>ὅ(</span> <span class='ocrx_word' id='word_1_969' title='bbox 1941 1885 2082 1920; x_wconf 71' lang='lat' dir='ltr'>praecipue</span> <span class='ocrx_word' id='word_1_970' title='bbox 2098 1907 2107 1920; x_wconf 90' lang='lat'>,</span> <span class='ocrx_word' id='word_1_971' title='bbox 2132 1893 2185 1921; x_wconf 90' lang='lat' dir='ltr'>pro</span> <span class='ocrx_word' id='word_1_972' title='bbox 2207 1882 2335 1914; x_wconf 67' lang='lat' dir='ltr'>Defecstu</span> 
     </span>
     <span class='ocr_line' id='line_1_144' title="bbox 1275 1921 2336 1961; baseline -0.001 -10"><span class='ocrx_word' id='word_1_973' title='bbox 1275 1921 1435 1961; x_wconf 84' lang='lat' dir='ltr'>Regiminis</span> <span class='ocrx_word' id='word_1_974' title='bbox 1452 1924 1484 1954; x_wconf 70' lang='grc' dir='ltr'>ὃ(</span> <span class='ocrx_word' id='word_1_975' title='bbox 1499 1923 1583 1953; x_wconf 78' lang='lat' dir='ltr'>bonae</span> <span class='ocrx_word' id='word_1_976' title='bbox 1597 1922 1744 1953; x_wconf 79' lang='lat' dir='ltr'>Custodiae</span> <span class='ocrx_word' id='word_1_977' title='bbox 1759 1921 1966 1951; x_wconf 88' lang='lat' dir='ltr'>Dominiorum</span> <span class='ocrx_word' id='word_1_978' title='bbox 1982 1921 2119 1950; x_wconf 83' lang='lat' dir='ltr'>Edmundi</span> <span class='ocrx_word' id='word_1_979' title='bbox 2133 1924 2241 1950; x_wconf 59' lang='lat' dir='ltr'>Cani-itis</span> <span class='ocrx_word' id='word_1_980' title='bbox 2251 1923 2336 1950; x_wconf 86' lang='lat' dir='ltr'>Mar-</span> 
     </span>
     <span class='ocr_line' id='line_1_145' title="bbox 1275 1958 2335 1999; baseline 0.001 -10"><span class='ocrx_word' id='word_1_981' title='bbox 1275 1960 1340 1990; x_wconf 82' lang='lat' dir='ltr'>chiae</span> <span class='ocrx_word' id='word_1_982' title='bbox 1359 1959 1397 1996; x_wconf 72' lang='lat'>&amp;¹</span> <span class='ocrx_word' id='word_1_983' title='bbox 1418 1961 1554 1999; x_wconf 72' lang='lat' dir='ltr'>Ultoniae,</span> <span class='ocrx_word' id='word_1_984' title='bbox 1573 1963 1604 1991; x_wconf 85' lang='lat' dir='ltr'>de</span> <span class='ocrx_word' id='word_1_985' title='bbox 1628 1962 1699 1990; x_wconf 69' lang='lat' dir='ltr'>Mid.</span> <span class='ocrx_word' id='word_1_986' title='bbox 1719 1958 1832 1998; x_wconf 72' lang='lat' dir='ltr'>Ulnestr.</span> <span class='ocrx_word' id='word_1_987' title='bbox 1854 1958 1891 1993; x_wconf 55' lang='grc' dir='ltr'><strong><em>ὠ</em></strong></span> <span class='ocrx_word' id='word_1_988' title='bbox 1912 1959 2030 1996; x_wconf 73' lang='lat' dir='ltr'>Conagh.</span> <span class='ocrx_word' id='word_1_989' title='bbox 2049 1960 2133 1989; x_wconf 84' lang='lat' dir='ltr'>nimis</span> <span class='ocrx_word' id='word_1_990' title='bbox 2147 1959 2335 1990; x_wconf 65' lang='lat' dir='ltr'>Destrucram</span> 
     </span>
     <span class='ocr_line' id='line_1_146' title="bbox 1276 1997 2334 2038; baseline -0.002 -8"><span class='ocrx_word' id='word_1_991' title='bbox 1276 1999 1354 2038; x_wconf 83' lang='lat' dir='ltr'>fore,</span> <span class='ocrx_word' id='word_1_992' title='bbox 1373 2010 1406 2030; x_wconf 83' lang='lat' dir='ltr'>ac</span> <span class='ocrx_word' id='word_1_993' title='bbox 1419 2002 1524 2038; x_wconf 86' lang='lat' dir='ltr'>majora</span> <span class='ocrx_word' id='word_1_994' title='bbox 1538 2002 1571 2032; x_wconf 89' lang='lat'>&amp;</span> <span class='ocrx_word' id='word_1_995' title='bbox 1583 2001 1712 2036; x_wconf 83' lang='lat' dir='ltr'>graviora</span> <span class='ocrx_word' id='word_1_996' title='bbox 1726 1998 1853 2028; x_wconf 76' lang='lat' dir='ltr'>Pericula</span> <span class='ocrx_word' id='word_1_997' title='bbox 1873 1998 1906 2028; x_wconf 72' lang='grc' dir='ltr'>ὅ(</span> <span class='ocrx_word' id='word_1_998' title='bbox 1929 1997 2144 2028; x_wconf 66' lang='lat' dir='ltr'>Destrut‘ticnes</span> <span class='ocrx_word' id='word_1_999' title='bbox 2163 1998 2262 2028; x_wconf 85' lang='lat' dir='ltr'>Terrae</span> <span class='ocrx_word' id='word_1_1000' title='bbox 2281 2008 2334 2028; x_wconf 90' lang='lat' dir='ltr'>no-</span> 
     </span>
     <span class='ocr_line' id='line_1_147' title="bbox 1277 2035 2334 2077; baseline -0.001 -10"><span class='ocrx_word' id='word_1_1001' title='bbox 1277 2037 1340 2068; x_wconf 85' lang='lat' dir='ltr'>strae</span> <span class='ocrx_word' id='word_1_1002' title='bbox 1355 2039 1515 2077; x_wconf 58' lang='lat' dir='ltr'>praedietae,</span> <span class='ocrx_word' id='word_1_1003' title='bbox 1534 2049 1566 2068; x_wconf 87' lang='lat' dir='ltr'>ac</span> <span class='ocrx_word' id='word_1_1004' title='bbox 1579 2039 1660 2068; x_wconf 63' lang='lat' dir='ltr'>dietis</span> <span class='ocrx_word' id='word_1_1005' title='bbox 1677 2038 1769 2076; x_wconf 83' lang='lat' dir='ltr'>Ligeis</span> <span class='ocrx_word' id='word_1_1006' title='bbox 1782 2037 1900 2074; x_wconf 85' lang='lat' dir='ltr'>nostris,</span> <span class='ocrx_word' id='word_1_1007' title='bbox 1920 2046 1969 2073; x_wconf 87' lang='lat' dir='ltr'>per</span> <span class='ocrx_word' id='word_1_1008' title='bbox 1985 2036 2055 2072; x_wconf 85' lang='lat' dir='ltr'>ipsos</span> <span class='ocrx_word' id='word_1_1009' title='bbox 2069 2035 2202 2066; x_wconf 78' lang='lat' dir='ltr'>inimicos</span> <span class='ocrx_word' id='word_1_1010' title='bbox 2224 2037 2257 2067; x_wconf 92' lang='lat'>&amp;</span> <span class='ocrx_word' id='word_1_1011' title='bbox 2272 2035 2334 2066; x_wconf 86' lang='lat' dir='ltr'>Re-</span> 
     </span>
     <span class='ocr_line' id='line_1_148' title="bbox 1275 2073 2333 2115; baseline -0.002 -9"><span class='ocrx_word' id='word_1_1012' title='bbox 1275 2076 1361 2107; x_wconf 90' lang='lat' dir='ltr'>belles</span> <span class='ocrx_word' id='word_1_1013' title='bbox 1377 2078 1437 2115; x_wconf 90' lang='lat' dir='ltr'>(qui</span> <span class='ocrx_word' id='word_1_1014' title='bbox 1452 2078 1586 2107; x_wconf 85' lang='lat' dir='ltr'>malitiam</span> <span class='ocrx_word' id='word_1_1015' title='bbox 1596 2077 1672 2107; x_wconf 88' lang='lat' dir='ltr'>suam</span> <span class='ocrx_word' id='word_1_1016' title='bbox 1686 2075 1810 2107; x_wconf 85' lang='lat' dir='ltr'>adversus</span> <span class='ocrx_word' id='word_1_1017' title='bbox 1822 2074 1890 2104; x_wconf 91' lang='lat' dir='ltr'>Nos</span> <span class='ocrx_word' id='word_1_1018' title='bbox 1905 2075 1937 2105; x_wconf 87' lang='lat'>&amp;</span> <span class='ocrx_word' id='word_1_1019' title='bbox 1961 2074 2071 2104; x_wconf 87' lang='lat' dir='ltr'>eosdem</span> <span class='ocrx_word' id='word_1_1020' title='bbox 2093 2074 2197 2111; x_wconf 77' lang='lat' dir='ltr'>Ligeos</span> <span class='ocrx_word' id='word_1_1021' title='bbox 2220 2073 2333 2104; x_wconf 86' lang='lat' dir='ltr'>nostros</span> 
     </span>
     <span class='ocr_line' id='line_1_149' title="bbox 1277 2112 2333 2153; baseline -0.002 -8"><span class='ocrx_word' id='word_1_1022' title='bbox 1277 2115 1366 2145; x_wconf 78' lang='lat' dir='ltr'>indies</span> <span class='ocrx_word' id='word_1_1023' title='bbox 1378 2116 1522 2153; x_wconf 86' lang='lat' dir='ltr'>duplicant</span> <span class='ocrx_word' id='word_1_1024' title='bbox 1537 2117 1569 2147; x_wconf 89' lang='lat'>&amp;</span> <span class='ocrx_word' id='word_1_1025' title='bbox 1584 2115 1747 2150; x_wconf 86' lang='lat' dir='ltr'>ostendunt)</span> <span class='ocrx_word' id='word_1_1026' title='bbox 1766 2113 1835 2144; x_wconf 81' lang='lat' dir='ltr'>infra</span> <span class='ocrx_word' id='word_1_1027' title='bbox 1851 2113 1938 2143; x_wconf 74' lang='lat' dir='ltr'>breve</span> <span class='ocrx_word' id='word_1_1028' title='bbox 1953 2112 2136 2143; x_wconf 87' lang='lat' dir='ltr'>verisimiliter</span> <span class='ocrx_word' id='word_1_1029' title='bbox 2150 2112 2333 2150; x_wconf 90' lang='lat' dir='ltr'>evenire,nisi</span> 
     </span>
    </p>

    <p class='ocr_par' dir='ltr' id='par_1_58' title="bbox 1278 2150 2334 2230">
     <span class='ocr_line' id='line_1_150' title="bbox 1298 2150 2334 2190; baseline -0.003 -6"><span class='ocrx_word' id='word_1_1030' title='bbox 1298 2164 1331 2184; x_wconf 91' lang='lat' dir='ltr'>ro</span> <span class='ocrx_word' id='word_1_1031' title='bbox 1352 2153 1527 2185; x_wconf 86' lang='lat' dir='ltr'>Defensione</span> <span class='ocrx_word' id='word_1_1032' title='bbox 1545 2155 1578 2185; x_wconf 86' lang='lat'>&amp;</span> <span class='ocrx_word' id='word_1_1033' title='bbox 1601 2153 1760 2184; x_wconf 86' lang='lat' dir='ltr'>Salvatione</span> <span class='ocrx_word' id='word_1_1034' title='bbox 1782 2151 1902 2190; x_wconf 85' lang='lat' dir='ltr'>ejusdem</span> <span class='ocrx_word' id='word_1_1035' title='bbox 1917 2151 2017 2182; x_wconf 69' lang='lat' dir='ltr'>Terrae</span> <span class='ocrx_word' id='word_1_1036' title='bbox 2032 2161 2082 2189; x_wconf 86' lang='lat' dir='ltr'>per</span> <span class='ocrx_word' id='word_1_1037' title='bbox 2096 2151 2163 2181; x_wconf 87' lang='lat' dir='ltr'>Nos</span> <span class='ocrx_word' id='word_1_1038' title='bbox 2175 2152 2208 2183; x_wconf 89' lang='lat'>&amp;</span> <span class='ocrx_word' id='word_1_1039' title='bbox 2222 2150 2334 2182; x_wconf 88' lang='lat' dir='ltr'>Conci-</span> 
     </span>
     <span class='ocr_line' id='line_1_151' title="bbox 1278 2163 1800 2230; baseline -0.002 -8"><span class='ocrx_word' id='word_1_1040' title='bbox 1278 2163 1348 2223; x_wconf 78' lang='lat' dir='ltr'>lium</span> <span class='ocrx_word' id='word_1_1041' title='bbox 1364 2192 1493 2223; x_wconf 91' lang='lat' dir='ltr'>nostrum</span> <span class='ocrx_word' id='word_1_1042' title='bbox 1508 2194 1590 2223; x_wconf 79' lang='lat' dir='ltr'>citius</span> <span class='ocrx_word' id='word_1_1043' title='bbox 1605 2192 1800 2230; x_wconf 86' lang='lat' dir='ltr'>provideatur,</span> 
     </span>
    </p>

    <p class='ocr_par' dir='ltr' id='par_1_59' title="bbox 1274 2227 2335 2493">
     <span class='ocr_line' id='line_1_152' title="bbox 1316 2227 2333 2270; baseline -0.002 -10"><span class='ocrx_word' id='word_1_1044' title='bbox 1316 2231 1445 2262; x_wconf 90' lang='lat' dir='ltr'>Petentes</span> <span class='ocrx_word' id='word_1_1045' title='bbox 1460 2233 1493 2263; x_wconf 90' lang='lat'>&amp;</span> <span class='ocrx_word' id='word_1_1046' title='bbox 1508 2242 1561 2270; x_wconf 91' lang='lat' dir='ltr'>pro</span> <span class='ocrx_word' id='word_1_1047' title='bbox 1575 2230 1760 2261; x_wconf 88' lang='lat' dir='ltr'>Comunitate</span> <span class='ocrx_word' id='word_1_1048' title='bbox 1773 2229 1856 2259; x_wconf 62' lang='lat' dir='ltr'>distat</span> <span class='ocrx_word' id='word_1_1049' title='bbox 1871 2228 1987 2267; x_wconf 81' lang='lat' dir='ltr'>Terrae,</span> <span class='ocrx_word' id='word_1_1050' title='bbox 2002 2238 2070 2259; x_wconf 92' lang='lat' dir='ltr'>cum</span> <span class='ocrx_word' id='word_1_1051' title='bbox 2094 2228 2240 2265; x_wconf 65' lang='lat' dir='ltr'>instantia,</span> <span class='ocrx_word' id='word_1_1052' title='bbox 2259 2227 2333 2266; x_wconf 90' lang='lat' dir='ltr'>Sup-</span> 
     </span>
     <span class='ocr_line' id='line_1_153' title="bbox 1276 2267 2335 2308; baseline -0.004 -8"><span class='ocrx_word' id='word_1_1053' title='bbox 1276 2270 1408 2308; x_wconf 78' lang='lat' dir='ltr'>plicantes</span> <span class='ocrx_word' id='word_1_1054' title='bbox 1423 2279 1453 2300; x_wconf 86' lang='lat' dir='ltr'>ut</span> <span class='ocrx_word' id='word_1_1055' title='bbox 1468 2271 1556 2308; x_wconf 85' lang='lat' dir='ltr'>ipium</span> <span class='ocrx_word' id='word_1_1056' title='bbox 1571 2273 1698 2299; x_wconf 84' lang='lat' dir='ltr'>Comitem</span> <span class='ocrx_word' id='word_1_1057' title='bbox 1714 2268 1848 2299; x_wconf 74' lang='lat' dir='ltr'>Marchiae</span> <span class='ocrx_word' id='word_1_1058' title='bbox 1865 2269 1926 2305; x_wconf 83' lang='lat' dir='ltr'>(qui</span> <span class='ocrx_word' id='word_1_1059' title='bbox 1941 2267 2079 2307; x_wconf 84' lang='lat' dir='ltr'>Magnam</span> <span class='ocrx_word' id='word_1_1060' title='bbox 2102 2267 2214 2297; x_wconf 83' lang='lat' dir='ltr'>Partem</span> <span class='ocrx_word' id='word_1_1061' title='bbox 2233 2267 2335 2297; x_wconf 79' lang='lat' dir='ltr'>Terrae</span> 
     </span>
     <span class='ocr_line' id='line_1_154' title="bbox 1277 2304 2334 2346; baseline -0.003 -9"><span class='ocrx_word' id='word_1_1062' title='bbox 1277 2308 1347 2338; x_wconf 88' lang='lat' dir='ltr'>illius</span> <span class='ocrx_word' id='word_1_1063' title='bbox 1368 2309 1397 2338; x_wconf 91' lang='lat' dir='ltr'>in</span> <span class='ocrx_word' id='word_1_1064' title='bbox 1418 2308 1560 2339; x_wconf 88' lang='lat' dir='ltr'>Dominio</span> <span class='ocrx_word' id='word_1_1065' title='bbox 1582 2309 1631 2338; x_wconf 93' lang='lat' dir='ltr'>suo</span> <span class='ocrx_word' id='word_1_1066' title='bbox 1644 2308 1765 2346; x_wconf 85' lang='lat' dir='ltr'>optinet)</span> <span class='ocrx_word' id='word_1_1067' title='bbox 1782 2307 1860 2344; x_wconf 88' lang='lat' dir='ltr'>super</span> <span class='ocrx_word' id='word_1_1068' title='bbox 1875 2306 1944 2336; x_wconf 88' lang='lat' dir='ltr'>salva</span> <span class='ocrx_word' id='word_1_1069' title='bbox 1957 2304 2096 2336; x_wconf 85' lang='lat' dir='ltr'>Custodia</span> <span class='ocrx_word' id='word_1_1070' title='bbox 2110 2307 2143 2337; x_wconf 87' lang='lat'>&amp;</span> <span class='ocrx_word' id='word_1_1071' title='bbox 2159 2305 2334 2335; x_wconf 83' lang='lat' dir='ltr'>Defenfione</span> 
     </span>
     <span class='ocr_line' id='line_1_155' title="bbox 1275 2343 2334 2382; baseline -0.004 -5"><span class='ocrx_word' id='word_1_1072' title='bbox 1275 2346 1431 2377; x_wconf 87' lang='lat' dir='ltr'>Terrarum</span> <span class='ocrx_word' id='word_1_1073' title='bbox 1452 2348 1486 2378; x_wconf 69' lang='grc' dir='ltr'>ὃς</span> <span class='ocrx_word' id='word_1_1074' title='bbox 1508 2347 1715 2377; x_wconf 87' lang='lat' dir='ltr'>Dominiorum</span> <span class='ocrx_word' id='word_1_1075' title='bbox 1735 2345 1848 2375; x_wconf 87' lang='lat' dir='ltr'>suorum</span> <span class='ocrx_word' id='word_1_1076' title='bbox 1865 2344 1970 2374; x_wconf 77' lang='lat' dir='ltr'>ibidem</span> <span class='ocrx_word' id='word_1_1077' title='bbox 1982 2352 2159 2374; x_wconf 86' lang='lat' dir='ltr'>moraturum</span> <span class='ocrx_word' id='word_1_1078' title='bbox 2179 2343 2334 2382; x_wconf 82' lang='lat' dir='ltr'>destinare,</span> 
     </span>
     <span class='ocr_line' id='line_1_156' title="bbox 1275 2382 2334 2423; baseline -0.004 -7"><span class='ocrx_word' id='word_1_1079' title='bbox 1275 2386 1309 2416; x_wconf 67' lang='grc' dir='ltr'>ὃς</span> <span class='ocrx_word' id='word_1_1080' title='bbox 1331 2386 1441 2416; x_wconf 88' lang='lat' dir='ltr'>ulterius</span> <span class='ocrx_word' id='word_1_1081' title='bbox 1460 2396 1512 2423; x_wconf 89' lang='lat' dir='ltr'>pro</span> <span class='ocrx_word' id='word_1_1082' title='bbox 1533 2385 1690 2416; x_wconf 75' lang='lat' dir='ltr'>Salvatione</span> <span class='ocrx_word' id='word_1_1083' title='bbox 1712 2384 1745 2414; x_wconf 89' lang='lat'>&amp;</span> <span class='ocrx_word' id='word_1_1084' title='bbox 1770 2382 1943 2413; x_wconf 87' lang='lat' dir='ltr'>Defenfione</span> <span class='ocrx_word' id='word_1_1085' title='bbox 1956 2383 2058 2413; x_wconf 83' lang='lat' dir='ltr'>Terrae</span> <span class='ocrx_word' id='word_1_1086' title='bbox 2074 2384 2106 2414; x_wconf 70' lang='lat' dir='ltr'>&amp;e</span> <span class='ocrx_word' id='word_1_1087' title='bbox 2124 2382 2334 2412; x_wconf 89' lang='lat' dir='ltr'>Dominiorum</span> 
     </span>
     <span class='ocr_line' id='line_1_157' title="bbox 1275 2420 2332 2464; baseline -0.002 -10"><span class='ocrx_word' id='word_1_1088' title='bbox 1275 2423 1458 2461; x_wconf 86' lang='lat' dir='ltr'>nostrorum,</span> <span class='ocrx_word' id='word_1_1089' title='bbox 1475 2434 1508 2454; x_wconf 90' lang='lat' dir='ltr'>ac</span> <span class='ocrx_word' id='word_1_1090' title='bbox 1530 2424 1684 2464; x_wconf 83' lang='lat' dir='ltr'>Ligeorum</span> <span class='ocrx_word' id='word_1_1091' title='bbox 1705 2423 1738 2453; x_wconf 87' lang='lat'>&amp;</span> <span class='ocrx_word' id='word_1_1092' title='bbox 1759 2421 1781 2452; x_wconf 86' lang='lat' dir='ltr'>F</span> <span class='ocrx_word' id='word_1_1093' title='bbox 1784 2421 1897 2452; x_wconf 89' lang='lat' dir='ltr'>idelium</span> <span class='ocrx_word' id='word_1_1094' title='bbox 1911 2420 2076 2452; x_wconf 89' lang='lat' dir='ltr'>nostrorum</span> <span class='ocrx_word' id='word_1_1095' title='bbox 2090 2420 2216 2460; x_wconf 80' lang='lat' dir='ltr'>ibidem,</span> <span class='ocrx_word' id='word_1_1096' title='bbox 2236 2421 2332 2458; x_wconf 83' lang='lat' dir='ltr'>provi-</span> 
     </span>
     <span class='ocr_line' id='line_1_158' title="bbox 1274 2462 1506 2493; baseline 0 0"><span class='ocrx_word' id='word_1_1097' title='bbox 1274 2462 1341 2493; x_wconf 83' lang='lat' dir='ltr'>dere</span> <span class='ocrx_word' id='word_1_1098' title='bbox 1357 2472 1506 2493; x_wconf 89' lang='lat' dir='ltr'>curemus:</span> 
     </span>
    </p>

    <p class='ocr_par' dir='ltr' id='par_1_60' title="bbox 1313 2501 2317 2543">
     <span class='ocr_line' id='line_1_159' title="bbox 1313 2501 2317 2543; baseline -0.002 -12"><span class='ocrx_word' id='word_1_1099' title='bbox 1313 2501 1398 2540; x_wconf 84' lang='lat' dir='ltr'>Nos,</span> <span class='ocrx_word' id='word_1_1100' title='bbox 2272 2538 2277 2543; x_wconf 34' lang='grc'><strong>,</strong></span> <span class='ocrx_word' id='word_1_1101' title='bbox 2313 2537 2317 2543; x_wconf 95' lang='lat'>.</span> 
     </span>
    </p>

    <p class='ocr_par' dir='ltr' id='par_1_61' title="bbox 1273 2535 2333 2732">
     <span class='ocr_line' id='line_1_160' title="bbox 1311 2535 2332 2577; baseline -0.003 -7"><span class='ocrx_word' id='word_1_1102' title='bbox 1311 2540 1497 2572; x_wconf 85' lang='lat' dir='ltr'>Attendentes</span> <span class='ocrx_word' id='word_1_1103' title='bbox 1521 2541 1692 2573; x_wconf 87' lang='lat' dir='ltr'>Petitionem</span> <span class='ocrx_word' id='word_1_1104' title='bbox 1721 2539 1845 2577; x_wconf 83' lang='lat' dir='ltr'>ipsorum</span> <span class='ocrx_word' id='word_1_1105' title='bbox 1866 2538 2053 2569; x_wconf 83' lang='lat' dir='ltr'>Nunciorum</span> <span class='ocrx_word' id='word_1_1106' title='bbox 2074 2537 2173 2568; x_wconf 86' lang='lat' dir='ltr'>Nobis</span> <span class='ocrx_word' id='word_1_1107' title='bbox 2194 2537 2227 2569; x_wconf 88' lang='lat'>&amp;</span> <span class='ocrx_word' id='word_1_1108' title='bbox 2250 2535 2332 2568; x_wconf 72' lang='grc' dir='ltr'>ἀιέὶιε</span> 
     </span>
     <span class='ocr_line' id='line_1_161' title="bbox 1277 2576 2332 2620; baseline -0.003 -12"><span class='ocrx_word' id='word_1_1109' title='bbox 1277 2578 1372 2616; x_wconf 88' lang='lat' dir='ltr'>Ligeis</span> <span class='ocrx_word' id='word_1_1110' title='bbox 1386 2580 1486 2609; x_wconf 87' lang='lat' dir='ltr'>nostris</span> <span class='ocrx_word' id='word_1_1111' title='bbox 1502 2581 1598 2610; x_wconf 73' lang='lat' dir='ltr'>Terrae</span> <span class='ocrx_word' id='word_1_1112' title='bbox 1615 2579 1757 2616; x_wconf 63' lang='lat' dir='ltr'>praedietae</span> <span class='ocrx_word' id='word_1_1113' title='bbox 1773 2579 1834 2608; x_wconf 82' lang='lat' dir='ltr'>fore</span> <span class='ocrx_word' id='word_1_1114' title='bbox 1851 2578 1948 2608; x_wconf 88' lang='lat' dir='ltr'>utilem</span> <span class='ocrx_word' id='word_1_1115' title='bbox 1965 2578 1997 2608; x_wconf 70' lang='grc' dir='ltr'>δε</span> <span class='ocrx_word' id='word_1_1116' title='bbox 2014 2576 2212 2614; x_wconf 75' lang='lat' dir='ltr'>necessariam,</span> <span class='ocrx_word' id='word_1_1117' title='bbox 2230 2585 2263 2606; x_wconf 90' lang='lat' dir='ltr'>ac</span> <span class='ocrx_word' id='word_1_1118' title='bbox 2277 2586 2332 2620; x_wconf 79' lang='lat' dir='ltr'>vo—</span> 
     </span>
     <span class='ocr_line' id='line_1_162' title="bbox 1273 2614 2332 2655; baseline -0.003 -9"><span class='ocrx_word' id='word_1_1119' title='bbox 1273 2617 1360 2647; x_wconf 90' lang='lat' dir='ltr'>lentes</span> <span class='ocrx_word' id='word_1_1120' title='bbox 1380 2618 1517 2655; x_wconf 85' lang='lat' dir='ltr'>proinde,</span> <span class='ocrx_word' id='word_1_1121' title='bbox 1535 2620 1563 2648; x_wconf 91' lang='lat' dir='ltr'>in</span> <span class='ocrx_word' id='word_1_1122' title='bbox 1586 2618 1731 2648; x_wconf 78' lang='lat' dir='ltr'>Auxilium</span> <span class='ocrx_word' id='word_1_1123' title='bbox 1754 2618 1787 2648; x_wconf 83' lang='lat'>&amp;</span> <span class='ocrx_word' id='word_1_1124' title='bbox 1810 2616 1978 2646; x_wconf 86' lang='lat' dir='ltr'>Succursum</span> <span class='ocrx_word' id='word_1_1125' title='bbox 2001 2615 2095 2646; x_wconf 74' lang='lat' dir='ltr'>Status</span> <span class='ocrx_word' id='word_1_1126' title='bbox 2117 2615 2217 2645; x_wconf 68' lang='lat' dir='ltr'>Terra:</span> <span class='ocrx_word' id='word_1_1127' title='bbox 2231 2615 2265 2644; x_wconf 71' lang='grc' dir='ltr'>δε</span> <span class='ocrx_word' id='word_1_1128' title='bbox 2282 2614 2332 2643; x_wconf 82' lang='lat' dir='ltr'>Li—</span> 
     </span>
     <span class='ocr_line' id='line_1_163' title="bbox 1273 2653 2333 2694; baseline -0.003 -9"><span class='ocrx_word' id='word_1_1129' title='bbox 1273 2664 1392 2693; x_wconf 85' lang='lat' dir='ltr'>georum</span> <span class='ocrx_word' id='word_1_1130' title='bbox 1409 2656 1571 2687; x_wconf 87' lang='lat' dir='ltr'>nostrorum</span> <span class='ocrx_word' id='word_1_1131' title='bbox 1588 2656 1803 2694; x_wconf 63' lang='lat' dir='ltr'>praedictorum,</span> <span class='ocrx_word' id='word_1_1132' title='bbox 1821 2655 1857 2684; x_wconf 89' lang='lat' dir='ltr'>de</span> <span class='ocrx_word' id='word_1_1133' title='bbox 1882 2653 2045 2692; x_wconf 88' lang='lat' dir='ltr'>Remedio,</span> <span class='ocrx_word' id='word_1_1134' title='bbox 2064 2663 2123 2692; x_wconf 85' lang='lat' dir='ltr'>quo</span> <span class='ocrx_word' id='word_1_1135' title='bbox 2146 2653 2284 2684; x_wconf 87' lang='lat' dir='ltr'>convenit</span> <span class='ocrx_word' id='word_1_1136' title='bbox 2304 2654 2333 2683; x_wconf 90' lang='lat' dir='ltr'>in</span> 
     </span>
     <span class='ocr_line' id='line_1_164' title="bbox 1274 2695 1616 2732; baseline 0.003 -9"><span class='ocrx_word' id='word_1_1137' title='bbox 1274 2695 1326 2724; x_wconf 81' lang='lat' dir='ltr'>hac</span> <span class='ocrx_word' id='word_1_1138' title='bbox 1341 2703 1434 2732; x_wconf 87' lang='lat' dir='ltr'>parte,</span> <span class='ocrx_word' id='word_1_1139' title='bbox 1455 2696 1616 2732; x_wconf 86' lang='lat' dir='ltr'>providere,</span> 
     </span>
    </p>

    <p class='ocr_par' dir='ltr' id='par_1_62' title="bbox 1273 2728 2333 2844">
     <span class='ocr_line' id='line_1_165' title="bbox 1312 2728 2333 2772; baseline -0.003 -10"><span class='ocrx_word' id='word_1_1140' title='bbox 1312 2731 1405 2772; x_wconf 85' lang='lat' dir='ltr'>Ipsum</span> <span class='ocrx_word' id='word_1_1141' title='bbox 1420 2732 1585 2771; x_wconf 89' lang='lat' dir='ltr'>Comitem,</span> <span class='ocrx_word' id='word_1_1142' title='bbox 1604 2732 1638 2764; x_wconf 84' lang='lat' dir='ltr'>ad</span> <span class='ocrx_word' id='word_1_1143' title='bbox 1655 2730 1887 2770; x_wconf 77' lang='lat' dir='ltr'>proficiscendum</span> <span class='ocrx_word' id='word_1_1144' title='bbox 1903 2732 1932 2761; x_wconf 91' lang='lat' dir='ltr'>in</span> <span class='ocrx_word' id='word_1_1145' title='bbox 1955 2730 2079 2761; x_wconf 87' lang='lat' dir='ltr'>Terram</span> <span class='ocrx_word' id='word_1_1146' title='bbox 2098 2729 2280 2768; x_wconf 59' lang='lat' dir='ltr'>praedictam,</span> <span class='ocrx_word' id='word_1_1147' title='bbox 2297 2728 2333 2759; x_wconf 86' lang='lat' dir='ltr'>ad</span> 
     </span>
     <span class='ocr_line' id='line_1_166' title="bbox 1273 2767 2327 2810; baseline -0.003 -9"><span class='ocrx_word' id='word_1_1148' title='bbox 1273 2772 1355 2802; x_wconf 78' lang='lat' dir='ltr'>citius</span> <span class='ocrx_word' id='word_1_1149' title='bbox 1370 2781 1429 2809; x_wconf 89' lang='lat' dir='ltr'>quo</span> <span class='ocrx_word' id='word_1_1150' title='bbox 1445 2774 1564 2810; x_wconf 87' lang='lat' dir='ltr'>poterit,</span> <span class='ocrx_word' id='word_1_1151' title='bbox 1583 2771 1800 2807; x_wconf 75' lang='lat' dir='ltr'>Ordinavimus,</span> <span class='ocrx_word' id='word_1_1152' title='bbox 1816 2770 1923 2800; x_wconf 88' lang='lat' dir='ltr'>ibidem</span> <span class='ocrx_word' id='word_1_1153' title='bbox 1938 2769 2016 2807; x_wconf 85' lang='lat' dir='ltr'>super</span> <span class='ocrx_word' id='word_1_1154' title='bbox 2038 2769 2109 2798; x_wconf 71' lang='lat' dir='ltr'>salva</span> <span class='ocrx_word' id='word_1_1155' title='bbox 2131 2767 2271 2798; x_wconf 70' lang='lat' dir='ltr'>Custodia</span> <span class='ocrx_word' id='word_1_1156' title='bbox 2293 2769 2327 2799; x_wconf 89' lang='lat'>&amp;</span> 
     </span>
     <span class='ocr_line' id='line_1_167' title="bbox 1273 2808 2226 2844; baseline -0.005 -4"><span class='ocrx_word' id='word_1_1157' title='bbox 1273 2808 1447 2840; x_wconf 89' lang='lat' dir='ltr'>Defensione</span> <span class='ocrx_word' id='word_1_1158' title='bbox 1461 2811 1614 2840; x_wconf 87' lang='lat' dir='ltr'>Terrarum</span> <span class='ocrx_word' id='word_1_1159' title='bbox 1630 2810 1662 2840; x_wconf 67' lang='grc' dir='ltr'>ὃ(</span> <span class='ocrx_word' id='word_1_1160' title='bbox 1679 2808 1888 2839; x_wconf 89' lang='lat' dir='ltr'>Dominiorum</span> <span class='ocrx_word' id='word_1_1161' title='bbox 1902 2808 2015 2838; x_wconf 86' lang='lat' dir='ltr'>suorum</span> <span class='ocrx_word' id='word_1_1162' title='bbox 2031 2815 2226 2844; x_wconf 72' lang='lat' dir='ltr'>moraturum3</span> 
     </span>
    </p>

    <p class='ocr_par' dir='ltr' id='par_1_63' title="bbox 1266 2844 2331 3157">
     <span class='ocr_line' id='line_1_168' title="bbox 1309 2844 2329 2888; baseline -0.006 -9"><span class='ocrx_word' id='word_1_1163' title='bbox 1309 2848 1354 2879; x_wconf 85' lang='lat' dir='ltr'>Ac</span> <span class='ocrx_word' id='word_1_1164' title='bbox 1370 2849 1496 2886; x_wconf 81' lang='lat' dir='ltr'>ulterius,</span> <span class='ocrx_word' id='word_1_1165' title='bbox 1515 2858 1549 2879; x_wconf 81' lang='lat' dir='ltr'>ex</span> <span class='ocrx_word' id='word_1_1166' title='bbox 1565 2848 1681 2878; x_wconf 81' lang='lat' dir='ltr'>Affensu</span> <span class='ocrx_word' id='word_1_1167' title='bbox 1697 2847 1821 2877; x_wconf 80' lang='lat' dir='ltr'>Concilii</span> <span class='ocrx_word' id='word_1_1168' title='bbox 1838 2845 1944 2883; x_wconf 87' lang='lat' dir='ltr'>nostri,</span> <span class='ocrx_word' id='word_1_1169' title='bbox 1962 2847 1995 2876; x_wconf 66' lang='grc' dir='ltr'>ὅς</span> <span class='ocrx_word' id='word_1_1170' title='bbox 2009 2845 2043 2888; x_wconf 72' lang='lat' dir='ltr'>ad</span> <span class='ocrx_word' id='word_1_1171' title='bbox 2069 2845 2237 2888; x_wconf 83' lang='lat' dir='ltr'>Petitionem</span> <span class='ocrx_word' id='word_1_1172' title='bbox 2257 2844 2329 2881; x_wconf 91' lang='lat' dir='ltr'>ipso-</span> 
     </span>
     <span class='ocr_line' id='line_1_169' title="bbox 1271 2883 2331 2924; baseline -0.006 -7"><span class='ocrx_word' id='word_1_1173' title='bbox 1271 2896 1336 2917; x_wconf 87' lang='lat' dir='ltr'>rum</span> <span class='ocrx_word' id='word_1_1174' title='bbox 1351 2887 1539 2917; x_wconf 87' lang='lat' dir='ltr'>Nunciorum</span> <span class='ocrx_word' id='word_1_1175' title='bbox 1556 2887 1717 2922; x_wconf 69' lang='lat' dir='ltr'>Hiberniae,</span> <span class='ocrx_word' id='word_1_1176' title='bbox 1736 2885 1771 2915; x_wconf 91' lang='lat' dir='ltr'>de</span> <span class='ocrx_word' id='word_1_1177' title='bbox 1785 2884 1914 2914; x_wconf 78' lang='lat' dir='ltr'>fidelitate</span> <span class='ocrx_word' id='word_1_1178' title='bbox 1935 2885 1967 2914; x_wconf 87' lang='lat'>&amp;</span> <span class='ocrx_word' id='word_1_1179' title='bbox 1988 2883 2241 2924; x_wconf 61' lang='lat' dir='ltr'>circumspeftione</span> <span class='ocrx_word' id='word_1_1180' title='bbox 2263 2892 2331 2919; x_wconf 84' lang='lat' dir='ltr'>pro-</span> 
     </span>
     <span class='ocr_line' id='line_1_170' title="bbox 1270 2920 2329 2964; baseline -0.006 -9"><span class='ocrx_word' id='word_1_1181' title='bbox 1270 2925 1354 2964; x_wconf 70' lang='lat' dir='ltr'>vida,</span> <span class='ocrx_word' id='word_1_1182' title='bbox 1369 2925 1463 2956; x_wconf 65' lang='lat' dir='ltr'>dileffi</span> <span class='ocrx_word' id='word_1_1183' title='bbox 1485 2927 1519 2956; x_wconf 65' lang='grc' dir='ltr'>ὃς</span> <span class='ocrx_word' id='word_1_1184' title='bbox 1540 2925 1625 2955; x_wconf 83' lang='lat' dir='ltr'>fidelis</span> <span class='ocrx_word' id='word_1_1185' title='bbox 1649 2924 1753 2959; x_wconf 84' lang='lat' dir='ltr'>nostri,</span> <span class='ocrx_word' id='word_1_1186' title='bbox 1781 2921 1921 2951; x_wconf 67' lang='lat' dir='ltr'>PVillielmi</span> <span class='ocrx_word' id='word_1_1187' title='bbox 1943 2922 1974 2950; x_wconf 83' lang='lat' dir='ltr'>de</span> <span class='ocrx_word' id='word_1_1188' title='bbox 1998 2921 2154 2960; x_wconf 50' lang='lat' dir='ltr'>erna&#39;esore</span> <span class='ocrx_word' id='word_1_1189' title='bbox 2177 2920 2329 2959; x_wconf 85' lang='lat' dir='ltr'>Chivaler,</span> 
     </span>
     <span class='ocr_line' id='line_1_171' title="bbox 1268 2958 2327 3001; baseline -0.006 -7"><span class='ocrx_word' id='word_1_1190' title='bbox 1268 2963 1376 3001; x_wconf 80' lang='lat' dir='ltr'>plenius</span> <span class='ocrx_word' id='word_1_1191' title='bbox 1398 2964 1585 3001; x_wconf 76' lang='lat' dir='ltr'>confidentes,</span> <span class='ocrx_word' id='word_1_1192' title='bbox 1604 2962 1692 3000; x_wconf 85' lang='lat' dir='ltr'>ipsum</span> <span class='ocrx_word' id='word_1_1193' title='bbox 1716 2960 1890 2990; x_wconf 62' lang='lat' dir='ltr'>willielmum</span> <span class='ocrx_word' id='word_1_1194' title='bbox 1912 2959 1942 2988; x_wconf 85' lang='lat' dir='ltr'>de</span> <span class='ocrx_word' id='word_1_1195' title='bbox 1971 2958 2127 2998; x_wconf 67' lang='lat' dir='ltr'>Wyndifhre</span> <span class='ocrx_word' id='word_1_1196' title='bbox 2144 2958 2327 2989; x_wconf 89' lang='lat' dir='ltr'>Gubernato-</span> 
     </span>
     <span class='ocr_line' id='line_1_172' title="bbox 1269 2997 2331 3036; baseline -0.005 -5"><span class='ocrx_word' id='word_1_1197' title='bbox 1269 3012 1329 3032; x_wconf 88' lang='lat' dir='ltr'>rem</span> <span class='ocrx_word' id='word_1_1198' title='bbox 1345 3004 1378 3033; x_wconf 88' lang='lat'>&amp;</span> <span class='ocrx_word' id='word_1_1199' title='bbox 1392 3001 1550 3032; x_wconf 84' lang='lat' dir='ltr'>Custodem</span> <span class='ocrx_word' id='word_1_1200' title='bbox 1565 3002 1665 3032; x_wconf 80' lang='lat' dir='ltr'>Terrae</span> <span class='ocrx_word' id='word_1_1201' title='bbox 1680 2999 1783 3030; x_wconf 57' lang='lat' dir='ltr'>nostrae</span> <span class='ocrx_word' id='word_1_1202' title='bbox 1796 2998 1954 3036; x_wconf 55' lang='lat' dir='ltr'>pra-dietae,</span> <span class='ocrx_word' id='word_1_1203' title='bbox 1972 2999 2105 3036; x_wconf 83' lang='lat' dir='ltr'>quamdiu</span> <span class='ocrx_word' id='word_1_1204' title='bbox 2120 2997 2203 3027; x_wconf 85' lang='lat' dir='ltr'>nobis</span> <span class='ocrx_word' id='word_1_1205' title='bbox 2218 2997 2331 3035; x_wconf 83' lang='lat' dir='ltr'>placue-</span> 
     </span>
     <span class='ocr_line' id='line_1_173' title="bbox 1269 3035 2329 3079; baseline -0.006 -9"><span class='ocrx_word' id='word_1_1206' title='bbox 1269 3041 1320 3079; x_wconf 82' lang='lat' dir='ltr'>rit,</span> <span class='ocrx_word' id='word_1_1207' title='bbox 1340 3039 1549 3071; x_wconf 84' lang='lat' dir='ltr'>Constituimus</span> <span class='ocrx_word' id='word_1_1208' title='bbox 1564 3041 1596 3071; x_wconf 89' lang='lat'>&amp;</span> <span class='ocrx_word' id='word_1_1209' title='bbox 1614 3039 1743 3069; x_wconf 82' lang='lat' dir='ltr'>Facimus</span> <span class='ocrx_word' id='word_1_1210' title='bbox 1759 3048 1806 3075; x_wconf 88' lang='lat' dir='ltr'>per</span> <span class='ocrx_word' id='word_1_1211' title='bbox 1823 3037 1991 3074; x_wconf 63' lang='lat' dir='ltr'>Pmesemes,</span> <span class='ocrx_word' id='word_1_1212' title='bbox 2010 3035 2212 3073; x_wconf 80' lang='lat' dir='ltr'>percipiendo,</span> <span class='ocrx_word' id='word_1_1213' title='bbox 2228 3037 2256 3065; x_wconf 87' lang='lat' dir='ltr'>in</span> <span class='ocrx_word' id='word_1_1214' title='bbox 2272 3035 2329 3065; x_wconf 85' lang='lat' dir='ltr'>Of-</span> 
     </span>
     <span class='ocr_line' id='line_1_174' title="bbox 1268 3072 2327 3118; baseline -0.008 -9"><span class='ocrx_word' id='word_1_1215' title='bbox 1268 3079 1336 3110; x_wconf 84' lang='lat' dir='ltr'>ficio</span> <span class='ocrx_word' id='word_1_1216' title='bbox 1350 3079 1416 3117; x_wconf 90' lang='lat' dir='ltr'>illo,</span> <span class='ocrx_word' id='word_1_1217' title='bbox 1430 3081 1505 3118; x_wconf 70' lang='lat' dir='ltr'>jurta</span> <span class='ocrx_word' id='word_1_1218' title='bbox 1520 3078 1640 3107; x_wconf 87' lang='lat' dir='ltr'>sormam</span> <span class='ocrx_word' id='word_1_1219' title='bbox 1656 3076 1887 3113; x_wconf 79' lang='lat' dir='ltr'>lndeniurarum,</span> <span class='ocrx_word' id='word_1_1220' title='bbox 1904 3076 1975 3104; x_wconf 88' lang='lat' dir='ltr'>inter</span> <span class='ocrx_word' id='word_1_1221' title='bbox 1991 3075 2059 3105; x_wconf 88' lang='lat' dir='ltr'>Nos</span> <span class='ocrx_word' id='word_1_1222' title='bbox 2082 3076 2116 3106; x_wconf 88' lang='lat'>&amp;</span> <span class='ocrx_word' id='word_1_1223' title='bbox 2141 3074 2230 3113; x_wconf 77' lang='lat' dir='ltr'>ipsum</span> <span class='ocrx_word' id='word_1_1224' title='bbox 2253 3072 2327 3103; x_wconf 83' lang='lat' dir='ltr'>Wil-</span> 
     </span>
     <span class='ocr_line' id='line_1_175' title="bbox 1266 3114 1900 3157; baseline -0.008 -9"><span class='ocrx_word' id='word_1_1225' title='bbox 1266 3117 1383 3148; x_wconf 81' lang='lat' dir='ltr'>lielmum</span> <span class='ocrx_word' id='word_1_1226' title='bbox 1397 3119 1429 3147; x_wconf 85' lang='lat' dir='ltr'>de</span> <span class='ocrx_word' id='word_1_1227' title='bbox 1446 3116 1599 3157; x_wconf 65' lang='lat' dir='ltr'>Wsndesbre</span> <span class='ocrx_word' id='word_1_1228' title='bbox 1614 3116 1680 3145; x_wconf 62' lang='lat' dir='ltr'>inde</span> <span class='ocrx_word' id='word_1_1229' title='bbox 1694 3114 1900 3145; x_wconf 61' lang='lat' dir='ltr'>confectarum.</span> 
     </span>
    </p>

    <p class='ocr_par' dir='ltr' id='par_1_64' title="bbox 1338 3156 2286 3193">
     <span class='ocr_line' id='line_1_176' title="bbox 1338 3156 2286 3193; baseline -0.005 -7"><span class='ocrx_word' id='word_1_1230' title='bbox 1338 3156 1370 3186; x_wconf 88' lang='lat' dir='ltr'>In</span> <span class='ocrx_word' id='word_1_1231' title='bbox 1385 3156 1481 3193; x_wconf 87' lang='lat' dir='ltr'>cujus,</span> <span class='ocrx_word' id='word_1_1232' title='bbox 1500 3157 1558 3185; x_wconf 74' lang='grc' dir='ltr'>ὃῑε.</span> <span class='ocrx_word' id='word_1_1233' title='bbox 2281 3188 2286 3193; x_wconf 43' lang='grc'><em>,</em></span> 
     </span>
    </p>

    <p class='ocr_par' dir='ltr' id='par_1_65' title="bbox 1303 3188 2308 3233">
     <span class='ocr_line' id='line_1_177' title="bbox 1303 3188 2308 3233; baseline -0.007 -8"><span class='ocrx_word' id='word_1_1234' title='bbox 1303 3193 1392 3225; x_wconf 89' lang='lat' dir='ltr'>Teste</span> <span class='ocrx_word' id='word_1_1235' title='bbox 1407 3194 1487 3233; x_wconf 84' lang='lat' dir='ltr'>Rege</span> <span class='ocrx_word' id='word_1_1236' title='bbox 1501 3192 1574 3232; x_wconf 83' lang='lat' dir='ltr'>apud</span> <span class='ocrx_word' id='word_1_1237' title='bbox 1591 3191 1895 3229; x_wconf 86' lang='lat' dir='ltr'>Wcstmonasterium,</span> <span class='ocrx_word' id='word_1_1238' title='bbox 1914 3190 2048 3222; x_wconf 83' lang='lat' dir='ltr'>vicesimo</span> <span class='ocrx_word' id='word_1_1239' title='bbox 2066 3190 2113 3221; x_wconf 90' lang='lat' dir='ltr'>die</span> <span class='ocrx_word' id='word_1_1240' title='bbox 2128 3188 2308 3229; x_wconf 77' lang='lat' dir='ltr'>Septembris.</span> 
     </span>
    </p>
   </div>
   <div class='ocr_carea' id='block_1_31' title="bbox 1744 3272 2218 3316">
    <p class='ocr_par' dir='ltr' id='par_1_66' title="bbox 1744 3272 2218 3316">
     <span class='ocr_line' id='line_1_178' title="bbox 1744 3272 2218 3316; baseline -0.011 -9"><span class='ocrx_word' id='word_1_1241' title='bbox 1744 3279 1796 3307; x_wconf 82' lang='lat' dir='ltr'>Per</span> <span class='ocrx_word' id='word_1_1242' title='bbox 1809 3275 1890 3316; x_wconf 72' lang='lat' dir='ltr'>ipsimi</span> <span class='ocrx_word' id='word_1_1243' title='bbox 1905 3277 1999 3313; x_wconf 82' lang='lat' dir='ltr'>Regem</span> <span class='ocrx_word' id='word_1_1244' title='bbox 2013 3273 2051 3309; x_wconf 58' lang='grc' dir='ltr'><strong><em>ὠ</em></strong></span> <span class='ocrx_word' id='word_1_1245' title='bbox 2067 3272 2218 3304; x_wconf 78' lang='lat' dir='ltr'>Concilium,</span> 
     </span>
    </p>
   </div>
   <div class='ocr_carea' id='block_1_32' title="bbox 1263 3356 2471 3825">
    <p class='ocr_par' dir='ltr' id='par_1_67' title="bbox 1264 3356 2471 3430">
     <span class='ocr_line' id='line_1_179' title="bbox 1264 3356 2471 3430; baseline -0.005 -40"><span class='ocrx_word' id='word_1_1246' title='bbox 1264 3370 1283 3390; x_wconf 61' lang='lat' dir='ltr'>:ie</span> <span class='ocrx_word' id='word_1_1247' title='bbox 1293 3368 1382 3430; x_wconf 86' lang='lat' dir='ltr'>ET</span> <span class='ocrx_word' id='word_1_1248' title='bbox 1392 3366 1558 3398; x_wconf 86' lang='lat' dir='ltr'>Mandatum</span> <span class='ocrx_word' id='word_1_1249' title='bbox 1576 3364 1616 3395; x_wconf 86' lang='lat' dir='ltr'>est</span> <span class='ocrx_word' id='word_1_1250' title='bbox 1631 3364 1764 3395; x_wconf 89' lang='lat' dir='ltr'>Roberto</span> <span class='ocrx_word' id='word_1_1251' title='bbox 1779 3362 1815 3393; x_wconf 89' lang='lat' dir='ltr'>de</span> <span class='ocrx_word' id='word_1_1252' title='bbox 1825 3362 1951 3393; x_wconf 76' lang='lat' dir='ltr'>Assieton</span> <span class='ocrx_word' id='word_1_1253' title='bbox 1961 3384 1970 3398; x_wconf 92' lang='lat'>,</span> <span class='ocrx_word' id='word_1_1254' title='bbox 1979 3369 2066 3397; x_wconf 90' lang='lat' dir='ltr'>nuper</span> <span class='ocrx_word' id='word_1_1255' title='bbox 2078 3356 2237 3398; x_wconf 80' lang='lat' dir='ltr'>Justiciario</span> <span class='ocrx_word' id='word_1_1256' title='bbox 2245 3357 2320 3388; x_wconf 87' lang='lat' dir='ltr'>Ter-</span> <span class='ocrx_word' id='word_1_1257' title='bbox 2335 3371 2471 3409; x_wconf 36' lang='lat' dir='ltr'>*VH-294</span> 
     </span>
    </p>

    <p class='ocr_par' dir='ltr' id='par_1_68' title="bbox 1263 3397 2321 3788">
     <span class='ocr_line' id='line_1_180' title="bbox 1366 3397 2321 3445; baseline -0.014 -10"><span class='ocrx_word' id='word_1_1258' title='bbox 1366 3417 1404 3437; x_wconf 88' lang='lat' dir='ltr'>rae</span> <span class='ocrx_word' id='word_1_1259' title='bbox 1418 3406 1503 3445; x_wconf 76' lang='lat' dir='ltr'>Regis</span> <span class='ocrx_word' id='word_1_1260' title='bbox 1517 3403 1680 3441; x_wconf 74' lang='lat' dir='ltr'>Hiberniae,</span> <span class='ocrx_word' id='word_1_1261' title='bbox 1693 3402 1773 3441; x_wconf 78' lang='lat' dir='ltr'>quod</span> <span class='ocrx_word' id='word_1_1262' title='bbox 1787 3401 1879 3431; x_wconf 88' lang='lat' dir='ltr'>eidem</span> <span class='ocrx_word' id='word_1_1263' title='bbox 1891 3402 1932 3429; x_wconf 85' lang='lat' dir='ltr'><em>W</em></span> <span class='ocrx_word' id='word_1_1264' title='bbox 1931 3397 2037 3428; x_wconf 78' lang='lat' dir='ltr'>illielmo</span> <span class='ocrx_word' id='word_1_1265' title='bbox 2045 3398 2076 3426; x_wconf 87' lang='lat' dir='ltr'>dc</span> <span class='ocrx_word' id='word_1_1266' title='bbox 2085 3400 2096 3426; x_wconf 85' lang='lat'><em>1</em></span> <span class='ocrx_word' id='word_1_1267' title='bbox 2099 3397 2239 3435; x_wconf 79' lang='lat' dir='ltr'>Vyndcsore</span> <span class='ocrx_word' id='word_1_1268' title='bbox 2246 3397 2321 3427; x_wconf 88' lang='lat' dir='ltr'>Ter-</span> 
     </span>
     <span class='ocr_line' id='line_1_181' title="bbox 1265 3433 2321 3482; baseline -0.013 -6"><span class='ocrx_word' id='word_1_1269' title='bbox 1265 3455 1324 3476; x_wconf 90' lang='lat' dir='ltr'>ram</span> <span class='ocrx_word' id='word_1_1270' title='bbox 1336 3445 1383 3475; x_wconf 87' lang='lat' dir='ltr'>Re</span> <span class='ocrx_word' id='word_1_1271' title='bbox 1407 3447 1426 3475; x_wconf 90' lang='lat' dir='ltr'>is</span> <span class='ocrx_word' id='word_1_1272' title='bbox 1442 3443 1624 3482; x_wconf 67' lang='lat' dir='ltr'>praedietam,</span> <span class='ocrx_word' id='word_1_1273' title='bbox 1642 3451 1757 3471; x_wconf 90' lang='lat' dir='ltr'>necnon</span> <span class='ocrx_word' id='word_1_1274' title='bbox 1773 3438 1913 3470; x_wconf 88' lang='lat' dir='ltr'>Officium</span> <span class='ocrx_word' id='word_1_1275' title='bbox 1928 3436 2135 3479; x_wconf 73' lang='lat' dir='ltr'>Gubernatoris</span> <span class='ocrx_word' id='word_1_1276' title='bbox 2157 3435 2190 3465; x_wconf 70' lang='grc' dir='ltr'>ὅ(</span> <span class='ocrx_word' id='word_1_1277' title='bbox 2214 3433 2321 3466; x_wconf 90' lang='lat' dir='ltr'>Custo-</span> 
     </span>
     <span class='ocr_line' id='line_1_182' title="bbox 1264 3455 2321 3522; baseline -0.01 -7"><span class='ocrx_word' id='word_1_1278' title='bbox 1264 3485 1307 3515; x_wconf 89' lang='lat' dir='ltr'>dis</span> <span class='ocrx_word' id='word_1_1279' title='bbox 1320 3455 1539 3522; x_wconf 54' lang='lat' dir='ltr'>praeffietorum,</span> <span class='ocrx_word' id='word_1_1280' title='bbox 1557 3481 1613 3510; x_wconf 71' lang='lat' dir='ltr'>una</span> <span class='ocrx_word' id='word_1_1281' title='bbox 1628 3489 1695 3510; x_wconf 91' lang='lat' dir='ltr'>cum</span> <span class='ocrx_word' id='word_1_1282' title='bbox 1711 3478 1834 3515; x_wconf 82' lang='lat' dir='ltr'>Castris,</span> <span class='ocrx_word' id='word_1_1283' title='bbox 1854 3475 2039 3510; x_wconf 70' lang='lat' dir='ltr'>Civitatibus,</span> <span class='ocrx_word' id='word_1_1284' title='bbox 2052 3473 2156 3516; x_wconf 36' lang='lat' dir='ltr'>&#39;Villis,</span> <span class='ocrx_word' id='word_1_1285' title='bbox 2175 3472 2321 3512; x_wconf 88' lang='lat' dir='ltr'>Maneriis,</span> 
     </span>
     <span class='ocr_line' id='line_1_183' title="bbox 1265 3511 2319 3560; baseline -0.012 -7"><span class='ocrx_word' id='word_1_1286' title='bbox 1265 3523 1382 3560; x_wconf 88' lang='lat' dir='ltr'>Terris,</span> <span class='ocrx_word' id='word_1_1287' title='bbox 1408 3522 1441 3552; x_wconf 88' lang='lat'>&amp;</span> <span class='ocrx_word' id='word_1_1288' title='bbox 1463 3519 1651 3550; x_wconf 89' lang='lat' dir='ltr'>Tenementis</span> <span class='ocrx_word' id='word_1_1289' title='bbox 1674 3517 1762 3555; x_wconf 82' lang='lat' dir='ltr'>Regis</span> <span class='ocrx_word' id='word_1_1290' title='bbox 1777 3539 1786 3554; x_wconf 83' lang='lat'>,</span> <span class='ocrx_word' id='word_1_1291' title='bbox 1809 3517 1838 3545; x_wconf 92' lang='lat' dir='ltr'>in</span> <span class='ocrx_word' id='word_1_1292' title='bbox 1860 3514 1954 3556; x_wconf 68' lang='lat' dir='ltr'>Terra</span> <span class='ocrx_word' id='word_1_1293' title='bbox 1971 3511 2104 3550; x_wconf 60' lang='lat' dir='ltr'>praedffiia</span> <span class='ocrx_word' id='word_1_1294' title='bbox 2118 3536 2127 3549; x_wconf 89' lang='lat'><strong>‚</strong></span> <span class='ocrx_word' id='word_1_1295' title='bbox 2149 3511 2230 3555; x_wconf 84' lang='lat' dir='ltr'>simul</span> <span class='ocrx_word' id='word_1_1296' title='bbox 2251 3522 2319 3542; x_wconf 88' lang='lat' dir='ltr'>cum</span> 
     </span>
     <span class='ocr_line' id='line_1_184' title="bbox 1265 3548 2320 3594; baseline -0.011 -2"><span class='ocrx_word' id='word_1_1297' title='bbox 1265 3560 1416 3591; x_wconf 79' lang='lat' dir='ltr'>Obsidibus</span> <span class='ocrx_word' id='word_1_1298' title='bbox 1433 3560 1491 3589; x_wconf 69' lang='lat' dir='ltr'>tam</span> <span class='ocrx_word' id='word_1_1299' title='bbox 1515 3557 1740 3587; x_wconf 85' lang='lat' dir='ltr'>Hibernicornm</span> <span class='ocrx_word' id='word_1_1300' title='bbox 1762 3554 1848 3592; x_wconf 66' lang='lat' dir='ltr'>quam</span> <span class='ocrx_word' id='word_1_1301' title='bbox 1871 3548 2259 3594; x_wconf 72' lang='lat' dir='ltr'>AnglicorumRebellium,</span> <span class='ocrx_word' id='word_1_1302' title='bbox 2286 3560 2320 3581; x_wconf 91' lang='lat' dir='ltr'>ac</span> 
     </span>
     <span class='ocr_line' id='line_1_185' title="bbox 1265 3588 2320 3632; baseline -0.014 -2"><span class='ocrx_word' id='word_1_1303' title='bbox 1265 3609 1333 3630; x_wconf 93' lang='lat' dir='ltr'>cum</span> <span class='ocrx_word' id='word_1_1304' title='bbox 1350 3596 1575 3632; x_wconf 83' lang='lat' dir='ltr'>Munirionibus,</span> <span class='ocrx_word' id='word_1_1305' title='bbox 1595 3594 1739 3629; x_wconf 85' lang='lat' dir='ltr'>Instauro,</span> <span class='ocrx_word' id='word_1_1306' title='bbox 1757 3594 1789 3623; x_wconf 73' lang='grc' dir='ltr'>δε</span> <span class='ocrx_word' id='word_1_1307' title='bbox 1804 3592 1860 3621; x_wconf 86' lang='lat' dir='ltr'>aliis</span> <span class='ocrx_word' id='word_1_1308' title='bbox 1883 3590 1982 3620; x_wconf 82' lang='lat' dir='ltr'>Rebus</span> <span class='ocrx_word' id='word_1_1309' title='bbox 2005 3589 2090 3626; x_wconf 77' lang='lat' dir='ltr'>Regis</span> <span class='ocrx_word' id='word_1_1310' title='bbox 2111 3588 2233 3632; x_wconf 84' lang='lat' dir='ltr'>ibidem,</span> <span class='ocrx_word' id='word_1_1311' title='bbox 2251 3597 2320 3632; x_wconf 79' lang='lat' dir='ltr'>cum</span> 
     </span>
     <span class='ocr_line' id='line_1_186' title="bbox 1263 3625 2320 3672; baseline -0.011 -3"><span class='ocrx_word' id='word_1_1312' title='bbox 1263 3637 1396 3668; x_wconf 90' lang='lat' dir='ltr'>omnibus</span> <span class='ocrx_word' id='word_1_1313' title='bbox 1410 3637 1442 3666; x_wconf 92' lang='lat'>&amp;</span> <span class='ocrx_word' id='word_1_1314' title='bbox 1459 3634 1567 3672; x_wconf 87' lang='lat' dir='ltr'>singulis</span> <span class='ocrx_word' id='word_1_1315' title='bbox 1579 3634 1613 3663; x_wconf 91' lang='lat' dir='ltr'>ad</span> <span class='ocrx_word' id='word_1_1316' title='bbox 1627 3632 1770 3662; x_wconf 87' lang='lat' dir='ltr'>Officium</span> <span class='ocrx_word' id='word_1_1317' title='bbox 1791 3630 1933 3660; x_wconf 58' lang='lat' dir='ltr'>dfflorum</span> <span class='ocrx_word' id='word_1_1318' title='bbox 1950 3627 2168 3663; x_wconf 80' lang='lat' dir='ltr'>Gubernatoris,</span> <span class='ocrx_word' id='word_1_1319' title='bbox 2185 3625 2320 3657; x_wconf 88' lang='lat' dir='ltr'>Custodis</span> 
     </span>
     <span class='ocr_line' id='line_1_187' title="bbox 1265 3664 2317 3714; baseline -0.01 -9"><span class='ocrx_word' id='word_1_1320' title='bbox 1265 3678 1298 3707; x_wconf 75' lang='grc' dir='ltr'>δε</span> <span class='ocrx_word' id='word_1_1321' title='bbox 1315 3674 1465 3714; x_wconf 84' lang='lat' dir='ltr'>Justiciarii</span> <span class='ocrx_word' id='word_1_1322' title='bbox 1483 3672 1674 3707; x_wconf 75' lang='lat' dir='ltr'>tangentibus,</span> <span class='ocrx_word' id='word_1_1323' title='bbox 1698 3679 1762 3708; x_wconf 82' lang='lat' dir='ltr'>quae</span> <span class='ocrx_word' id='word_1_1324' title='bbox 1784 3670 1811 3698; x_wconf 89' lang='lat' dir='ltr'>in</span> <span class='ocrx_word' id='word_1_1325' title='bbox 1834 3666 1978 3709; x_wconf 37' lang='lat' dir='ltr'>Custodia.</span> <span class='ocrx_word' id='word_1_1326' title='bbox 1993 3665 2039 3695; x_wconf 88' lang='lat' dir='ltr'>sua</span> <span class='ocrx_word' id='word_1_1327' title='bbox 2060 3664 2200 3701; x_wconf 76' lang='lat' dir='ltr'>existunt,</span> <span class='ocrx_word' id='word_1_1328' title='bbox 2218 3665 2317 3708; x_wconf 81' lang='lat' dir='ltr'>liberet</span> 
     </span>
     <span class='ocr_line' id='line_1_188' title="bbox 1266 3702 2316 3748; baseline -0.01 -4"><span class='ocrx_word' id='word_1_1329' title='bbox 1266 3713 1407 3744; x_wconf 84' lang='lat' dir='ltr'>Habenda</span> <span class='ocrx_word' id='word_1_1330' title='bbox 1420 3713 1447 3741; x_wconf 92' lang='lat' dir='ltr'>in</span> <span class='ocrx_word' id='word_1_1331' title='bbox 1461 3711 1553 3740; x_wconf 85' lang='lat' dir='ltr'>forma</span> <span class='ocrx_word' id='word_1_1332' title='bbox 1566 3709 1714 3748; x_wconf 65' lang='lat' dir='ltr'>praedicta,</span> <span class='ocrx_word' id='word_1_1333' title='bbox 1732 3707 1792 3738; x_wconf 87' lang='lat' dir='ltr'>vult</span> <span class='ocrx_word' id='word_1_1334' title='bbox 1804 3707 1881 3736; x_wconf 87' lang='lat' dir='ltr'>enim</span> <span class='ocrx_word' id='word_1_1335' title='bbox 1895 3704 1959 3735; x_wconf 80' lang='lat' dir='ltr'>Rex</span> <span class='ocrx_word' id='word_1_1336' title='bbox 1971 3703 2060 3741; x_wconf 89' lang='lat' dir='ltr'>ipsum</span> <span class='ocrx_word' id='word_1_1337' title='bbox 2083 3702 2229 3732; x_wconf 85' lang='lat' dir='ltr'>Robertum</span> <span class='ocrx_word' id='word_1_1338' title='bbox 2249 3703 2316 3734; x_wconf 85' lang='lat' dir='ltr'>inde</span> 
     </span>
     <span class='ocr_line' id='line_1_189' title="bbox 1265 3747 1724 3788; baseline -0.015 -5"><span class='ocrx_word' id='word_1_1339' title='bbox 1265 3762 1295 3784; x_wconf 88' lang='lat' dir='ltr'>er</span> <span class='ocrx_word' id='word_1_1340' title='bbox 1314 3762 1329 3781; x_wconf 89' lang='lat' dir='ltr'>a</span> <span class='ocrx_word' id='word_1_1341' title='bbox 1342 3751 1430 3788; x_wconf 90' lang='lat' dir='ltr'>ipsum</span> <span class='ocrx_word' id='word_1_1342' title='bbox 1444 3748 1556 3787; x_wconf 85' lang='lat' dir='ltr'>Regem</span> <span class='ocrx_word' id='word_1_1343' title='bbox 1573 3747 1724 3778; x_wconf 81' lang='lat' dir='ltr'>exonerari.</span> 
     </span>
    </p>

    <p class='ocr_par' dir='ltr' id='par_1_69' title="bbox 1334 3787 1533 3825">
     <span class='ocr_line' id='line_1_190' title="bbox 1334 3787 1533 3825; baseline -0.025 -5"><span class='ocrx_word' id='word_1_1344' title='bbox 1334 3789 1391 3821; x_wconf 89' lang='lat' dir='ltr'>este</span> <span class='ocrx_word' id='word_1_1345' title='bbox 1404 3796 1434 3819; x_wconf 91' lang='lat' dir='ltr'>ut</span> <span class='ocrx_word' id='word_1_1346' title='bbox 1446 3787 1533 3825; x_wconf 86' lang='lat' dir='ltr'>supra.</span> 
     </span>
    </p>
   </div>
   <div class='ocr_carea' id='block_1_33' title="bbox 1736 3855 2205 3899">
    <p class='ocr_par' dir='ltr' id='par_1_70' title="bbox 1736 3855 2205 3899">
     <span class='ocr_line' id='line_1_191' title="bbox 1736 3855 2205 3899; baseline -0.006 -9"><span class='ocrx_word' id='word_1_1347' title='bbox 1736 3863 1788 3890; x_wconf 85' lang='lat' dir='ltr'>Per</span> <span class='ocrx_word' id='word_1_1348' title='bbox 1801 3858 1882 3899; x_wconf 74' lang='lat' dir='ltr'>iintm</span> <span class='ocrx_word' id='word_1_1349' title='bbox 1896 3860 1989 3895; x_wconf 85' lang='lat' dir='ltr'>Regem</span> <span class='ocrx_word' id='word_1_1350' title='bbox 2004 3855 2041 3892; x_wconf 61' lang='grc' dir='ltr'>ό·</span> <span class='ocrx_word' id='word_1_1351' title='bbox 2055 3855 2205 3887; x_wconf 81' lang='lat' dir='ltr'>Concilium.</span> 
     </span>
    </p>
   </div>
   <div class='ocr_carea' id='block_1_34' title="bbox 1263 3931 2318 4080">
    <p class='ocr_par' dir='ltr' id='par_1_71' title="bbox 1263 3931 2318 4080">
     <span class='ocr_line' id='line_1_192' title="bbox 1265 3931 2317 4006; baseline -0.013 -31"><span class='ocrx_word' id='word_1_1352' title='bbox 1265 3944 1359 4006; x_wconf 80' lang='lat' dir='ltr'>ET</span> <span class='ocrx_word' id='word_1_1353' title='bbox 1369 3941 1537 3985; x_wconf 84' lang='lat' dir='ltr'>Mandatum</span> <span class='ocrx_word' id='word_1_1354' title='bbox 1549 3936 1590 3970; x_wconf 87' lang='lat' dir='ltr'>est</span> <span class='ocrx_word' id='word_1_1355' title='bbox 1605 3937 1847 3983; x_wconf 70' lang='lat' dir='ltr'>Archiepiscopis‚</span> <span class='ocrx_word' id='word_1_1356' title='bbox 1866 3934 2026 3978; x_wconf 76' lang='lat' dir='ltr'>Episcopis,</span> <span class='ocrx_word' id='word_1_1357' title='bbox 2044 3932 2216 3977; x_wconf 70' lang='lat' dir='ltr'>Abbatibus,</span> <span class='ocrx_word' id='word_1_1358' title='bbox 2234 3931 2317 3987; x_wconf 45' lang='lat' dir='ltr'>Prie:</span> 
     </span>
     <span class='ocr_line' id='line_1_193' title="bbox 1340 3971 2317 4014; baseline -0.012 -2"><span class='ocrx_word' id='word_1_1359' title='bbox 1340 3983 1414 4012; x_wconf 88' lang='lat' dir='ltr'>ribus</span> <span class='ocrx_word' id='word_1_1360' title='bbox 1455 3979 1601 4014; x_wconf 90' lang='lat' dir='ltr'>Ducibus,</span> <span class='ocrx_word' id='word_1_1361' title='bbox 1627 3976 1812 4012; x_wconf 88' lang='lat' dir='ltr'>Comitibus,</span> <span class='ocrx_word' id='word_1_1362' title='bbox 1836 3972 2013 4008; x_wconf 77' lang='lat' dir='ltr'>BatonibuS,</span> <span class='ocrx_word' id='word_1_1363' title='bbox 2038 3971 2177 4002; x_wconf 84' lang='lat' dir='ltr'>Militibus</span> <span class='ocrx_word' id='word_1_1364' title='bbox 2193 3995 2202 4010; x_wconf 87' lang='lat'>,</span> <span class='ocrx_word' id='word_1_1365' title='bbox 2226 3971 2317 4001; x_wconf 68' lang='lat' dir='ltr'>liberis</span> 
     </span>
     <span class='ocr_line' id='line_1_194' title="bbox 1263 4006 2318 4080; baseline -0.014 -28"><span class='ocrx_word' id='word_1_1366' title='bbox 1263 4006 1441 4052; x_wconf 59' lang='lat' dir='ltr'>Hominibu&#39;s</span> <span class='ocrx_word' id='word_1_1367' title='bbox 1475 4018 1508 4049; x_wconf 72' lang='grc' dir='ltr'>ὅ(</span> <span class='ocrx_word' id='word_1_1368' title='bbox 1522 4016 1655 4047; x_wconf 86' lang='lat' dir='ltr'>omnibus</span> <span class='ocrx_word' id='word_1_1369' title='bbox 1670 4015 1727 4044; x_wconf 82' lang='lat' dir='ltr'>aliis</span> <span class='ocrx_word' id='word_1_1370' title='bbox 1739 4014 1775 4044; x_wconf 91' lang='lat' dir='ltr'>de</span> <span class='ocrx_word' id='word_1_1371' title='bbox 1790 4012 1880 4042; x_wconf 85' lang='lat' dir='ltr'>Terra</span> <span class='ocrx_word' id='word_1_1372' title='bbox 1895 4010 1982 4080; x_wconf 44' lang='lat' dir='ltr'>Regis</span> <span class='ocrx_word' id='word_1_1373' title='bbox 1996 4009 2161 4047; x_wconf 83' lang='lat' dir='ltr'>Hiberniae,</span> <span class='ocrx_word' id='word_1_1374' title='bbox 2180 4008 2259 4048; x_wconf 80' lang='lat' dir='ltr'>quod</span> <span class='ocrx_word' id='word_1_1375' title='bbox 2279 4010 2318 4038; x_wconf 85' lang='lat' dir='ltr'>ci-</span> 
     </span>
    </p>
   </div>
   <div class='ocr_carea' id='block_1_35' title="bbox 1264 4042 2318 4127">
    <p class='ocr_par' dir='ltr' id='par_1_72' title="bbox 1264 4042 2318 4127">
     <span class='ocr_line' id='line_1_195' title="bbox 1264 4042 2318 4127; baseline -0.013 -37"><span class='ocrx_word' id='word_1_1376' title='bbox 1264 4059 1332 4090; x_wconf 86' lang='lat' dir='ltr'>dem</span> <span class='ocrx_word' id='word_1_1377' title='bbox 1349 4042 1493 4090; x_wconf 69' lang='lat' dir='ltr'>Willielmo</span> <span class='ocrx_word' id='word_1_1378' title='bbox 1514 4055 1545 4086; x_wconf 80' lang='lat' dir='ltr'>de</span> <span class='ocrx_word' id='word_1_1379' title='bbox 1568 4053 1723 4095; x_wconf 66' lang='lat' dir='ltr'>Wndefiare</span> <span class='ocrx_word' id='word_1_1380' title='bbox 1740 4058 1906 4127; x_wconf 51' lang='lat' dir='ltr'>13tgnquarn</span> <span class='ocrx_word' id='word_1_1381' title='bbox 1962 4049 2118 4080; x_wconf 77' lang='lat' dir='ltr'>ubernatori</span> <span class='ocrx_word' id='word_1_1382' title='bbox 2139 4050 2173 4081; x_wconf 87' lang='lat'>&amp;</span> <span class='ocrx_word' id='word_1_1383' title='bbox 2195 4046 2318 4116; x_wconf 50' lang='lat' dir='ltr'>Cuggzcrii</span> 
     </span>
    </p>
   </div>
  </div>
 </body>
</html>
