2561 4251
677 211 779 253 ET
845 214 1119 258 ACTA
1183 212 1666 264 PUBLICA.

0 291 98 326 nri-D·
113 296 276 332 ferendum,
294 296 328 327 &
343 294 459 334 praesare
476 296 555 327 Duci
571 297 676 328 Literas
691 297 900 337 Aequietantiae
921 300 1028 333 debitas
1049 302 1083 332 &
1103 300 1179 331 susti-

0 339 83 379 '1397-
114 337 219 367 cientes
231 336 348 367 nomine
362 335 461 366 nostro
481 335 724 376 Conficiendum,
748 338 932 379 Sigillandum
940 341 1002 378 ,ὅς
1022 341 1178 371 deliberan-

0 382 23 400 c.
42 381 70 398 Ζ.
119 374 304 443 duElt’omnia
317 412 381 451 alia,
400 422 464 451 quae
476 413 549 443 circa
566 412 711 444 Praemiffi
726 415 875 446 necessaria
889 415 994 447 fuerint:
1010 417 1043 446 ὃς
1061 424 1182 453 οροτωε

118 461 171 489 na,
186 450 366 494 faciendum,
384 452 417 482 &
440 451 655 493 exequendum,
673 463 758 490 prout
781 465 840 494 ejus
865 454 1027 486 discretioni
1041 455 1179 486 videbitur

120 498 290 527 convenire,
631 498 639 510 ·-

120 566 144 596 st
155 527 274 557 Plenam
288 527 406 559 Tenore
424 528 605 559 Praesentium
620 528 808 573 anferimus
828 531 862 562 &
884 529 1075 561 Comittimus
1095 530 1183 562 Pote-

145 573 357 636 affiaeinitoenoes
376 604 462 642 Nos,
487 605 615 642 Ratum‚
639 586 764 636 G⁸atum
782 607 816 638 &
834 605 965 637 Firmum
977 630 987 646 ,
1012 617 1065 644 pro
1083 607 1184 638 Nobis

121 643 155 673 &
180 642 349 674 Haeredibus
367 643 468 672 nostris
482 664 492 680 ,
517 644 582 673 totis
602 642 649 673 Te
682 645 796 681 poribus
819 645 983 684 habituros,
1010 646 1160 685 Qicquid
1174 669 1184 684 ‚

122 691 171 724 per
187 678 336 718 praefatum
356 681 548 712 Willielmum
561 705 572 720 2
604 678 710 714 Affitm
729 683 775 714 vel
793 683 918 715 Gestum
944 685 1025 715 fuerit
1049 686 1078 714 in
1105 684 1184 714 Prae-

123 720 233 788 rmffiin
247 758 342 796 cujus,
361 757 422 788 ἃς.
507 794 512 799 ⁸
1064 771 1069 773 ·

160 795 229 827 Dat.
247 797 276 826 in
295 795 407 825 Palatia
427 799 505 834 Regis
522 796 629 837 Wstm.
648 796 700 828 sub
712 797 817 838 Magni
828 798 917 839 Sigilli
932 798 1023 839 Regis
1036 798 1187 831 Testimo-

126 835 193 874 nio,
211 835 326 872 Qinto
339 833 398 865 Die
412 834 518 866 Martii.

754 916 806 943 Per
824 913 907 954 ipficm
926 916 1031 952 Regem.

408 1034 456 1066 De
476 1031 664 1077 Restitutione
678 1036 912 1082 Temporalium.

0 1128 57 1160 mn,
72 1126 112 1157 Ι),
129 1118 260 1177 REX,
274 1117 394 1162 Diled’co
409 1118 442 1149 &
456 1117 543 1150 Fideli
558 1118 625 1158 suo,
642 1121 724 1150 Petro
737 1120 768 1150 de
781 1121 906 1160 Bukton,
925 1121 1065 1152 Escaetori
1088 1120 1139 1152 suo
1163 1122 1192 1152 in

2 1175 86 1207 1397,
205 1156 353 1187 Comitatu
370 1156 521 1196 Eborum,
538 1157 670 1188 Salutem.

0 1209 33 1234 in.
52 1215 96 1233 20.
158 1191 248 1225 ”Cum
266 1195 412 1225 Dominus
426 1198 546 1225 Summus
560 1197 704 1235 Pontifex,
718 1197 863 1227 Robertum
877 1208 966 1238 nuper
980 1197 1135 1237 Episcopum
1150 1201 1193 1226 Ci-

0 1251 13 1274 ·..
28 1253 56 1271 2.
130 1232 279 1274 cestrenfi’m
293 1244 308 1264 a
323 1233 458 1273 vinculo,
473 1244 532 1271 quo
546 1234 631 1266 dieiae
645 1235 782 1267 Ecclefiae
794 1238 958 1274 tenebatur,
976 1237 1122 1266 absolverit
1135 1260 1144 1274 ,
1160 1236 1195 1266 &

131 1273 223 1310 ipsum
235 1272 270 1303 ad
291 1271 448 1303 Ecclesiam
469 1272 665 1304 Cathedralem
685 1273 817 1305 Eborum
840 1275 1024 1311 transtulerit,
1043 1277 1076 1306 ἃ*
1095 1276 1122 1304 in
1142 1274 1197 1303 Ar-

131 1311 344 1350 chiepiscopum
358 1310 432 1342 Loci
446 1311 516 1342 illius
530 1312 729 1350 praefecerit&
742 1312 906 1351 Pastorem,
926 1314 996 1344 ficut
1016 1323 1066 1350 per
1090 1313 1196 1342 Literas

133 1350 250 1381 Bullatas
270 1349 353 1388 ipsius
372 1349 499 1381 Domini
518 1350 633 1381 Summi
650 1350 812 1391 Pontificis,
823 1352 905 1382 nobis
919 1352 985 1382 inde
1000 1352 1131 1389 directas,
1142 1360 1196 1381 no-

132 1390 178 1420 bis
192 1388 323 1427 constat,

168 1427 257 1465 Nos,

170 1465 228 1496 Pro
250 1476 287 1496 eo
308 1464 389 1503 quod
410 1464 486 1496 idem
510 1465 749 1505 Arcbiepiscopus
762 1467 898 1497 omnibus
911 1467 944 1498 ὃ(
958 1466 1066 1505 singulis
1080 1464 1198 1503 Verbis,

132 1503 232 1534 Nobis
253 1503 507 1542 Praejudicialibus,
525 1506 554 1534 in
575 1505 658 1535 dietis
682 1505 781 1535 Literis
796 1505 907 1535 Bullatis
923 1506 1082 1542 contentis,
1100 1513 1198 1534 coram

132 1543 234 1573 Nobis
253 1542 461 1581 Renunciavit,
480 1544 514 1574 &
536 1542 646 1573 Gratiae
667 1543 773 1574 nostrae
792 1543 935 1575 humiliter
948 1543 974 1573 se
987 1543 1127 1581 submisit,
1147 1553 1200 1574 vom

132 1582 220 1612 lentes
233 1589 303 1610 cum
316 1590 351 1610 eo
366 1590 448 1612 avere
462 1581 602 1619 gratiose,

170 1618 310 1653 Cepimus
321 1619 390 1650 Fide
401 1620 497 1650 itatem
519 1618 602 1656 ipfius
622 1618 854 1658 Archiepiscopi,
873 1620 906 1652 &
925 1619 1108 1658 Temporalia
1129 1619 1200 1650 dieti

134 1656 401 1695 Archiepiscopatfis
414 1656 602 1687 Restituimus
616 1657 723 1688 eidem:

170 1696 210 1727 Et
226 1696 293 1727 ideo
307 1695 359 1727 tibi
373 1695 559 1733 Praecipimus
574 1695 654 1733 quod
670 1695 763 1726 eidem
777 1695 1002 1735 Archiepiscopo
1015 1697 1200 1734 Temporalia

134 1733 286 1773 praedicta,
304 1743 373 1764 cum
395 1733 591 1773 Pertinentiis,
607 1735 636 1764 in
658 1733 763 1766 Balliva
783 1743 848 1774 tua,
872 1736 986 1774 liberes,
1010 1734 1150 1766 Habenda
1170 1737 1200 1766 in

96 1775 99 1779 '
134 1773 239 1804 Forma
252 1771 396 1810 praedicta.

173 1810 263 1842 Teste
277 1810 359 1850 Rege
372 1809 445 1849 apud
459 1809 736 1851 Wstmonasterium,
754 1811 840 1843 Sexto
855 1811 901 1843 die
915 1811 1024 1843 Martii.

0 1287 41 1310 ἀι.
51 1291 94 1310 20.

0 1326 114 1357 :.2.p.2.

828 1889 882 1918 Per
896 1887 977 1928 ipficm
990 1891 1095 1927 Regem.

161 1963 330 1996 Confitnilia
342 1963 441 1996 Brevia
456 1963 615 2034 dirigusstur
627 1964 822 2035 Escaietltiiribus
833 1964 1006 2005 subscriptis,
1023 1966 1074 1997 sub
1088 1965 1186 1998 eadem

575 2012 635 2043 ata,
654 2014 684 2036 vi
704 2014 720 2035 e
740 2013 803 2043 cet,

177 2079 318 2120 Escaetori
326 2079 393 2120 fico,
411 2080 441 2111 in
455 2079 545 2112 Com.
565 2081 764 2112 Northumbr.

179 2119 318 2158 Esc‘aetori
326 2119 391 2159 fito,
410 2120 440 2150 in
458 2118 549 2150 Com.
567 2119 603 2150 N
605 2120 722 2160 otyngh.
741 2120 774 2151 &
788 2117 880 2150 Derb.

179 2157 392 2198 Escaetorisuo,
410 2159 438 2188 in
454 2157 544 2188 Corn.
564 2158 675 2190 Glouc.

179 2197 322 2234 Eltaetori
334 2199 397 2236 luo,
415 2197 444 2226 in
458 2196 549 2227 Com.
567 2196 664 2227 Midd.

159 2235 392 2276 'Efiaetorisiso,
410 2236 441 2265 in
456 2234 545 2266 Com.
566 2235 699 2268 Lincoln.

139 2312 161 2334 ²*
239 2314 270 2344 T
285 2312 456 2344 Mandatum
469 2311 510 2343 est
523 2311 682 2350 Militibus,
695 2311 804 2343 Liberis
819 2311 1012 2350 Hominibus,
1027 2313 1061 2343 ὃ(
1073 2311 1207 2342 omnibus

257 2352 316 2382 aliis
329 2351 507 2382 Tenentibus
520 2351 557 2381 de
570 2350 820 2388 Archiepiscopatu
839 2350 975 2390 praedicto
984 2373 994 2389 ,
1012 2350 1092 2388 quod
1114 2350 1206 2380 eidem

141 2389 272 2428 Roberto,
290 2399 424 2428 tanquam
439 2389 664 2428 Archiepiscopo
677 2390 711 2420 δε
726 2388 860 2419 Domino
874 2389 939 2426 suo,
955 2390 982 2431 in
995 2389 1207 2430 omnibus-quae

141 2431 176 2461 ad
190 2429 302 2460 dictum
312 2428 596 2467 Archiepiscopatum
607 2426 952 2466 pertinent,Intendentes
966 2430 1018 2458 imt
1031 2428 1063 2458 ὅ(
1078 2427 1209 2465 Reipon-

143 2469 250 2499 dentes.

182 2505 218 2537 In
233 2506 327 2544 cujus,
346 2506 407 2538 &c.

219 2545 310 2576 Teste
326 2554 356 2576 ut
368 2545 456 2583 supra.

3 2618 102 2649 Ibidem·
147 2621 284 2679 REX,
303 2621 423 2652 Dileeto
442 2621 493 2652 fibi
514 2621 590 2650 Adae
611 2623 733 2660 Baume,
754 2619 860 2659 Majori
879 2618 1007 2652 Civitatis
1020 2619 1074 2651 suae
1090 2619 1212 2651 Londo-

226 2662 302 2697 niae,
318 2671 351 2690 ac
367 2658 508 2691 Escaetori
523 2659 573 2690 suo
588 2660 616 2689 in
631 2659 730 2688 eadem
745 2658 886 2697 Civitate,
902 2659 1035 2690 Salutem,
1086 2698 1090 2702 Ι

182 2698 263 2730 Cum
293 2698 440 2729 Dominus
462 2701 583 2728 Summus
602 2696 736 2736 Pontifex
757 2697 903 2727 Robertum
925 2707 1014 2734 nuper
1039 2696 1211 2735 Episcopum

147 2737 356 2769 Karliolensem
377 2747 393 2767 a
413 2735 533 2768 vinculo
569 2745 629 2773 quo
649 2735 734 2766 dictae
757 2735 891 2766 Ecclesiae
905 2737 1069 2773 tenebatur,
1087 2735 1213 2766 absolve-

149 2777 200 2814 rit,
219 2776 252 2806 &
268 2776 381 2813 ipsum,
398 2774 433 2805 ad
445 2758 603 2806 Ecclesiam
620 2772 818 2817 Cathedralern
842 2772 1050 2804 Cicestrensem
1068 2773 1214 2804 transtule-

149 2816 185 2846 rit
194 2839 203 2852 ,
218 2814 296 2882 &din
309 2813 482 2853 Episcopum
497 2813 575 2843 Loci
589 2812 661 2843 illius
676 2812 849 2851 praefecerit,
867 2811 927 2847 &a
946 2819 976 2841 ut
984 2813 1087 2852 supra,
1100 2815 1213 2842 mutatis

149 2860 246 2883 mutan
265 2863 295 2882 ts.

189 2890 280 2922 Teste
293 2898 324 2922 ut
336 2890 423 2928 supra.

0 2315 18 2336 ὓ
31 2317 100 2344 vu.

0 2355 61 2392 852.

818 2929 873 2957 Per
885 2926 966 2967 ipficm
979 2930 1084 2965 Regem.

210 3006 369 3039 Confimile
383 3005 473 3037 Breve
485 3005 613 3045 dirigitur
626 3004 767 3036 Escaetori
781 3003 887 3043 Regis,
905 3005 935 3033 in
949 3003 1141 3035 Comitatibus

383 3045 486 3076 Surriae
500 3046 533 3076 ὃς
547 3043 698 3081 Suffexiae,
717 3043 766 3073 sub
780 3043 879 3074 eadem
895 3042 987 3080 Data,

210 3121 242 3152 T
262 3121 432 3152 Mandatum
455 3121 496 3152 est
514 3120 673 3158 Militibus,
695 3120 804 3150 Liberis
818 3118 1012 3162 Hominibus,
1031 3119 1064 3149 &
1077 3119 1213 3149 omnibus

228 3160 285 3190 aliis
296 3160 476 3190 Tenentibus
490 3160 526 3190 de
539 3160 619 3191 dicto
635 3158 805 3198 Episcopatu
819 3158 986 3188 Cicestrenii
997 3181 1006 3196 ,
1026 3158 1105 3195 qued
1121 3158 1214 3188 eidem

151 3199 284 3236 Roherto‚
301 3206 433 3236 tanquam
447 3198 591 3235 Episcopo
607 3198 640 3228 δε
654 3197 787 3231 Domino
807 3196 871 3234 su0,
890 3197 920 3226 in
941 3197 1075 3227 omnibus
1097 3206 1162 3233 quae
1181 3196 1215 3227 ad

153 3237 352 3275 Episcopatum
373 3236 546 3274 praedictum
564 3237 703 3274 pertinent
716 3257 727 3273 ,
757 3234 936 3266 Intendentes
956 3236 1008 3265 sint
1027 3235 1061 3266 δε
1083 3234 1215 3273 Respon-

154 3276 260 3307 dentes.

190 3315 224 3346 In
241 3313 336 3352 cujus,
354 3314 415 3344 &c.

32 3364 36 3391 ,ι
225 3352 315 3384 Teste
330 3360 361 3382 ut
374 3351 460 3389 supra.

217 3492 267 3525 De
285 3487 405 3532 Castro,
431 3490 468 3522 V
465 3487 518 3520 illa
535 3490 572 3525 ὠ·
595 3485 716 3531 Bastida
735 3486 772 3520 de
793 3485 894 3530 Brest,
924 3485 1143 3522 Deliberandis.

0 3625 1 3629 Ἰ
16 3561 89 3632 Arm.
101 3599 143 3630 D·
158 3573 276 3635 REX
292 3573 413 3604 Dilecto
429 3573 495 3611 fibi,
514 3571 643 3611 Johanm·
656 3575 758 3612 Drax,
776 3571 915 3605 Servienti
930 3573 980 3603 suo
992 3571 1027 3604 ad
1041 3573 1148 3610 Arma,
1167 3572 1217 3603 Sa-

0 3637 1 3645 r
234 3614 332 3644 lutern.

14 3652 16 3665 ⁸
34 3647 116 3679 1397·
194 3652 269 3684 Scias
283 3650 380 3690 quod,
398 3659 467 3681 cum
481 3658 589 3688 nuper,
607 3659 657 3688 per
671 3648 813 3688 quendam
827 3649 997 3680 Tradiatum
1011 3650 1082 3680 inter
1102 3651 1161 3678 Nos
1181 3650 1215 3681 δε

17 3682 65 3708 Aa*
76 3689 120 3707 ²0·
156 3690 322 3722 Concilium
337 3688 465 3719 nostrum
481 3696 513 3718 ex
527 3696 603 3727 parte
615 3698 686 3726 una,
702 3688 736 3718 &
750 3687 920 3718 cariffimum
935 3688 1059 3719 Fratrem
1074 3687 1217 3725 nostrum,

18 3721 45 3746 R·
61 3727 87 3746 ²·
155 3730 314 3768 Johannem
329 3731 430 3758 Ducem
446 3729 621 3765 Britanniae,
640 3735 674 3756 ex
687 3726 769 3756 altera
784 3735 878 3764 parte,
893 3726 1017 3765 fanum,
1035 3725 1168 3756 Castrum
1183 3727 1216 3757 ὃ(

19 3759 140 3784 frama·
158 3768 228 3798 Villa
249 3768 285 3798 de
302 3766 381 3798 Brest
403 3767 431 3796 in
450 3765 604 3801 Britannia,
621 3773 654 3795 ac
674 3764 788 3802 quidam
813 3764 910 3794 Locus
926 3765 1005 3803 super
1027 3775 1113 3802 quern
1129 3775 1218 3801 quan—-

20 3796 43 3822 R·
61 3804 86 3822 ²·
102 3803 138 3822 m·
156 3807 221 3836 dam
240 3806 379 3836 Bastidam
393 3814 483 3842 nuper
504 3804 572 3841 erigi
592 3804 626 3834 &
647 3801 705 3832 fieri
723 3802 861 3839 fecimus,
877 3811 925 3840 per
938 3813 1045 3833 nomen
1067 3802 1159 3833 Castri
1180 3803 1217 3833 de

21 3840 46 3867 4·
157 3844 234 3876 Brest
248 3845 277 3874 in
290 3844 444 3880 Britannia,
462 3852 531 3872 cum
544 3842 714 3879 pertinentiis
748 3842 830 3871 nobis
843 3841 955 3871 liberata
969 3841 1096 3879 fuissent,
1114 3843 1142 3870 in
1157 3851 1218 3871 ma-

46 3879 49 3882 ’
161 3894 201 3914 nu
223 3882 336 3921 nostra,
353 3883 404 3913 sub
426 3890 501 3912 certa
521 3881 613 3911 forma
630 3880 660 3909 in
679 3865 759 3910 didio
770 3879 907 3910 Tractatu
920 3879 1090 3919 specificata,
1109 3890 1218 3910 reman-

161 3922 220 3952 sura
933 3920 939 3928 '

200 3945 289 3997 C'ujus
310 3958 425 3996 quidem
445 3955 597 3989 Tractatfis
616 3964 752 3995 praetextu
774 3956 941 3993 Tenemur,
959 3955 1008 3986 sub
1022 3956 1103 3986 certis
1115 3956 1219 3986 Forma

161 3999 195 4029 δε
211 3996 389 4028 Conditione
403 3998 432 4026 in
446 3997 551 4027 eodem
564 3995 701 4026 Tractatu
714 3996 871 4032 contentis,
889 3994 923 4024 ad
937 3993 1085 4031 Castrum,
1106 3995 1220 4033 Villam,

162 4038 196 4067 &
220 4036 335 4066 Locum
356 4035 491 4073 praedicta
513 4044 582 4065 cum
605 4034 776 4073 pertinentiis
790 4057 799 4071 ,
824 4033 944 4063 Guerris
962 4031 1045 4063 finitis
1059 4056 1068 4069 ,
1094 4033 1149 4063 swc
1171 4043 1220 4070 per

161 4074 348 4110 Tractatum,
372 4073 429 4104 five
449 4082 498 4110 per
522 4073 654 4112 Longam
674 4072 837 4109 Treugam,
864 4071 921 4100 five
938 4080 988 4109 per
1009 4080 1220 4109 quamcumque

162 4112 244 4145 aliam
258 4111 361 4150 Viam,
376 4110 491 4150 praefato
506 4109 602 4150 Duci,
619 4119 666 4143 aut
683 4109 854 4143 Haeredibus
873 4109 924 4141 suis
944 4110 980 4141 de
1000 4108 1133 4148 Corpore
1151 4109 1219 4149 su0‚

2217 244 2297 286 127

1222 301 1391 372 ffeestffm'}
1404 305 1474 345 suae,
1491 307 1595 346 absque
1609 308 1705 340 fraude
1721 310 1766 341 vel
1782 310 1857 342 malo
1869 308 2002 352 Ingenio,
2019 310 2107 346 iibere
2119 314 2153 346 &
2165 315 2282 356 integre,
2298 314 2373 348 Ann.
2388 313 2431 349 D,

1320 353 1372 373 uen
1395 354 1443 373 um
1453 369 1462 382 ,
2320 365 2332 385 1
2398 376 2405 386 ι

1259 379 1303 425 Et.
1313 380 1389 420 super
1405 382 1462 412 hoc
1479 383 1630 414 carissimus
1645 384 1809 416 Avunculus
1824 388 1936 427 noster,
1954 389 2099 428 Jolmms
2114 395 2183 422 Dux
2198 395 2279 422 Lan—
2297 361 2397 423 &2927-

1223 416 1344 457 castrtae,
1363 430 1395 449 ac
1421 420 1550 450 Ricardus
1563 426 1649 452 Comes
1664 425 1843 464 Arundellae,
1862 430 1893 457 δε
1910 428 2024 457 Thomas
2039 433 2128 459 Comes
2143 434 2282 461 Warrwi-

1223 467 1275 493 cae,
1293 456 1384 487 adhuc
1397 458 1569 497 superstites,
1590 471 1703 492 necnon
1717 464 1892 502 Edmundus,
1905 476 1942 495 nu
1964 476 1992 495 er
2008 466 2117 499 Com&
2134 469 2282 508 Marchiae,

1223 493 1316 531 Hugo
1332 517 1343 539 ,
1365 505 1453 538 nuper
1478 496 1588 527 Comes
1611 499 1771 530 staffordia:
1824 503 1856 533 &
1879 504 2041 534 Wl:e!÷:.·r.1s
2062 517 2149 544 nuper
2173 508 2282 538 Comes

1223 531 1386 576 Suffolciae,
1400 544 1459 578 jam
1479 536 1626 575 defuncsti,
1644 538 1673 567 in
1695 539 1763 569 Fide
1786 525 1918 579 Militari,
1937 553 1990 580 pro
2013 543 2048 573 Se
2061 545 2093 575 &
2110 546 2281 577 Haeredibus

1223 570 1292 608 suis,
1309 581 1342 602 ac
1360 582 1408 609 per
1426 572 1536 617 Literas
1547 573 1622 618 suas,
1643 576 1746 613 sigillis
1763 578 1813 608 suis
1827 579 1976 618 Sigillatas,
1994 580 2172 614 promiserint
2188 594 2218 615 ut
2241 585 2281 614 fa-

1224 617 1320 639 cerent
1339 609 1451 654 fidelem
1474 610 1661 650 Diligentiam
1683 615 1757 645 suam
1777 626 1842 653 erga
1859 618 1942 655 Nos,
1961 620 1993 650 ὃ(
2006 619 2142 650 Haeredes
2154 623 2281 660 nostros,

1224 647 1257 677 ad
1272 647 1418 691 Praemiffa
1431 650 1504 679 bene
1520 651 1552 680 ὅ(
1567 649 1682 682 fideliter
1694 653 1868 690 implendum
1882 657 1914 686 ὃς
1930 657 2045 687 firmiter
2061 660 2230 698 tenendum,

1247 686 1308 729 ‘Ac
1319 696 1395 726 jam,
1413 689 1481 718 certi
1496 687 1693 720 Procuratores
1708 693 1740 723 ὃ(
1758 691 1943 725 Commiffiri
1960 696 2041 732 ipsius
2066 695 2156 727 Ducis
2175 698 2282 730 Baitan-

1225 734 1298 768 111ae,
1315 724 1400 763 Nos,
1416 727 1450 770 ad
1472 725 1695 758 Restitutionem
1718 731 1752 760 &c
1776 730 1984 763 Liberationem
1998 733 2109 775 Castri,
2127 735 2230 774 Villae,
2248 738 2281 767 δε

1224 761 1343 792 Bastidae
1363 764 1567 800 praedictorum
1590 776 1658 796 cum
1683 769 1852 804 pertinentiis
1871 793 1881 805 ,
1906 771 1999 801 eidem
2021 772 2098 803 Duci
2119 773 2284 813 Britanniae,

1225 809 1362 838 praetextu
1377 801 1486 840 Longae
1500 803 1624 842 Treugae
1635 805 1693 842 jam
1708 815 1811 844 captae,
1830 808 1966 840 faciendas
1979 811 2163 848 requisierint:

1265 838 1352 878 Nos,
1369 841 1428 870 tam
1442 849 1579 884 praetextu
1593 842 1793 880 Requiiitionis
1808 847 1968 886 praediStce,
1986 858 2018 878 ac
2033 849 2188 886 hujusmodi
2206 850 2286 882 Lon⁴

1228 887 1275 921 gae
1290 877 1436 922 Treugae,
1452 889 1523 909 inter
1537 878 1623 917 Nos,
1640 883 1673 911 &
1690 882 1859 914 cariilirnum
1876 885 1990 916 Patrem
2006 886 2132 917 nostrum
2150 889 2286 927 Frauciae,

1224 925 1284 959 Jatn
1299 926 1374 946 initae
1389 918 1422 948 &
1438 915 1569 961 firmatae,
1588 919 1672 956 quim
1689 930 1741 957 pro
1757 921 1880 952 Honore
1893 924 1991 954 nostro
2001 947 2010 962 ‚
2028 926 2060 954 ὃς
2077 926 2218 957 Avunculi
2233 938 2286 958 no-

1230 953 1294 991 strl,
1313 965 1427 985 necnon
1451 956 1570 986 aliorum
1593 957 1783 996 obligatorum
1806 961 2026 1000 praedictorum,
2046 964 2074 992 in
2089 963 2140 993 hac
2156 974 2230 1000 parte
2245 967 2288 995 in-

1230 992 1396 1023 violabiliter
1413 994 1607 1033 observando,
1631 996 1756 1027 volentes
1779 997 1930 1037 Castrum,
1957 1000 2077 1039 Villam,
2095 1002 2128 1032 δε
2147 1002 2287 1034 Bistidam

1231 1031 1384 1070 praedicta,
1402 1032 1541 1069 praedidto
1558 1033 1636 1064 Duci
1651 1034 1799 1066 Britanni-ae
1814 1037 1974 1076 deliberari,

1268 1069 1477 1108 Affignavimus
1499 1072 1545 1102 Te
1565 1072 1598 1102 ad
1621 1072 1768 1111 Castrum,
1795 1075 1916 1113 Villam,
1941 1078 1973 1107 δε
1994 1076 2134 1108 Bastidam
2155 1078 2289 1115 praedifia

1233 1118 1301 1138 cum
1317 1108 1508 1147 Pertinentiis,
1526 1110 1562 1140 de
1575 1111 1716 1142 cariffimo
1733 1112 1827 1143 Fratre
1841 1115 1955 1152 nostrO,
1971 1115 2103 1153 Johanne
2116 1117 2147 1145 de
2160 1112 2291 1154 Halana'‚

1234 1146 1353 1178 Comite
1366 1147 1618 1187 Huntyngdoniae,
1637 1149 1764 1180 Custode
1779 1150 1886 1189 Castri,
1906 1152 2003 1191 Villae,
2022 1155 2053 1184 δε
2079 1154 2194 1184 Bastidae
2218 1165 2291 1193 prze-

1233 1184 1393 1224 dierorum,
1411 1188 1456 1217 vel
1475 1189 1532 1225 ejus
1553 1187 1667 1218 Locum
1688 1197 1802 1221 tenente
1822 1191 1945 1229 ibidem,
1965 1195 2083 1222 nomine
2099 1194 2215 1229 nostro,
2242 1203 2294 1231 pe-

1233 1224 1369 1262 tendum,
1389 1226 1422 1256 ὃς
1442 1234 1491 1262 per
1510 1225 1689 1264 Indenturas,
1705 1228 1787 1266 inde,
1807 1230 1876 1259 inter
1895 1229 1943 1260 Te
1964 1231 1997 1261 ὃς
2017 1232 2163 1268 praefatum
2187 1230 2293 1262 Comi-

1235 1271 1293 1292 tem
1313 1263 1564 1302 Huntyngdoniae,
1589 1265 1632 1294 vel
1653 1266 1709 1303 ejus
1732 1266 1847 1297 Locum
1869 1277 2011 1299 tenentem
2033 1270 2138 1299 ibidem
2153 1293 2162 1308 ,
2186 1271 2215 1299 in
2239 1269 2293 1300 hac

1236 1309 1312 1337 parte
1328 1301 1421 1332 debite
1440 1301 1643 1341 conficiendas,
1661 1305 1871 1344 recipiendum,
1890 1308 1923 1337 &
1945 1306 1978 1336 ad
2000 1306 2150 1344 Castrum,
2171 1308 2294 1347 Villam,

1235 1340 1267 1370 ὃς
1284 1338 1421 1370 Bastidam
1437 1341 1570 1376 tvi-indicia
1584 1351 1651 1371 cum
1667 1341 1861 1382 Pertinentiis,
1881 1344 2012 1382 Receptis
2026 1347 2109 1384 >prius
2129 1346 2293 1377 Sacramen-

1234 1378 1267 1406 tis
1281 1379 1404 1420 praedicjti
1422 1378 1513 1409 Ducis
1529 1379 1692 1418 Britannias,
1712 1383 1743 1411 ὅ(
1762 1382 1821 1411 Filii
1843 1386 1875 1414 &
1901 1382 2030 1413 Haeredis
2052 1384 2107 1422 sui,
2123 1385 2200 1422 juxta
2222 1384 2293 1415 Vim

1237 1416 1271 1462 &g
1294 1416 1312 1435 ᾗ
1334 1417 1481 1460 Effevftum
1503 1417 1680 1457 indenturac,
1703 1420 1773 1450 inter
1796 1421 1862 1451 Nos
1883 1422 1915 1452 ὃς
1932 1421 2024 1452 ἀὶξῒοε
2043 1422 2242 1453 Procuratores
2262 1434 2294 1454 ac
2318 1428 2331 1443 ⁸*
2354 1427 2423 1459 VH,

1238 1454 1456 1497 Commisiarios
1481 1456 1561 1493 ipsius
1582 1457 1674 1487 Ducis
1696 1457 1843 1489 Britanniae
1862 1459 1959 1496 far'tae,
1980 1470 2012 1489 ac
2031 1461 2170 1498 cujusdam
2190 1461 2294 1499 Scripti
2311 1464 2375 1503 853,
2396 1469 2400 1476 ¹

1238 1491 1407 1537 leigatorii
1429 1494 1527 1524 Nobis
1546 1505 1593 1532 per
1615 1495 1781 1533 praedietum
1806 1497 1922 1528 Ducem
1941 1498 2107 1537 Britanniae,
2131 1501 2164 1530 &
2184 1500 2294 1531 dic'ium

1239 1530 1437 1574 hlium-‘suum
1454 1532 1589 1571 faciendi,
1607 1536 1640 1564 &
1656 1534 1791 1573 Receptis
1804 1536 1884 1566 dicio
1900 1536 2014 1575 Scripto
2028 1536 2207 1575 Obligatorio
2228 1548 2297 1569 nec-

1239 1578 1299 1598 non
1314 1569 1370 1599 alns
1387 1570 1488 1600 Literis
1502 1571 1704 1611 Obligatoriis,
1723 1584 1771 1610 per
1786 1574 1854 1604 Nos
1864 1597 1873 1613 ,
1889 1575 1922 1605 &
1935 1575 2103 1612 praedietum
2114 1577 2298 1607 Avunculum

1239 1606 1386 1645 nostrum,
1399 1612 1570 1648 caeterosque
1585 1609 1735 1648 Obligatos
1751 1613 1921 1650 praedictos,
1937 1612 2028 1643 eidem
2043 1613 2122 1644 Duci
2138 1614 2300 1654 Britanniae,

1240 1646 1357 1684 quando
1373 1646 1525 1686 Castrum,
1544 1647 1635 1686 Villa,
1656 1650 1689 1679 &
1704 1649 1802 1680 Locus
1814 1650 1964 1688 praedicta,
1982 1651 2082 1681 Nobis
2103 1660 2132 1682 ut
2155 1655 2300 1690 praemitti-

1239 1692 1285 1715 tur
1304 1686 1415 1716 liberata
1438 1686 1557 1724 fuerint,
1575 1687 1672 1725 factis,
1689 1688 1808 1725 praefato
1829 1688 1908 1718 Duci
1930 1688 2097 1727 Britanni-se,
2125 1690 2169 1720 seu
2189 1693 2245 1728 ejus
2268 1693 2298 1722 in

1239 1723 1291 1753 hac
1308 1733 1385 1762 parte
1397 1723 1631 1755 Procuratoribus
1644 1725 1702 1756 five
1723 1725 1946 1765 Commissariis,
1966 1727 2151 1758 sufficientem
2174 1729 2301 1760 Potesta-

1241 1770 1300 1792 tem
1313 1763 1348 1793 ad
1364 1763 1422 1793 hoc
1435 1763 1616 1801 habentibus,
1636 1773 1685 1801 per
1699 1763 1864 1795 Indenruras
1878 1766 1942 1795 inde
1958 1767 2028 1795 inter
2041 1766 2089 1795 Te
2105 1767 2138 1797 &
2151 1768 2299 1804 praefatum

1242 1799 1363 1831 Ducem
1376 1801 1540 1840 Britannice,
1557 1802 1601 1832 seu
1615 1802 1817 1833 Procuratores
1831 1804 1886 1833 sive
1909 1804 2126 1834 Commissarios
2148 1806 2208 1836 suos
2229 1816 2301 1844 prae-

1239 1839 1349 1877 dictos,
1367 1839 1461 1870 debite
1477 1840 1683 1877 conficiendas,
1702 1841 1896 1879 liberandum,

1280 1877 1318 1908 Et
1333 1878 1398 1909 ideo
1414 1879 1481 1915 tibi,
1498 1880 1526 1908 in
1541 1878 1596 1909 fide
1611 1880 1644 1911 &
1657 1879 1784 1916 ligeantia
1800 1881 1899 1918 quibus
1915 1880 1997 1911 nobis
2012 1880 2147 1919 Teneris,
2166 1881 2303 1921 Praecipi-

1242 1925 1305 1947 mus
1328 1917 1361 1948 &
1384 1916 1572 1954 Mandamus,
1591 1917 1707 1948 firmiter
1731 1920 1923 1957 injungentes,
1950 1919 2030 1957 quod
2049 1919 2125 1949 dista
2148 1919 2302 1960 Castrum,

1243 1955 1363 1993 Villam,
1382 1956 1415 1987 δί
1430 1955 1586 1994 Bastidam,
1604 1966 1672 1986 cum
1687 1958 1876 1996 pertinentiis,
1890 1957 1926 1987 de
1941 1957 2076 1995 prcedicto
2090 1957 2301 1989 Comitellun-

1242 2001 1253 2024 t
1272 1993 1423 2033 ngdoniae,
1448 1994 1494 2024 vel
1515 1995 1571 2032 ejus
1592 1995 1822 2026 Locumrenente
1834 2019 1844 2034 ,
1869 1997 1983 2034 recipi-ss
1999 2019 2008 2035 ,
2033 1997 2065 2026 &
2090 1997 2222 2033 praedich
2243 1998 2302 2028 Ca·-

1283 2042 1351 2071 um,
1368 2031 1492 2070 Villam,
1509 2033 1542 2062 &
1563 2033 1701 2063 Bastidam
1725 2044 1793 2064 cnm
1806 2035 1994 2072 pertinentiis,
2014 2033 2078 2072 post
2094 2035 2302 2073 Receptionetn

1243 2071 1420 2110 hujusmodi,
1439 2071 1556 2109 praefato
1571 2070 1649 2101 Duci
1665 2071 1831 2110 Britanniae,
1849 2071 1905 2102 five
1919 2072 2151 2104 procuratoribus
2172 2074 2218 2104 seu
2240 2074 2305 2105 Co-

1244 2110 1369 2141 missariis
1380 2110 1431 2140 suis
1449 2110 1602 2148 praediffls,
1623 2110 1739 2141 Liberes
1751 2112 1781 2141 in
1798 2111 1901 2141 Forma
1916 2111 2059 2149 praedieta.

1282 2148 1394 2179 Damus
1407 2156 1500 2178 autem
1514 2148 1630 2186 praefato
1644 2147 1757 2180 Comiti
1772 2149 2007 2189 Huntyngdonie
2023 2151 2056 2181 ὃς
2071 2150 2128 2180 e'us
2149 2149 2305 2182 Locumte-

1247 2188 1344 2225 nenti,
1362 2196 1476 2217 necnon
1491 2187 1623 2217 univerfis
1636 2187 1669 2217 &
1686 2187 1795 2227 singulis
1811 2187 1941 2219 Soldariis
1957 2187 2065 2226 Castri,
2114 2188 2186 2227 illae,
2203 2191 2235 2220 &
2255 2190 2306 2220 Ba-

1247 2226 1329 2256 stidae
1343 2225 1561 2263 praedictorum„
1580 2235 1613 2255 ac
1629 2226 1687 2255 aliis
1701 2226 1859 2265 Fidelibus,
1880 2226 1989 2265 Ligeis,
2007 2228 2040 2257 &
2060 2226 2182 2257 Subditis
2203 2228 2307 2259 nostris

1247 2274 1370 2302 quorum
1386 2263 1516 2302 interest,
1533 2264 1652 2294 Tenore
1668 2263 1871 2303 praesentium,
1890 2264 2005 2295 firmiter
2022 2266 2049 2294 in
2064 2265 2308 2305 Mandatis,quod

1246 2304 1337 2342 Tibi,
1355 2303 1383 2332 in
1406 2302 1556 2332 Praerniffis
1579 2303 1711 2333 faciendis
1735 2305 1767 2334 &
1785 2304 1969 2341 exequendis,
1987 2313 2101 2341 pareant
2116 2305 2149 2336 &
2164 2306 2308 2338 intendant

1248 2343 1276 2372 in
1293 2341 1443 2379 omnibus,
1462 2350 1547 2378 prout
1558 2341 1655 2372 decet:

1287 2380 1429 2411 Volumus
1451 2380 1528 2409 enim
1547 2379 1594 2410 Te
1616 2380 1695 2418 hujus
1715 2381 1754 2409 rei
1774 2381 1937 2410 immunem
1952 2380 2126 2410 omnimodo
2139 2380 2257 2412 discerni
2275 2382 2309 2413 δί

1249 2419 1360 2456 haberi,
1379 2427 1481 2456 teque,
1497 2417 1530 2448 ea
1548 2418 1715 2456 occaiione,
1733 2427 1796 2458 erga
1818 2418 1887 2448 Nos
1909 2419 1942 2449 &
1958 2419 2094 2448 Haeredes
2108 2419 2237 2458 nostros,
2256 2430 2310 2458 pro

1250 2457 1463 2488 Deliberarione
1483 2455 1594 2494 Casiri,
1613 2457 1710 2494 Villae,
1728 2458 1761 2488 ὃς
1783 2456 1898 2486 Bastidae
1920 2457 2120 2494 praediftorum
2143 2467 2212 2489 curn
2225 2461 2310 2497 perti-

1251 2498 1366 2534 nentiis,
1385 2496 1413 2524 in
1429 2495 1533 2525 Forma
1547 2494 1697 2533 praedista,
1717 2496 1827 2533 penitus
1843 2495 1994 2525 exonerari.

1386 2543 1416 2563 us
1485 2544 1510 2562 c.

1290 2534 1412 2603 InTthihe
1424 2534 1513 2609 ‚Rssetge
1526 2570 1599 2609 apud
1615 2569 1891 2611 westmonasterium,
1910 2572 2004 2602 xxviii.
2021 2568 2065 2601 die
2081 2569 2188 2603 Martii.

1939 2650 1991 2677 Per
2005 2646 2086 2686 ipfiem
2101 2651 2207 2687 Regem,

1253 2725 1368 2782 REX
1387 2749 1397 2765 ,
1423 2724 1563 2756 carissimo
1583 2724 1671 2754 Fratri
1693 2724 1793 2754 nostro
1808 2747 1817 2762 ,
1842 2722 1971 2763 Johanni
1993 2723 2025 2753 de
2043 2723 2177 2764 Haland,
2198 2726 2310 2759 Comiti

1326 2764 1580 2803 Huntyngdoniae,
1599 2762 1721 2793 Custodi
1743 2762 1853 2801 Castri,
1873 2761 1971 2800 Villae,
1989 2772 2021 2792 ac
2040 2763 2156 2794 Bastidae
2175 2764 2211 2795 de
2233 2765 2311 2796 Brest

1254 2802 1283 2831 in
1299 2803 1456 2840 Britannia,
1473 2803 1506 2833 &
1523 2803 1578 2837 eius
1591 2801 1830 2838 Locumtenenti,
1851 2801 1983 2831 Salutem.

1292 2842 1389 2872 Sciatis
1410 2840 1490 2879 quod
1512 2841 1580 2870 cum
1600 2849 1706 2878 nuper,
1722 2850 1771 2877 per
1794 2840 1935 2876 quendam
1953 2838 2140 2878 Tractatum,
2157 2839 2230 2871 inter
2250 2844 2312 2871 Nor

1253 2880 1287 2910 &
1303 2879 1469 2911 Concilium
1482 2879 1627 2916 nostrum,
1646 2886 1680 2907 ex
1696 2888 1772 2915 parte
1785 2888 1854 2915 una,
1873 2878 1906 2908 ὅ(
1919 2877 2090 2908 cariffimum
2111 2878 2236 2909 Fratrem
2257 2891 2311 2911 no-

1253 2918 1359 2958 strum,
1376 2917 1534 2956 Johannem
1548 2920 1648 2946 Ducem
1660 2918 1834 2954 Britannice,
1852 2925 1886 2946 ex
1899 2916 1982 2946 altera
1996 2925 2090 2954 parte,
2107 2917 2233 2955 faistum,
2253 2920 2312 2950 Ca-

1255 2958 1346 2988 strum
1365 2959 1398 2989 δε
1420 2956 1492 2987 Villa
1511 2955 1659 2993 praedicta,
1677 2965 1709 2984 ac
1731 2955 1847 2993 quidam
1868 2954 1965 2984 Locus
1977 2954 2056 2992 super
2070 2964 2158 2992 quem
2173 2955 2312 2988 Bastidam

1252 2996 1416 3036 praediCtam
1436 3003 1524 3031 nuper
1544 2994 1613 3031 erigi
1632 2993 1766 3030 fecimus,
1786 3002 1833 3029 per
1857 3002 1965 3022 nomen
1985 2991 2077 3023 Castri
2090 2993 2125 3023 de
2138 2993 2232 3033 Brest,
2251 2995 2311 3030 &a

1254 3043 1285 3064 ut
1293 3036 1377 3074 supra
1393 3033 1471 3073 usque
1485 3032 1539 3069 ibi,
1557 3031 1745 3069 requisierint,
1765 3030 1802 3066 ὅς’
1821 3038 1884 3060 tunc
1892 3030 1948 3069 stc,
1967 3030 2005 3061 Et
2020 3030 2089 3061 Nos
2110 3032 2236 3063 volentes
2255 3043 2312 3065 tam

1254 3074 1408 3104 Honorem
1425 3070 1569 3107 nostrum,
1587 3070 1672 3107 quam
1685 3070 1755 3100 dicti
1770 3070 1915 3100 Avunculi
1931 3069 2033 3107 nostri,
2051 3070 2085 3100 δε
2099 3070 2218 3101 aliorum
2228 3072 2313 3103 Obli-

1252 3121 1384 3152 gatorum
1401 3109 1619 3149 praedieiorum,
1638 3109 1666 3137 in
1681 3109 1732 3138 hac
1748 3116 1824 3146 parte
1839 3108 1955 3137 illaesum
1969 3108 2124 3146 observari,

1291 3150 1527 3189 Affignaverimus
1550 3146 1696 3176 Dilectum
1716 3148 1799 3177 nobis
1818 3145 1975 3184 Johannem
1996 3149 2081 3175 Drax
2096 3169 2104 3183 ,
2132 3146 2310 3179 Servientem

1255 3189 1384 3220 nostrum
1407 3188 1441 3218 ad
1465 3196 1556 3223 arma,
1573 3185 1607 3215 ad
1628 3184 1760 3215 Castrum
1782 3187 1814 3216 ὃς
1838 3184 1941 3214 Villam
1963 3194 1995 3214 ac
2016 3184 2152 3215 Bastidam
2176 3187 2311 3223 praedici-a

1254 3239 1323 3259 cum
1346 3226 1531 3266 pertinentiis,
1549 3223 1584 3254 de
1604 3223 1695 3254 Vobis
1715 3225 1834 3253 nomine
1848 3223 1947 3253 nostro
1960 3223 2130 3260 petendum,
2149 3224 2182 3254 &
2198 3234 2246 3261 per
2264 3225 2310 3255 [n-

1257 3267 1404 3303 denturas,
1420 3264 1486 3294 inde
1500 3264 1570 3292 inter
1585 3272 1636 3293 vos
1649 3262 1682 3292 <Sc
1696 3262 1844 3298 praefatum
1854 3261 2014 3300 Jobannem
2028 3261 2104 3291 Dmx
2119 3263 2148 3290 in
2167 3262 2219 3293 hac
2239 3273 2314 3300 parte

1255 3307 1351 3335 debite
1372 3301 1562 3334 conficiendas
1576 3325 1585 3338 ,
1617 3301 1808 3339 recipiendum
1822 3323 1832 3338 ,
1856 3302 1889 3331 ὃ(
1908 3300 1941 3330 ad
1963 3300 2097 3337 praedicta
2122 3298 2253 3331 Castrum
2273 3304 2307 3332 ὃς

1256 3345 1359 3375 Villam
1373 3352 1405 3372 ac
1421 3340 1559 3372 Bastidarn
1573 3349 1640 3369 cum
1654 3340 1841 3377 pertinentiis,
1861 3339 1976 3376 praei‘ato
1990 3337 2068 3368 Duci
2083 3338 2248 3378 Britanniae,
2266 3341 2312 3371 seu

1255 3384 1311 3421 ejus
1324 3384 1352 3412 in
1366 3382 1417 3411 hac
1433 3388 1506 3418 parte
1520 3378 1751 3408 procuratoribus
1767 3378 1822 3407 live
1836 3375 2058 3413 Commiffariis,
2076 3376 2125 3406 sub
2145 3387 2219 3408 certa
2239 3379 2310 3409 For-

1257 3432 1319 3458 ma,
1338 3422 1367 3451 in
1384 3419 1485 3450 Literis
1497 3416 1596 3447 nostris
1612 3416 1790 3454 Parentibus,
1809 3415 1900 3445 eidem
1912 3414 2034 3458 johanni
2050 3413 2129 3444 Drax
2151 3416 2217 3446 ind'e
2239 3427 2311 3447 con-

1255 3460 1353 3497 fectis,
1377 3465 1534 3493 contentas,
1560 3454 1750 3493 liberandum,
1776 3463 1858 3492 prout
1877 3454 1906 3482 in
1930 3453 2028 3482 Literis
2048 3452 2147 3482 nostris
2170 3456 2310 3492 praedietis

1257 3499 1363 3536 plenius
1376 3496 1553 3531 continetur,
1821 3531 1825 3536 .
1962 3530 1967 3535 ι
2113 3530 2118 3535 ·
2143 3530 2148 3535 ¹

1294 3536 1385 3567 Vobis
1404 3536 1432 3564 in
1454 3532 1522 3562 Fide
1544 3532 1577 3562 ὃς
1599 3531 1760 3570 Ligeantia,
1779 3531 1879 3568 quibus
1899 3530 1981 3559 nobis
1995 3528 2162 3568 Tenemini,
2188 3530 2310 3562 Manda-

1257 3584 1320 3605 mus
1339 3575 1452 3604 firmiter
1474 3572 1664 3609 injungentes,
1692 3569 1772 3607 quod
1793 3567 1950 3611 Castrum,
1967 3567 2088 3605 Villam,
2112 3569 2145 3599 &
2169 3568 2309 3601 Bastjdam

1255 3613 1390 3651 praedieta
1411 3619 1479 3640 curn
1499 3609 1669 3646 pertinentiis
1692 3607 1807 3645 praefato
1827 3607 1952 3643 Johanm
1968 3605 2064 3649 Drax,
2084 3617 2133 3643 per
2146 3606 2312 3639 indenturas

1257 3652 1323 3682 inde
1336 3653 1406 3681 inter
1420 3647 1482 3678 Vos
1495 3649 1528 3678 &
1543 3646 1632 3684 ipsum
1644 3645 1805 3684 Johannem
1817 3644 1897 3676 Drax
1918 3644 2012 3674 debite
2030 3646 2236 3684 conficiendas,
2254 3647 2312 3678 fine

1255 3689 1418 3722 difficultate
1431 3687 1520 3723 aliqua
1537 3685 1663 3716 Liberari
1677 3684 1788 3714 faciatis.
2052 3721 2057 3725 ἡ

1291 3729 1431 3759 Volumus
1450 3726 1527 3754 enirn
1546 3734 1598 3753 vos
1613 3746 1623 3760 ,
1649 3725 1682 3753 &
1698 3722 1815 3752 alterurn
1834 3719 1962 3752 vestrum
1977 3741 1988 3758 ,
2010 3720 2089 3763 hujus
2107 3723 2145 3751 rei
2169 3723 2310 3755 immunes

1256 3765 1428 3798 omnimodo
1447 3763 1564 3792 discerni
1582 3763 1615 3792 &
1634 3761 1746 3798 haberi,
1771 3759 1892 3796 vosque,
1917 3768 1948 3789 ea
1965 3763 2131 3798 Occailone,
2158 3769 2220 3798 erga
2240 3762 2309 3793 Nos

1257 3807 1291 3837 &
1309 3802 1443 3835 Haeredes
1461 3800 1587 3837 nostros,
1607 3809 1659 3837 pro
1676 3799 1874 3829 deliberatione
1893 3796 2005 3835 Castri,
2018 3795 2123 3840 villae,
2138 3799 2171 3830 &
2191 3798 2309 3831 Bastidae

1256 3843 1456 3882 praedietorum
1475 3848 1543 3869 curn
1562 3838 1749 3876 pertinentiis,
1768 3838 1797 3866 in
1815 3836 1921 3866 Forma
1937 3835 2089 3874 praedusta,
2111 3838 2222 3875 peninis
2239 3848 2309 3871 exo-

1258 3883 1357 3913 nerari.

1295 3921 1328 3952 In
1341 3919 1435 3956 cujus,
1453 3917 1513 3946 &c.
1821 3954 1826 3959 .
2035 3950 2040 3955 ⁸
2153 3953 2168 3959 ..

1330 3956 1419 3988 Teste
1433 3954 1517 3992 Rege
1529 3952 1602 3992 apud
1617 3949 1888 3993 Wstmonastmum,
1902 3958 1996 3982 xxviu.
2013 3948 2059 3980 die
2072 3949 2179 3983 Martii.

1943 4028 1998 4056 Per
2009 4025 2090 4066 ipsum
2103 4029 2207 4067 Regem.

2235 4139 2318 4171 *De
