2561 4251
213 170 295 220 156
673 148 1933 202 CONVENTIONES,LITERAE,

70 248 149 281 Arm.
160 248 203 281 D.
216 261 320 283 eorum
337 251 542 281 Locatenentec
555 244 760 282 quoscunque,
778 252 812 273 ex
826 251 904 272 nunc
918 247 949 270 ut
964 248 999 269 ex
1009 247 1079 269 tunc
1088 260 1098 277 ,
1110 237 1144 269 &
1158 246 1192 268 ex
1207 244 1277 267 tunc
1353 235 1400 280 Ad
1415 245 1480 274 quae
1491 236 1591 266 omnia
1604 236 1639 266 δε
1649 235 1755 274 fingula
1768 235 1975 275 suprascriptag
1991 243 2042 274 per
2055 235 2182 269 eundem
2201 235 2368 267 Dominum
2377 258 2388 276 ³
2396 230 2528 266 Ambo·

93 289 177 328 1383.
212 300 245 321 ut
266 300 300 320 cx
321 297 414 324 nunc,
432 285 469 315 de
489 283 635 314 Consensu
656 283 708 313 suis
730 280 869 319 Expreffis
890 280 924 310 ὅ(
940 277 1075 315 Affensu,
1093 276 1120 307 se
1140 276 1173 307 &
1196 275 1274 319 Bona
1316 273 1539 318 ¹Florimundum
1562 274 1737 305 observanda
1756 275 1791 306 δε
1811 274 1956 312 implenda
1976 273 2093 307 fideliter
2112 277 2147 308 &
2168 275 2227 306 sine
2249 275 2359 306 Fraude
2374 298 2385 314 ,
2415 273 2502 315 1383.

213 331 258 360 sua
274 327 394 358 Arestari
410 325 443 355 &
458 321 620 360 sequestrari
637 321 725 359 palam
742 321 774 350 &
790 319 907 357 publice
921 318 954 348 &
966 318 1051 347 etiarn
1065 315 1275 346 Excommuni-
1315 311 1394 344 idem
1415 313 1566 344 Dominus
1587 311 1789 344 Florimundus
1801 312 1836 343 ad
1850 313 1954 344 SanCta
1977 312 2037 344 Dei
2048 313 2213 355 Evangelia,
2235 323 2336 345 coram
2348 324 2386 346 eo
2398 316 2452 348 Ric.
2467 322 2496 349 ι,

212 368 286 404 cari,
311 367 344 396 &
368 373 420 404 pro
439 361 584 399 Arestato,
606 359 872 390 Excommunicato
911 357 944 387 &
964 354 1145 393 Sequestrato
1164 353 1275 383 denun-
1314 358 1386 382 tunc
1399 353 1506 383 ibidem
1520 351 1659 393 apposita,
1680 352 1714 383 &
1727 361 1777 390 per
1790 351 1913 382 eundern
1927 351 2028 389 saepius
2040 353 2113 383 taita
2134 354 2169 385 ὃς
2190 354 2314 392 inspecta
2349 363 2384 385 ac

214 407 284 437 ciari
301 405 334 435 ὃς
353 401 551 441 pronunciari,
576 402 604 429 in
627 397 853 440 quibuscumque
875 380 986 439 tiocis,
1009 392 1192 424 Dioecesibus
1207 415 1216 429 ,
1239 392 1272 422 &
1315 391 1343 433 in
1365 389 1467 422 Verbo
1492 390 1635 435 Militiae„
1648 390 1715 435 ¹Fide
1732 390 1780 422 sua
1799 389 1910 428 media,
1933 389 2059 421 Manum
2077 391 2156 422 suam
2177 377 2336 423 Dexteran’i
2354 393 2385 423 in

211 443 370 475 Provinciis
407 441 465 470 tam
478 440 548 470 ultra
563 437 664 475 Mare,
680 437 767 473 quam
783 445 870 472 citra,
889 444 918 463 in
932 433 1158 472 quibuscumque
1182 429 1273 460 Parti·
1314 427 1407 460 Manu
1422 430 1537 461 dextera
1550 429 1669 460 Nobilis
1685 429 1746 461 Viri
1757 430 1866 468 praefati
1880 429 2005 460 Domini
2020 428 2164 461 Willielmi
2177 430 2202 461 le
2218 435 2297 471 Scrop
2320 430 2384 462 Mi-

212 483 280 519 bus,
300 491 348 518 per
361 464 474 510 &rbem
488 478 661 512 Terrarum,
671 485 730 518 *per
742 474 939 517 quoscumque
953 472 1087 510 Judices,
1108 470 1190 500 Viros
1212 468 1272 498 Ec·
1311 467 1365 498 litis
1381 468 1579 508 astringendo,
1594 468 1795 507 Juramentum
1811 467 1938 507 praestitit
1953 468 2121 508 corporale,

209 519 396 556 clesiasticos,
411 519 445 550 ὃς
460 516 573 548 Sane‘tae
590 513 690 544 Matris
705 512 838 543 Eccleiiae
861 512 1030 549 Miniltros,
1048 519 1116 540 cum
1136 516 1273 546 aggrava-
1350 505 1441 544 Super
1461 509 1564 545 quibus
1583 508 1719 538 omnibus
1739 508 1773 539 &
1792 507 2054 552 singulispraesatus
2068 506 2218 538 Dominus
2230 507 2381 540 Cancella-

69 330 120 356 Ric.
141 337 168 356 2.

208 560 288 590 tione
304 558 456 589 Sententia:
470 553 803 590 Excommunicationis‚
820 551 903 582 omni
917 549 963 581 vizi
978 549 1053 588 Juris
1073 549 1107 579 δε
1128 547 1209 577 Facti
1231 546 1272 576 fa-

209 597 320 628 ciendae
349 597 382 627 &
405 592 640 632 promulgandae,
667 593 699 622 ὅ(
722 589 818 629 Ipsum
844 600 859 620 a
881 589 996 619 Sanetae
1018 587 1118 617 Matris
1135 584 1271 616 Ecclesiae

207 635 330 667 Unitate
344 636 377 666 &
392 633 613 664 Communione
628 630 767 661 Fideliurn
780 629 902 660 totaliter
913 627 1027 665 separari
1036 650 1046 665 ,
1063 627 1096 657 &
1113 625 1150 655 sic
1166 624 1273 661 separa-

205 683 270 706 tum
285 673 411 710 excludi,
431 673 464 702 &
476 670 556 710 quod
572 669 714 707 Corporis
733 667 841 698 Christi
861 666 1030 704 perceptio,
1049 666 1082 695 ὃς
1104 663 1272 694 Sacramen-

202 722 249 752 ta,
275 724 308 744 ac
330 710 545 742 sacramentalia
561 708 713 744 Ecclesiae,
740 707 771 737 δι
792 706 938 744 Sepultura
958 703 1186 734 Christianorum
1201 725 1215 746 ,.
1236 711 1268 731 ac

206 753 291 790 Aqua
310 752 344 782 δε
368 750 440 789 [gnis
460 749 509 779 sibi
528 748 746 784 interdicantur,
765 745 783 776 si
805 746 835 775 iri
848 745 997 775 Solutione
1009 742 1149 773 dit-”tarum
1163 741 1269 784 Trium

204 790 323 821 Milium
343 790 377 821 ὃς
397 789 631 827 Qiingentarum
652 785 838 823 Marcarum,
863 791 893 814 ut
911 782 1092 820 praemittitur
1109 804 1118 818 ,
1141 780 1271 811 facienda

205 828 335 868 deficiat,
353 828 432 866 quod
447 827 531 863 abiit,
1043 859 1048 863 .
1227 858 1231 862 ἱ

242 867 319 906 ΕΤ,
344 877 399 905 pro
419 866 528 896 meliori
549 861 744 894 submissione
765 861 798 891 &
816 859 1000 899 Obligatione
1021 858 1163 889 dic'tarum
1186 856 1270 887 Mille

204 905 394 944 Marcamm,
413 904 509 935 Curiae
524 902 658 933 Camerae
671 901 794 931 Domini
807 899 898 929 nostri
913 898 1012 936 Papae,
1031 906 1061 939 ut
1077 897 1269 934 praemittitur,

204 945 359 983 faciendis,
385 944 460 974 idern
480 945 614 972 Dominus
634 939 820 970 Florimundus
837 962 847 976 ,
870 938 1003 968 Dileews
1024 936 1073 965 libi
1090 936 1118 964 in
1132 934 1268 972 Chi-isto,

1312 544 1365 588 rius
1376 545 1450 589 ¹Me,
1469 545 1628 590 Notarium
1641 546 1798 577 Publicum
1813 546 2015 586 subscriptum,
2034 555 2068 576 ex
2084 545 2166 576 Parte
2183 547 2290 583 praefati
2311 547 2380 578 Do-

1313 592 1382 613 mim
1397 583 1486 614 nostri
1501 584 1605 624 Regis,
1623 584 1770 616 instantius
1781 585 1924 623 requisivit
1936 587 1970 617 ὃς
1993 584 2138 616 mandavit
2155 583 2263 615 ibidem
2285 595 2377 617 unum

1311 622 1357 652 vel
1373 622 1450 660 plura
1463 622 1583 653 Publica
1597 623 1741 654 conficere
1753 622 1953 654 Instrumenta.

1325 699 1329 704 .
1346 660 1420 693 Acta
1434 661 1495 692 sunt
1507 661 1589 699 haec,
1608 671 1693 698 prout
1706 661 1960 700 suprascribuntur,
1978 663 2083 700 Anno,
2103 661 2282 701 Indifflone,
2298 657 2379 693 Pon-

1309 698 1435 742 tificatu,
1456 700 1574 738 Mense,
1592 700 1666 739 Die,
1683 701 1717 731 ὃ(
1732 701 1818 730 Loco
1831 700 1989 739 praedietis,
2006 701 2208 738 Praesentibus,
2227 699 2378 731 Revereri-

1310 737 1404 782 d³³.&
1425 739 1586 769 Nobilibus
1607 738 1700 777 Viris,
1720 738 1863 778 Magistro
1888 737 2010 769 IVaItero
2022 739 2158 769 Skirlawe
2173 739 2304 770 Custode
2315 738 2378 770 Pri-

1310 785 1365 806 vati
1385 777 1489 816 Sigilli,
1513 778 1651 809 Domino
1671 777 1806 818 Johanne
1827 778 1858 807 de
1881 776 2024 807 Waltham
2047 777 2178 808 Custode
2196 777 2378 808 Rotulorum

1309 815 1511 854 Cancellaiiae,
1528 816 1663 855 Clericis,
1683 817 1818 848 Domino
1831 816 1947 846 Roberto
1961 817 1993 846 de
2004 814 2164 855 Plesjngton
2184 815 2306 856 Capitali
2327 816 2380 847 Ba-

1310 865 1381 885 rone
1397 856 1536 886 Scaccarii
1551 879 1560 894 ,
1592 856 1728 887 Domino
1753 858 1795 886 W
1797 854 1904 886 illielmo
1926 858 2033 886 Morers
2055 854 2225 886 Marescallo
2252 855 2378 894 Hospitii

1309 894 1418 931 praefati
1439 894 1564 924 Domini
1586 894 1676 925 nostri
1697 895 1742 924 Re
1762 895 1800 933 is,
1826 894 1986 933 Militibus,
2012 894 2150 924 Dominis
2173 892 2321 924 Willielmo
2344 897 2377 925 de

1308 932 1450 972 Dighton,
1467 934 1601 972 Johanne
1619 934 1652 963 Ae
1670 935 1738 963 lVen
1758 932 1922 971 lyngburgh,
1940 933 2096 964 Canonicis
2122 931 2257 963 Ecclesiae
2279 932 2378 965 Sancti

1307 970 1390 1040 gcaqg
1402 972 1581 1041 [Jffldoniae'
1599 982 1632 1002 ac
1648 972 1705 1002 aliis
1717 971 1869 1011 Testsbus,
1883 972 1918 1003 ad
1934 972 2079 1004 Praemissa
2095 971 2212 1002 vocatis
2225 971 2379 1009 specialiter

1343 1019 1552 1094 Sutffieqiieiiter
1572 1052 1644 1081 vero
1659 1074 1668 1087 ,
1691 1049 1807 1093 'eisdem
1825 1049 1916 1080 Anno
1931 1072 1941 1088 ,
1967 1048 2130 1080 Indistione
2143 1071 2154 1088 ,
2179 1046 2352 1081 Pontificatu
2366 1073 2378 1089 ‚

1308 1087 1426 1126 Mense,
1445 1089 1533 1127 (Die,
1550 1098 1645 1119 tamen
1658 1088 1728 1119 illius
1743 1087 1852 1118 Mensis
1862 1087 1963 1118 Tertia
1978 1087 2118 1124 Decima)
2134 1089 2163 1117 in
2179 1087 2301 1126 quadarn
2316 1088 2377 1120 Cac-

1308 1126 1386 1157 mera
1395 1150 1403 1164 ,
1412 1127 1482 1157 infra
1496 1128 1658 1169 Receptam
1675 1127 1815 1158 Scaccarii
1826 1127 1933 1164 praefati
1946 1126 2070 1156 Domini
2084 1126 2266 1166 Regis,apud
2276 1127 2379 1158 West-

1307 1165 1532 1205 monasterium,
1556 1167 1721 1198 Londoniae
1740 1165 1876 1196 Dioecese
1916 1164 2100 1203 coiistruera,
2118 1165 2247 1203 praefatus
2265 1165 2376 1197 Domi-

1307 1214 1359 1235 nus
1373 1205 1561 1249 qurin1urtdus
1573 1206 1640 1252 liuic
1656 1204 1851 1249 lustru-mento
1864 1189 1989 1249 P'ublico
2001 1203 2130 1243 Sigillum
2146 1203 2227 1248 suum
2249 1205 2378 1243 apposuit

1306 1241 2375 1321 353¹?iii?“osgariissae}22522e‘⁰32c32¹‘i⁶533iffivgssffss‘ffltffiissff·

1304 1321 1359 1351 diae
1374 1306 1714 1366 Camera’rio‘Scacca'rii,
1731 1320 1866 1365 Johanne
1879 1319 2020 1356 Ravenser
2033 1318 2164 1364 Custode
2179 1321 2198 1339 *
2221 1302 2377 1359 Hanaperii
2390 1323 2407 1341 ‘³‘
2418 1327 2487 1355 VII.

1304 1360 1412 1436 ἕξειὲξει
1428 1360 1552 1391 Domini
1566 1361 1673 1400 Regis,
1689 1360 1825 1392 Testibus
1839 1360 1874 1392 ad
1888 1360 1945 1390 hoc
1958 1359 2075 1390 Vocaus
2089 1359 2239 1397 speeialiter
2252 1359 2286 1391 δι’,
2307 1360 2374 1392 Ro·
2386 1367 2454 1403 403.

205 983 394 1015 Reverendos
414 984 447 1015 δε
469 981 616 1012 Discretos
636 979 743 1017 Viros,
777 979 979 1006 Procuratorem
1000 973 1126 1013 Fiscalem
1144 973 1269 1004 Domini

203 1022 296 1053 nostri
310 1025 410 1061 Papae,
428 1022 477 1060 qui
491 1029 568 1050 nunc
582 1018 640 1057 est,
655 1019 700 1049 vel
715 1017 764 1055 qui
782 1026 836 1056 pro
857 1016 1006 1052 Tempore
1027 1013 1128 1051 fuerit,
1143 1022 1177 1043 ac
1201 1011 1268 1042 Ma-

225 1061 304 1092 istros
318 1061 478 1100 Johamzem
493 1057 646 1097 Moubray,
663 1056 821 1095 Johannem
833 1053 1002 1094 Trefizaunt,
1019 1050 1180 1090 Johannem
1195 1051 1268 1080 usbl-

222 1111 304 1139 oum,
321 1102 353 1131 &
376 1099 521 1129 Ricardum
541 1096 638 1133 Holm,
656 1097 718 1126 suos
742 1104 824 1124 veros
845 1095 878 1125 ὃς
899 1093 1039 1131 legitimos
1059 1090 1143 1128 fecit,
1161 1089 1268 1121 consti-

201 1140 272 1178 tuit,
289 1142 322 1170 &
337 1139 477 1169 ordinavit
490 1136 708 1171 Procuratores,
725 1132 925 1172 Negotiorum
947 1129 1101 1174 Gestores,
1122 1128 1268 1173 &tNun-

198 1179 264 1246 t{ios
276 1178 422 1217 speciales,
437 1175 617 1214 conjunffltn
629 1174 662 1204 δε
678 1172 807 1210 divisim,
825 1172 858 1202 δε
874 1169 1030 1209 quemlibet
1043 1177 1145 1198 eorum
1160 1178 1190 1197 in
1204 1167 1268 1198 soli-

220 1226 269 1246 um

240 1240 300 1285 IT’A
315 1254 396 1293 quod
411 1264 473 1285 non
489 1252 520 1284 fit
536 1252 637 1282 melior
653 1249 795 1280 Conditio
810 1248 1002 1286 Occupantis,
1021 1246 1059 1276 set
1074 1244 1166 1283 Qiod
1181 1244 1269 1275 Unus

200 1292 312 1325 Eorum
329 1294 464 1331 inceperit
480 1292 597 1329 quilibet
610 1289 791 1320 Eorumdem
804 1287 935 1326 prosequi
950 1286 1040 1316 valeat
1051 1285 1174 1314 mediare
1194 1285 1267 1322 pari-

198 1341 241 1364 ter
256 1333 290 1363 &
304 1332 385 1362 finire
398 1341 466 1362 curn
481 1330 596 1360 Effeetu
606 1353 615 1367 ,
1069 1363 1073 1368 ἰ

239 1371 290 1402 An
312 1371 554 1402 OBLIGANDUM
575 1369 607 1400 δε
622 1367 656 1397 ad
672 1366 957 1402 CoNi-1TENDUM,
976 1361 1113 1393 Nomine
1126 1362 1192 1399 suo,
1211 1361 1265 1400 Se,

199 1419 232 1441 ut
244 1411 441 1448 praemittitur,
460 1409 631 1445 Obligatum
645 1408 673 1435 in
687 1405 770 1435 ditiis
785 1403 869 1434 Mille
885 1402 993 1433 Marcis
1006 1401 1140 1432 Nomine
1152 1400 1266 1439 Poenae,

200 1459 316 1480 necnon
332 1449 364 1479 ad
381 1444 834 1486 acceptandum,expediandum,
850 1441 1046 1478 subeundum,
1065 1442 1099 1471 δε
1113 1440 1147 1470 ad
1160 1440 1263 1470 admit—

200 1489 319 1518 tendum
332 1487 480 1526 judicium
496 1487 529 1517 ὃ(
544 1484 869 1521 Condempnationem,
885 1482 913 1511 in
935 1479 1022 1510 Curia
1043 1478 1176 1509 Camerae
1198 1478 1264 1509 Do·

202 1527 273 1557 mini
285 1526 376 1556 nostri
387 1526 489 1565 Papae,
504 1525 563 1555 tam
576 1523 646 1553 dieti
661 1522 762 1552 Debiti
774 1520 955 1558 Principalis,
974 1520 1061 1557 quam
1078 1517 1162 1547 diestae
1178 1517 1264 1548 Sum—

200 1573 259 1596 mae
276 1565 360 1596 Mille
374 1564 559 1601 Marcarum,
1223 1595 1228 1599 ”

238 1603 320 1634 Dans
333 1604 416 1634 etiam
430 1604 464 1634 ὃς
479 1600 652 1632 Concedens
665 1599 766 1629 eisdem
786 1596 1020 1628 procuratoribus
1042 1595 1110 1632 suis,
1129 1594 1162 1625 &
1182 1594 1264 1625 cuili-

198 1644 248 1674 bet
260 1643 447 1679 eorumdem,
464 1640 637 1671 Potestarem
651 1638 827 1673 ueneralem,
847 1638 880 1667 δε
898 1635 1068 1665 Mandatum
1084 1633 1263 1673 speciale,ad

198 1681 421 1712 substituendum
435 1681 464 1710 in
479 1663 794 1715 PineinisfisfiNlomine
809 1675 858 1705 suo
873 1675 906 1705 ἃ*
922 1673 1070 1711 cujussibet
1084 1671 1264 1710 eorumdem,

200 1720 307 1751 Unum
330 1720 375 1751 vel
395 1720 484 1757 plures
504 1718 721 1748 Procuratorem
741 1715 785 1744 vel
801 1713 1017 1749 Procuratores,
1035 1711 1207 1741 Substitutos
1229 1712 1261 1742 &

199 1758 416 1789 Substituendos
432 1758 467 1787 ab
481 1756 584 1786 eisdem
598 1755 644 1785 vel
663 1763 764 1784 eorum
784 1753 880 1790 aliquo
903 1750 1073 1788 revocandi,
1092 1749 1264 1780 Procurato—

200 1798 236 1827 ris
249 1796 391 1828 Officium
407 1793 593 1826 reaffumendi
608 1795 736 1832 quotiens
757 1793 790 1823 ὃς
805 1790 919 1829 quando
940 1789 1042 1820 eisdem
1066 1788 1263 1819 procuratori-

201 1836 252 1867 bus
267 1836 319 1866 suis
334 1836 378 1866 vel
393 1844 494 1865 eorum
507 1834 589 1863 alicui
605 1833 743 1861 videbitur
758 1830 905 1868 expedire,
924 1839 957 1859 ac
972 1828 1072 1858 omnia
1086 1828 1136 1857 alia
1153 1829 1186 1859 δε
1210 1827 1263 1857 sin-

197 1874 261 1915 gula
276 1874 396 1905 faciendi
411 1875 444 1905 &
459 1870 624 1910 expediendi
640 1880 703 1909 quae
718 1871 792 1900 circa
808 1867 953 1898 Praemiffa
965 1867 1009 1897 vel
1022 1867 1134 1897 Eorum
1147 1866 1263 1904 aliquod

198 1913 349 1944 necessaria
359 1913 465 1943 fuerint
479 1911 522 1941 vel
539 1910 708 1947 Oportuna,
725 1909 811 1939 etiam
828 1907 847 1937 si
873 1905 1044 1936 Mandatum
1068 1906 1179 1943 exigant
1202 1904 1263 1943 spe-

196 1952 280 1990 ciale,
299 1953 332 1984 &
345 1961 410 1990 quae
423 1950 497 1980 idem
513 1948 700 1980 Constituens
717 1948 809 1978 facere
820 1945 912 1987 posset
928 1947 957 1975 in
980 1943 1133 1975 Praemissis
1156 1943 1175 1974 si
1197 1953 1263 1982 per-

198 1991 327 2022 sonaliter
340 1989 496 2026 interesset,

234 2029 409 2060 Promittens
422 2028 458 2059 Se
473 2027 600 2065 Ramm,
619 2025 764 2063 Gratum,
782 2025 814 2056 ὅ(
833 2023 963 2054 Firmum
983 2022 1086 2053 habere
1109 2023 1144 2054 ὃ(
1166 2030 1264 2053 tenere

194 2069 311 2100 Totum
327 2069 359 2099 &
374 2066 524 2107 Qicquid
539 2076 588 2104 per
601 2065 692 2095 dictos
707 2063 909 2094 Procuratores
932 2062 1010 2100 suOS,
1029 2071 1083 2092 nec
1109 2070 1169 2091 non
1189 2061 1264 2092 Sub-

195 2107 306 2138 stitutos
327 2108 361 2138 ὃς
382 2105 598 2137 Substituendos
620 2104 656 2134 ab
676 2103 778 2134 eisdem
799 2102 844 2132 vel
863 2101 974 2132 Eorum
995 2100 1109 2138 aliquo,
1135 2099 1264 2138 Aetum,

195 2146 338 2183 Gestum,
357 2145 413 2176 five
427 2144 613 2175 Procuratum
629 2143 712 2173 fuerit
726 2143 754 2171 in
768 2140 919 2171 Praemissis
932 2140 965 2170 &
982 2139 1110 2178 quolibet
1130 2138 1265 2169 Praemis-

196 2185 308 2223 sorum,
325 2185 375 2215 sub
395 2184 527 2215 omnium
548 2182 698 2213 Bonorum
720 2180 834 2211 suorum
858 2178 1062 2218 praedidtorum
1077 2177 1264 2216 Obligatione

197 2224 232 2255 δε
248 2223 420 2261 Υροὼεςᾶ,
442 2223 476 2254 ὃς
491 2222 617 2260 exposuit
632 2220 795 2252 Cauriones.
1046 2232 1049 2234 v

237 2265 252 2280 '¹‘
273 2262 444 2293 PROMISIT
454 2285 463 2300 ,
476 2261 602 2299 insuper,
617 2259 693 2289 idem
709 2257 875 2299 Constituens
889 2266 938 2295 per
950 2255 1051 2286 Fidem
1067 2256 1099 2288 &
1113 2254 1265 2294 juramen-

199 2309 278 2340 tum,
297 2300 484 2339 corporaliter
501 2298 639 2340 praestita,
656 2298 736 2329 tactis
751 2307 800 2336 per
814 2296 937 2327 eundem
959 2294 1144 2325 Sacrosantstis
1165 2294 1264 2326 Evan-

196 2341 274 2380 geliis
290 2341 323 2373 ὃς
336 2340 481 2378 inspectis,
498 2338 579 2377 quod
595 2336 766 2368 Potestatem
777 2360 786 2373 ,
805 2335 887 2365 dietis
904 2334 1138 2364 Procuratoribus
1150 2333 1218 2372 suis,
1233 2342 1263 2364 ut

195 2380 392 2418 praemittitur,
409 2376 592 2416 conceffam,
610 2376 765 2406 nullatenus
779 2374 926 2405 revocabit
940 2371 1161 2412 quomodolibet
1176 2374 1206 2403 in
1219 2373 1263 2404 fu-

196 2426 301 2449 turum.

1338 1477 1380 1504 Et
1394 1477 1453 1513 Ego
1463 1477 1603 1516 joliannis
1616 1477 1653 1508 de
1668 1476 1796 1508 Bouland
1812 1475 1947 1514 Clericus,
1964 1473 2142 1514 Karliolenfis
2158 1477 2250 1505 Dioece
2260 1486 2299 1515 ις,
2317 1477 2375 1506 Pu-

1302 1511 1384 1543 blicus
1398 1519 1462 1554 Apo
1472 1516 1553 1546 lolia}
1569 1518 1751 1546 Audlorrratc
1766 1517 1902 1545 Notarius
1911 1538 1920 1553 ,
1938 1513 2083 1552 Praemiffis
2096 1513 2214 1543 omnibus
2280 1514 2375 1554 singu-

1301 1552 1334 1581 lis
1356 1554 1419 1583 dum
1450 1567 1473 1585 1c
1494 1560 1652 1593 Agerentur
1673 1558 1760 1585 Anno
1783 1555 1935 1585 Indistione
1960 1552 2127 1591 Pontificum
2144 1552 2241 1591 [dense
2261 1556 2317 1583 Die
2334 1552 2374 1589 &-

1304 1594 1382 1621 Locis
1392 1595 1549 1632 praea'ic‘lis,
1567 1595 1628 1623 und
1639 1605 1696 1623 cum
1709 1595 1788 1624 dietis
1798 1591 1917 1632 Testihus
1933 1589 2048 1630 praeftns
2068 1590 2200 1630 interfui,
2221 1592 2319 1632 anue
2334 1591 2375 1633 fic

1302 1629 1364 1669 fieri
1377 1634 1438 1661 vidi
1451 1631 1489 1667 (fr
1505 1633 1604 1662 audivi
1619 1631 1656 1667 ὠ·
1671 1636 1699 1662 in
1715 1632 1785 1662 hanc
1798 1631 1936 1661 Publicam
1950 1633 2075 1660 Formam
2089 1630 2194 1668 redegi,
2208 1630 2321 1670 diverfis
2336 1630 2376 1667 (ᾤ’

1303 1672 1396 1699 arduis
1417 1673 1543 1708 Negotiis
1565 1675 1717 1709 Occupatus
1734 1679 1782 1708 per
1802 1670 1887 1699 alium
1902 1667 1989 1708 firibi
2004 1667 2079 1707 feci,
2097 1667 2136 1703 &
2159 1672 2210 1698 Me
2220 1669 2377 1709 fichc'rrpz,

1303 1713 1463 1750 Sigmmzqrie
1481 1721 1565 1739 meum
1588 1708 1695 1749 appofizi
1718 1707 1901 1747 Praefi’ntibus
1924 1705 2074 1746 confitetum
2092 1710 2121 1736 in
2133 1708 2226 1738 Fidem
2241 1708 2280 1745 ό
2292 1712 2329 1739 Te
2351 1713 2376 1739 i-

1302 1752 1420 1778 monium
1436 1754 1550 1779 omnium
1568 1748 1772 1788 Praemiffirrum.

2081 1821 2216 1853 Bouland.
2269 1844 2275 1851 .

1461 1904 1517 1934 Sub
1532 1903 1623 1942 sigillo
1636 1902 1721 1934 rubeni
1734 1902 1806 1934 Certi
1819 1899 1954 1941 expreſjb,
1972 1911 1991 1929 a
2005 1897 2102 1929 Cauda⁴
2117 1901 2301 1938 Pergamenae.

1461 2048 1680 2095 AppunHuata
1692 2049 1785 2095 fhper
1799 2050 1835 2083 T
1829 2050 1928 2095 rengis
1945 2049 1982 2086 ᾤ’
2001 2049 2078 2080 Pace
2095 2048 2206 2081 Scotiae.

1388 2133 1467 2165 AEC
1486 2134 1765 2173 INDENTURA‚
2390 2137 2524 2173 Armo-

1417 2173 1503 2205 Faeta
1523 2174 1598 2215 apud
1615 2173 1867 2211 Morehouflawe,
1886 2171 2078 2204 Duodecimo
2093 2171 2153 2202 Die
2169 2171 2279 2204 Mensis
2289 2170 2375 2213 Julii,
2411 2181 2495 2222 1333,
2514 2162 2524 2178 ⁸

1303 2212 1394 2244 Anno
1417 2213 1542 2243 Domini
1562 2211 1720 2243 Millesimo
1735 2235 1746 2251 ,
1772 2211 2010 2249 Trecentesimo,
2039 2210 2231 2250 oetogefimo
2254 2211 2374 2251 Tertio,
2389 2223 2441 2249 An.
2460 2230 2487 2256 7=

1302 2253 1374 2282 inter
1396 2252 1529 2282 inclitum
1551 2250 1717 2289 Principem
1740 2250 1901 2290 Johannem
1918 2253 2020 2280 Ducem
2035 2248 2224 2290 Lancastriae,
2243 2249 2375 2282 Locum·
2388 2264 2417 2288 R.
2437 2269 2464 2286 2,

1302 2299 1448 2322 tenentem
1469 2292 1500 2321 in
1523 2291 1648 2328 partibus
1670 2289 1787 2328 Angliae
1807 2289 1901 2321 versus
1925 2288 2070 2320 Marchias
2084 2289 2212 2328 Scotiae,
2229 2299 2262 2320 ac
2278 2289 2375 2321 Corn-
2390 2303 2427 2326 Ex
2444 2301 2503 2327 Aa.

1304 2330 1462 2360 miliarium
1488 2329 1648 2368 specialem
1678 2328 1849 2359 Sereniffimi
1870 2327 2009 2366 Principis
2031 2326 2156 2358 Domini
2178 2329 2291 2358 Ricardi
2312 2328 2373 2360 Dei
2388 2344 2455 2376 ugr,
2501 2328 2507 2334 ’

1323 2368 1390 2400 tatia
1408 2370 1487 2407 Regis
1509 2367 1623 2407 Angliae
1644 2366 1817 2399 Illustrisfab
1841 2366 1916 2406 una,
1934 2368 1968 2398 ὃς
1981 2366 2173 2406 Magnificum
2190 2367 2225 2398 &
2240 2366 2377 2402 Inclitum
2454 2372 2457 2374 '

1339 2409 1491 2446 ominum,
1507 2407 1675 2438 Dominum
1695 2406 1857 2446 Johannem
1876 2409 2006 2436 Comitem
2028 2407 2061 2435 de
2076 2406 2176 2436 Carrik
2191 2404 2377 2446 primogeni-

54 2260 70 2277 ⁸
92 2261 173 2299 vrrs

52 2308 119 2335 402.

235 2457 280 2488 Ac
295 2458 380 2488 etiarn
393 2456 469 2487 idern
484 2458 616 2486 Dominus
631 2453 836 2490 Florimundus,
854 2450 924 2481 Fide
936 2450 980 2480 susi
1002 2450 1140 2488 preestitzi,
1159 2450 1193 2481 δε
1210 2445 1264 2488 Ju—

196 2505 328 2526 ramento
343 2497 443 2532 etiam,
462 2495 539 2525 metis·
554 2493 741 2524 sacrosanetis
755 2490 915 2529 Evangelio
942 2499 989 2527 per
1012 2489 1154 2527 eundern,
1173 2489 1263 2519 Inter-

218 2534 308 2572 olito,
332 2533 481 2564 Concesiit
503 2533 582 2571 quiid
606 2532 699 2562 statim
744 2530 808 2568 post
829 2530 939 2559 dietum
964 2527 1077 2568 Festum
1097 2527 1263 2559 Nativitatis

224 2582 291 2603 eatae
307 2571 425 2610 Mariae,
444 2571 558 2607 Corpus
572 2571 651 2600 suurn
667 2554 779 2607 reddet,
796 2577 972 2599 moraturum
996 2568 1023 2596 in
1044 2566 1138 2597 Hosta
1160 2568 1188 2597 io
1207 2568 1262 2602 (vi-

197 2610 311 2647 delicet)
329 2612 357 2640 in
373 2610 476 2640 Castro
489 2610 677 2646 Burdegalise,
694 2611 726 2639 &
743 2607 822 2645 quiid
837 2607 934 2636 eadem
951 2606 986 2635 de
1009 2604 1098 2636 Causa
1123 2616 1138 2636 a
1178 2605 1262 2636 Civi-

197 2657 285 2681 tatem
306 2649 477 2687 Burdegaliae
498 2649 593 2677 venire
614 2647 730 2683 debent,
749 2647 781 2676 ὃς
804 2646 840 2675 de
854 2645 934 2674 dieto
951 2643 1053 2674 Castro
1065 2644 1145 2674 nullo
1162 2644 1260 2675 Modo

198 2688 331 2719 recedere
352 2688 498 2725 quousque
517 2687 552 2716 de
573 2686 647 2715 dieta
664 2687 781 2715 Summa
806 2683 944 2714 dictarum
957 2683 1064 2713 Trium
1078 2683 1205 2713 Millium
1226 2685 1259 2715 &

199 2727 432 2765 Qiingentarum
449 2725 613 2755 Marcarum
629 2724 746 2763 prierato
762 2722 896 2752 Domino
917 2720 1018 2751 nostro
1042 2721 1120 2759 Regi
1137 2721 1184 2752 vel
1204 2723 1261 2760 ejus

198 2764 358 2796 Senescallo
370 2774 415 2794 aut
427 2773 527 2794 eorum
542 2763 723 2793 Procuratori
737 2761 782 2791 vel
796 2761 951 2790 Attornato
962 2759 1083 2796 plenarie
1106 2760 1191 2790 fuerit
1210 2761 1260 2792 Sa-

196 2805 358 2841 tissaetum,
377 2804 555 2839 liscoiitingat
570 2801 662 2839 Ipsum
680 2799 770 2838 (quod
785 2799 866 2835 absit)
883 2799 913 2828 in
929 2797 1079 2828 Solutione
1099 2797 1184 2829 dietae
1205 2799 1261 2830 Pe-

199 2844 294 2873 cuniae
306 2842 445 2879 deficere,
461 2843 488 2871 in
508 2841 590 2870 Pirtc
603 2840 648 2870 vel
665 2839 694 2869 in
710 2839 809 2876 Toto,
827 2838 856 2868 in
872 2835 958 2867 Festo
972 2836 1129 2874 supradieto
1145 2838 1190 2867 vel
1215 2839 1259 2867 in-

199 2882 239 2912 fra
253 2882 324 2912 οὲὶο
340 2880 410 2911 Dies
427 2879 591 2918 praediet0s‚

235 2919 273 2950 Et
288 2919 368 2957 quod
383 2920 494 2949 interim
504 2943 513 2956 ,
533 2918 596 2955 post
611 2916 721 2946 dietum
738 2914 853 2946 Festum
868 2913 1033 2944 Nativitatis
1047 2911 1139 2943 Beatae
1149 2912 1261 2952 Marice,

199 2959 273 2989 bene
286 2958 365 2988 liceat
379 2957 493 2997 praefato
507 2955 662 2986 Senescallo
679 2955 723 2985 vel
739 2955 796 2993 ejus
812 2950 1165 2989 Locumtenenti,dic'l*am
1174 2952 1263 2982 Sum-

200 3006 278 3027 mam
299 2996 403 3026 Trium
428 2995 544 3025 Milium
565 2996 599 3026 ὃς
615 2995 848 3032 Qingenrarum
866 2991 1049 3027 Marcarum,
1067 2990 1123 3020 una
1136 3000 1204 3021 cum
1219 2991 1261 3021 di-

199 3035 252 3066 etis
271 3035 410 3071 Dampnis
459 3033 591 3072 Expensis
605 3056 614 3070 ,
645 3034 678 3062 ὃς
699 3031 830 3062 Interesse
854 3030 958 3060 Levare
983 3031 1016 3060 &
1039 3027 1206 3068 Colligere,
1231 3038 1261 3060 ut

200 3074 396 3111 praemittitur,
414 3057 449 3102 d'e
464 3072 567 3102 Castro
580 3072 614 3103 &
629 3070 716 3101 Loco
731 3079 800 3101 cum
823 3069 1000 3100 Pertinentiis
1018 3067 1195 3105 supradietis,
1212 3067 1262 3098 ali-

201 3111 258 3151 qus⁴
279 3110 494 3142 Consuetudinc
512 3110 556 3140 vel
578 3110 655 3148 Lege
676 3108 801 3139 Patrium
820 3107 1018 3146 praediCtarum
1040 3115 1099 3136 non
1113 3105 1262 3145 obstante,

201 3151 358 3188 (videlicet)
383 3149 480 3187 quod,
499 3149 639 3179 Executio
659 3147 759 3177 Debiti
781 3147 902 3177 minime
923 3145 982 3175 fieri
1000 3144 1101 3175 debeat
1114 3143 1150 3174 de
1163 3144 1262 3174 Terris

199 3191 234 3260 {c
250 3189 363 3258 (damnis
373 3189 502 3227 alicujus,
520 3187 582 3225 Ipso
599 3187 742 3217 Debitore
754 3196 806 3224 pro
819 3185 923 3216 eodem
938 3183 1050 3214 Debito
1063 3182 1197 3214 existente
1210 3182 1261 3213 sub

229 3239 259 3260 re
284 3239 313 3258 o.

238 3268 362 3307 Idemque
377 3268 506 3296 Dominus
521 3263 706 3293 Florfmundus
719 3262 888 3293 OBLIGAT
901 3262 938 3292 Se
972 3260 1126 3298 Haeredes,
1138 3261 1173 3291 &
1186 3259 1261 3291 Exe—

201 3315 314 3336 cutores
328 3305 390 3335 suos
405 3304 600 3342 quoscumque
617 3302 651 3332 ad
666 3302 764 3331 omnia
780 3301 931 3339 Dampna,
947 3287 1102 3337 lixpensas,
1121 3299 1155 3330 δε
1167 3297 1260 3329 Inter-

203 3343 262 3374 esse
275 3367 284 3380 ,
299 3344 372 3374 fieta
385 3367 394 3380 ,
413 3342 575 3379 sustentata,
595 3340 639 3371 vel
654 3341 745 3370 habita
762 3349 811 3378 per
826 3340 935 3370 dietum
952 3338 1116 3369 Dominum
1128 3336 1260 3367 nostrum

202 3381 315 3421 Regem
324 3406 334 3420 ,
351 3382 553 3412 Procuratores
568 3380 613 3410 vel
626 3379 790 3410 Attornatos
800 3378 863 3408 suos
877 3377 1079 3416 quoscunque,
1091 3376 1198 3405 ratione
1209 3376 1259 3405 de-

202 3420 316 3457 fectus,
344 3420 542 3457 Negligentiae
557 3441 567 3456 ,
597 3418 641 3448 vel
668 3416 773 3456 Culpae
793 3416 862 3446 dieti
883 3415 1007 3446 Domini
1029 3413 1206 3447 Florimundi
1229 3415 1260 3443 in

201 3457 353 3490 Praemisfis
367 3460 400 3489 δε
417 3458 544 3496 quolibet
561 3456 784 3486 Praemissorum.

240 3497 566 3532 Renunciiwmua
589 3495 666 3526 idem
687 3497 820 3524 Dominus
838 3492 1043 3532 Florimurta'ns,
1061 3500 1096 3522 ex
1119 3498 1194 3521 certa
1214 3490 1259 3521 sua

202 3535 343 3574 Scientia,
363 3536 492 3567 &libera
505 3534 673 3572 Voluntate,
691 3543 741 3571 per
754 3533 875 3563 Fadium
897 3533 1070 3569 expressum,
1089 3529 1260 3568 quibuscun-

202 3584 259 3613 que
280 3573 500 3612 Exceptionibus
518 3583 579 3603 non
598 3581 754 3602 numeratae
776 3570 926 3608 Pecuniae,
944 3581 1002 3600 non
1023 3570 1134 3606 solutae,
1158 3577 1212 3597 nec
1231 3569 1258 3598 iu

202 3612 365 3643 Utilitatem
377 3614 434 3651 ejus
448 3612 605 3649 converse,
626 3611 696 3640 Doli
711 3611 794 3648 mali,
813 3609 930 3639 Affioni
943 3610 971 3638 in
993 3609 1130 3645 Fut-stum,
1146 3604 1259 3636 Condi-

201 3651 271 3693 tioni
285 3651 432 3688 indebitre,
450 3651 491 3680 ob
503 3649 632 3688 injustam
647 3648 784 3685 Causam,
803 3647 1080 3684 Dispensationibus,
1097 3644 1259 3675 Relaxatio-

201 3689 300 3730 nibus,
319 3689 555 3724 InhibitionibuS,
573 3687 820 3722 protectionibus,
839 3686 1113 3722 ProvocationibuS,
1127 3682 1259 3720 Appella-

204 3726 342 3764 tionibus,
362 3726 609 3762 Absolutionibus,
630 3726 787 3756 Literarum
801 3724 1033 3762 Apostolicarum
1049 3722 1258 3760 Impetrationi-

205 3763 274 3800 bus,
291 3766 323 3795 ὃς
344 3765 511 3803 Privilegiis,
530 3774 562 3794 ac
582 3765 665 3794 etiarn
686 3763 819 3801 Signato,
838 3762 990 3801 concesso,
1015 3763 1049 3793 ὃς
1070 3759 1260 3792 concedendo

204 3799 346 3831 Beneficio
369 3803 564 3833 Restitutionis
584 3803 613 3831 in
633 3801 781 3838 Integrum
794 3823 804 3839 ,
840 3800 998 3831 Literarum
1026 3798 1257 3838 Apostolicarum

200 3837 450 3882 Contradiftioni,
468 3841 665 3871 Conveiitioni
679 3839 814 3877 Judicutn
835 3839 1000 3876 Locorum,
1019 3837 1207 3874 omnibusque
1224 3837 1258 3867 &

205 3876 395 3920 singulis-'Viis
415 3881 447 3909 &
468 3879 582 3917 Modis,
609 3877 923 3916 Auxiliis,‘Remediis,
941 3877 1061 3916 Gratiis,
1079 3876 1206 3912 Statutis,
1224 3875 1256 3904 &

204 3913 350 3958 Beneficiis
363 3926 415 3957 Aper
431 3927 512 3954 quae,
527 3927 614 3954 quos,
631 3917 674 3947 vel
696 3926 763 3952 quas
784 3915 911 3952 praefatus
932 3915 1078 3946 Dominus
1096 3914 1259 3944 Florimun-

203 3952 272 3991 dus,
292 3962 319 3981 in
336 3952 444 3995 aliqum
462 3964 559 3984 contra
573 3954 685 3993 aliquod
707 3953 934 3991 Pmemifforum,
952 3954 1066 3984 defendi
1088 3952 1191 3990 poterit
1213 3950 1259 3980 vel

203 4000 306 4035 eorum
319 3990 432 4028 aliquod
447 3993 590 4034 impediri,
608 3993 652 4022 vel
668 3992 717 4022 sibi
732 3992 824 4030 posset
838 3993 907 4021 tueri
921 3992 965 4021 vel
985 3992 1122 4028 succurri,
1139 3990 1223 4020 etiam
1238 3989 1257 4018 si

204 4029 311 4059 realiter
324 4029 371 4058 vel
384 4029 533 4096 i'fiectaliter
545 4040 605 4059 non
619 4032 826 4067 exprimantur,
844 4029 877 4060 ὃς
900 4029 1051 4067 specialiter
1069 4028 1133 4068 Juri
1151 4027 1258 4059 dicenti

201 4066 375 4098 Generalem
422 4069 640 4098 enuntiationem
649 4077 716 4099 'non
731 4069 837 4104 valere,

1303 2455 1365 2478 tum
1383 2471 1392 2486 ,
1422 2447 1686 2477 Locumtenentem
1716 2456 1751 2477 ac
1779 2444 1986 2476 Comissarium
2012 2444 2171 2483 specialem
2199 2444 2374 2477 serenissimi

1301 2485 1440 2556 {melfis
1463 2485 1589 2533 Domini
1610 2484 1805 2516 RohertiDei
1824 2484 1913 2523 gratia
1927 2487 2006 2522 Regis
2017 2487 2169 2514 Scottorum
2182 2482 2320 2523 illustris,
2337 2493 2373 2515 ex

1326 2534 1384 2554 arte
1438 2533 1516 2562 tera,

1339 2563 1532 2594 Tsssrnun
1542 2586 1556 2601 „
1570 2562 1684 2602 Qiod,
1702 2572 1771 2594 curn
1788 2561 1836 2599 ipfi
1847 2584 1861 2600 ,.
1872 2562 1970 2601 primo
1984 2561 2032 2592 die
2045 2561 2186 2598 praesentis
2201 2561 2312 2592 Mensis
2322 2560 2376 2599 Ju-

1300 2602 1348 2640 lii,
1365 2602 1400 2633 de
1422 2601 1570 2633 Consensu
1592 2601 1720 2631 Partium
1741 2600 1865 2637 omisso,
1883 2599 2085 2630 convenilient
2103 2599 2178 2637 apud
2206 2599 2376 2630 Liliotcrose

1300 2641 1436 2672 Secundo
1459 2639 1519 2670 Die
1541 2640 1663 2679 ejusdem
1688 2639 1797 2671 Mensis
1818 2638 1960 2669 traetaturi
1982 2638 2107 2676 ibidem,
2131 2639 2165 2669 &
2185 2637 2303 2676 deinde,
2323 2649 2373 2676 per

1300 2681 1550 2711 continuationem
1564 2679 1692 2716 dierum,
1710 2677 1786 2716 apud
1798 2676 2033 2708 Morehoussawe
2043 2699 2052 2714 ,
2067 2676 2103 2707 de
2121 2675 2286 2714 quibusdam
2295 2677 2375 2707 Pun-

1301 2720 1354 2749 etis
1367 2720 1400 2751 &
1414 2718 1563 2756 Articulis,
1583 2717 1726 2749 contentis
1738 2718 1768 2748 in
1783 2715 1905 2755 quadarn
1922 2715 2093 2753 indentur-a,
2112 2716 2185 2745 inter
2208 2715 2282 2752 ipsos
2301 2726 2374 2746 con-

1301 2757 1376 2788 fec'ta
1397 2758 1463 2788 alias
1482 2757 1558 2795 apud
1578 2755 1755 2795 Abcliester,
1771 2756 1875 2793 placuit
1895 2755 1952 2793 eis,
1973 2754 2006 2785 &
2027 2754 2119 2784 visum
2138 2753 2191 2784 fuit
2204 2753 2372 2792 expediens,

1302 2805 1416 2834 propter
1431 2795 1681 2827 Gratificationem
1705 2795 1738 2826 &
1759 2793 1977 2831 Mitigationem
2000 2792 2242 2830 communitatis,
2261 2802 2326 2831 quae
2345 2793 2372 2824 se

1301 2845 1335 2864 ex
1350 2845 1467 2873 utraque
1480 2835 1562 2865 Parte
1577 2834 1704 2865 multum
1718 2834 1946 2871 conquerebatur
1969 2831 2052 2862 fuisse
2073 2830 2316 2869 Dampuificatam
2338 2832 2373 2862 &

1302 2874 1431 2916 Laesam,
1460 2873 1618 2913 procedere
1646 2873 1727 2910 super
1755 2871 1976 2902 Reformatione
1998 2871 2246 2909 Attemptatorum
2270 2878 2372 2900 contra

1299 2912 1447 2949 ipecialem
1472 2912 1698 2943 Assecurantiam
1713 2934 1723 2948 ,
1746 2910 1849 2941 faesiam
1873 2911 1907 2941 &
1931 2908 2136 2940 concordatam
2158 2908 2231 2937 inter
2248 2907 2320 2944 ipsos
2340 2908 2370 2937 in

1300 2950 1454 2981 indemnia
1468 2949 1621 2988 praedieta,
1638 2952 1673 2982 δε
1692 2949 1747 2986 sic,
1760 2948 1826 2986 post
1846 2948 1949 2978 multas
1967 2947 2175 2978 Altercationes
2194 2945 2261 2975 hinc
2283 2944 2370 2984 inde,

1302 2989 1416 3019 taudem
1432 2990 1558 3020 invicem
1573 2987 1805 3025 concordarunt,

1339 3028 1434 3064 Quod
1450 3027 1506 3058 Sex
1521 3028 1661 3066 Armigeri
1674 3025 1827 3056 Notabiles
1840 3034 1874 3054 ex
1887 3023 1944 3054 unci
1959 3024 1992 3054 &
2016 3022 2138 3053 totidem
2158 3031 2193 3052 ex
2212 3022 2264 3053 alia
2286 3022 2370 3053 Parte

1300 3066 1452 3105 cliguntur,
1471 3068 1504 3097 ὃ(
1516 3067 1611 3104 jurent
1627 3063 1708 3103 quod
1723 3063 1791 3101 ipsi,
1808 3073 1877 3094 cum
1893 3062 2084 3092 advifiimcnto
2099 3061 2370 3099 Cementariorum,

1300 3107 1333 3135 ὃ(
1350 3104 1622 3143 Carpentariorum,
1639 3104 1673 3134 δε
1685 3102 1823 3140 aliorum,
1842 3100 1944 3139 quibus
1958 3100 2041 3138 Opus
2054 3100 2098 3130 seu
2118 3098 2289 3130 AEdisicium
2312 3099 2372 3130 Ca-

1300 3143 1349 3173 stri
1369 3144 1406 3174 de
1428 3142 1524 3173 Werk
1540 3142 1604 3172 alias
1627 3150 1733 3172 notum
1754 3140 1822 3179 fuit,
1841 3140 1869 3169 in
1890 3139 1940 3169 suo
1957 3139 2128 3177 Juramento
2144 3137 2261 3168 fideliter
2276 3137 2371 3168 AEsti-

1300 3183 1428 3213 ment&
1446 3180 1621 3218 Apprecient
1657 3188 1804 3216 ummam,
1823 3179 1880 3209 viz.
1900 3177 2034 3208 Pecuniae
2047 3187 2097 3215 per
2113 3187 2198 3214 quam
2214 3176 2370 3216 Dimpna,

1300 3220 1345 3249 illa
1368 3221 1397 3249 in
1419 3218 1560 3250 AEdificio
1579 3220 1614 3251 δε
1671 3219 1724 3248 uris
1747 3217 1816 3248 dieti
1831 3216 1923 3247 Castri
1939 3226 2027 3255 nuper
2043 3226 2092 3253 per
2106 3215 2239 3254 Scotros,
2259 3216 2369 3246 valeant

1297 3259 1434 3302 reparari,
1452 3259 1493 3303 &.
1501 3258 1652 3289 Summam
1666 3257 1742 3287 illam
1779 3255 1888 3286 raefatus
1910 3255 2058 3286 Dominus
2081 3253 2190 3299 Comes
2211 3253 2247 3299 de
2266 3252 2370 3285 Cari-ik

1299 3292 2240 3370 ffiiissfefssffliissrs‘gsYifflife3}35220552eff?5i;‘}33s51‡{¹f
2254 3292 2369 3333 Anghae
2398 3317 2401 3319 ·

1337 3374 1376 3405 Et
1400 3382 1540 3413 quantum
1559 3374 1595 3405 ad
1616 3375 1792 3413 Attemptata
1812 3373 1839 3402 in
1862 3371 1909 3402 illa
1931 3370 2069 3401 Orientali
2090 3369 2223 3401 Marchia
2255 3371 2368 3400 Comitis

1298 3412 1434 3443 Marchiae
1453 3423 1469 3443 a
1487 3422 1618 3451 tempore
1633 3411 1762 3451 (scilicet)
1785 3410 1987 3444 Affecurantiae
2003 3409 2183 3446 supradictae,
2200 3408 2278 3438 idem
2298 3407 2367 3439 Do-

1299 3454 1393 3482 minus
1408 3452 1520 3482 Comes
1533 3452 1569 3482 de
1584 3451 1686 3482 Carrik
1698 3450 1781 3481 faciet
1795 3449 1901 3479 debitas
1916 3448 2120 3486 Reparationes
2133 3447 2193 3478 fieri
2206 3448 2240 3479 &
2262 3448 2368 3484 recipi,

1298 3490 1456 3521 secundum
1467 3491 1618 3521 Tenorem
1632 3489 1714 3528 ipfius
1729 3488 1891 3518 indenturae
1900 3511 1909 3524 ,
1928 3496 1978 3524 per
1998 3485 2150 3517 Comitem
2165 3485 2307 3516 Marchiae
2319 3485 2367 3516 vel

1298 3539 1349 3567 per
1363 3529 1450 3560 alium
1463 3529 1533 3559 loco
1547 3530 1587 3559 sui
1602 3538 1652 3566 per
1667 3527 1759 3564 ipsum
1779 3526 1947 3556 Dominum
1969 3524 2121 3556 Comitem
2138 3523 2175 3556 de
2193 3523 2296 3554 Carrik
2315 3522 2367 3553 de-

1298 3568 1474 3606 putandum,
1491 3569 1525 3598 &
1539 3567 1616 3597 idern
1631 3565 1812 3597 consimiliter
1827 3564 1887 3594 fieri
1910 3564 1994 3595 faciet
2013 3564 2105 3595 dietus
2126 3563 2273 3593 Dominus
2292 3560 2365 3591 Dux

1299 3616 1348 3643 per
1371 3609 1516 3636 Dominum
1536 3606 1568 3636 de
1587 3603 1689 3635 Nevill
1700 3627 1710 3641 ,
1740 3604 1785 3633 vel
1803 3613 1852 3641 per
1869 3603 1955 3634 alium
1976 3603 2045 3633 loco
2061 3602 2101 3632 sui
2119 3611 2168 3640 per
2186 3601 2276 3637 ipsum
2295 3598 2365 3630 Du-

1297 3654 1364 3675 cem
1387 3643 1583 3683 deputandum
1598 3667 1609 3683 ,
1632 3643 1706 3681 apud
1731 3641 1867 3681 Bilymyrs
1892 3642 1922 3672 in
1946 3641 2083 3671 Crastino
2102 3638 2269 3677 (videlicet)
2289 3636 2366 3667 Festi

1297 3683 1374 3752 {qm
1395 3682 1596 3714 Bartholomaei
1617 3680 1768 3720 Apostoli,
1787 3681 1923 3718 proximo
1947 3681 2035 3712 futuri
2056 3688 2126 3711 cum
2149 3676 2368 3709 continuatione

1332 3731 1431 3752 ierum.

1335 3761 1484 3798 Quintum
1505 3761 1577 3790 vero
1599 3759 1634 3789 ad
1656 3757 1799 3789 Custodes
1819 3758 1939 3788 aliorum
1958 3756 2126 3788 Bundorum
2146 3751 2309 3791 injundkum
2323 3751 2366 3783 est

1297 3798 1474 3829 Custodibus
1490 3798 1687 3828 Marchiarum
1701 3797 1738 3827 de
1753 3804 1830 3834 parte
1846 3796 1960 3836 Angliae
1974 3805 2024 3832 per
2037 3792 2185 3832 praefatum
2195 3790 2364 3821 Dominum

1299 3836 1417 3867 Ducem
1428 3861 1437 3874 ,
1456 3837 1489 3867 δε
1503 3835 1683 3867 Custodibus
1702 3834 1899 3866 Marchiarum
1918 3833 1955 3864 de
1971 3841 2048 3871 parte
2064 3830 2170 3861 Scoriae
2192 3839 2241 3866 per
2264 3829 2365 3868 praefa-

1298 3883 1359 3904 tum
1380 3874 1531 3905 Comitem
1554 3873 1734 3914 delCarrik,
1760 3873 1842 3912 quod
1860 3872 1911 3911 ipfi
1931 3873 2027 3908 citius,
2050 3878 2110 3907 quo
2132 3868 2260 3898 comode
2282 3876 2365 3906 pote-

1298 3923 1381 3951 runt,
1402 3913 1436 3943 ad
1452 3914 1576 3943 debitam
1596 3911 1818 3950 Reparationem
1837 3909 2008 3950 procedant,
2048 3915 2112 3937 rout
2130 3916 2184 3945 pro
2198 3907 2294 3945 quiete
2306 3906 2366 3936 Po-

1297 3953 1357 3988 puli
1376 3952 1518 3989 utriusque
1535 3950 1631 3989 Regni
1646 3973 1656 3989 ,
1686 3950 1784 3981 debita
1802 3948 2016 3980 conservatione
2065 3955 2218 3983 reugarum
2231 3969 2242 3982 ,
2264 3955 2299 3975 ac
2323 3953 2367 3973 re-

1298 3989 1465 4019 fraenatione
1485 3989 1707 4020 Maiefastorum
1723 3989 1814 4027 magis
1826 3986 1967 4017 videbitur
1981 3984 2130 4022 expedire,
2148 3985 2184 4014 ita
2200 3982 2280 4021 quod
2302 3983 2366 4011 ubi-

1299 4037 1356 4064 que
1367 4027 1438 4065 justa
1453 4027 1500 4066 fiat
1520 4027 1691 4071 Reparati03
1709 4035 1778 4065 quas
1789 4023 1984 4062 Itijunctiones
1996 4023 2067 4056 dicti
2083 4021 2229 4055 Custodes
2246 4019 2366 4053 adrime-

1298 4073 1371 4096 runt.

2299 4094 2368 4127 Cae-

1485 4145 1498 4161 Ι
