2561 4251
17 262 92 296 Ann.
108 260 150 291 D.
199 261 237 292 Et
253 270 268 291 a
282 258 453 298 demandet,
481 259 596 297 prandre
612 283 622 299 ,
645 261 679 292 &
701 262 825 293 recevire
848 270 918 293 touz
938 261 1232 304 CommandementS,

42 300 126 340 1358.

18 341 87 368 Edv.
104 348 130 376 3.

5 2221 129 2261 ⁸Vl.98.

18 3393 74 3417 mn.
87 3384 127 3417 D.

22 3425 103 3463 1358.

20 3465 50 3492 ln.
69 3473 114 3500 32.

25 3522 31 3528 .
51 3511 76 3537 3.

8 3544 67 3587 «fvt.
85 3547 129 3578 32.

21 3594 34 3602 -.
53 3586 77 3614 3.
95 3587 130 3606 m.

762 172 863 217 ET
947 174 1213 220 ACTA

161 299 452 336 Condempnacions,
466 299 499 328 &
510 298 682 338 JugemenS,
698 310 751 337 que
774 301 813 337 il,
835 311 875 330 ou
903 311 993 331 aucun
1009 302 1093 333 d'euls
1108 325 1117 341 ,
1141 304 1226 335 voille

159 339 243 376 faire,
261 347 300 366 ou
314 337 424 366 donner
439 346 574 367 encontre
596 348 683 375 nous,
708 346 768 367 noz
791 338 879 369 Hoirs
894 361 903 375 ,
929 338 1032 370 Terres
1060 342 1093 371 &
1119 341 1227 381 Lieux,

163 386 236 414 pour
250 375 288 405 les
309 375 407 405 choses
422 374 526 405 devant
542 375 632 407 dictes
641 399 651 414 ,

198 413 236 443 Et
255 424 270 442 a
289 412 346 443 fere
366 421 456 443 toutes
474 422 559 444 autres
583 415 680 444 choses
695 413 855 445 necessaires
875 425 911 445 en
937 416 999 447 telle
1024 418 1111 454 partie
1126 441 1136 457 ,
1167 428 1228 450 mes

161 462 216 489 que
233 451 253 481 11
270 450 440 481 demandent
454 450 519 482 Plus
532 452 649 488 especial
666 451 854 483 Mandement
870 454 903 484 ὃς
920 457 1059 493 pouvoir,

161 489 299 558 PNous,
318 490 488 527 jointement
504 492 538 522 &
553 490 736 521 severalment
749 513 759 528 ,
790 490 891 521 faisons
916 492 949 522 &
970 493 1145 526 establiffons
1166 503 1226 526 noz

187 537 350 566 rocureurs,

169 599 171 601 ¹
216 603 346 644 Maistres
368 609 464 646 Symon
479 605 510 634 de
526 604 621 646 Suhiry
636 606 777 635 Auditeur
791 606 827 636 du
845 606 943 649 Palayr
958 607 983 638 le
999 611 1086 648 Pape,

214 643 336 672 Richard
355 647 439 672 Drax
451 665 461 680 ,
506 677 509 678 V

216 683 259 711 Et
277 681 390 711 Thomas
407 680 528 719 Michel‚

216 720 289 750 Sires
306 719 353 750 des
372 719 466 759 Loys,
934 756 939 759 ἡ

211 760 255 788 Et
268 757 394 788 Richard
408 759 440 788 de
461 757 656 798 Thoumerton,
679 759 813 790 Advocat
826 772 859 789 en
875 759 903 789 la
919 763 1002 789 Court
1023 759 1055 789 de
1069 761 1167 798 Rome,

211 837 251 868 Et
268 838 391 869 chascun
407 838 497 869 d’eulx
515 840 697 871 severalment
709 861 719 877 ,
736 849 806 869 avec
825 839 929 876 pouoir
947 837 983 868 de
1005 838 1154 870 substituer
1175 848 1223 870 au-

155 885 227 914 tres,
244 887 279 907 en
294 878 363 907 leurs
377 878 467 915 lieuX,
485 889 555 915 pour
570 879 606 908 les
622 877 717 907 choses
733 876 824 905 dessus
842 876 930 906 dietes
954 876 1030 907 faire.

194 915 231 946 Et
251 924 427 953 promettons
449 918 528 946 avoir
552 916 641 945 ferme
663 916 696 945 &
716 915 841 952 agreable
864 923 925 945 tout
948 925 982 945 ce
1006 925 1060 952 que
1083 915 1137 946 sera
1153 915 1222 954 fait,

157 962 205 992 par
223 964 316 984 aucun
332 954 440 993 d'eulx,
458 964 493 984 en
511 953 582 984 celle
596 953 699 991 partie,
717 953 750 983 ὅτ
765 952 801 982 de
816 962 873 982 non
890 953 1034 991 r’appeller
1048 953 1107 984 leur
1121 956 1222 991 pouoir

156 1002 191 1023 en
209 1000 299 1030 temps
315 993 420 1022 avenir.

194 1030 231 1062 Et
249 1039 424 1066 renoncons,
437 1028 640 1066 expressement
656 1051 665 1065 ,
701 1039 717 1059 a
740 1036 828 1060 tontes
853 1028 977 1068 Graces,
1002 1028 1171 1069 Privileges,
1186 1033 1219 1062 &

156 1069 267 1100 Lettres
289 1068 326 1098 du
341 1068 434 1104 Pape,
457 1067 632 1105 Empereur,
650 1068 683 1097 &
700 1067 804 1098 d’autre
820 1068 923 1098 Prince
941 1067 1149 1107 quelconques,
1164 1070 1220 1099 im-

157 1115 262 1146 petrees
276 1108 308 1137 86
323 1116 339 1136 a
355 1107 503 1144 impetret,

193 1145 230 1175 Et
247 1156 261 1175 a
278 1152 347 1174 touz
365 1143 403 1173 les
423 1143 530 1182 Droiz,
551 1144 638 1174 escriz
663 1144 696 1174 &
712 1154 770 1174 non
794 1144 881 1175 escriz
897 1167 907 1182 ,
938 1143 1162 1176 Establissemens
1185 1146 1218 1176 δε

154 1182 327 1214 Coustumes
343 1181 390 1212 des
404 1181 556 1212 Personne3
573 1184 606 1214 &
625 1181 672 1212 des
693 1182 804 1221 Lieux,

191 1221 229 1251 Et
246 1230 298 1251 aux
315 1221 466 1258 exepcions
485 1221 520 1251 de
540 1220 618 1251 force
639 1222 674 1252 ὃς
695 1221 731 1251 de
746 1230 850 1259 paour,

190 1258 228 1289 Et
245 1271 259 1290 a
276 1268 366 1290 toutes
382 1267 470 1289 autres
484 1259 664 1298 Exepcions,
686 1258 851 1298 Deffenses,
876 1261 910 1291 δε
932 1259 1077 1297 Caureies,
1100 1262 1133 1291 &
1157 1260 1219 1290 Re-

155 1297 252 1328 medes
268 1298 302 1327 de
318 1298 417 1334 Droit‚
440 1297 475 1327 de
490 1297 567 1333 Fair,
584 1295 632 1326 des
646 1296 805 1336 Personne,
822 1298 909 1328 Lieux
918 1321 927 1336 ,
943 1299 975 1329 &
992 1298 1133 1328 Coustum
1144 1321 1153 1336 ,
1169 1309 1218 1336 par

154 1346 230 1376 quoy
254 1347 323 1366 nous
338 1359 347 1374 ,
378 1346 417 1365 ou
441 1343 499 1366 noz
523 1334 629 1374 Hoirs,
649 1345 720 1375 nous
741 1338 893 1373 pourrions
920 1336 995 1367 aider
1017 1347 1056 1367 ou
1072 1335 1218 1367 deffendre

155 1382 292 1405 eucontre
307 1383 414 1404 aucune
433 1373 481 1404 des
496 1373 594 1403 choses
617 1374 798 1413 avantdittes,

191 1412 244 1451 Et,
260 1423 276 1443 a
293 1412 317 1442 la
338 1412 419 1450 Loy,
435 1412 482 1450 qui
498 1411 538 1441 dit
553 1411 677 1450 generale
701 1411 913 1443 Renonciation
931 1422 967 1442 ne
982 1421 1067 1449 vaut,
1090 1412 1116 1443 se
1140 1413 1217 1451 espe-

156 1451 209 1481 cial
226 1461 263 1490 ny
278 1449 411 1488 precede,
435 1450 554 1480 voilloris
569 1451 603 1480 ὃς
623 1458 753 1489 grantons
771 1461 824 1488 que
839 1451 913 1481 ceste
929 1452 1039 1489 general
1053 1451 1218 1482 Renuncia-

154 1491 224 1520 cion
239 1490 274 1518 ait
290 1497 347 1518 tant
363 1487 397 1519 de
413 1487 493 1518 force
507 1489 541 1519 &
556 1486 638 1525 effet,
658 1498 694 1517 en
707 1487 862 1527 Jugement
878 1490 911 1520 &
928 1489 1174 1527 dehors,c01nme
1191 1491 1218 1520 se

153 1535 223 1558 touz
239 1527 277 1557 les
298 1526 402 1564 Poins,
417 1525 490 1564 Cas,
512 1526 545 1555 &
568 1525 685 1555 Articles
710 1526 757 1556 des
774 1526 868 1556 Droiz
884 1550 893 1565 ,
916 1526 1034 1557 Canons
1057 1529 1088 1558 &
1107 1527 1218 1567 Civils,

154 1565 257 1596 sussent
272 1562 413 1601 expreffez
429 1564 463 1594 &
480 1571 617 1593 nommez
632 1573 661 1593 es
676 1564 812 1601 presentes
828 1574 886 1595 noz
902 1564 1009 1596 Lettres
1019 1589 1027 1603 ,

189 1603 227 1634 Et
244 1602 309 1633 auffi
319 1624 328 1639 ,
345 1611 415 1640 pour
430 1602 498 1633 faire
513 1600 636 1632 attendre
653 1603 687 1634 &
706 1604 863 1642 accomplir
877 1612 967 1634 toutes
980 1604 1020 1634 les
1036 1603 1219 1636 devantdittes

153 1641 249 1675 choses
256 1663 266 1680 ,
284 1640 390 1679 Nous,

187 1718 238 1749 Ph.
253 1717 285 1747 de
296 1720 398 1748 France
406 1740 417 1757 ,

185 1757 312 1793 Contes,

188 1799 233 1825 De
246 1793 423 1832 Longaeville
429 1817 440 1833 ‚

185 1837 231 1871 De
246 1831 436 1870 Tancarville‚

187 1876 232 1903 De
247 1873 424 1901 Dommartin
430 1893 442 1909 ,

704 1721 749 1747 De
763 1722 907 1755 Sancerre,

703 1759 864 1795 Amaurry,
881 1760 938 1786 Sire
951 1756 983 1786 de
998 1761 1106 1795 Craon,

702 1797 761 1823 Sire
775 1795 807 1823 de
822 1795 986 1834 odenehan,

702 1833 745 1862 Et
759 1835 900 1872 Regnaut,
915 1837 972 1864 Sire
985 1833 1160 1875 d’Aubigny,

184 1951 283 1984 Avons
296 1953 391 1992 pleviz
404 1952 438 1984 &
450 1952 566 1985 donnez
582 1962 640 1985 noz
654 1953 714 1985 foiz
723 1977 733 1992 ,
747 1963 784 1985 eri
798 1953 825 1985 la
843 1952 928 1984 Main
945 1951 999 1991 de,

151 2046 153 2048 -
185 2028 288 2061 Noble
305 2030 467 2068 Bachelier‚

186 2069 287 2108 liffeffer
305 2069 419 2100 Thomas
435 2069 468 2099 de
485 2073 666 2111 Swynortoun
683 2068 836 2107 chevaler,

147 2143 310 2215 d‚grerliant
337 2147 371 2177 δε
395 2154 526 2177 recevant
550 2155 608 2176 noz
638 2146 699 2177 foiz
721 2155 794 2184 pour
815 2145 850 2177 &
871 2155 911 2176 ou
933 2144 1019 2176 Nom
1034 2145 1073 2176 du
1088 2142 1128 2176 dit
1142 2143 1213 2186 Roy

206 2195 223 2214 n
256 2194 352 2216 eterre.

183 2223 202 2242 *
221 2195 258 2253 {t
277 2223 404 2253 Voulons
421 2223 454 2253 &
473 2221 618 2253 Grantons
632 2221 699 2253 auffi
716 2232 772 2261 que
783 2245 793 2260 ‚
822 2221 849 2253 se
864 2223 935 2252 tiens
954 2222 1007 2252 soit
1026 2221 1076 2252 fait
1090 2233 1123 2253 au
1139 2232 1211 2253 con-

146 2261 228 2292 traire
244 2261 280 2292 de
298 2261 384 2291 cestes
399 2260 495 2291 choses
513 2262 705 2300 avantdiCtes,
721 2271 768 2298 par
783 2270 855 2291 nous
869 2262 992 2298 promis,
1009 2269 1143 2298 grantez,
1159 2272 1209 2291 ac-

146 2299 271 2338 cordez,
284 2300 318 2330 &
332 2298 463 2337 establiz,
478 2310 532 2337 que
546 2300 601 2330 lors
616 2309 688 2330 nous
709 2300 803 2330 soions
826 2308 911 2329 tenuz
933 2299 1015 2337 faux,
1036 2301 1156 2337 parjurs,
1173 2299 1210 2330 de

145 2337 197 2378 foy
213 2339 337 2376 mentie,
350 2347 386 2368 en
405 2345 474 2368 touz
487 2338 559 2368 lieux
578 2339 611 2369 &
628 2338 731 2377 devant
749 2345 841 2368 toutes
859 2337 1023 2376 parsonne8‚
1040 2338 1073 2368 ὃ(
1098 2348 1152 2378 que
1167 2338 1211 2368 sui·

145 2386 181 2407 ce
194 2376 332 2406 audience
346 2386 417 2406 nous
430 2376 482 2406 soit
497 2376 577 2407 denie
592 2387 640 2414 par
655 2384 726 2407 tout.
1000 2414 1005 2419 ³

183 2413 228 2444 En
243 2413 473 2483 ’Iljesmoignance
486 2414 535 2445 des
549 2415 651 2454 quelles
665 2414 761 2446 choses
774 2424 848 2445 nous
862 2422 950 2445 avons
967 2423 1020 2443 mis
1041 2423 1101 2445 noz
1122 2414 1210 2446 Seaux

149 2463 166 2483 a
182 2463 228 2483 ces
269 2461 357 2483 ettres.
593 2483 596 2486 ⁴

185 2490 240 2528 Et,
257 2501 305 2529 par
323 2491 503 2530 habondant,
522 2488 614 2529 requis
640 2490 759 2521 Maistre
772 2491 863 2530 Jehan
880 2491 917 2521 de
942 2490 1092 2521 Branketre
1107 2514 1116 2530 ,
1149 2492 1211 2522 Ta-

148 2529 254 2560 bellion
271 2529 424 2568 Publique,
441 2531 490 2568 qui
502 2529 582 2559 estoit
604 2529 714 2568 present
730 2540 767 2560 en
783 2538 875 2560 toutes
890 2530 928 2559 les
944 2529 1014 2558 dites
1030 2529 1144 2568 choses,
1154 2541 1208 2569 que

148 2567 169 2597 il
184 2578 219 2598 en
237 2567 299 2598 face
313 2577 388 2606 apart
404 2569 447 2598 sur
462 2578 496 2598 ce
510 2568 652 2598 souffisans
667 2567 838 2599 Instrumens
856 2567 1017 2605 Publiques.

186 2605 230 2635 Ce
245 2605 274 2636 fu
289 2606 338 2636 fait
353 2617 388 2637 en
405 2605 524 2636 Manoir
536 2606 572 2636 de
587 2607 708 2645 Savoie‚
727 2617 754 2636 es
771 2607 912 2637 Forboins
926 2606 963 2635 de
979 2605 1108 2636 Londres
1124 2606 1150 2637 le
1169 2607 1210 2637 vii

145 2644 210 2681 J'our
222 2644 257 2675 de
269 2644 378 2683 Juillet,
393 2644 460 2675 l'An
476 2644 512 2674 de
529 2644 625 2676 Gracc
641 2645 700 2675 Mil
715 2643 810 2676 CCC.
831 2643 946 2682 LVIII,
962 2655 998 2675 en
1016 2648 1165 2683 presence,

185 2723 234 2750 Du
247 2723 302 2762 Roy
322 2721 354 2750 de
375 2724 494 2760 France,
512 2719 597 2760 nostre
611 2724 752 2760 Seigneur,

185 2761 229 2826 ἒε
252 2759 383 2789 Cardinal
403 2760 434 2788 de
448 2763 555 2798 Rauen,

212 2805 223 2827 t
231 2819 241 2835 >

184 2834 331 2866 Reverent
345 2835 425 2866 Piere
445 2846 482 2866 en
504 2832 598 2874 Dieu‚

184 2872 315 2903 Gm'llaim
328 2873 501 2914 Arceveffiue
515 2875 547 2904 de
566 2877 630 2903 Sem·
637 2896 647 2912 ,

184 2913 228 2940 Et
246 2912 363 2951 Maistre
376 2912 473 2951 Jehan
489 2912 520 2942 de
535 2916 633 2950 Royer,
649 2915 795 2942 Secretaire
818 2911 853 2943 du
868 2916 923 2953 Roy
938 2912 1024 2954 nostre
1038 2917 1169 2952 Seigneur.

183 2948 316 2989 Rfmoins
330 2962 348 2980 a
366 2962 391 2980 ce
410 2950 529 2989 preisens
554 2952 591 2985 Θ
609 2950 735 2990 appellez.

183 3028 304 3057 Nomina
320 3025 403 3067 fiaeper
424 3026 529 3058 Plicam
539 3035 618 3066 prope
634 3026 817 3065 fitmmitatem
835 3029 919 3059 Caud.

182 3102 274 3142 Mons
290 3103 355 3133 Phe.
378 3103 467 3142 Mons.
488 3103 608 3134 Charlex.
627 3104 796 3135 Tancarvill.

180 3178 318 3219 Damafim
335 3183 484 3212 Sanceiure.
512 3184 609 3211 Craon.
628 3182 763 3213 Odencon.
781 3182 920 3223 Aubigny.

134 3301 155 3316 ‘
210 3308 268 3338 Pro
295 3305 406 3339 David
423 3305 459 3339 de
477 3308 554 3339 Brus
565 3333 574 3349 ‚
595 3309 626 3338 in
642 3307 791 3354 Angliam
807 3307 853 3340 ad
872 3312 980 3355 Regem
996 3320 1135 3343 venturo.

147 3388 276 3458 REX
291 3391 438 3422 Universis
454 3393 488 3423 δε
506 3391 616 3431 singulis
629 3391 806 3422 Custodibus
822 3391 1017 3424 Marchiarum
1035 3393 1133 3432 Regni
1148 3401 1201 3426 no'·

180 3465 199 3495 S
222 3427 277 3472 'stri
291 3429 400 3496 Anglliae
415 3430 506 3461 versus
526 3429 621 3460 Partes
637 3429 762 3468 Scotiae,
780 3432 842 3461 &a
879 3431 1013 3462 Salutem.

201 3474 278 3496 ciatis
313 3469 353 3496 uo

181 3503 261 3533 Cum
275 3503 298 3534 Il
310 3489 391 3534 ustri}
405 3504 500 3536 David
514 3505 550 3537 de
567 3505 671 3546 Bruys,
691 3506 863 3537 Prisonarius
885 3507 997 3546 noster,
1012 3509 1040 3538 in
1064 3508 1201 3548 Regnum

143 3542 274 3572 nostrum
288 3542 468 3580 Angliae‚ad
482 3553 535 3573 nos
549 3545 723 3583 ubicumque
746 3545 898 3584 fuerimus,
920 3546 966 3576 vel
993 3546 1058 3577 alibi
1080 3547 1129 3578 ubi
1151 3551 1202 3580 sibi

142 3581 292 3618 placuerit,
306 3580 340 3610 de
357 3580 487 3611 Licentia
501 3581 615 3621 nostra,
631 3584 662 3612 sit
683 3592 833 3622 venturuS,

180 3619 357 3656 Suscepimus
371 3619 462 3657 ipsum
484 3617 596 3658 David,
617 3621 759 3651 veniendo
781 3622 815 3652 ad
832 3632 902 3660 nos,
922 3621 967 3652 vel
987 3622 1073 3661 alibi,
1086 3625 1136 3655 ubi
1151 3621 1201 3657 fibi

142 3656 293 3695 placuerit,
310 3665 378 3687 cum
396 3655 590 3694 Quadraginta
611 3657 760 3696 Equitibus
775 3683 784 3698 ,
806 3660 953 3698 cujuscum
974 3671 1009 3691 ue
1032 3663 1202 3695 conditionis

142 3695 263 3734 fuerint,
284 3697 317 3727 ὃς
338 3700 438 3726 eorum
453 3693 646 3726 Garcionibus
668 3696 730 3732 (γε,
741 3705 823 3735 prout
838 3702 867 3728 in
875 3698 959 3738 fimili
977 3704 1006 3728 us
1021 3700 1052 3729 de
1068 3703 1202 3733 candum

143 3736 258 3763 Literis.

181 3771 214 3801 In
235 3773 314 3810 cujus
327 3795 338 3811 ,
362 3774 423 3804 &a
448 3770 532 3809 usque
560 3766 594 3800 ad
624 3771 740 3802 Festum
757 3773 962 3804 Purificationis
975 3774 1066 3806 Beatae
1082 3776 1202 3816 Mariae,

144 3810 276 3846 proximo
290 3811 417 3841 futurum
425 3833 435 3848 ,
450 3809 601 3840 duraturas.
1012 3847 1014 3849 Ι

181 3846 248 3878 Dat.
260 3849 332 3886 apud
350 3848 634 3879 westmonasterium
645 3869 654 3886 ,
669 3847 785 3879 decimo
799 3858 897 3890 quarto
911 3849 958 3880 die
969 3850 1046 3889 Julii'.

891 3928 944 3956 Per
961 3926 1043 3966 ipftcm
1059 3931 1165 3967 Regem.-

177 4100 249 4131 Tom.
265 4100 323 4130 111.
343 4100 376 4130 Ρ.
392 4100 416 4129 Ι,

1295 176 1770 224 PussticA.
2266 195 2338 242 171

1291 365 1348 395 Pro
1370 362 1510 408 Johanne
1526 365 1561 399 de
1573 367 1748 410 (ramardo,
1759 368 1852 414 fhper
1864 369 2010 404 Adventu
2022 373 2080 418 fico
2099 373 2143 408 ad
2159 373 2309 409 Obea'ien-

1699 420 1777 449 nam
1797 420 1893 464 Regis.

1263 501 1326 566 R
1345 535 1443 566 nostro
1459 536 1638 581 Burdegalae,
1660 549 1693 568 ac
1716 539 1873 577 Cipitaneo
1895 541 1931 572 de
1955 543 2060 574 Monte
2083 545 2261 585 Flanquano,
2276 556 2323 586 qui

1264 583 1343 603 nunc
1360 574 1438 613 sunt,
1453 575 1498 605 vel
1515 585 1563 613 qui
1578 585 1632 613 pro
1653 584 1783 614 tempore
1796 578 1912 618 fuerint,
1934 590 1981 612 aut
1995 593 2095 613 eorum
2111 584 2191 615 Loca
2204 586 2323 615 tenenti-

1262 611 1313 639 bus
1321 633 1329 645 ,
1338 611 1469 643 Salutem.

1275 687 1279 691 .
1300 648 1558 697 Ctim3cariffimus
1574 651 1784 690 primogenitus
1799 654 2072 695 noster,Edwardus
2087 658 2223 698 Princeps
2238 660 2323 692 wal-

1261 685 1306 715 11ae
1321 709 1329 724 ,
1356 687 1427 718 dum
1448 691 1505 720 e'rat
1530 689 1698 728 Capitaneus
1719 693 1753 722 &
1776 692 1891 723 Locum
1904 696 2033 727 nostrum
2048 705 2146 728 tenens
2160 699 2190 728 iii
2211 699 2321 729 Ducatu

1263 724 1361 755 nostro
1378 726 1556 766 Aquitaniae,
1567 732 1644 767 juxta
1659 729 1921 768 Tractatum‚inter
1938 733 2032 770 Ipsum
2049 736 2253 773 &,Nobilem
2268 736 2321 767 Vi-r

1264 799 1344 843 super
1364 801 1499 833 Adventu
1512 805 1594 845 ipsius
1605 804 1742 841 Johannis
1757 805 1791 836 ad
1806 806 2005 840 Obedientiam
2027 811 2153 842 nostram
2167 837 2176 850 ,
2202 824 2322 844 conces-

1263 837 1325 867 serit
1340 839 1475 884 assignare
1498 844 1615 877 praelato
1632 841 1758 880 Johanni
1781 845 1911 883 Quatuor
1934 848 2013 879 Milia
2039 849 2202 888 Librarum,
2225 853 2323 883 Annui

1262 874 1425 921 Redditus,
1436 888 1464 922 in
1480 879 1551 922 locis
1566 882 1816 921 competentibus,
1853 884 1883 913 in
1908 885 2022 917 Dicatu
2045 888 2143 917 nostro
2166 890 2322 930 praedidtQ

1262 924 1329 944 cum
1346 914 1547 959 ,Juriiditfitione
1568 917 1621 948 alta
1644 920 1677 950 ὃς
1701 919 1776 950 bassa
1790 944 1799 958 ,
1835 922 1866 951 in
1889 922 2194 962 Recompensitionem
2212 927 2321 959 {Harum

1262 952 1395 996 Quatuor
1412 953 1531 998 Milium
1548 956 1715 995 Librarum,
1728 968 1794 998 quas
1808 958 1884 989 idem
1896 960 2054 1000 johannes,
2076 963 2156 994 causa
2172 964 2321 996 Adventus

1260 990 1348 1059 {uidad
1364 992 1565 1060 (ghedientiam
1580 994 1705 1026 nostram
1714 1019 1724 1034 ,
1738 999 1769 1026 in
1786 996 1956 1031 senescalcia
1970 1000 2004 1031 de
2017 1002 2045 1031 T
2050 1001 2186 1032 holosano
2201 1003 2320 1035 amisisse

1272 1040 1287 1059 e
1325 1040 1367 1060 ice
1389 1039 1432 1069 at,

1297 1067 1345 1112 De
1382 1071 1462 1100 uibus
1485 1071 1620 1109 Quatuor
1642 1071 1762 1103 Milibus
1778 1074 1943 1113 Librarum,
1958 1076 2056 1106 Annui
2071 1076 2225 1116 Redditus,
2247 1078 2321 1110 Duo

1260 1106 1343 1150 1111111
1388 1109 1510 1139 ibrarum
1519 1110 1596 1139 Filiae
1611 1111 1739 1148 praedfii
1749 1111 1905 1151 Johannis,
1916 1115 1943 1143 in
1959 1115 2021 1145 casu
2037 1124 2096 1154 quo
2110 1116 2165 1153 ipsa
2179 1117 2205 1147 se
2222 1119 2269 1147 uni
2284 1117 2320 1149 de

1259 1144 1333 1188 Filiis
1348 1145 1472 1177 Domini
1490 1146 1526 1177 de
1545 1148 1668 1179 Lebreto
1682 1151 1809 1180 maritare
1827 1150 1853 1181 se
1868 1151 2005 1191 voluerit,
2022 1154 2050 1183 in
2065 1154 2136 1184 locis
2150 1164 2319 1196 competen-

1258 1184 1331 1226 tibus
1346 1206 1356 1227 ,
1376 1194 1443 1215 cum
1466 1184 1612 1217 Dominiis
1632 1187 1690 1217 altis
1712 1190 1745 1219 &
1761 1189 1859 1227 baffis,
1880 1189 1914 1220 ad
1929 1191 2083 1222 Terminos
2097 1215 2106 1230 ,
2135 1193 2207 1224 inter
2227 1194 2319 1232 ipsum

1258 1220 1420 1260 Prinmpem
1435 1225 1469 1255 &
1481 1224 1593 1255 dietum
1608 1225 1772 1257 Dominum
1786 1226 1822 1258 de
1836 1227 1962 1260 Lebreto
1976 1230 2209 1271 concordandas,
2234 1231 2321 1271 affigi

1256 1268 1359 1291 nentur
1373 1263 1405 1292 &
1420 1262 1572 1294 tradantur.

1282 1297 1350 1340 -Εῐ,
1369 1300 1387 1329 {i
1405 1300 1515 1345 dietum
1536 1301 1737 1346 Marstagium,
1751 1314 1785 1334 ex
1799 1305 1934 1344 aliquibus
1952 1307 2053 1347 causis,
2070 1308 2127 1339 fieri
2141 1319 2201 1340 non
2215 1309 2321 1349 possit,

1258 1335 1333 1366 dieta
1347 1337 1418 1369 Duo
1433 1338 1515 1370 Milia
1533 1341 1684 1371 Librarum
1699 1344 1732 1373 ad
1750 1344 1896 1380 praefatum
1905 1345 2068 1383 Johannem
2083 1356 2274 1387 revertantur,

1274 1412 1279 1417 θ
1294 1374 1331 1404 Et
1344 1376 1419 1414 hoc,
1433 1377 1467 1407 de
1482 1379 1527 1422 die
1543 1381 1572 1408 in
1595 1379 1671 1410 diem
1687 1403 1697 1418 ,
1726 1381 1758 1411 ad
1782 1382 1954 1421 Requestam
1972 1385 2027 1415 five
2054 1384 2319 1418 Summonitionem

1255 1412 1378 1456 ejusdem
1394 1414 1602 1455 Johannis,vel
1617 1417 1775 1449 Haeredum
1791 1420 1921 1460 suorum,
1939 1431 1987 1452 aut
1999 1423 2162 1455 sufficientis
2177 1425 2318 1456 Procura-'

1255 1459 1338 1495 toris,
1352 1461 1399 1482 aut
1413 1453 1555 1484 Artornati
1569 1465 1622 1492 pro
1641 1455 1667 1485 se
1685 1458 1718 1487 &
1736 1457 1905 1489 Haeredibus
1921 1459 1990 1498 suis,
2006 1471 2073 1492 cum
2090 1463 2150 1493 tota
2168 1464 2245 1494 bona
2266 1464 2316 1494 Se-

1257 1492 1432 1528 curitate,&
1448 1490 1542 1522 Carris
1548 1516 1558 1531 ,
1572 1494 1604 1523 δε
1621 1492 1811 1525 Munimentis
1824 1496 2042 1538 sufficientibus,
2052 1510 2114 1537 quae
2130 1502 2210 1532 bbno
2226 1502 2318 1533 modo

1256 1529 1290 1559 δί
1308 1529 1385 1558 bona
1404 1529 1422 1548 ³*
1441 1529 1495 1560 fide
1512 1530 1570 1561 fieri
1588 1540 1719 1568 poterunt
1737 1534 1771 1564 δε
1789 1534 1923 1565 deberent
1940 1537 1969 1565 in
1986 1537 2040 1567 hac
2059 1548 2150 1576 parte,

1294 1565 1348 1605 Et,
1367 1577 1420 1612 pro
1437 1568 1549 1599 residuis
1565 1568 1688 1600 Duobus
1703 1570 1825 1602 Milibus
1839 1573 1987 1604 Librarum
2003 1598 2012 1612 ,
2036 1575 2113 1606 idem
2128 1576 2263 1617 Princeps
2276 1590 2318 1611 as-

1256 1604 1403 1642 fignaverit
1423 1607 1516 1638 eidem
1527 1607 1670 1646 Johanni‚
1690 1618 1744 1646 pro
1759 1610 1800 1647 se,
1821 1612 1854 1642 ὃς
1875 1611 2046 1643 Haeredibus
2064 1613 2118 1644 suis
2142 1615 2312 1654 (videlicet)

1256 1643 1372 1688 Locum
1388 1644 1423 1675 de
1436 1644 1543 1676 Monte
1559 1646 1716 1684 Flanquino
1731 1649 1761 1677 in
1778 1649 1922 1688 Agenno,
1936 1660 2004 1680 cum
2019 1653 2154 1682 omnibus
2170 1653 2317 1686 Dominiis

1256 1691 1338 1712 meris
1350 1684 1383 1714 &
1399 1684 1510 1722 mixtis,
1526 1683 1654 1722 Imperiis
1667 1685 1727 1715 altis
1741 1686 1774 1717 &
1789 1687 1886 1725 baffis,
1901 1690 1935 1719 ὃς
1956 1689 2018 1719 tota
2035 1689 2236 1727 Jurisdie‘cione
2252 1716 2261 1729 ‚
2282 1704 2317 1724 ac

1257 1721 1314 1764 aliis
1324 1720 1455 1761 Juribus,
1472 1722 1659 1761 Redditibus‚
1675 1724 2317 1770 Emolumemisfflomagiis,Proficuis‚Exi-

1258 1761 1348 1798 tibus,
1369 1762 1403 1791 &
1422 1761 1558 1791 omnibus
1578 1762 1637 1791 aliis
1655 1763 1825 1799 pertinentiis
1841 1764 1909 1802 suis,
1927 1766 1956 1795 in
1975 1767 2095 1797 valorem
2114 1768 2318 1807 Quadringeffi

1255 1805 1344 1828 tarum
1362 1798 1511 1830 Librarum
1530 1799 1763 1839 Turonenfium,
1778 1803 1862 1833 bonae
1878 1803 2026 1842 Monetae,
2047 1815 2094 1842 per
2110 1807 2248 1846 Annum,
2268 1809 2319 1840 ha*

1255 1836 1383 1867 bendum
1406 1838 1439 1867 &
1456 1838 1608 1868 tenendum
1625 1838 1719 1870 eidem
1728 1839 1854 1877 johanni
1869 1842 1901 1872 &
1920 1842 2091 1874 Haeredibus
2104 1844 2158 1875 suis
2173 1846 2318 1884 quousque

1255 1874 1340 1905 diet-ie
1356 1875 1580 1914 Qadringentae
1597 1877 1695 1907 Librae
1702 1877 1813 1908 Annuae
1828 1880 1935 1917 sibi,in
1950 1880 2021 1912 locis
2034 1881 2092 1913 aliis
2106 1882 2318 1916 honorabilibus

1254 1914 1288 1944 &
1303 1913 1432 1953 utilibus,
1446 1925 1479 1945 ac
1493 1915 1564 1945 adeo
1579 1917 1688 1953 utrique
1702 1917 1771 1953 parti
1785 1917 1958 1954 placentibus
1967 1943 1975 1957 ,
1989 1920 2061 1951 sicut
2075 1921 2117 1951 est
2131 1922 2222 1953 dietus
2235 1923 2318 1954 locus

1254 1952 1290 1983 de
1312 1952 1418 1982 Monte
1442 1953 1618 1993 Flanquino,

1288 1989 1325 2021 Et
1338 1990 1383 2029 id,
1396 1991 1476 2060 guod
1490 1992 1525 2022 de
1540 1992 1645 2022 eisdem
1661 1992 1788 2023 Duobus
1809 1993 1931 2025 Milibus
1947 1995 2118 2036 Librarum,
2132 1999 2201 2030 ultra
2215 2000 2318 2038 praedi-⁴

1253 2027 1311 2059 &as
1330 2030 1395 2068 Qia
1416 2031 1552 2068 ringentas
1568 2030 1683 2069 Libras,
1697 2030 1860 2069 superfuerit
1874 2055 1883 2071 ,
1912 2033 1989 2071 super
2006 2034 2162 2074 Custurna,
2176 2038 2210 2068 de
2234 2037 2316 2069 Vinis

1251 2066 1411 2107 Burdegalae
1426 2091 1436 2108 ,
1456 2079 1504 2105 per
1526 2068 1673 2106 Riperiam
1687 2069 1820 2100 Dordon.
1842 2071 2090 2113 descendentibus,
2112 2078 2316 2114 proveniente,-

1250 2115 1300 2142 per
1321 2116 1418 2137 manus
1438 2106 1575 2145 Deputati
1589 2108 1719 2145 praedieti
1735 2108 1875 2147 Johannis
1891 2132 1900 2148 ,
1923 2121 1970 2148 per
1990 2112 2082 2143 visum
2106 2113 2317 2146 Constabularii

1250 2143 1341 2175 nostri
1357 2144 1514 2185 Burdegalae
1528 2145 1724 2183 recipiendum
1733 2168 1743 2184 ,

1251 2221 1269 2251 d
1288 2182 1332 2251 Etl
1339 2183 1418 2222 super
1432 2184 1559 2215 lzxitibus
1573 2185 1606 2216 &
1621 2183 1831 2216 Emolumentis
1846 2184 2042 2226 Praepofiturae
2058 2188 2224 2223 Umbrariae
2240 2191 2310 2224 Bur-

1271 2231 1323 2258 ega
1335 2233 1359 2252 ae

1288 2246 1387 2300 Quarii
1405 2261 1521 2300 quidem
1539 2261 1770 2301 Praepofituratn,
1788 2262 1901 2300 Exitus,
1919 2264 1952 2294 ὃ(
1970 2263 2190 2307 Emolumenta,
2208 2269 2312 2307 praedi-

1250 2299 1311 2329 &us
1321 2299 1464 2338 Johannes
1478 2301 1587 2331 tenebit
1604 2302 1638 2332 ὃς
1655 2302 1773 2338 recipiet
1787 2323 1797 2339 ,
1819 2303 1873 2331 uni
1895 2311 1963 2332 cuin
1979 2304 2059 2334 dieto
2073 2305 2142 2337 loco
2154 2307 2190 2337 de
2206 2308 2315 2339 Monte

1249 2337 1406 2376 Flanquino
1413 2361 1424 2377 ,
1437 2340 1470 2369 δε
1484 2339 1562 2373 dieta
1577 2337 1717 2369 Custuma
1731 2340 1889 2376 Vinorum,
1909 2340 1939 2369 in
1959 2340 2127 2374 solutionem
2148 2346 2182 2376 &
2196 2346 2316 2384 assigna-

1249 2377 1374 2415 tionem,
1391 2377 1476 2415 usque
1489 2377 1523 2408 ad
1537 2377 1678 2408 summam
1690 2377 1835 2408 dictorum
1860 2377 1993 2408 Duorum
2019 2379 2140 2412 Milium
2162 2384 2315 2415 Librarum

1249 2413 1460 2446 Turonenlium
1484 2426 1532 2453 per
1546 2416 1666 2446 Annum
1680 2439 1689 2454 ,
1719 2423 1831 2446 tantum
1855 2417 1994 2457 quousque
2010 2419 2059 2449 sibi
2075 2421 2150 2451 dicta
2166 2422 2224 2452 duo
2238 2424 2316 2454 milia

1251 2452 1401 2484 Librarum
1414 2455 1480 2484 alibi
1493 2457 1524 2485 in
1538 2454 1607 2484 locis
1621 2455 1846 2491 competentibus
1858 2455 1938 2485 fuerit
1953 2455 2102 2496 assignata,
2117 2469 2202 2496 prout
2219 2462 2248 2491 in
2265 2461 2315 2491 Li*-

1248 2493 1313 2522 teris
1328 2492 1492 2523 Parentibus
1514 2494 1596 2530 ipsius
1619 2492 1776 2530 Principis,
1798 2492 1864 2522 inde
1887 2494 2042 2533 confectis,
2066 2507 2130 2534 quas
2144 2508 2192 2535 per
2208 2499 2316 2530 Literas

1249 2531 1356 2561 nostras
1370 2531 1500 2562 Parentes
1516 2530 1762 2567 confirmavimus,
1779 2530 1887 2567 plenius
1901 2534 2062 2564 continetur
2071 2557 2080 2571 ,

1288 2568 1380 2600 Vobis
1404 2571 1437 2599 &
1462 2570 1577 2599 cuilibet
1601 2567 1724 2599 vestrum
1749 2570 1924 2599 comittimus
1952 2572 1985 2601 &
2014 2572 2179 2605 mandamus
2200 2597 2210 2613 ,
2235 2570 2317 2614 quod

1249 2607 1366 2645 praefato
1377 2607 1503 2646 Johanni
1517 2607 1629 2637 dietum
1646 2607 1762 2637 Locum
1777 2606 1813 2637 de
1830 2606 1934 2638 Monte
1949 2609 2124 2651 Flanquino,
2134 2623 2202 2643 cum
2216 2615 2315 2644 omni-

1250 2648 1302 2676 bus
1316 2646 1462 2676 Doniiniis
1475 2647 1558 2675 meris
1575 2647 1608 2676 &
1623 2647 1734 2682 mixtis,
1749 2644 1876 2682 Imperiis
1889 2646 1948 2676 altis
1961 2648 1993 2678 ὃ(
2011 2649 2089 2679 bassis
2098 2673 2107 2688 ,
2132 2652 2166 2682 &
2189 2652 2314 2691 [01110-

1254 2684 1431 2722 risdidh'one,
1446 2694 1479 2714 ac
1495 2684 1552 2714 aliis
1564 2683 1696 2723 Juribus,
1706 2683 1893 2722 Redditibus,
1913 2684 2137 2727 Emolumentis,
2160 2690 2315 2730 Proficuis,

1252 2722 1396 2760 Exitibus‚
1409 2724 1442 2753 &
1457 2723 1592 2752 omnibus
1607 2722 1663 2752 aliis
1675 2723 1849 2759 pertinentiis
1863 2722 1930 2761 suis,
1960 2735 2076 2756 necnon
2097 2727 2187 2758 dietas
2208 2729 2316 2760 Custu-

1250 2770 1327 2791 mam
1342 2761 1486 2791 Vinorum
1500 2761 1534 2791 &
1549 2759 1766 2798 Praepofituram
1783 2760 1950 2793 Umbrariae
1965 2763 2144 2808 Burdegalae,
2165 2777 2232 2797 cum
2249 2778 2317 2797 orna

1248 2800 1331 2830 nibus
1351 2799 1479 2830 Exitibus
1496 2801 1529 2831 ὃς
1544 2799 1756 2830 Emolumentis
1773 2798 1842 2838 suis,
1860 2799 1997 2839 liberetis,
2012 2803 2044 2833 &
2059 2813 2089 2833 in
2111 2803 2315 2836 Poss'ess'ionem

1246 2838 1416 2868 eorumdem
1439 2838 1548 2875 ponatis
1563 2861 1573 2876 ,
1601 2837 1738 2867 inducatis
1751 2860 1761 2876 ,
1784 2839 1818 2869 &
1836 2839 1874 2868 sic
1892 2838 2047 2870 inductum
2065 2846 2266 2874 manuteneatis
2280 2845 2314 2875 &

1246 2876 1417 2914 defendatis,
1430 2878 1464 2908 ὃς
1481 2887 1531 2907 νο3
1547 2878 1555 2913 (
1565 2875 1678 2914 praefate
1697 2874 1932 2914 Constabularie)
1951 2878 2058 2909 residua
2075 2879 2146 2910 Duo
2162 2881 2244 2912 Milia
2261 2882 2313 2912 Li·-

1247 2916 1358 2945 brarum
1376 2915 1586 2945 Turonensium
1601 2937 1611 2952 ,
1634 2923 1687 2952 pro
1710 2914 1861 2953 Maritagio
1882 2915 1959 2946 Ffliae
1972 2917 2100 2955 praedie'ti
2116 2918 2254 2957 Johannis
2274 2921 2313 2952 fic

1246 2953 1491 2993 affignata,eidem
1503 2953 1630 2992 Johanni
1648 2952 1683 2982 de
1698 2952 1825 2982 Exitibus
1843 2953 1973 2985 Ducatsis
1992 2956 2155 2993 Aquitaniae
2169 2981 2178 2996 ,
2203 2959 2312 2997 singulis

1247 2991 1508 3030 Annis,quousque
1525 2991 1623 3033 eadem
1642 2990 1714 3033 Duo
1732 2990 1816 3034 Milia
1833 2991 1982 3028 Librarum
2001 2994 2050 3024 sibi
2065 2995 2095 3025 in
2109 2995 2180 3027 locis
2193 3007 2313 3037 compe*

1246 3028 1368 3061 tentibus
1383 3030 1516 3067 affignata
1533 3031 1654 3067 tuerint,
1669 3030 1779 3059 solvatis
1813 3029 1859 3060 seu
1874 3030 1947 3061 solvi
1962 3030 2082 3071 faciatis,
2093 3033 2169 3071 juxta
2183 3044 2311 3066 tenorem

1246 3068 1405 3100 Literarum
1420 3069 1453 3099 ὃς
1469 3067 1707 3099 Confirmationis
1719 3052 1935 3108 praedictarum,
1949 3069 1986 3100 Et
2002 3070 2070 3101 Nos
2088 3073 2169 3103 vobis
2182 3074 2266 3111 inde,
2281 3074 2310 3102 in

1246 3105 1396 3145 Compoto
1412 3107 1520 3144 vestro,
1534 3106 1658 3136 debitam
1676 3106 1887 3137 Allocationem
1903 3107 2004 3139 habere
2021 3109 2165 3141 faciemus.

1280 3145 1349 3176 Dat.
1363 3146 1438 3184 apud
1452 3144 1757 3184 westmonasterium,
1775 3146 1921 3177 tricesimo
1942 3147 1988 3177 die
1999 3147 2077 3187 Julii.

1401 3290 1491 3323 Bulla
1503 3316 1513 3333 ‚
1531 3289 1622 3335 fhper
1637 3290 1766 3335 Injuriis
1785 3283 1923 3337 Epistopo
1941 3291 2054 3334 Elienfi
2067 3291 2171 3324 illatis.

1271 3376 1454 3407 Nnocentius
1467 3374 1639 3413 Episcopus,
1648 3374 1750 3405 Servus
1765 3375 1920 3406 Servorum
1935 3375 2009 3415 Dei,
2023 3375 2163 3406 cariffimo
2178 3376 2207 3406 in
2220 3368 2307 3406 Chri-

1241 3383 1266 3446 Ι
1292 3415 1337 3445 sto
1355 3415 1425 3444 Filio
1446 3413 1589 3444 Edwardo
1605 3412 1684 3450 Regi
1705 3413 1820 3451 Angliae
1839 3414 1940 3444 Illustri
1962 3415 2084 3444 Salutem
2100 3416 2133 3446 &
2156 3414 2304 3455 Apostoli-

1241 3464 1306 3484 cam
1328 3453 1567 3484 Benedictionem.

1278 3489 1482 3529 Intelleximus,
1505 3489 1643 3520 cariffime
1666 3488 1743 3527 Fili,
1768 3487 1849 3529 quod
1869 3488 1997 3519 nonnulli
2021 3490 2059 3520 tui
2075 3489 2187 3521 Subditi
2210 3491 2302 3530 (quo-

1239 3539 1302 3560 rum
1318 3531 1401 3560 etiam
1417 3530 1500 3568 aliqui
1514 3530 1543 3557 iii
1559 3528 1657 3567 Regiis
1672 3527 1787 3558 Officiis
1801 3527 1830 3569 se
1840 3530 1989 3565 exercent)
2006 3527 2084 3558 illatis
2099 3539 2148 3566 per
2162 3540 2209 3559 eos
2243 3530 2299 3560 Ve-

1239 3569 1354 3598 nerabili
1378 3568 1466 3598 Fratri
1481 3566 1599 3604 nostro,
1616 3563 1743 3596 Tlio'mae
1757 3565 1901 3608 Episcopo
1922 3565 2043 3604 Eliensi,
2064 3567 2176 3607 ejusque
2199 3553 2301 3598 E’ccle-

1239 3607 1302 3644 fiae,
1319 3605 1457 3644 Clericis,
1476 3607 1509 3636 δε
1528 3605 1714 3636 Servitonbus
1730 3628 1738 3640 ,
1765 3605 1878 3640 jacturis
1901 3604 1935 3635 &
1957 3604 2064 3642 injuriis
2084 3616 2141 3635 non
2157 3607 2302 3645 contenti,

1238 3645 1283 3675 sed
1301 3645 1427 3675 adversus
1441 3653 1507 3673 eum
1523 3641 1727 3672 Celfitudinem
1752 3641 1876 3680 Regiam
1900 3651 2058 3679 provocare
2077 3654 2128 3680 pro
2144 3644 2303 3675 1101003111-

1239 3692 1364 3720 tagentes
1380 3706 1389 3720 ,
1420 3683 1512 3713 eidem
1530 3680 1676 3718 Episcopo
1697 3689 1781 3716 penes
1794 3679 1913 3709 eandem
1930 3679 2146 3719 Celsitudinem,
2167 3683 2249 3720 qued
2268 3682 2304 3714 de

1239 3723 1299 3759 ipsit
1317 3721 1389 3758 apud
1405 3721 1507 3751 Sedem
1526 3719 1720 3755 Apostolicam
1736 3717 1905 3756 conquestus
1921 3720 2057 3757 exriterit,
2070 3720 2200 3749 confictis
2217 3720 2303 3752 Rela-

1239 3762 1313 3792 tibus
1331 3769 1476 3797 imponere
1494 3755 1662 3786 studuerunt.

1278 3797 1331 3828 Ne
1349 3800 1433 3829 izitur
1448 3795 1605 3833 hujusmodi
1620 3794 1777 3824 pravorum
1792 3793 1917 3825 confflsta
1931 3794 2084 3835 Suggestio
2102 3796 2216 3827 Veritati
2231 3807 2304 3835 praes

1242 3838 1347 3874 valeat,
1364 3838 1397 3867 <Sc
1416 3836 1567 3871 supplantet
1586 3833 1717 3870 iniquitas
1735 3832 2128 3870 li]nOcentem,Sereni[atem
2144 3842 2221 3864 tuam
2235 3836 2304 3867 scire

1241 3877 1372 3907 volumus
1394 3876 1473 3913 quod
1502 3872 1579 3902 idem
1606 3870 1764 3907 Episcopus
1788 3872 1894 3902 nullam
1918 3881 2043 3909 unquam
2063 3871 2100 3901 de
2130 3871 2305 3905 Celsitudine

1241 3923 1288 3945 tua
1307 3911 1380 3949 apud
1398 3922 1448 3941 nos
1465 3910 1617 3948 Qierelam
1632 3909 1855 3947 proposuit,nec
1870 3909 2021 3946 praemiisis
2034 3909 2149 3951 Injurias
2164 3912 2198 3942 δε
2206 3912 2305 3951 jactu-

1242 3964 1283 3983 ras
1306 3952 1341 3981 de
1357 3960 1399 3980 tua
1417 3949 1590 3979 conscientia
1602 3948 1647 3978 vel
1668 3947 1803 3978 mandato
1818 3948 1927 3977 afferuit
1950 3949 2125 3988 procedisse,
2141 3949 2186 3980 sed
2204 3973 2213 3988 ,
2239 3960 2307 3988 pro³

1243 4000 1304 4028 pter
1322 3989 1463 4019 dic‘torum
1482 3987 1676 4023 Injuriantium
1695 3985 1784 4024 eisque
1800 3986 1963 4016 Faventium
1984 3985 2164 4026 Potentiam,
2188 3988 2221 4018 ad
2236 3999 2310 4028 prae-¹

1243 4029 1359 4059 sentiam
1381 4026 1505 4062 Regiam
1525 4026 1621 4055 venire
1637 4032 1697 4054 non
1715 4024 1808 4054 valens
1824 4045 1835 4062 ‚
1863 4023 1945 4055 duxit
1972 4023 2052 4063 super
2071 4026 2125 4056 hiis
2146 4026 2181 4057 ad
2204 4027 2311 4057 Sedem

1247 4065 1415 4105 praedictam
1439 4064 1582 4095 humiliter
1600 4062 1813 4129 recu‘¹}¹¹dss¹m’
2245 4095 2333 4143 Idea?

2347 723 2365 745 E

1260 763 1516 800 runi,Joliannem
1536 768 1572 796 de
1587 767 1732 796 Galhardo
1756 768 1899 806 Militem,
1917 771 2078 803 Dominum
2094 774 2129 804 de
2145 774 2320 814 Lymholio‚
2343 766 2380 785 ἠ’

1339 486 1404 527 'EX
1428 497 1588 529 senescams
1608 500 1658 530 suis
1681 501 1846 541 vamme,
1862 504 1895 535 sc
1914 504 2045 544 Agenni,
2060 507 2093 538 s<
2109 505 2324 552 constabulario
2350 521 2480 558 Amo:

2371 565 2454 602 1'358.

2348 606 2400 630 At.
2418 605 2463 639 32'.

2348 643 2377 668 E.
2397 651 2422 677 3.

2346 681 2412 716 Vasa.
2434 682 2481 715 μζ

2368 723 2481 755 .3.p.2;

2339 1532 2471 1570 *vt990

2328 3385 2402 3416 Ann.
2417 3380 2460 3419 131

2351 3426 2440 3464 1358:

2324 3467 2364 3490 Aa
2397 3474 2442 3500 32.

2325 3524 2364 3567 εἶτ
2380 3543 2441 3568 Am

2325 3587 2392 3615 togr.
