2561 4251
695 240 805 280 ET
887 240 1154 284 ACTA
1235 238 1708 285 PUBLICA.

0 323 73 355 Ann.
82 321 123 352 D.
146 325 400 364 Delinquentium,
422 325 452 354 in
467 324 608 355 eleffione
623 325 692 356 dieii
708 325 842 356 Custodis
865 326 952 358 Partis
969 326 1108 364 adversae,
1125 332 1210 363 prout

0 363 100 430 53⁸2·

2 2025 37 2044 '⁰
57 2025 126 2054 vu.

4 2085 6 2091 Α
21 2063 87 2101 ³7⁸·

147 367 172 396 ei
187 363 349 396 rationabile
361 362 454 394 visum
468 364 569 402 fuerit,
587 365 764 402 puniendum
773 389 782 403 ,
796 365 913 396 liberare
927 367 960 397 &
973 365 1080 396 tradere
1094 373 1208 395 tenean-

148 413 221 472 turin
242 439 422 476 Attemptatis
442 449 555 479 autem,
580 441 818 471 concernentibus
842 441 957 471 Bundos
979 441 1106 472 Comitis
1128 440 1210 470 Mar-

150 481 240 517 chiae,
265 478 311 513 fiat
333 478 508 517 Requisitio,
534 489 587 516 pro
610 488 687 515 parte
708 479 899 518 Anglicorum
919 479 993 517 apud
1016 480 1108 510 Duno
1123 503 1132 518 ,
1157 489 1210 517 pro

149 526 227 558 parte
239 516 410 547 Scottorum
426 517 499 555 apud
513 517 706 555 Berewycum.

183 557 219 586 >ln
241 556 478 586 concernentibus
499 554 612 585 Bundos
631 558 741 584 Comitis
759 556 791 584 de
811 555 949 594 Douglas‚
967 555 1013 587 fiat
1036 556 1214 595 Requifitio,

147 601 295 665 ¹probpartss:
311 593 471 633 Anglorum
488 592 561 629 apud
576 592 702 631 Meiros,
720 603 772 631 pro
786 604 864 632 parte
876 594 1044 626 Scottorum
1056 595 1130 636 apud
1145 594 1213 625 Ro-

169 643 196 663 es
219 642 279 669 urg,
300 655 309 670 ,

185 670 256 702 Ubi
271 672 342 707 vero
359 668 501 700 Bundisui
515 676 695 700 concernunt
708 678 797 708 partes
812 671 1029 710 Occidentales,
1044 672 1091 702 fiat
1106 671 1216 708 Requi-

152 710 217 741 fitio
239 709 427 750 Anglicorum
450 706 484 737 ad
508 706 644 737 Domum
665 708 807 746 Johannis
823 710 886 740 Filii
900 710 1006 740 Thomae
1018 709 1092 747 apud
1106 709 1216 740 Ardka-

153 759 206 786 ne,
222 748 376 817 {cetorum
398 747 466 777 vere
487 745 646 786 Requisitio
665 747 712 778 fiat
733 748 863 786 Anglicis
884 749 919 779 ad
934 749 1095 780 Prioratum
1108 748 1144 778 de
1159 746 1219 778 Ca-

152 797 222 817 noni

191 795 489 855 In'ffibncernentibus
500 822 616 854 Bundos
631 822 756 854 Domini
779 824 947 856 Archibaldi
965 825 998 855 de
1018 824 1154 862 Douglas,
1171 822 1218 855 fiat

153 862 331 900 Requisitio,
349 871 403 899 pro
423 870 500 900 parte
524 862 713 900 Anglicorum
732 863 807 899 apud
825 863 920 893 villam
943 863 980 893 de
996 863 1218 899 Lochmabane,

154 904 188 935 &
201 906 254 938 pro
268 908 344 940 parte
357 900 470 930 illorum
485 899 521 930 de
538 900 634 930 Scotia
646 899 720 938 apud
735 900 871 931 Castrum
886 900 1001 931 ibidem.

193 939 237 969 Ιτ
248 948 319 976 ΕΜ,
336 938 555 969 Concordatum
571 937 612 967 est
627 938 723 976 quod,
741 939 775 969 ad
792 940 929 978 majorem
942 938 1220 970 Corroborationem

155 979 190 1009 &
206 978 381 1008 Firmitatem
396 975 756 1015 Praemifforum,uterque
770 977 835 1008 Rex
850 977 1008 1016 hujusmodi
1025 978 1221 1014 Securitatem,

157 1018 188 1047 in
204 1015 300 1047 forma
313 1024 368 1053 qua
381 1014 606 1052 suprascribitur,
624 1024 674 1052 per
686 1025 787 1049 eorum
802 1016 927 1055 Lireras,
944 1016 994 1048 sub
1008 1026 1111 1047 eorum
1131 1015 1222 1053 Mag-

157 1056 202 1086 nis
215 1054 330 1093 sigillis„
347 1052 507 1090 approbent
522 1053 555 1082 ὅ(
571 1052 761 1092 confirment,
779 1055 813 1086 ὅτ,
828 1057 888 1085 Rex
902 1055 1015 1092 Angliae
1038 1055 1143 1087 Literas
1164 1055 1222 1084 suas

158 1091 319 1132 hujusmodi
333 1092 368 1121 ad
385 1090 597 1122 Monasterium
612 1091 648 1122 de
672 1091 799 1131 Melros,
819 1096 878 1123 Rex
896 1095 967 1124 vero
992 1096 1085 1124 Scotiae
1108 1093 1166 1124 suas
1187 1092 1222 1122 ad

158 1129 370 1165 Monasterium
390 1129 426 1160 de
447 1129 612 1161 Kelkhowe
627 1153 636 1169 ,
661 1132 727 1160 citra
751 1131 868 1162 Festum
889 1131 1049 1170 Ephifaniae
1073 1131 1197 1162 Domini
1213 1154 1224 1171 ,

156 1169 291 1209 proximo
305 1168 450 1206 futurum,
467 1168 569 1207 absque
582 1169 713 1207 ampliori
726 1169 877 1208 dilatione,
894 1170 1087 1202 transmittant.

192 1207 208 1237 -Ι
217 1214 267 1238 τε
278 1214 324 1244 Μ,
339 1206 558 1237 Concordatum
579 1207 620 1237 est
640 1208 720 1246 quod
741 1219 800 1239 non
826 1209 907 1240 liceat
923 1210 971 1239 uni
985 1209 1059 1239 Parti
1073 1209 1118 1241 vel
1129 1208 1223 1246 alteri,

159 1245 279 1284 durante
289 1245 445 1282 Securitate
458 1245 611 1284 praedieta,
629 1245 753 1279 Subditis
771 1247 858 1278 Partis
873 1248 993 1278 adversae
1007 1248 1111 1286 aliquas
1130 1246 1226 1277 Taxa-

160 1285 251 1316 tiones
272 1284 319 1315 vel
339 1284 567 1322 Redemptiones
591 1285 756 1323 imponere,
773 1285 818 1316 seu
839 1286 875 1316 ab
898 1287 935 1316 eis
949 1288 1074 1325 exigere,
1093 1286 1126 1316 ea
1138 1295 1225 1315 occa-

161 1323 242 1354 sione
261 1323 307 1354 vel
325 1322 408 1354 causa
429 1331 460 1354 ut
480 1323 506 1353 se
526 1322 682 1354 abstineant
701 1333 718 1353 a
739 1323 961 1356 Gravaminibus
973 1326 1006 1355 δε
1021 1324 1225 1356 Vexationibus

160 1361 322 1392 hu'usrnodi
336 1361 449 1392 subditis
460 1361 620 1391 inferendis.

198 1371 324 1438 iTEM,
346 1399 476 1436 Partibus
492 1400 648 1438 praediCtis,
675 1410 729 1439 pro
748 1401 855 1440 Qiete
875 1401 1063 1432 Subditorum
1084 1401 1226 1438 utriusque

161 1438 270 1479 Regis,
288 1438 415 1469 videatur
434 1438 582 1477 expediens
600 1439 681 1477 quod
703 1449 774 1469 unus
793 1439 865 1470 Dies
888 1439 1049 1478 Marchiae,
1066 1440 1142 1478 apud
1165 1440 1225 1479 Ay-

160 1487 230 1517 ton,
248 1477 351 1516 absque
374 1476 560 1508 Multitudine
579 1477 613 1508 &
634 1478 745 1514 Armis,
763 1488 812 1515 per
833 1478 980 1515 praefatum
994 1482 1089 1515 Regem
1103 1483 1143 1509 Ca
1167 1478 1225 1508 ella»

162 1526 216 1555 pro
230 1524 307 1554 parte
319 1518 398 1552 Regis
412 1514 542 1554 Angliae‚
561 1516 595 1546 &
610 1515 799 1555 Magnificum
810 1518 901 1547 virum
925 1516 1090 1547 Dominum
1141 1518 1226 1548 ohan-

162 1566 223 1586 nem
236 1556 362 1584 Comitem
376 1553 409 1583 de
422 1555 526 1593 Carryk
539 1564 592 1594 pro
604 1562 682 1592 parte
694 1557 773 1590 Regis
786 1558 879 1584 Scotiae
888 1579 897 1593 ,
917 1554 1064 1586 sufficienti
1084 1556 1228 1587 Potestate

163 1594 194 1623 in
207 1603 237 1623 ea
251 1600 326 1630 parte
339 1591 485 1630 suffultos,
504 1591 688 1622 Duodecim&
704 1592 763 1622 Die
786 1592 894 1623 Mensis
913 1593 1007 1632 Junii,
1026 1596 1162 1632 proximo
1183 1595 1229 1625 fu-

163 1631 244 1670 tura,
262 1639 420 1667 teneretur,
440 1630 480 1660 set
494 1630 529 1660 de
546 1629 684 1669 Materia,
703 1630 819 1669 Modo,
838 1632 871 1662 &
887 1631 1007 1670 Forma,
1027 1633 1106 1671 super
1128 1634 1162 1664 &
1179 1633 1229 1664 sub

166 1671 267 1709 quibus
288 1667 360 1699 Dies
380 1667 425 1698 illa
443 1670 533 1699 teneri
548 1668 680 1708 deberet,
698 1669 764 1700 licet
776 1670 855 1707 super
868 1670 921 1700 hiis
936 1670 1039 1702 diutius
1053 1673 1125 1702 inter
1137 1681 1227 1711 partes

164 1707 312 1748 praediaas
322 1707 486 1737 altercatum
501 1708 643 1745 extiterat,
661 1708 822 1739 consentire
837 1709 1010 1749 nequibant,

204 1744 328 1782 Volebat
339 1755 464 1783 namque
481 1755 543 1784 pars
556 1746 663 1776 Scotiae
677 1746 758 1785 quod
773 1746 842 1777 Dies
856 1747 900 1777 illa
923 1748 1159 1788 appunetuaretur
1180 1749 1230 1780 sub

164 1785 220 1818 hac
239 1784 349 1823 forma,
374 1784 526 1823 videlicet,
551 1784 632 1821 quod
653 1786 683 1814 in
701 1785 746 1816 illa
769 1784 845 1824 Die,
866 1794 930 1816 ante
947 1788 1059 1824 omnia,
1083 1788 1231 1818 haberetur

165 1824 296 1864 cognitio
308 1833 344 1854 an
358 1822 396 1853 M
407 1832 456 1853 AG
467 1831 490 1853 N
500 1832 532 1854 AE
550 1823 581 1853 T
590 1831 613 1853 R
624 1832 643 1853 E
651 1832 674 1853 u
683 1832 706 1854 G
715 1832 762 1861 AE,
781 1824 846 1855 alias
863 1825 938 1855 initae
955 1826 1026 1856 inter
1040 1826 1143 1866 Regna
1151 1850 1161 1865 ,
1179 1826 1232 1857 sint

166 1862 279 1894 Fiactae
292 1863 338 1892 seu
352 1860 474 1892 Violatae
511 1862 544 1893 &
559 1860 655 1900 Culpa
674 1863 769 1901 cu'uS,
784 1863 830 1894 vel
851 1863 931 1894 non?
951 1864 1002 1903 &,
1020 1864 1039 1894 fi
1061 1866 1232 1903 reperiantur

167 1911 232 1932 non
251 1901 388 1938 Violatae,
411 1901 472 1938 quo
514 1908 583 1931 tunc
601 1910 691 1940 proce
711 1910 772 1932 atur
792 1901 872 1940 super
896 1902 1104 1934 Observatione
1124 1913 1236 1934 earum-

168 1939 238 1971 dem
253 1938 458 1977 imposterum,
476 1939 510 1970 &
523 1948 621 1970 earum
636 1939 826 1978 Firmatione,
845 1950 878 1971 ac
893 1940 1085 1979 Reparatione
1101 1942 1236 1980 Attemp-

169 1986 294 2009 tatorum
306 1985 408 2009 contra
423 1977 548 2008 easdem:
566 1978 618 2017 &,
635 1978 656 2008 fi
671 1980 842 2016 reperiantur
864 1979 989 2018 Frasstae‚
1008 1988 1077 2012 tunc
1098 1981 1237 2019 proceda-

171 2024 216 2047 tur
231 2017 259 2048 su
281 2027 308 2047 er
324 2016 462 2047 Tractatu
476 2016 672 2056 Treugarum,
685 2018 797 2050 noviter
810 2016 995 2049 ineundarum
1003 2042 1015 2058 ,
1029 2019 1049 2039 ²¹¹²
1065 2029 1152 2058 prout
1166 2028 1236 2051 tunc

173 2056 245 2089 inter
285 2063 355 2091 artes
367 2056 471 2094 poterit
483 2055 670 2087 concordari:

212 2093 323 2125 Placuit
342 2103 437 2125 autem
457 2093 575 2131 praefato
594 2093 731 2125 Domino
748 2096 813 2133 Regi
829 2094 951 2136 Castellae
961 2119 971 2135 ,
988 2097 1021 2128 δε
1034 2096 1110 2127 Parti
1125 2095 1237 2136 Anglo-

173 2143 257 2171 rum,
275 2132 373 2171 quod,
392 2133 422 2162 in
438 2132 483 2162 illa
498 2131 575 2171 Die,
594 2132 686 2163 statim
701 2133 901 2171 procederetur
915 2135 949 2165 ad
967 2135 1189 2173 Reparationem
1203 2136 1238 2167 ὅτι

172 2172 300 2203 debitam
321 2170 574 2201 Reformationem
596 2171 839 2210 Attemptatorum
856 2181 956 2203 contra
973 2173 1117 2213 Treugas,
1133 2175 1152 2204 fi
1172 2174 1239 2204 Pars

173 2210 286 2242 adversa
301 2209 335 2240 ad
350 2209 409 2240 hoc
423 2209 508 2239 vellet
521 2209 696 2248 consentire,
714 2211 778 2248 quia
792 2211 921 2248 praefatus
935 2211 1082 2243 Dominus
1106 2215 1164 2242 Rex
1186 2216 1241 2243 Ca-

173 2249 258 2319 ssllae
278 2248 313 2285 ad
337 2247 577 2286 ,Reformandum
605 2258 786 2287 quaecunque
800 2272 809 2287 ,
841 2249 1017 2288 Attemptata
1041 2260 1146 2284 eontra
1170 2252 1241 2289 ,ipsas

208 2296 319 2327 reugas,
336 2296 389 2327 pro
406 2287 488 2318 Parte
503 2286 616 2317 illorum
631 2287 668 2318 de
683 2287 787 2327 Anglii
797 2312 806 2326 ,
825 2297 954 2326 paratum
968 2289 994 2320 se
1009 2289 1134 2328 obtulit,
1156 2288 1242 2320 dum-

175 2334 272 2362 tamen
284 2325 470 2357 consimiliter
482 2326 532 2356 fibi
546 2325 606 2356 fiat:

214 2364 269 2402 Et,
288 2364 308 2395 fi
329 2364 395 2395 Pars
417 2365 524 2396 Scotiae
542 2365 665 2396 omnino
685 2364 769 2396 vellet
783 2367 997 2406 cognitionem,
1016 2367 1096 2404 super
1112 2366 1243 2407 Treuga-

176 2414 242 2435 rutn
257 2403 436 2441 Violatione‚
455 2403 594 2441 praeferri,
612 2403 717 2440 placuit
732 2404 869 2442 praedicto
884 2405 1020 2436 Domino
1035 2405 1111 2443 Regi
1132 2405 1243 2436 Castel-

176 2443 236 2480 lae,
260 2452 315 2480 pro
334 2441 419 2472 Bono
440 2442 519 2472 Pacis
533 2465 543 2481 ,
569 2442 652 2480 quod
673 2443 841 2480 procedatur
862 2445 957 2482 primo
978 2444 1012 2478 ad
1034 2444 1083 2474 Co
1104 2445 1243 2475 nitionem

177 2480 335 2512 Frafflonis
345 2480 547 2518 Treugarum,
562 2480 710 2511 honestam
725 2483 758 2513 δε
780 2481 904 2513 debitam
926 2484 956 2513 in
975 2483 1034 2514 hoc
1050 2492 1082 2513 ca
1095 2494 1129 2521 u,
1145 2484 1182 2514 ita
1203 2493 1245 2514 ta-

180 2530 249 2552 men
262 2518 341 2557 quod
357 2519 377 2549 fi
385 2541 395 2557 ,
413 2520 482 2550 citra
494 2518 622 2557 Culpam
635 2520 716 2557 partis
731 2519 859 2560 Angliae,
877 2520 1004 2560 Treugae
1018 2531 1077 2553 non
1091 2522 1247 2559 probentur

202 2569 232 2589 er
247 2557 457 2598 cognitionem
471 2557 630 2596 hujusmodi
647 2557 785 2596 Violatae,
802 2559 882 2597 quod
904 2559 1005 2591 Statim
1025 2559 1192 2601 procedatur
1209 2560 1245 2591 ad

216 2597 434 2633 eformationem
463 2597 595 2626 omnium
626 2597 660 2628 ὃ(
685 2597 861 2632 singulorum
880 2597 1125 2637 Attemptatorum
1148 2608 1248 2630 contra

182 2635 329 2674 Tieugas,
345 2635 379 2665 &
393 2634 427 2668 ad
441 2634 508 2665 alios
523 2634 666 2665 Articulos
679 2636 711 2667 ὃς
726 2635 852 2675 Puncta,
870 2635 1055 2669 Indenturam
1069 2637 1247 2677 Treugarum

187 2674 404 2705 concernentia:
425 2673 543 2710 fivero,
562 2683 612 2711 per
632 2673 842 2712 Cognitionem
862 2675 1041 2715 hujusmodi,
1058 2676 1184 2715 Treugae
1205 2686 1249 2705 re-

184 2713 329 2751 periantur
342 2711 484 2749 Violatae,
503 2711 583 2750 quod
597 2721 665 2742 tunc
681 2713 849 2749 procedatur
863 2713 898 2744 ad
913 2724 945 2744 ea
960 2725 1025 2752 quae
1040 2714 1142 2745 fuerint
1163 2715 1250 2744 ratio-

183 2752 246 2795 nis,
265 2752 298 2781 &
310 2750 344 2780 ad
357 2750 527 2817 'Id'ragfitatum
540 2760 682 2782 novarum
697 2751 894 2791 Treugarum‚
907 2761 991 2793 prout
1004 2754 1076 2784 inter
1091 2752 1185 2784 Partes
1196 2762 1250 2793 po-

183 2797 247 2821 terit
261 2798 371 2819 concor
391 2798 438 2818 ari.

224 2827 279 2864 Et,
299 2828 361 2864 quia
375 2826 469 2856 Partes
483 2825 628 2863 praedkstae
643 2827 723 2864 super
737 2828 877 2866 Materia,
895 2828 1010 2867 Modo,
1027 2830 1060 2861 &
1084 2829 1191 2860 Forma
1208 2837 1251 2860 te-

188 2865 275 2901 nendi
292 2865 399 2898 dietam
422 2864 532 2904 Diem,
558 2872 644 2902 prout
661 2865 886 2905 suprascribitur,
908 2867 1121 2906 discordarunt,
1146 2868 1251 2906 placuit

188 2905 301 2942 utrique
322 2903 397 2935 Parti
420 2902 548 2942 Regibus
565 2902 618 2933 suis
636 2904 670 2935 δε
692 2913 793 2935 eorum
809 2904 948 2935 Conciliis
960 2906 1120 2944 hujusmodi
1135 2908 1252 2937 varieta-

190 2951 250 2979 tem
263 2942 378 2980 referri,
397 2942 435 2972 ita
471 2941 531 2973 uod
544 2939 616 2972 dicii
627 2944 724 2980 Reges,
742 2942 855 2980 Angliae
872 2943 1026 2981 (videlicet)
1041 2944 1115 2983 apud
1132 2944 1252 2984 Melros,

187 2982 222 3012 ὃς
239 2983 332 3012 Scotiae
347 2979 421 3019 apud
466 2979 615 3019 elkhowe,
631 2980 789 3012 voluntates
803 2981 859 3013 suas
874 2983 902 3013 in
915 2982 969 3013 hac
989 2992 1085 3021 parte,
1103 2993 1151 3021 per
1172 2984 1253 3015 Lite-

190 3030 232 3058 ras
245 3018 318 3058 suaS,
334 3021 441 3050 mutuo
455 3018 613 3050 certificent
626 3019 696 3049 citra
709 3019 826 3050 Festum
844 3021 1051 3052 Purificationis
1072 3023 1160 3053 beatae
1186 3021 1254 3053 Ma-

189 3060 255 3097 riae,
272 3058 408 3096 proximo
423 3056 568 3095 futurum,
586 3067 617 3088 ut
632 3057 669 3088 sic
685 3057 721 3089 de
731 3059 842 3098 agendis
855 3059 890 3090 ad
910 3058 1021 3091 dic'tum
1041 3059 1131 3091 Diem
1151 3062 1254 3099 poterit

191 3096 345 3133 comodius
355 3096 489 3129 ordinari.

230 3134 265 3168 in
295 3143 420 3173 quorum
447 3135 581 3165 omnium
606 3133 827 3166 Testimonium
847 3143 931 3174 atque
952 3136 1053 3168 Fidem
1075 3136 1150 3168 Parti
1171 3137 1254 3174 huius

192 3171 373 3210 Indenturae',
389 3181 474 3209 penes
487 3181 596 3210 partem
615 3173 722 3204 Scotiae
742 3176 913 3214 remanenti,
931 3176 1061 3213 praefatus
1078 3179 1140 3206 Rex
1154 3175 1256 3217 Castel-

193 3211 228 3240 1ae
251 3210 378 3249 Sigillum
398 3210 493 3248 suum,
511 3211 587 3241 alteri
604 3213 674 3242 vero
695 3211 788 3250 Parti,
806 3222 891 3253 penes
915 3223 1024 3254 partem
1038 3214 1149 3254 Angliae
1162 3225 1256 3245 rema-

194 3250 292 3286 nenti,
310 3250 351 3278 W
352 3247 474 3279 illicimus
489 3249 522 3279 &
535 3252 683 3286 Georgeus,
695 3250 727 3278 de
740 3250 862 3287 Douglas
872 3252 906 3282 &
919 3252 1055 3282 Marchiae
1072 3256 1186 3283 Comites
1194 3276 1204 3292 ,
1221 3263 1255 3284 ac

193 3287 343 3318 Dominus
363 3285 551 3316 Archibaldus
563 3308 573 3325 ‚
594 3287 744 3324 supradicti
764 3288 858 3327 Sigilla
875 3290 922 3320 sua
945 3290 1100 3322 alternatim
1120 3292 1256 3332 apposue-

196 3335 271 3357 runt.

216 3357 303 3402 ‘Dat
316 3362 394 3402 apud
410 3362 602 3401 Berewicum‚
621 3361 728 3402 Anno,
743 3363 845 3396 Mense
859 3365 892 3397 ὅ(
908 3365 968 3396 Die
982 3366 1151 3405 supradietis.

310 3439 368 3517 8μὲ
378 3439 475 3472 Tribus
491 3438 587 3483 Sigillis
603 3439 674 3470 Certi
689 3439 776 3471 rubei
790 3440 928 3482 expreffis,
940 3443 1118 3481 pendentibus
1131 3455 1150 3473 a
1165 3444 1258 3475 caudis

368 3488 524 3517 ergamenae.

464 3620 514 3655 De
534 3617 763 3664 confirmatione
781 3621 985 3668 Treugarum.

173 3745 182 3753 ,
199 3711 334 3770 REX,
349 3710 498 3747 Omnibus
510 3709 545 3740 ad
560 3719 647 3749 quos,
661 3711 722 3742 &c.
740 3711 875 3744 Salutem.

296 3750 378 3786 ‚Cum
390 3759 494 3788 nuper,
513 3750 585 3779 inter
600 3748 783 3780 Carissimum
797 3751 985 3783 Avunculum
995 3751 1126 3784 nostrum
1145 3753 1259 3793 Johan-

141 3823 147 3830 .
199 3798 259 3819 nem
275 3792 373 3832 Regem
394 3785 517 3832 Casteliae
540 3785 579 3822 &¹
602 3790 728 3826 Legionis
749 3788 869 3820 Ducem
892 3790 1061 3821 Lancastriae
1076 3791 1196 3823 Locum
1217 3802 1259 3824 te-

199 3835 314 3857 nentem
334 3827 463 3858 nostrum
485 3837 513 3856 in
529 3825 650 3863 partibus
664 3826 859 3857 Marchiarum
873 3828 980 3858 Scotiae
995 3838 1029 3859 ex
1043 3837 1118 3867 parte
1135 3841 1208 3869 una,
1224 3832 1258 3863 &

155 3897 162 3904 ,
198 3864 334 3902 quosdam
347 3865 567 3897 Commissarios
587 3864 729 3895 Carissimi
748 3865 940 3905 Consimguinei
960 3866 1042 3906 nostri
1062 3868 1094 3897 de
1114 3871 1204 3898 Scotia
1223 3880 1258 3901 ex

172 3936 178 3943 .
199 3902 296 3940 altera,
320 3913 374 3941 pro
397 3904 550 3935 Securitate
569 3903 603 3934 &
621 3903 727 3940 Quiete
747 3903 934 3935 Subditorum
954 3904 1128 3943 Regnorum
1146 3907 1258 3946 Angliae

199 3942 234 3976 ὃς
255 3940 361 3972 Scotiae
375 3963 386 3979 ,
408 3942 542 3986 quaedam
564 3942 687 3980 specialis
706 3942 846 3972 Securitas
868 3943 953 3982 usque
970 3943 1006 3974 ad
1027 3939 1144 3975 Festum
1161 3945 1259 3977 Sanc‘ti

199 3978 324 4016 Andreas
345 3987 506 4017 proximum
521 3982 602 4019 capta
614 3980 704 4017 foret,
722 3987 806 4018 prout
820 3990 870 4018 per
891 3979 1053 4013 Indenturas
1070 3983 1144 4019 inter
1164 3983 1260 4015 Partes

199 4017 344 4056 praedictas
358 4017 436 4054 super
450 4017 509 4048 hoc
521 4020 555 4050 &
568 4019 626 4049 aliis
639 4019 774 4050 Articulis
785 4019 930 4050 confectas
939 4019 998 4051 satis
1015 4020 1121 4059 liquet,
1135 4022 1260 4062 solemp-

199 4057 270 4087 niter
289 4054 478 4092 concordata,
494 4066 613 4094 quarum
629 4057 746 4096 quidem
767 4057 998 4097 Indenturarum,
1016 4059 1045 4089 in
1067 4069 1204 4097 quantum
1223 4062 1259 4093 ad

199 4089 307 4126 didiam
321 4094 506 4124 Securitatem
519 4095 636 4134 attinet,
653 4096 755 4128 Tenor
768 4095 891 4136 sequitui·
901 4095 952 4128 sub
963 4095 1017 4135 hac
1030 4097 1150 4137 Forma,

236 4127 335 4164 Hffic
354 4130 637 4172 quen-runa,

2234 264 2317 297 105)

1284 323 1481 370 FACTA-apud
1496 327 1698 371 Berewycum,
1718 327 1818 360 Primo
1834 329 1893 361 Die
1909 331 2015 363 Menfis
2030 331 2228 372 Novembris,
2247 335 2308 366 An·
2329 332 2407 362 Ann-
2421 333 2462 370 Di'

1246 372 1287 392 no
1309 362 1431 394 Domini
1455 365 1628 404 Millesimo,
1653 367 1884 407 Trecentelimo,
1909 370 2129 411 Octuagelimo,
2153 374 2241 411 inter,
2260 374 2310 403 In·
2350 380 2362 401 1
2389 372 2436 402 80-

1249 400 1349 432 clitum
1366 401 1547 441 Principem,
1564 405 1740 443 Johannem,
1759 406 1818 436 Dei
1829 407 1930 446 gratia,
1948 411 2044 446 Regem
2057 410 2179 450 Castellae
2200 411 2237 446 ὠ
2253 415 2310 442 Le-
2328 411 2379 437 Ric.
2399 420 2424 438 2.

1245 442 1331 476 gionis
1344 462 1354 478 ,
1380 440 1498 471 Ducem
1520 442 1687 473 Lancastriae
1702 467 1710 482 ,
1737 445 1851 475 Locum
1871 454 2013 477 tenentem
2035 450 2065 478 in
2086 451 2207 486 partibus
2230 449 2313 481 Mar-

1250 478 1378 522 chiarum
1393 478 1516 523 Scotiae,
1533 491 1566 510 ac
1581 480 1815 513 Commissiirium
1831 484 1994 523 specialem,
2014 486 2183 518 Sereniffimi
2200 488 2313 520 Princi-

1251 526 1310 555 pis,
1329 516 1454 547 Domini
1467 519 1595 561 Ricardi,
1614 518 1673 549 Dei
1686 521 1790 559 gratia,
1807 525 1884 559 Regis
1900 523 2012 561 Angliae
2034 524 2162 564 Illustris,
2181 536 2214 557 ex
2238 538 2312 566 una,

1255 555 1289 585 &
1304 577 1314 592 ,
1340 554 1519 586 Venerablles
1544 555 1640 587 Patres
1655 581 1665 595 ,
1684 559 1841 599 <walterum
1858 559 1895 595 ὠ
1919 561 2078 600 Johannem
2090 587 2099 601 ,
2123 564 2180 594 Dei
2201 565 2288 604 gratia
2302 589 2312 604 ,

1255 591 1490 636 Gsaſsguenfi’m&
1507 595 1718 633 Dunkeldensem
1740 598 1892 637 Epistopos,
1910 610 1961 638 ac,
1981 601 2107 632 Nobiles
2127 602 2226 641 Viros,
2246 603 2313 635 Do-

1255 640 1350 662 minos
1370 631 1548 665 Willielmum
1566 632 1604 667 ᾤ’
1624 637 1764 671 Georgium
1784 639 1815 665 de
1837 637 1957 673 Douglai
1976 640 2010 670 &
2034 640 2169 669 Blarchiae
2185 645 2315 681 Comites,

1255 670 1290 700 &
1305 670 1506 714 Archibaldurtz
1520 673 1550 700 de
1564 671 1684 709 Douglas
1700 673 1864 704 Dominum
1880 676 2059 715 Galawidiae,
2078 678 2315 718 Commissarios,

1257 706 1406 746 Magnifici
1421 708 1580 749 Principis,
1593 710 1719 749 Roberti,
1736 711 1794 743 Dei
1807 713 1910 752 gratia,
1927 718 2003 752 Regis
2016 721 2109 747 Scotiae
2123 727 2157 747 ex
2178 727 2255 756 parte
2275 719 2315 749 al-

1256 754 1331 783 tera,

1294 784 1531 816 TESTATUR
1553 785 1648 825 quod,

1296 821 1366 865 Post
1381 823 1486 854 multos
1500 825 1534 855 &
1549 824 1642 855 varios
1665 824 1813 858 Tratstatus
1836 837 1868 858 ac
1889 828 2093 861 Altercationes
2117 832 2222 863 habitas
2243 834 2318 871 apud

1260 859 1469 904 Lyliotcrosse,
1485 862 1625 900 MaXton,
1643 864 1677 894 ὃς
1691 864 1935 905 Merchoussawe,
1954 870 2018 898 xvii.
2038 869 2083 899 die
2099 870 2206 901 Mensis
2221 871 2318 903 Otsto-

1258 898 1332 942 bris,
1350 899 1489 931 Proximo
1504 902 1660 944 praeteriti,
1678 912 1747 933 cum
1771 905 1903 943 Qatuor
1920 906 2018 936 diebus
2031 907 2223 946 sequentibus,
2240 910 2319 948 super

1257 936 1371 968 diversis
1390 938 1523 970 Articulis
1539 940 1571 970 δε
1587 939 1719 979 Funeris,
1737 941 1797 976 &a
1812 950 1893 981 prout
1903 944 1988 982 fiepm
2003 946 2034 975 de
2050 949 2118 975 Dat.
2142 956 2166 976 1.
2186 951 2263 977 Nov.

1281 975 1367 1020 ‘Nos
1379 980 1468 1016 vero,
1486 987 1517 1009 ut
1531 978 1587 1016 ipsa
1603 978 1743 1010 Securitas
1753 991 1803 1018 per
1817 981 1927 1011 nostros
1941 983 2075 1013 Subditos
2091 986 2117 1013 in
2132 987 2264 1015 omnibus
2277 986 2320 1015 in-

1259 1014 1425 1057 yiolabiliter
1445 1017 1614 1055 servaretur,
1635 1017 1746 1057 statim,
1774 1019 1923 1058 postquam
1944 1023 2026 1051 nobis
2045 1022 2080 1052 de
2100 1022 2154 1060 ipsa
2178 1023 2321 1062 constitit,

1259 1052 1346 1090 ipsam
1364 1064 1413 1092 per
1433 1062 1529 1086 toturn
1551 1055 1689 1093 Regnum
1708 1057 1838 1088 nostrum
1858 1059 1976 1089 fecimus
1996 1061 2184 1099 proclamari,
2209 1062 2241 1092 &
2266 1072 2315 1099 per

1262 1091 1399 1129 quoscum
1422 1103 1457 1124 ue
1476 1093 1611 1125 Subditos
1627 1095 1738 1126 nostros
1775 1096 1824 1127 sub
1845 1096 1943 1127 Poenis
1963 1098 2157 1138 Graviffimis,
2182 1102 2319 1138 praecepi-

1263 1139 1326 1160 mus
1341 1140 1375 1162 ac
1422 1132 1536 1176 olumus
1546 1133 1575 1162 in
1591 1134 1725 1164 omnibus
1737 1119 1855 1166 firmiter
1868 1136 2026 1174 observari,

1292 1168 1448 1213 ¹ips-amque
1461 1171 1676 1209 nichilominus,
1696 1172 1731 1203 ad
1746 1174 1883 1210 majorem
1897 1174 1979 1212 ipsius
1991 1174 2267 1207 Corroborationem
2290 1177 2324 1207 &

1264 1205 1459 1246 Firmitatem,
1484 1209 1703 1249 Approbamus,
1727 1210 1928 1251 RatificarnuS,
1944 1214 1977 1244 &
2000 1214 2018 1233 ²*
2041 1213 2271 1253 Confirmamus,
2289 1226 2323 1245 ac

1264 1245 1412 1277 observare
1423 1248 1457 1278 &
1471 1248 1613 1279 observari
1628 1249 1720 1280 facere
1734 1249 1931 1282 Promittimus
1946 1252 2024 1282 bona
2041 1252 2095 1282 fide
2104 1275 2113 1290 ,

1302 1284 1394 1323 Qiod
1407 1285 1442 1316 ad
1452 1288 1585 1317 omnium
1599 1288 1632 1318 ὃς
1648 1288 1839 1327 singulorum,
1858 1300 1981 1329 quorum
1997 1291 2126 1329 interest,
2143 1293 2203 1322 tam
2226 1292 2326 1330 Angli-

1265 1332 1366 1356 corum
1382 1348 1392 1360 ,
1408 1325 1502 1367 'quam
1525 1325 1680 1356 Scotorum
1695 1350 1704 1365 ,
1728 1327 1876 1358 Notitiam
1895 1328 2063 1359 deducimus
2085 1339 2134 1367 per
2156 1331 2301 1368 praesentes
2316 1354 2326 1368 ,

1266 1359 1370 1399 Magni
1384 1361 1472 1400 Sigilli
1488 1363 1577 1393 nostri
1592 1366 1752 1396 munimine
1767 1365 1942 1405 Roboratas,

1302 1399 1371 1430 Dat.
1390 1400 1463 1438 apud
1477 1400 1511 1431 N
1514 1402 1708 1441 orthampton.
1727 1405 1824 1443 primo
1838 1406 1885 1436 die
1898 1405 2079 1437 Decembris.

1579 1526 1628 1557 De
1646 1528 1772 1573 Treugis
1785 1528 2019 1573 proclamandis.

1267 1607 1384 1664 REX
1401 1611 1429 1639 V
1429 1612 1555 1639 icecomiti
1568 1610 1793 1651 Northumbriae,
1810 1612 1945 1644 Salutem.

1362 1646 1444 1679 Ctim
1460 1657 1568 1688 nuper,

1307 1684 1384 1717 Inter
1405 1687 1475 1725 alia,
1493 1688 1566 1723 inter
1587 1687 1655 1718 Nos
1677 1689 1711 1721 δε
1734 1689 1795 1719 illos
1807 1689 1844 1720 de
1855 1689 1970 1727 Scotia,
1988 1690 2066 1728 super
2083 1689 2263 1730 Attemptatis
2284 1700 2334 1731 per

1268 1722 1401 1755 Subditos
1421 1726 1562 1764 utriusque
1580 1725 1687 1764 Partis,
1711 1737 1812 1758 contra
1833 1727 1953 1768 Magnas
1975 1728 2119 1767 TreugaS,
2145 1739 2234 1766 nuper
2257 1731 2336 1760 initas

1270 1772 1320 1799 per
1343 1762 1563 1795 Commiffarios
1584 1765 1696 1796 nostros
1718 1776 1751 1796 ac
1773 1766 1881 1797 alterius
1901 1767 1989 1797 Partis
2004 1790 2014 1805 ‚
2038 1769 2072 1797 ad
2094 1768 2153 1798 hoc
2174 1767 2338 1807 assignatos,

1270 1800 1404 1870 {radiata
1423 1803 1457 1833 ὃς
1473 1802 1627 1842 Ordinata,
1644 1803 1719 1842 apud
1734 1803 1841 1835 Villam
1855 1805 1980 1836 nostram
1995 1805 2130 1837 Berewici
2144 1805 2224 1845 super
2245 1806 2338 1838 Twe-

1293 1850 1356 1878 am,

1311 1878 1531 1910 Concordatum
1548 1880 1661 1919 existat,
1680 1890 1733 1919 pro
1753 1881 1861 1920 Qiiete
1886 1881 1990 1919 Populi
2013 1882 2155 1920 utriusque
2173 1882 2288 1922 Regni,
2305 1884 2339 1915 ὃς

1273 1926 1305 1948 ut
1325 1918 1442 1950 securius
1466 1920 1499 1950 &
1520 1920 1703 1950 commodius
1723 1921 1835 1951 interim
1856 1920 1965 1951 tractari
1988 1922 2093 1957 poterit
2116 1921 2196 1958 super
2218 1921 2340 1960 eisdem,

1276 1956 1374 1995 quod,
1393 1967 1408 1987 a
1420 1958 1514 1995 primo
1527 1958 1572 1987 die
1588 1957 1696 1988 Mensis
1709 1959 1907 1997 Novembris,
1926 1960 2061 1996 proximo
2076 1961 2236 1998 praeterito,
2254 1960 2340 1998 usque

1273 1994 1310 2026 ad
1332 1994 1445 2026 Festum
1468 1995 1564 2026 saneti
1587 1996 1710 2027 Andreae
1730 1997 1880 2035 Apostoli,
1907 1999 2041 2034 proximo
2058 1998 2115 2035 jam
2136 1998 2282 2036 futurum,
2307 1998 2339 2029 sit

1274 2034 1396 2071 specialis
1412 2034 1569 2072 Securitas,
1588 2034 1694 2065 habens
1714 2036 1776 2066 vim
1792 2037 1825 2067 &
1840 2035 1979 2066 effeffiim
1996 2045 2067 2073 quos
2084 2036 2239 2067 habuerunt
2256 2037 2341 2067 dictae

1278 2072 1423 2103 MAGNAE
1441 2072 1623 2111 TREUGAE,
1639 2074 1673 2104 ὃ(
1695 2074 1799 2104 habent
1823 2074 1843 2104 si
1863 2084 1923 2104 non
1942 2075 2045 2104 fuerint
2070 2074 2197 2113 Fracfhe,
2215 2076 2274 2105 tam
2290 2085 2341 2113 per

1277 2109 1418 2150 Terram,
1436 2112 1522 2150 quarn
1536 2121 1585 2150 per
1600 2111 1702 2150 Mare,
1720 2113 1792 2144 inter
1804 2112 1892 2151 Nos,
1910 2112 2029 2151 Regna,
2047 2114 2080 2144 &
2096 2113 2229 2144 Subditos
2244 2117 2344 2144 utrius-

1279 2159 1336 2188 que
1354 2149 1458 2189 Partis,
1475 2152 1512 2181 ita
1531 2150 1629 2189 quod,
1658 2150 1755 2181 medio
1777 2159 1923 2189 tempore,
1948 2161 2003 2181 nec
2027 2149 2142 2189 Castra,
2168 2162 2223 2182 nec
2245 2151 2344 2190 Villae,

1280 2189 1400 2219 munitae
1419 2189 1466 2219 vel
1487 2198 1548 2219 non
1571 2190 1688 2220 munitae
1701 2212 1712 2228 ,
1737 2189 1782 2220 seu
1802 2191 1910 2229 quaevis
1934 2189 2029 2227 Loca,
2053 2188 2203 2228 Personae,
2228 2191 2274 2222 vel
2295 2191 2346 2222 alia

1279 2226 1375 2265 Bona,
1393 2237 1441 2265 per
1453 2226 1565 2258 Partem
1579 2237 1665 2258 unam
1677 2228 1722 2259 vel
1735 2228 1819 2259 aliam
1834 2230 1995 2267 capiantur,

1317 2265 1416 2305 Qam
1431 2266 1548 2304 quidem
1562 2265 1746 2297 Securitatem
1761 2266 1959 2297 Commilsarii
1974 2266 2115 2305 utriusque
2129 2266 2217 2297 Partis
2237 2268 2346 2305 promi-

1281 2303 1374 2335 serunt
1387 2304 1455 2334 hinc
1470 2304 1538 2335 inde
1550 2304 1670 2336 firmiter
1684 2304 1842 2344 custodire,
1859 2306 1893 2337 &
1917 2305 1974 2335 sine
1995 2305 2065 2335 dolo
2087 2306 2120 2336 &
2140 2305 2236 2336 fraude
2254 2306 2348 2337 facere

1277 2342 1401 2373 fideliter
1414 2343 1572 2382 observari,

1320 2381 1366 2412 Ac
1384 2381 1492 2422 insuper
1512 2381 1732 2413 Concordatum
1753 2381 1852 2413 existat
1873 2381 1968 2420 quod,
1987 2382 2006 2412 si
2028 2393 2076 2420 per
2098 2382 2249 2421 Subdstos,
2267 2383 2349 2414 unius

1282 2419 1372 2450 Partis
1384 2420 1428 2451 vel
1439 2420 1548 2450 alterius
1557 2444 1566 2458 ,
1584 2420 1689 2459 aliquid
1703 2429 1805 2451 contra
1819 2421 2006 2451 Securitatem
2021 2421 2181 2460 hujusmodi
2196 2421 2286 2459 (quod
2299 2421 2350 2451 ab-

1285 2458 1328 2496 sit)
1351 2458 1432 2489 fuerit
1454 2467 1671 2497 attemptatum,
1691 2458 1834 2490 Custodes
1857 2458 2053 2490 Marchiarum
2069 2460 2116 2498 (de
2129 2469 2253 2498 quorum
2269 2460 2350 2490 Parte

1284 2496 1388 2528 fuerint
1410 2497 1571 2535 hujusmodi
1592 2498 1810 2535 Attemptantes)
1832 2498 1906 2528 infra
1930 2497 2080 2535 Mensem,
2099 2509 2114 2529 a
2138 2507 2267 2536 tempore
2290 2498 2352 2528 Re-

1285 2536 1456 2573 quisitionis,
1474 2537 1503 2565 in
1519 2546 1551 2566 ea
1575 2545 1670 2573 parte,
1688 2536 1843 2574 faciendae,
1861 2535 2032 2574 Dampnum
2055 2536 2141 2567 Passis
2162 2536 2276 2575 plenam
2300 2536 2351 2567 Sa-

1285 2574 1473 2605 tisfaffionem
1494 2574 1619 2611 impendi
1639 2574 1757 2612 facient,
1777 2575 1822 2605 vel
1842 2574 1977 2605 Personas
1998 2575 2204 2614 Delinquentes
2224 2574 2349 2605 Custodi

1285 2612 1481 2643 Marchiarum
1502 2612 1589 2642 Partis
1606 2611 1743 2651 adversae,
1765 2613 1834 2643 loco
1858 2612 2059 2644 satisfactionis
2072 2637 2082 2651 ,
2108 2614 2264 2643 liberabunt
2278 2637 2287 2651 ,
2313 2615 2346 2644 ὃς

1291 2652 1489 2682 nichilominus
1504 2674 1514 2690 ‚
1547 2650 1615 2681 loco
1639 2650 1742 2681 Poenae
1759 2674 1769 2690 ,
1794 2650 1984 2689 Capitaneum
1998 2675 2007 2689 ,
2028 2651 2074 2682 seu
2092 2652 2174 2683 aliam
2197 2652 2352 2682 Personam

1288 2689 1545 2727 Delinquentium,
1563 2690 1594 2719 in
1608 2689 1749 2720 elecstione
1762 2690 1831 2719 dieti
1852 2688 1987 2720 Custodis
2006 2689 2092 2720 Partis
2111 2690 2249 2729 adversae,
2269 2698 2353 2727 prout

1288 2729 1313 2758 ei
1333 2728 1495 2759 rationabile
1515 2727 1605 2759 visum
1625 2727 1725 2766 fuerit,
1741 2728 1916 2766 puniendum
1933 2728 2050 2759 liberare
2064 2729 2220 2760 &tradere
2242 2738 2355 2759 tenean-

1289 2774 1334 2797 tur

1328 2790 1418 2836 P’rout
1438 2806 1469 2835 in
1490 2805 1589 2835 Literis
1611 2803 1757 2835 dictorum
1781 2804 2053 2835 Commiffariorum
2076 2805 2258 2842 nostrorum,
2276 2804 2355 2842 super

1290 2843 1349 2874 hoc
1372 2844 1467 2882 fatris,
1492 2853 1559 2882 quas
1579 2843 1616 2873 de
1637 2843 1808 2875 avisamento
1831 2842 1958 2873 Concilii
1978 2842 2069 2872 nostri
2093 2842 2355 2881 Conium-avimus,

1291 2882 1400 2921 plenius
1413 2883 1592 2920 continetur,

1329 2920 1401 2951 Tibi
1421 2921 1603 2959 praecipitnus
1623 2919 1704 2956 quod
1726 2919 1839 2956 statim,
1862 2918 1926 2950 vifis
1946 2918 2144 2958 praesentibus,
2170 2918 2355 2950 Securitatem

1291 2959 1338 2990 seu
1351 2958 1483 2996 Treugas
1496 2959 1568 2995 illas,
1583 2967 1616 2988 ac
1630 2957 1754 2988 Poenam
1771 2959 1798 2987 in
1815 2956 1919 2987 eisdem
1944 2965 2129 2995 contentam,
2147 2958 2207 2988 tam
2228 2960 2257 2987 in
2281 2957 2355 2987 Por-

1292 2999 1376 3029 tubus
1391 2997 1496 3034 Maris,
1516 2996 1596 3027 Villis
1619 2997 1768 3034 mercatis,
1786 2996 1819 3026 &
1838 2996 1897 3026 aliis
1921 2995 2023 3034 Locis,
2041 2996 2087 3026 ubi
2108 2995 2206 3026 melius
2225 2996 2355 3034 expedire

1292 3035 1411 3075 videris,
1429 3036 1512 3074 quam
1535 3035 1565 3064 in
1585 3033 1688 3065 Balliva
1707 3042 1772 3072 tua,
1789 3035 1849 3065 tam
1872 3035 1944 3065 infra
1966 3035 2135 3073 Libertates,
2154 3044 2239 3073 quam
2260 3044 2353 3072 extra,

1293 3075 1410 3113 publice
1433 3073 1600 3112 proclamari
1622 3074 1657 3104 &
1675 3072 1791 3104 firmiter
1804 3073 1893 3104 teneri
1906 3073 1988 3104 facias
2002 3074 2031 3103 in
2044 3073 2138 3103 forma
2153 3072 2303 3111 praedhsta,
2323 3074 2356 3103 δε

1294 3114 1353 3144 hoc
1368 3113 1448 3144 nullo
1462 3111 1551 3143 modo
1562 3112 1686 3142 omittas.

1331 3189 1423 3222 Teste
1437 3189 1519 3228 Rege
1529 3185 1604 3225 apud
1618 3186 1915 3226 Northarnptoniam,
1932 3187 2056 3219 secundo
2069 3187 2114 3219 die
2128 3188 2304 3218 Decembris.

1529 3266 1583 3293 Per
1598 3263 1681 3303 ipsum
1695 3266 1790 3303 Regem
1807 3264 1844 3300 ὠ
1861 3263 2003 3295 Concilium
2017 3267 2046 3294 in
2062 3264 2252 3293 parliamento.

1295 3343 1463 3376 Consimili-a
1475 3341 1571 3373 Brevia
1583 3340 1744 3378 diriguntur
1757 3341 1785 3372 V
1788 3341 2002 3377 icecomitibus,
2018 3339 2191 3378 Majoribus,
2203 3341 2236 3372 δε
2250 3339 2359 3374 Ballivis

1518 3379 1691 3418 subscriptis,
1707 3379 1758 3411 sub
1773 3380 1871 3411 eadem
1886 3380 1979 3415 Data,
1996 3378 2142 3417 videlicet,

1334 3462 1363 3490 V
1365 3461 1489 3490 icecomiti
1502 3454 1635 3486 Cambriae
1644 3477 1655 3494 ,
1672 3454 1733 3491 ὅγε.

1634 3590 1693 3624 Ad
1707 3593 1852 3623 Comitem
1869 3588 2027 3623 Flandriae.

2348 1221 2443 1250 *VII-

2351 1269 2415 1295 279.

2354 1606 2430 1637 Arm.
2444 1607 2488 1642 D,

2376 1647 2463 1685 1380.

2355 1689 2407 1712 An.
2424 1695 2453 1719 4.

2358 1728 2385 1751 R.
2404 1733 2430 1750 2.

2361 1767 2426 1789 scot.
2445 1770 2475 1796 4.

2362 1804 2391 1827 R.
2410 1810 2434 1827 z.
2450 1808 2487 1835 ΜΞ

1300 3677 1433 3737 REX
1449 3701 1459 3715 ,
1482 3675 1589 3707 Nobili
1610 3676 1643 3707 &
1664 3675 1778 3705 Potenti
1799 3674 1871 3705 Viro
1885 3697 1894 3712 ,
1919 3674 2062 3703 Lodewico
2083 3676 2180 3704 Comiti
2201 3673 2357 3716 Flandriae,
2379 3675 2507 3707 AnnD„

1380 3718 1484 3747 Amico
1500 3714 1598 3745 nostro
1612 3713 1782 3752 Carissimo,
1800 3713 1924 3743 Salutem
1936 3722 2005 3742 cum
2018 3712 2171 3742 dilectione
2183 3713 2296 3745 fincerfi.

2406 3718 2489 3753 1380.

1336 3755 1419 3786 Cum
1441 3764 1528 3792 nuper
1549 3761 1635 3783 certae
1656 3752 1756 3782 Naves
1777 3751 1964 3783 Subditorum
1979 3750 2139 3780 vestrorum
2155 3751 2311 3791 Flandriae,
2329 3755 2357 3784 in
2375 3752 2430 3781 Ans
2446 3765 2475 3789 4.

1297 3795 1422 3833 partibus
1436 3791 1630 3824 Occidentalis
1644 3789 1810 3821 Admiratus
1826 3790 1921 3830 Regni
1936 3788 2025 3820 nostri
2039 3789 2165 3829 Angliae,
2182 3800 2232 3828 per
2254 3791 2358 3832 Ligeos
2375 3796 2404 3818 R.
2426 3801 2450 3820 2.

1297 3833 1409 3863 nostros
1417 3855 1426 3870 ‚

2378 3835 2452 3857 Fran.
2461 3840 2489 3865 4„

1335 3870 1492 3901 Credentes
1511 3867 1626 3898 firmiter
1643 3876 1676 3897 ac
1698 3867 1828 3897 timentes
1843 3889 1853 3905 ‚
1877 3873 1908 3896 ut
1926 3865 2096 3896 asseruerunt
2113 3888 2122 3904 ‚
2150 3867 2217 3905 ipsas
2236 3867 2335 3900 Naves
2350 3894 2359 3908 ,
2378 3873 2405 3895 R.
2418 3877 2488 3896 2,m.

1296 3919 1396 3941 contra
1417 3907 1578 3943 Navigium
1599 3905 1728 3935 nostrum
1751 3905 1829 3943 supra
1852 3904 1953 3942 Mare,
1971 3905 2001 3933 in
2022 3904 2153 3935 auxilium
2167 3906 2359 3938 inimicorum
2381 3916 2423 3935 22,

1297 3948 1461 3978 nostrorum
1476 3944 1612 3975 hostiliter
1626 3943 1767 3979 insurgere
1781 3943 1920 3980 voluisse,

1336 3984 1471 4016 Arestatae
1486 3984 1518 4014 &
1532 3981 1633 4018 Captae
1648 3981 1775 4012 fuiffent:

1336 4024 1406 4054 Nos
1425 4024 1495 4053 vero
1517 4020 1626 4059 statim,
1644 4020 1716 4051 cum
1737 4019 1773 4049 de
1794 4017 1965 4056 Hujusmodi
1986 4017 2130 4056 Captione
2143 4019 2274 4051 Navium
2289 4031 2360 4058 prae-

1298 4062 1439 4092 dic‘tarum
1453 4059 1532 4089 docti
1545 4058 1679 4088 fuerimus
1695 4058 1729 4088 &
1744 4057 1904 4094 informati,
1922 4066 1983 4092 eaS,
1999 4056 2153 4087 secundum
2170 4060 2228 4089 vim
2241 4061 2273 4089 Sc
2288 4059 2358 4088 effe-

1300 4102 1382 4131 etum
1404 4095 1558 4128 Tracstatfis
1579 4098 1612 4127 &
1633 4095 1810 4126 Concordiae
1824 4118 1834 4132 ,
1853 4097 1926 4125 inter
1949 4094 2016 4124 Nos
2037 4097 2070 4126 &
2090 4096 2200 4126 didtum
2222 4096 2358 4134 Regnum

1300 4137 1432 4170 nostrum
1453 4137 1486 4168 ὅ(
1512 4133 1574 4166 Vos
1596 4135 1629 4166 ὃς
1652 4134 1774 4166 Terram
1789 4133 1912 4164 vestram
1925 4132 2120 4172 existentium,
2138 4134 2174 4164 de
2191 4134 2362 4165 avisamento

1778 4170 1809 4201 O
1830 4179 1844 4209 3
2281 4170 2362 4209 Con-¹
