2561 4251
62 869 77 884 ⁶
94 865 161 894 vll.

60 905 126 943 687.

89 3252 162 3284 Ann.
178 3248 218 3281 D.
238 3253 289 3309 L

135 3300 146 3309 ⁵
170 3299 198 3318 0.

90 3300 203 3394 &1³91ss
233 3335 287 3359 tres
308 3338 467 3368 quecunqes
506 3336 574 3356 entz
591 3326 626 3357 de
646 3326 725 3356 Seint
745 3326 835 3365 Eglise
852 3335 857 3354 τ
875 3325 1004 3355 Countes
1038 3325 1220 3361 Viscountes,
1238 3322 1288 3353 Ba-

116 3389 120 3393 .
142 3376 165 3394 ².

93 3406 159 3469 Zasc-
176 3415 210 3441 ¹4
235 3404 435 3441 Counseillers‚
457 3404 565 3441 Iuretz,
585 3403 741 3440 Prevostz,
767 3401 968 3438 Conestables,
987 3401 1188 3438 Chastellaffls,
1213 3399 1293 3430 Uni-

118 3466 121 3469 .
143 3453 166 3469 2.

94 3490 131 3508 m.
154 3491 180 3510 2.

101 3712 117 3728 ”
128 3710 192 3738 VH.

103 3750 167 3776 ⁶88.

203 141 257 188 64

240 296 265 327 A
283 298 382 335 quibus
397 296 512 334 quidem
526 294 670 325 Sententia
684 296 717 325 &
732 293 1005 330 Condempnatione
1017 292 1052 322 ad
1068 290 1193 322 nostram
1207 290 1269 321 Au-

201 335 334 366 dientiam
348 334 420 371 suit,
439 342 487 371 per
502 332 615 363 Partem
630 333 698 363 dicti
712 332 851 370 Roberti,
868 330 1047 369 Appellatum
1057 353 1066 367 ,

248 373 293 404 Ac
308 372 375 402 Nos
390 372 472 402 certis
485 370 690 402 Commisfariis
704 370 821 407 nostris,

242 411 286 441 Ad
310 409 509 447 Audiendum,
528 408 764 447 procedendum,
780 406 1043 445 Cognoscendum,
1064 404 1270 442 Statuendum,

204 448 414 479 Diffiniendum
429 449 462 478 &
478 447 684 486 Exequendum
699 446 781 484 inde,
798 448 832 478 &
848 447 928 484 super
941 445 1034 476 Causa
1048 445 1094 476 seu
1109 445 1193 475 causis
1206 443 1270 482 Ap-

203 485 357 527 pellationis
372 486 530 526 praedictae,
549 487 582 516 &
597 485 631 515 N
634 487 733 522 egono
751 486 895 524 principali
911 485 1035 523 ejusdem
1045 506 1054 522 ,

240 521 319 555 Cum
338 524 389 556 suis
410 524 612 562 Dependentiis
627 546 636 561 ,
662 523 843 554 insidentibus
858 546 868 560 ‚
890 524 1098 563 emergentibus
1114 544 1124 559 ,
1139 522 1173 552 &
1196 526 1271 551 con-

201 572 576 632 21
921 560 1269 636 &sta

203 650 288 678 prout
312 641 340 671 in
364 640 463 670 Literis
477 638 578 670 nostris
589 639 769 677 Parentibus,
787 639 854 669 inde
869 638 1009 669 confeffls
1022 662 1032 676 ,
1050 637 1157 675 plenius
1172 636 1269 666 conti-

202 688 503 762 nei'uorstmodumque,
526 716 699 748 consideratis
720 725 770 754 per
790 715 859 746 Nos
874 725 965 760 ,quam
986 715 1093 759 Iuribus
1115 712 1271 758 Qilationi-

203 756 255 787 bus
277 756 400 794 fnvolts,
420 767 449 786 tn
470 757 545 787 dicta
565 755 670 792 Causa,
688 764 786 785 coram
806 756 926 794 praefatis
976 753 1155 784 ommiffarus
1169 750 1271 782 nostris

202 795 298 832 factis,
315 794 446 834 visisque,
463 795 577 831 auditis,
595 804 628 824 ac
649 794 794 833 diligenter
815 792 938 824 discuffis
959 793 993 823 &
1017 792 1193 827 examinatis,
1218 799 1269 827 per

204 832 317 863 eosdem
333 833 550 863 Commiss‘arios
566 832 694 870 nostros,
711 832 846 862 omnibus
862 834 895 864 &
910 831 1022 870 singulis
1038 831 1118 860 Actis
1129 839 1162 860 ac
1176 829 1270 866 faffi5‚

206 872 223 889 ¹*
240 871 403 912 productis,
420 872 565 908 exhibitis,
583 872 617 902 &
631 872 753 909 probatis
769 871 799 900 in
814 870 866 901 hac
881 878 974 909 parte,
993 871 1050 899 tam
1066 868 1170 898 Primae
1182 876 1268 907 quam

205 910 344 941 Secundae
366 909 562 940 Instantiarum
578 932 588 947 ,
622 908 732 939 matura
751 909 785 939 &
806 909 924 946 pleniori
945 908 1147 938 deliberatione
1168 905 1269 944 vestri,

206 949 322 988 praefate
344 948 413 979 Dux
428 949 604 986 Aquitaniae,
621 948 655 979 ἃ
669 948 788 978 aliorum
803 947 964 977 Pei-itorum
978 947 1060 976 nobis
1072 945 1106 976 ad
1121 954 1190 976 tunc
1206 943 1270 974 assi-

207 988 355 1025 stentium,
381 997 449 1017 cum
473 988 575 1025 quibus
598 987 708 1023 plenam
731 986 894 1023 relationem
917 985 1064 1014 habuimus
1082 985 1116 1015 &
1137 983 1270 1020 fidelem,

207 1026 315 1057 dictam
331 1026 500 1057 Sententiam
515 1035 548 1055 ac
557 1024 706 1062 Judicium
721 1024 828 1064 praefati
845 1023 1069 1060 Constabularii,

242 1064 275 1095 In
296 1065 329 1095 ea
347 1074 420 1104 parte
443 1064 610 1101 (videlicet)
629 1063 683 1103 qua
711 1066 743 1094 δε
764 1064 812 1093 ubi
833 1063 924 1093 dictus
941 1061 1174 1092 Constabularius
1193 1058 1270 1089 didita

207 1103 296 1134 Arma
314 1104 349 1134 de
373 1104 479 1139 Azura,
498 1112 566 1132 cum
589 1112 643 1133 una
666 1101 760 1132 Benda
783 1101 818 1132 de
843 1102 939 1137 Auro,
958 1099 1036 1130 fuisse
1059 1101 1092 1131 &
1108 1099 1164 1129 esse
1180 1098 1270 1129 Arma

205 1142 275 1173 dieti
295 1141 428 1178 Ricardi,
447 1142 479 1172 ὅ(
501 1141 535 1171 ad
558 1146 623 1171 eum
644 1140 820 1179 pertinuisse,
838 1141 872 1171 &
894 1140 1051 1179 pertinere,
1072 1137 1270 1178 pronunciavit

208 1182 241 1211 &
262 1180 410 1210 declaravit
428 1203 437 1217 ,
467 1180 623 1217 eademque
647 1179 735 1209 Arma
754 1179 847 1209 eidem
873 1177 999 1208 Ricardo
1019 1177 1187 1215 adjudicavit
1237 1183 1270 1205 ac

207 1219 286 1257 quod
308 1218 383 1248 idem
405 1217 633 1249 Constabularius
648 1217 736 1257 ipsum
748 1217 910 1247 Robertum
927 1218 955 1246 in
970 1215 1012 1246 Ex
1050 1216 1118 1254 niis,
1137 1217 1166 1244 in
1182 1197 1271 1244 Causa

205 1257 340 1294 praeditsta
356 1257 451 1295 factis,
470 1258 502 1288 &
520 1257 612 1287 eidem
630 1255 756 1287 Ricardo
770 1255 923 1293 solvendis,
942 1264 998 1284 con
1018 1254 1179 1293 empnavit,

241 1295 466 1334 Ratificavimus,
481 1296 712 1335 approbavimus,
728 1295 761 1325 &
786 1293 1036 1331 confirmavimus,
1053 1294 1085 1324 &
1103 1291 1203 1323 eadem
1218 1289 1272 1320 Ar—

208 1342 253 1364 ma
276 1333 370 1364 eidem
393 1334 516 1364 Ricardo
537 1335 570 1364 ὅ(
595 1332 765 1364 Haeredibus
784 1332 835 1362 suis
855 1333 964 1372 integre
987 1331 1221 1370 adjudicavimus,
1239 1329 1272 1359 &

205 1371 280 1402 Parti
295 1372 364 1402 dieti
381 1373 501 1402 Roberti
517 1373 550 1403 &
567 1371 735 1402 Haeredibus
749 1371 799 1401 suis
813 1370 1089 1409 adjudicavimus,&
1101 1369 1190 1407 ipsum
1207 1368 1272 1398 Ro-

207 1411 337 1447 bertum,
364 1413 390 1441 in
415 1410 546 1448 Expensis
568 1410 601 1441 ὅ(
623 1411 805 1450 SumptibuS,
832 1410 860 1439 in
883 1409 958 1439 dieta
979 1408 1068 1439 Causa
1085 1418 1117 1439 ac
1138 1408 1223 1438 etiarn
1242 1407 1272 1436 in

208 1450 297 1481 Causa
314 1449 479 1490 Principali,
498 1459 595 1480 coram
610 1448 706 1479 Nobis
721 1450 753 1480 ὅ(
770 1447 851 1478 dietis
869 1446 1081 1478 Commiffiriis
1094 1446 1208 1483 nostris,
1225 1453 1273 1482 per

210 1488 322 1521 Partem
344 1489 412 1518 dieti
436 1487 550 1519 Ricardi
565 1488 666 1518 habitis
682 1496 764 1526 atque
778 1487 876 1525 fadus,
894 1496 943 1526 per
961 1485 1087 1516 nostram
1100 1484 1272 1515 Sententiam

211 1527 393 1559 diffinitivam
407 1525 693 1566 Condempnavimns
701 1549 711 1564 ,
729 1525 891 1563 Taxatione
904 1524 1072 1555 corumdem
1086 1523 1198 1560 Nobis,
1218 1522 1274 1552 sive

211 1565 418 1597 Commissariis
437 1565 554 1602 nostris,
572 1566 599 1595 in
620 1565 672 1595 hac
695 1572 770 1602 parte
790 1562 952 1601 deputandis
973 1563 1016 1592 vel
1032 1561 1213 1602 assignandis,
1232 1570 1275 1590 re-

211 1606 341 1675 servatffif}
346 1613 432 1649 prout
450 1614 499 1644 per
518 1604 625 1635 dictam
645 1604 819 1645 Sententiam
840 1601 965 1633 nostram
981 1600 1176 1632 Diffinitivam
1189 1600 1275 1638 liquet

212 1655 285 1675 mani
301 1655 316 1674 e
343 1654 360 1672 e
370 1667 378 1679 ,

247 1684 326 1723 Qae
366 1680 460 1711 uidem
481 1681 624 1711 Sententia
644 1678 805 1709 Diffinitiva
827 1679 860 1709 δε
882 1677 1114 1716 Condempnatio
1134 1675 1276 1715 Expensa-

209 1731 289 1760 rum,
309 1720 383 1752 nula
406 1719 590 1759 Appelatione
611 1717 760 1756 suspensae,
780 1717 848 1748 sicut
871 1727 923 1747 nec
939 1724 1090 1754 potuerunt
1104 1725 1172 1746 cum
1187 1716 1276 1753 Supe-

210 1762 326 1804 riorem·
341 1759 374 1826 ig*
390 1758 608 1799 Temporalibus
617 1766 676 1787 non
691 1756 843 1795 habemus,
860 1756 890 1786 in
906 1754 1117 1786 Auctoritatem
1133 1755 1171 1786 rei
1186 1753 1274 1785 trans-

210 1808 301 1830 ierunt
330 1809 347 1829 u
369 1805 446 1827 icatae

246 1837 302 1867 No
315 1845 369 1874 que
389 1819 526 1874 Expensas
545 1836 578 1866 &
600 1833 734 1873 Sumptus
755 1832 917 1872 hujusmodi
943 1834 1042 1871 taxari,
1059 1832 1091 1864 &
1112 1832 1206 1863 eidem
1222 1831 1278 1862 Ri-

210 1876 296 1907 cardo
319 1875 385 1905 inde
408 1873 528 1904 satisfieri
550 1874 582 1904 &
597 1872 666 1903 solvi
682 1873 823 1911 volentes,
843 1881 873 1903 ut
890 1871 931 1902 est
941 1871 1067 1911 justum,
1081 1881 1115 1902 ac
1133 1871 1169 1902 de
1183 1870 1280 1901 vestris

212 1914 355 1952 Fjdelitate
377 1913 497 1951 provida
517 1923 550 1943 ac
572 1910 703 1942 industria
727 1910 945 1950 Circumspecta
969 1910 1076 1948 plenius
1089 1909 1280 1946 confidentes,

209 1953 244 1985 ad
264 1952 399 1993 Expensas
413 1954 446 1984 &
472 1952 541 1981 Sum
564 1960 606 1981 tus
627 1950 775 1987 praedictos
789 1949 981 1986 Tamndum,
998 1949 1048 1988 &‚
1066 1958 1134 1980 cum
1147 1948 1282 1988 Sumptus

210 1993 243 2024 &
258 1992 391 2030 Expensae
404 1990 512 2028 hujusm
555 1991 562 2019 i
585 1989 687 2019 Taxati
707 1989 826 2027 fiierint,
845 1988 934 2026 ipsum
951 1987 1131 2025 Robertum,
1153 1988 1211 2018 tam
1233 1996 1282 2024 per

212 2030 417 2063 Arestationem
431 2029 725 2061 &incarcerationem
740 2028 879 2065 Corporis
892 2027 947 2065 sui,
964 2028 1048 2066 quam
1064 2025 1282 2057 Distrifflonem

210 2069 324 2099 Rerum
344 2070 377 2100 &
399 2068 545 2099 Bonorum
559 2067 672 2097 suorum
687 2067 840 2097 mobilium
861 2067 895 2097 &
917 2065 1128 2103 immobilium,
1153 2065 1186 2096 &
1200 2064 1281 2095 aliam

213 2116 422 2145 Quamcumque
447 2105 660 2137 Cohertionem
674 2105 847 2144 legitimam,
869 2104 904 2135 ad
927 2104 1105 2135 Solutionem
1125 2105 1158 2135 ὅ(
1173 2104 1284 2134 Satisfii-

209 2146 338 2178 ctionem
350 2145 515 2176 eorumdem
529 2143 769 2182 compellendum
779 2167 788 2183 ‚

253 2186 298 2215 Ac
312 2186 410 2215 omnia
425 2184 476 2215 alia
491 2186 523 2215 &
540 2184 660 2222 singula,
676 2184 704 2212 in
720 2182 773 2213 hac
791 2190 867 2220 parte
882 2181 1029 2213 necessaria
1041 2181 1086 2212 seu
1098 2181 1281 2221 quomodoli-

212 2225 264 2254 bet
278 2233 434 2261 oportuna,
450 2222 613 2253 faciendum
627 2222 659 2253 &
675 2221 861 2259 explendum,

252 2261 342 2292 Vobis
355 2285 363 2300 ,
388 2261 513 2292 Novem
530 2284 540 2300 ‚
563 2260 646 2290 Οᾶο
661 2283 670 2298 ,
688 2260 804 2297 Septem
820 2284 829 2297 ,
845 2259 899 2290 Sex
915 2283 924 2298 ‚
943 2258 1081 2297 Qiinque
1095 2282 1104 2296 ,
1129 2258 1280 2298 Qatuor‚

214 2301 340 2338 Tribus,
356 2300 389 2330 &
410 2300 533 2330 Duobus
552 2298 697 2335 vestrum,
713 2300 760 2337 qui
776 2298 856 2335 super
874 2299 931 2328 hoc
947 2298 1049 2328 fuerint
1064 2299 1201 2336 requisiti,
1218 2298 1281 2327 Te-

214 2349 285 2370 nore
312 2338 512 2375 praesentium,
531 2337 754 2367 Committimus
777 2338 853 2366 vices
872 2336 977 2366 nostras
999 2337 1033 2367 &
1056 2336 1169 2374 plenam
1184 2337 1213 2366 in
1228 2336 1280 2367 hac

217 2388 295 2419 parte
308 2377 417 2408 Damus
431 2378 464 2408 &
479 2376 676 2407 Concedimus
691 2374 867 2406 potestatem
884 2385 890 2404 :

256 2416 293 2447 Et
314 2416 380 2447 ideo
397 2416 493 2454 vobis,
509 2417 542 2447 &
557 2415 672 2445 cuilibet
687 2412 815 2444 vestrum
830 2412 1003 2444 Mandamus
1018 2412 1098 2450 quod
1113 2414 1188 2444 circa
1203 2413 1283 2444 Prae-

218 2455 459 2523 miasesgtgiligenter
473 2453 637 2492 intendatis,
656 2453 690 2483 ὃ(
709 2462 740 2483 ea
757 2452 860 2484 faciatis
879 2454 912 2484 &
933 2453 1109 2490 exequamini
1132 2453 1160 2482 in
1182 2452 1286 2484 Forma

239 2503 250 2523 r
297 2504 305 2524 1
337 2503 370 2531 ας

217 2503 238 2533 p
257 2531 366 2562 Damus
383 2539 475 2561 autem
497 2530 644 2561 Universis
667 2531 700 2562 &
723 2530 836 2567 singulis
855 2528 1008 2559 Officiariis
1022 2552 1032 2567 ‚
1052 2528 1190 2559 Ministris
1202 2552 1211 2568 ,
1236 2529 1288 2560 Li-

221 2570 302 2638 ᾗοὶς,
327 2569 467 2607 subditis,
493 2570 525 2600 δε
554 2569 693 2599 Fidelibus
719 2569 836 2607 nostris,
861 2577 983 2606 quorum
1010 2567 1143 2604 Interest,
1167 2567 1285 2599 Tenore

250 2608 425 2645 raesentium,
442 2610 471 2637 in
488 2607 630 2637 Mandatis
643 2608 721 2646 quod
735 2609 833 2645 vobis,
849 2607 910 2637 ἃς.
924 2615 1007 2645 prout
1020 2606 1053 2635 ad
1069 2606 1143 2644 ipsos
1157 2609 1286 2646 pertinet,

222 2646 403 2677 Intendentes
424 2645 473 2676 sint
488 2668 498 2683 ,
513 2644 696 2675 Consulentes
710 2669 718 2681 ,
738 2645 969 2684 Respondentes‚
988 2646 1020 2676 &
1046 2645 1233 2684 Auxiliantez,
1252 2646 1285 2676 ὃς

223 2683 319 2756 vestris
334 2683 472 2754 Mandgtis
485 2684 661 2715 obedientes
674 2693 757 2721 prout
771 2683 864 2714 decet.

274 2734 292 2753 n
308 2733 385 2757 cuius
440 2731 479 2752 ἐ.

295 2760 386 2793 Teste
393 2745 482 2800 ²Rege
497 2761 571 2799 apud
584 2759 861 2799 Wstmonastmum‚
880 2760 975 2789 xxviii.
991 2759 1036 2789 die
1051 2759 1238 2791 Novembris.

846 2838 898 2866 Per
911 2835 994 2875 ipfitm
1013 2838 1116 2873 Regem.

260 2917 416 2948 Consimile
437 2915 526 2947 Breve
546 2915 673 2955 dirigitur
694 2913 950 2946 Commiffionariis
973 2911 1127 2951 praedic‘tiS,
1143 2913 1193 2943 sub
1216 2911 1291 2943 Data

224 2955 321 2987 Primi
335 2956 392 2985 diei
406 2954 490 2986 Maii.

860 2992 913 3019 Per
927 2988 1009 3029 ipfiaem
1026 2992 1131 3027 Regem.

277 3121 369 3164 Super
397 3118 548 3162 Regimine
573 3119 782 3161 Aquitanniae‚
810 3118 846 3153 ὠ·
866 3113 901 3146 de
922 3111 1168 3146 &vocationibus
1188 3115 1247 3145 Re-

687 3162 844 3197 vocandis.

300 3251 326 3282 E
346 3251 425 3281 Ror
444 3261 477 3287 a,
494 3259 552 3280 noz
576 3249 715 3280 cheres&
733 3249 833 3287 foialx,
857 3248 995 3286 proclam,
1014 3247 1232 3285 Archivesques‚
1253 3245 1292 3276 E-

310 3289 440 3329 vesquoe,
457 3290 572 3326 AbbeS,
587 3287 695 3325 prims,
720 3287 830 3325 Deans,
850 3286 997 3323 C'napitres
1008 3309 1017 3325 ,
1031 3286 1178 3325 Colleges,
1197 3287 1229 3317 &
1245 3295 1293 3314 au-

234 3376 317 3404 rons,
336 3367 369 3397 &
384 3375 471 3397 autroe
523 3366 603 3395 obles
617 3364 746 3404 Seignurs
757 3366 790 3395 &
806 3363 950 3393 Chivalers
967 3374 972 3392 :
993 3349 1168 3401 Capitaines,
1184 3361 1293 3399 Meirs,

234 3443 361 3477 verlites,
379 3445 411 3475 &
431 3438 599 3480 Comunes,
615 3442 647 3472 ὃ(
671 3450 741 3472 touz
761 3449 847 3471 autres
866 3449 925 3470 noz
944 3440 1060 3477 subgiz,
1077 3439 1161 3469 deinz
1177 3440 1203 3468 le
1224 3437 1292 3468 Du-

236 3481 524 3552 {cheffiiffifflffigne’
539 3480 574 3511 de
594 3480 659 3520 quel
678 3479 747 3510 estat
766 3489 804 3509 ou
826 3477 987 3508 Condition
1002 3478 1061 3517 q'ils
1074 3477 1182 3516 soient,
1198 3475 1294 3507 Salutz

272 3562 366 3596 Come,
385 3544 510 3595 parnoz
529 3566 617 3588 autres
636 3555 762 3593 Lettres,
780 3555 866 3586 Nous
888 3554 1000 3584 eussons
1020 3554 1128 3585 Donne
1149 3563 1180 3592 a,
1200 3551 1295 3583 nostre

235 3597 370 3627 treichere
390 3598 423 3628 &
443 3596 565 3626 traebien
586 3595 661 3626 Ame
680 3595 796 3629 Uncle,
815 3593 912 3632 Johan
936 3596 995 3622 Duc
1017 3594 1047 3622 de
1067 3595 1184 3622 Guiaine
1203 3591 1237 3622 &
1258 3591 1294 3621 de

239 3634 406 3672 Lancastre,
424 3645 439 3664 a
462 3633 573 3664 Terme
591 3633 627 3663 de
642 3634 703 3668 vie,
723 3634 748 3662 lc
764 3633 879 3668 Nomc,
897 3631 995 3669 Titrc,
1014 3633 1046 3662 &
1060 3631 1166 3662 Duche
1178 3629 1296 3668 d'Aqui-

238 3673 328 3709 taine,
342 3682 466 3710 avecque
479 3672 517 3701 les
530 3671 657 3709 Profitz,
675 3670 865 3707 Gaudeuffes‚
881 3670 913 3700 δε
930 3669 1163 3706 Esmolumemz,
1180 3677 1297 3706 avecqcs

240 3710 278 3739 ses
300 3711 522 3750 Appartenances
534 3732 545 3748 ‚
564 3709 582 3728 ’¹¹
603 3718 690 3739 come
707 3718 742 3738 en
762 3718 820 3738 noz
843 3709 912 3739 dites
934 3708 1040 3739 Lettres
1058 3708 1099 3738 est
1118 3707 1179 3747 plus
1192 3716 1208 3736 a
1222 3705 1297 3744 plein

240 3755 343 3777 conten

282 3785 317 3815 Et
346 3758 461 3826 tezrri'pres
483 3795 554 3825 pour
568 3795 602 3815 ce
617 3795 671 3823 que
687 3795 758 3815 noua
773 3794 871 3815 avoms
884 3784 1024 3823 entendu,
1043 3794 1099 3824 que
1113 3784 1139 3814 le
1152 3782 1297 3813 Patrimo-

245 3831 298 3860 nye
316 3809 353 3853 du
372 3825 412 3855 dit
428 3824 551 3863 Duche,
568 3823 654 3853 fibien
666 3823 712 3853 des
729 3823 838 3853 Offices
852 3833 937 3853 corne
951 3832 1046 3861 autre,
1064 3824 1141 3854 avoit
1154 3820 1211 3852 este
1225 3820 1299 3850 don-

246 3869 284 3890 ne
305 3860 337 3903 &
360 3862 475 3900 charge,
493 3873 541 3900 par
555 3862 660 3899 Nous,
677 3862 710 3892 δε
725 3870 784 3891 noz
800 3861 1017 3899 Progenitours,
1036 3862 1055 3891 si
1068 3868 1151 3891 avant
1164 3869 1219 3897 que
1236 3857 1300 3888 nos-

247 3907 289 3930 tre
310 3897 350 3927 dit
370 3899 468 3930 Uncle
489 3902 553 3931 n’en
573 3901 683 3936 purroit
697 3901 775 3929 avoir
787 3899 888 3929 ascune
904 3899 974 3929 Aide
989 3910 1024 3929 ne
1039 3898 1244 3934 Sustentation,
1263 3906 1300 3926 ne

249 3936 421 3973 Suppourter
443 3939 480 3968 les
502 3938 627 3977 Charges
646 3938 693 3968 des
715 3937 848 3968 Officiers
869 3938 901 3967 ὃ(
922 3937 1026 3974 Genz,
1044 3936 1210 3973 necessaire,
1228 3944 1300 3973 pour

248 3974 275 4004 la
297 3973 393 4003 bonne
411 3973 621 4006 Gouvernance
642 3977 677 4006 de
699 3977 803 4006 mesme
824 3977 848 4005 le
869 3974 939 4005 Paiis
960 3976 992 4005 &
1013 3976 1136 4014 Subgiz,
1151 3982 1270 4005 comme
1284 3973 1301 4002 il

250 4012 404 4051 appertient
424 4022 440 4042 a
460 4013 542 4051 faire,
560 4014 646 4045 fibien
667 4024 703 4046 en
723 4023 814 4052 temps
835 4014 871 4045 de
885 4012 996 4045 Guerre
1011 4024 1095 4046 corne
1109 4023 1145 4044 en
1158 4020 1250 4049 temps
1263 4010 1299 4042 de

670 120 1916 179 coNvENT1oNEs,L1TERAE,

58 216 133 249 Αῐὶη
151 216 192 248 D.
239 219 285 251 Ac
315 219 436 251 eundem
460 217 622 249 Robettum
649 219 678 248 in
696 217 834 256 'Expensis
858 217 986 255 legitimis
1011 214 1266 255 condempnasset,

59 265 169 323 m1390·
199 257 358 290 Taxatione
370 257 532 288 earumdem
547 256 641 286 eidem
650 255 871 287 Constabulario
886 253 1036 291 reservata,

90 307 110 324 c.
133 306 158 324 2-

1308 211 1396 250 Paix,
1417 211 1542 243 eussoms
1562 211 1706 250 Revoque
1730 211 1769 242 les
1783 212 1853 243 dites
1868 211 2047 252 Donations,
2067 217 2155 245 corne
2169 223 2204 246 en
2221 221 2281 245 noz
2296 220 2384 246 autres
2399 205 2476 238 Ahfl·
2491 206 2541 244 DJ*

2416 254 2428 274 1
2470 255 2497 276 0.

1868 289 2022 319 evocation
2036 274 2158 328 psuseurs
2173 291 2379 330 Altercations‚
2396 254 2495 314 Ri03-92-
2525 285 2541 294 '⁴

1308 250 1435 289 Lettres,
1455 252 1497 282 sur
1511 260 1545 281 ce
1560 252 1655 288 faites,
1674 249 1715 281 est
1727 251 1789 290 plus
1801 260 1816 280 a
1851 250 1906 280 lein
1922 259 2048 282 contenu

1343 289 1371 319 A
1393 289 1472 320 cause
1494 289 1543 320 des
1557 289 1651 327 queles
1665 288 1774 320 Lettres
1787 289 1820 320 &

1308 326 1442 365 Debatz,
1459 328 1492 359 &
1515 326 1724 366 Oblocutions,
1741 326 1827 358 soient
1850 326 1908 357 este
1930 335 2033 357 menez
2054 336 2132 359 entre
2155 329 2192 360 les
2212 329 2322 370 Subgiz
2342 331 2379 362 de

1306 365 1411 397 mesme
1428 367 1454 396 le
1469 365 1559 404 Paiis,

1341 403 1450 435 Ascuns
1473 404 1561 435 disans
1574 427 1584 443 ‚
1608 411 1767 435 autrement
1787 413 1843 442 que
1863 413 1878 433 a
1898 403 2005 442 point,
2028 401 2062 435 δε
2082 404 2138 435 mal
2159 407 2376 447 gratiosement‚

1304 452 1359 482 que
1378 452 1439 473 non
1462 443 1613 473 seulement
1631 442 1743 473 dessons
1758 443 1838 472 avoir
1853 440 1998 481 Revoque
2011 440 2049 472 les
2063 440 2225 475 Donations
2237 446 2374 485 suisdites,

1305 491 1365 511 mes
1377 481 1415 512 les
1430 480 1600 521 Privileges‚
1620 480 1823 519 Francheifies‚
1841 480 1873 511 &
1889 479 2038 518 LiberteS,
2055 491 2071 510 a
2084 480 2191 514 tnesme
2203 482 2241 513 les
2253 483 2325 516 Paiis
2339 485 2373 516 &

1304 519 1417 557 Subgiz
1474 530 1486 549 r
1502 519 1589 550 Nous
1605 521 1638 550 δε
1656 528 1714 549 noz
1728 518 1932 556 Progenitours
1947 518 2092 557 Ottroies,
2109 529 2195 550 come
2210 530 2258 558 par
2273 523 2298 554 le
2311 524 2374 554 Te-

1305 567 1375 588 neur
1392 558 1428 588 de
1439 558 1508 589 dites
1524 557 1634 588 Lettres
1652 557 1855 589 Revocatoires
1876 558 1983 596 aparoit
2000 557 2038 588 du
2059 566 2122 588 tout
2141 557 2168 588 le
2186 562 2342 602 contraire,

1341 596 1380 627 Et
1395 606 1501 635 unques
1523 606 1560 627 ne
1575 596 1605 626 fu
1614 617 1624 633 ,
1642 605 1680 626 ne
1692 595 1749 634 est,
1765 595 1861 626 nostre
1875 595 2009 634 volunte,
2023 595 2059 626 de
2072 596 2138 627 faire
2151 595 2237 627 ascun
2252 600 2373 637 prejudi-

1305 644 1340 665 ce
1357 644 1385 665 as
1406 635 1466 665 ditz
1480 634 1651 674 Privileges,
1671 633 1864 672 Franchefies,
1881 634 1914 664 &
1929 634 2078 673 Libertes,
2096 644 2205 673 ancoys
2220 636 2310 667 iceulx
2324 637 2375 669 fai-

1306 683 1334 703 re
1349 680 1351 682 ’
1369 674 1448 704 arder
1463 674 1497 704 &
1511 675 1598 711 tenir,
1617 672 1654 716 de
1668 672 1753 703 Point
1767 682 1803 703 en
1819 671 1925 710 Point‚
2244 670 2245 673 ’

1372 722 1439 743 ome
1457 721 1523 750 puer
1544 720 1668 754 apparoir

1304 759 1410 789 autres,
1426 760 1474 790 par
1488 761 1559 781 nous
1573 752 1615 780 lur
1630 759 1665 780 ce

1344 788 1396 819 Ne
1419 799 1454 819 ne
1476 788 1558 820 estoit
1580 787 1676 819 nostre
1698 795 1812 819 emente
1832 786 1867 817 de
1890 785 2070 825 Revoquer,
2095 786 2152 818 fors
2171 798 2226 828 que
2248 790 2306 822 cela
2327 791 2377 830 qui

1305 826 1389 859 estoit
1403 827 1500 858 donne
1515 827 1552 858 du
1568 835 1672 866 propre
1688 827 1860 858 Patrimoine
1872 824 1911 856 du
1927 824 2050 864 Duche,
2072 836 2087 856 a
2108 835 2232 864 artenant
2244 831 2375 860 anciene-

1303 875 1385 935 gneg
1403 876 1418 911 a
1435 866 1544 910 Nous,
1563 867 1596 897 &
1617 875 1633 896 a
1656 875 1715 897 noz
1735 864 1935 904 Progenitours
1951 863 2025 895 Rois
2039 835 2236 904 d‘l-:fi'igleterre
2251 867 2285 898 ὃς
2300 867 2372 899 Dux

1323 914 1338 935 e
1388 915 1478 935 ulaine
2255 920 2258 922 ·
2308 907 2310 909 '

1341 943 1393 974 Ne
1411 926 1533 981 unqo’res
1546 952 1618 982 que,
1642 951 1714 980 pour
1734 941 1812 972 icelle
1826 940 2027 980 Revocation,
2045 940 2121 972 eusse
2133 941 2191 973 este
2205 941 2262 973 dess
2302 953 2318 975 e
2331 954 2372 976 ou

1303 981 1366 1012 oste
1387 992 1402 1011 a
1417 983 1508 1012 iceulx
1523 983 1571 1020 qui
1585 981 1695 1013 toutdiz
1711 989 1762 1010 ont
1775 980 1844 1010 servi
1859 980 1924 1010 bien
1940 980 1973 1010 &
1994 980 2136 1011 loialment
2157 980 2255 1012 nostre
2327 993 2375 1014 ro-

1304 1029 1342 1050 ne
1375 1030 1434 1050 noz
1447 1020 1667 1059 Progenitours,
1685 1020 1736 1057 qui
1752 1018 1848 1049 Dieux
1863 1017 1985 1056 affoille,
2004 1019 2037 1049 &
2051 1019 2157 1057 Nous,

1341 1043 1378 1089 fit
1395 1059 1441 1089 tiel
1457 1060 1562 1089 mesme
1574 1058 1657 1089 estoit
1677 1058 1694 1087 il
1709 1057 1880 1088 l’entencion
1894 1057 1930 1087 de
1946 1056 2040 1087 nostre
2057 1056 2098 1088 dit
2114 1056 2230 1097 Uncle,
2248 1069 2264 1090 a
2279 1069 2314 1091 ce
2328 1059 2375 1099 q’il

1305 1107 1376 1128 nous
1390 1108 1405 1127 a
1419 1098 1538 1128 souvent
1551 1098 1592 1128 dit
1607 1097 1640 1129 &
1655 1095 1796 1135 monstre,

1344 1135 1536 1177 Nientmayns
1550 1145 1620 1166 nous
1629 1158 1639 1174 ,

1343 1174 1468 1205 Voulans
1489 1186 1505 1206 a
1526 1185 1597 1205 vous
1620 1173 1797 1211 complaifir,
1813 1173 1846 1204 δε
1861 1183 1876 1204 3
1891 1172 2000 1211 iceulx,
2016 1183 2031 1203 a
2046 1174 2095 1211 qui
2111 1181 2164 1204 ont
2178 1172 2236 1205 este
2250 1174 2319 1206 faitz
2333 1175 2373 1206 les

1304 1212 1365 1244 ditz
1374 1213 1476 1252 Dons,
1493 1224 1507 1243 a
1523 1213 1604 1244 cause
1616 1214 1651 1244 de
1667 1211 1758 1243 vestre
1771 1212 1875 1243 &leur
1891 1212 1950 1242 bon
1967 1220 2123 1280 ρυὲρουη,
2143 1212 2176 1243 ὅ(
2191 1213 2297 1252 grande
2311 1213 2373 1244 Lo-

1305 1251 1384 1290 ialte,
1401 1253 1447 1292 qui
1469 1260 1615 1283 avetztout
1630 1251 1679 1282 diz
1692 1250 1798 1281 mustre
1812 1261 1873 1281 vers
1889 1250 1986 1281 nostre
2030 1260 2140 1288 orone,
2159 1259 2217 1281 noz
2233 1250 2373 1292 Progeni-

1305 1298 1383 1321 tours
1404 1292 1452 1329 qui
1474 1291 1569 1323 Dieux
1591 1290 1714 1329 assbille,
1729 1291 1762 1321 &
1785 1299 1856 1320 nous
1881 1289 2020 1328 esperoms
2035 1299 2091 1328 que
2106 1288 2177 1320 feres
2191 1288 2282 1320 d’ores
2296 1300 2332 1320 en
2344 1300 2373 1320 a·

1305 1338 1395 1367 vam,

1345 1368 1401 1398 Les
1421 1367 1490 1398 dites
1512 1367 1620 1398 Lettres
1634 1367 1670 1398 de
1685 1366 1869 1398 Revocation
1885 1365 1931 1397 des
1947 1365 2110 1397 Donations
2120 1389 2129 1405 ,
2145 1366 2182 1397 de
2193 1366 2271 1398 l’avis
2286 1366 2320 1398 &
2333 1368 2373 1398 as-

1306 1405 1364 1437 sent
1377 1406 1412 1436 de
1425 1406 1520 1437 nostre
1533 1406 1667 1446 Conseil,
1683 1416 1771 1436 avons
1785 1404 1889 1443 Casse,
1910 1404 2049 1444 Revoke‚
2067 1405 2101 1436 &
2116 1404 2237 1443 Anulle,
2254 1405 2307 1444 &,
2324 1416 2373 1444 par

1308 1445 1334 1475 le
1352 1445 1470 1475 Teneur
1485 1445 1520 1476 de
1537 1445 1652 1484 icestes,
1670 1444 1818 1483 Caffoms,
1837 1443 2047 1482 Revoquoms,
2066 1444 2100 1474 &
2113 1443 2264 1474 Anulloms
2278 1444 2316 1474 les
2329 1445 2374 1475 di-

1308 1492 1348 1513 tes
1368 1482 1476 1514 Lettres
1494 1484 1530 1515 de
1551 1483 1736 1514 Revocation
1756 1482 1805 1513 des
1819 1481 2004 1519 Donacions‚
2021 1492 2057 1512 en
2073 1490 2156 1512 toutz
2171 1483 2204 1513 ὃς
2219 1482 2323 1522 [angles
2337 1484 2375 1514 les

1308 1520 1421 1552 Clauses
1443 1523 1476 1554 &
1500 1523 1621 1554 Articles
1640 1531 1676 1552 en
1697 1521 1789 1552 icelles
1810 1529 1971 1558 contenuz,
1990 1521 2024 1551 ὃς
2039 1529 2188 1551 tournoms
2200 1530 2215 1551 a
2231 1521 2339 1560 iceulz,
2357 1532 2373 1553 3

1310 1561 1358 1599 qui
1379 1568 1450 1597 pour
1470 1570 1540 1592 nous
1563 1571 1602 1591 ou
1621 1569 1680 1590 noz
1698 1558 1898 1599 Progenitours
1918 1568 1970 1589 ont
1992 1559 2049 1589 este
2067 1559 2135 1589 faitz
2158 1558 2318 1592 Donations
2338 1561 2372 1592 &

1309 1598 1432 1629 chascun
1448 1598 1484 1629 de
1503 1599 1574 1636 l'or,
1588 1608 1628 1628 ou
1649 1606 1763 1636 premer
1785 1599 1818 1629 &
1831 1598 1886 1628 deu
1899 1596 1983 1634 estat,
1997 1607 2031 1627 au
2046 1597 2109 1636 quel
2123 1596 2240 1628 estoient
2253 1607 2335 1629 avant
2349 1599 2376 1631 la

1311 1636 1489 1707 (slorgcession
1512 1638 1545 1668 ὅ(
1567 1636 1686 1668 faisance
1708 1636 1755 1667 des
1774 1636 1883 1667 Lettres
1901 1635 1938 1666 de
1956 1634 2138 1667 Revocation
2151 1636 2198 1667 des
2214 1635 2376 1668 Donations

1328 1677 1372 1707 uis
1387 1677 1435 1707 ites

1351 1699 1604 1746 Sauve'toutesfois
1626 1723 1699 1752 que,
1717 1722 1766 1751 par
1785 1711 1844 1742 cest
1864 1711 1971 1752 present
1978 1711 2180 1751 Revocation,
2197 1713 2256 1744 no'n
2278 1722 2377 1744 enten-

1316 1753 1388 1784 dons
1408 1763 1423 1784 a
1443 1752 1620 1791 prejudiquer
1641 1762 1675 1782 ne
1695 1751 1837 1787 deroguer
1858 1760 1873 1780 a
1893 1750 1918 1780 le
1941 1749 2112 1790 Donation,
2129 1761 2176 1791 par
2194 1762 2265 1782 nous
2281 1752 2345 1783 faite
2361 1763 2377 1784 a

1317 1792 1411 1823 nostre
1432 1793 1473 1822 dit
1498 1791 1614 1829 Uncle,
1631 1790 1669 1821 du
1692 1790 1732 1821 dit
1751 1789 1875 1827 Duche,
1894 1799 1931 1819 ne
1945 1799 1972 1819 as
1988 1788 2096 1819 Lettres
2109 1789 2154 1819 sur
2167 1799 2201 1821 ce
2214 1800 2261 1830 par
2275 1801 2346 1821 nous
2360 1802 2377 1822 a

1316 1831 1334 1861 li
1352 1831 1498 1868 Ottroim3
1519 1839 1622 1869 ancoys
1636 1829 1768 1859 vouloms
1780 1827 1881 1867 qu'eles
1894 1828 1968 1858 aient
1983 1827 2038 1858 leur
2055 1828 2174 1858 sermete
2187 1828 2219 1859 &
2234 1829 2326 1859 valeur
2339 1840 2378 1860 en

1317 1869 1438 1901 chascun
1462 1868 1548 1899 Point
1570 1869 1604 1901 &
1625 1867 1747 1905 Article,
1766 1876 1801 1897 en
1829 1865 1919 1896 icelles
1941 1874 2103 1905 contenuz,
2122 1867 2156 1898 &
2178 1867 2270 1898 selonc
2291 1867 2317 1898 le
2337 1868 2380 1898 es-

1319 1909 1394 1948 feet,
1413 1916 1525 1946 teneur,
1543 1908 1576 1938 δ(
1590 1916 1725 1947 porpourt
1739 1905 1866 1936 d'icellec.

1357 1947 1402 1978 En
1417 1947 1628 1983 tesmoignance
1644 1945 1679 1975 de
1694 1945 1774 1983 quele
1788 1943 1873 1974 chose
1886 1952 1902 1973 a
1914 1952 1961 1974 ces
1974 1950 2032 1973 noz
2048 1942 2153 1974 Letttes
2168 1942 2296 1975 Patentes
2310 1954 2381 1975 nous

1319 1996 1407 2017 avons
1420 1986 1466 2016 fait
1479 1993 1578 2016 mettre
1593 1983 1688 2014 nostre
1704 1983 1804 2014 Grand
1821 1981 1890 2013 Seal.

1356 2024 1465 2094 Dgnne
1488 2034 1524 2055 en
1549 2023 1645 2055 nostre
1667 2021 1761 2052 Palais
1781 2022 1814 2051 de
1836 2018 1945 2061 Westm.
1962 2019 1988 2050 le
2001 2019 2163 2051 Trenn'sme
2174 2020 2247 2060 Jour
2262 2021 2297 2052 de
2311 2020 2382 2052 No-

1318 2073 1385 2095 vem
1409 2073 1446 2094 re.

1678 711 1805 781 (garrgiegs
1811 710 1918 787 {mnes
1933 709 1969 741 de
1982 709 2008 740 la
2022 709 2174 743 Donation
2187 711 2316 753 suisdite‚
2335 715 2370 746 &

1319 2201 1370 2233 De
1395 2196 1592 2246 affignandis,
1617 2202 1649 2230 in
1675 2197 1771 2242 Cauſsa
1788 2201 1864 2229 inter
1880 2196 2055 2241 Eptfivpum
2074 2195 2317 2240 Norwicenfim,
2342 2199 2379 2233 &-

1677 2248 1822 2278 Baranam
1851 2243 1887 2277 de
1907 2244 2024 2277 Hilton.

1390 2333 1507 2372 Ichard,
1525 2333 1584 2364 &e
1602 2332 1648 2363 Au
1666 2330 1776 2362 Chanc.
1796 2330 1885 2362 Saluz.

1438 2372 1536 2404 Corne
1557 2383 1593 2403 en
1614 2381 1669 2402 une
1687 2370 1772 2407 Plee,
1792 2369 1924 2409 n'adgairs
1937 2367 2061 2407 pendant
2076 2378 2111 2399 en
2124 2366 2219 2399 nostre
2233 2365 2328 2398 Court
2343 2366 2379 2398 de

1320 2410 1483 2450 Chivalrie,
1500 2411 1545 2441 sur
1557 2421 1612 2441 une
1628 2409 1715 2440 Cause
1729 2408 1849 2447 d'Appel
1865 2407 2034 2446 pretendue,
2052 2417 2087 2438 en
2101 2406 2196 2437 nostre
2211 2406 2252 2438 dit
2266 2405 2379 2445 Court,

1320 2460 1461 2489 parentre,
1477 2449 1639 2481 l'Onerable
1660 2447 1741 2478 Piere
1760 2457 1795 2477 en
1819 2447 1910 2484 Dieu,
1931 2448 2009 2475 Henr
2045 2444 2170 2486 Evesqne
2191 2445 2223 2475 de
2237 2446 2378 2483 Norwiz,
2398 2467 2417 2491 R

1321 2490 1405 2520 d’une
1426 2498 1502 2529 part,
1521 2490 1553 2520 &
1570 2487 1697 2518 William
1712 2489 1807 2515 Baron
1820 2486 1852 2515 de
1866 2484 1982 2522 Hilton,
2019 2485 2102 2516 'autre
2117 2493 2195 2525 part,
2213 2483 2251 2513 les
2265 2483 2381 2514 Lieute-
2400 2484 2438 2528 132:
2457 2486 2515 2530 Aa·

1323 2536 1408 2558 nantz
1427 2528 1462 2558 de
1482 2527 1577 2558 nostre
1598 2527 1638 2556 dit
1655 2524 1748 2555 Court
1762 2523 1868 2555 eussent
1883 2523 1978 2554 donez
1993 2533 2048 2554 une
2062 2524 2202 2554 Sentence
2218 2520 2380 2553 Diffi'nitive

1323 2577 1396 2605 pour
1409 2566 1431 2597 la
1448 2567 1532 2604 partie
1545 2565 1583 2596 du
1596 2564 1636 2595 dit
1651 2563 1792 2601 Evesque‚
1811 2563 1844 2594 &
1861 2570 1996 2592 encontre
2009 2561 2150 2592 l’avantdit
2162 2559 2309 2599 william,

1363 2605 1411 2650 De
1432 2606 1455 2635 la
1472 2605 1553 2645 quele
1574 2602 1713 2634 Sentence
1735 2601 1753 2632 il
1766 2600 1847 2631 estoit
1860 2600 1932 2630 alors
1943 2599 2065 2638 appellez
2079 2609 2095 2630 3
2110 2598 2198 2629 Nous
2212 2598 2245 2630 &
2258 2608 2275 2628 a
2287 2597 2383 2629 nostre

1326 2644 1490 2713 Affioegsteit’
1501 2682 1529 2720 ja
1550 2680 1586 2710 de
1607 2678 1727 2717 Novel,
1743 2677 1779 2708 Li
1800 2676 1946 2707 Reverent
1960 2675 2033 2706 Pete
2044 2685 2080 2706 en
2094 2673 2188 2713 Dieu,
2209 2675 2323 2705 Wauter
2339 2676 2381 2704 E-

1326 2721 1422 2762 vesque
1436 2722 1476 2790 ἔξ
1492 2723 1621 2788 »¹325ss
1630 2720 1758 2788 ’0322

1324 2765 1461 2830 igacrga’use
1482 2771 1603 2836 d'Alpel,
1620 2806 1635 2826 a
1656 2794 1799 2826 l’instance
1820 2793 1852 2824 &
1873 2800 2076 2836 procurement
2093 2791 2132 2822 du
2173 2791 2191 2821 it
2213 2789 2321 2828 Baton,
2339 2790 2387 2821 fait

1327 2837 1442 2868 diverses
1464 2835 1629 2867 Grevances
1651 2845 1685 2865 au
1700 2833 1739 2864 dit
1751 2831 1878 2870 Evesque
1891 2830 1927 2861 de
1942 2829 1976 2860 N
1979 2839 2089 2869 orwiz,
2106 2835 2262 2860 encountre
2275 2828 2337 2868 Ley
2351 2829 2386 2860 &

1329 2876 1432 2915 Droit,
1449 2886 1464 2905 a
1481 2884 1513 2905 ce
1527 2885 1581 2913 que
1595 2883 1666 2904 nous
1677 2873 1765 2903 sumes
1779 2870 1942 2906 enformez,
1959 2907 1964 2912 ι

1367 2914 1419 2945 Par
1438 2922 1491 2945 ont
1513 2913 1618 2944 mesme
1637 2910 1733 2942 l'Eves
1746 2920 1780 2940 ue
1803 2908 1837 2939 de
1857 2907 1984 2938 Norwiz
2005 2906 2038 2937 ad
2059 2905 2192 2937 duement
2205 2905 2239 2936 δε
2255 2904 2348 2935 selonc
2361 2903 2387 2935 la

1329 2950 1434 2983 Forme
1443 2952 1509 2982 dela
1518 2953 1577 2990 Lcy
1586 2951 1731 2991 appelleza
1776 2957 1827 2978 ous
1840 2947 1873 2977 &
1887 2955 1901 2975 a
1909 2943 2004 2975 nostre
2013 2944 2170 2981 Audience,
2178 2954 2192 2974 a
2206 2952 2240 2973 ce
2247 2942 2315 2986 q'eflg
2326 2941 2365 2972 dit
2376 2963 2387 2980 ,

1368 2991 1513 3030 Suppliant
1536 3002 1550 3021 a
1566 2999 1636 3020 nous
1649 2989 1804 3027 d'accepte:
1819 2985 1844 3015 le
1856 2985 1897 3015 dit
1913 2982 2022 3021 Appel,
2039 2983 2072 3013 &
2085 2981 2230 3020 d’affigner
2244 2991 2260 3010 a
2274 2981 2311 3011 lui
2320 3002 2330 3018 ,
2348 2989 2385 3010 en

1331 3038 1365 3059 ce
1388 3029 1460 3067 Cas,
1479 3039 1526 3068 par
1547 3028 1642 3058 nostre
1663 3023 1877 3060 Commiffion,
1891 3021 1996 3052 desouz
2015 3020 2108 3050 nostre
2121 3019 2216 3050 Grant
2229 3017 2309 3056 Seal,
2325 3028 2387 3048 cer-

1332 3069 1401 3099 teins
1415 3068 1497 3104 luges
1511 3067 1633 3105 d'Appel
1646 3075 1719 3104 pour
1731 3064 1769 3094 lui
1785 3063 1851 3092 faire
1862 3061 1937 3090 droit
1952 3059 1985 3090 &
2000 3057 2097 3089 Reson
2111 3067 2146 3088 en
2163 3056 2267 3088 mesme
2280 3057 2304 3088 la
2312 3056 2390 3088 Cau-

1332 3106 1359 3137 se
1374 3101 1509 3147 d'Appel,
1528 3105 1620 3135 selonc
1634 3113 1668 3133 ce
1701 3112 1735 3132 ue
1750 3101 1810 3140 Ley
1823 3097 1980 3135 demande‚
1996 3135 2000 3140 Ι
2358 3133 2363 3139 Π

1371 3144 1423 3175 Par
1436 3158 1445 3172 t
1457 3145 1504 3174 uoi
1518 3153 1590 3173 vous
1604 3141 1676 3171 Man
1697 3150 1748 3170 ons
1764 3148 1835 3177 que,
1850 3146 1921 3167 veue
1933 3135 1960 3166 le
1973 3135 2015 3165 dit
2029 3133 2139 3173 Appel,
2155 3133 2173 3164 fi
2187 3143 2277 3164 aucun
2292 3143 2310 3172 y
2326 3133 2389 3172 s01t,

1332 3183 1412 3213 fiicez
1463 3182 1582 3218 rdener,
1605 3178 1768 3209 Constituer
1783 3200 1791 3215 ,
1813 3177 1845 3206 ὅ(
1864 3173 2002 3211 Establir‚
2028 3173 2112 3210 depar
2136 3172 2240 3210 Nous,
2266 3181 2314 3209 par
2332 3181 2392 3202 noz

1333 3221 1459 3258 Lettres,
1473 3218 1576 3250 desouz
1598 3217 1691 3248 nostre
1715 3216 1807 3246 Grant
1825 3214 1901 3251 8331,
1915 3212 2001 3252 juges
2023 3222 2059 3242 en
2079 3212 2105 3242 la
2118 3210 2186 3241 ditte
2197 3210 2286 3241 Cause
2299 3209 2390 3254 d'Ap-

1331 3259 1395 3297 pel,
1412 3259 1486 3289 tieux
1498 3266 1585 3288 come
1598 3266 1668 3286 vous
1680 3255 1812 3286 semblera
1827 3252 1862 3283 de
1877 3253 1986 3286 mieux,
2003 3250 2096 3280 selonc
2111 3258 2192 3281 votre
2205 3249 2275 3288 Sage
2286 3248 2389 3279 diserc-

1327 3298 1404 3335 tion,
1421 3306 1472 3335 pur
1494 3295 1632 3326 Proceder
1652 3303 1732 3325 outre
1753 3304 1790 3324 en
1811 3292 1834 3322 la
1856 3290 1945 3321 Cause
1957 3288 2088 3326 d’Appel.

1367 3335 1407 3366 Et
1422 3334 1546 3366 l'Article
1566 3334 1673 3366 d'icelle
1687 3332 1778 3371 Appel
1793 3330 1876 3367 finiz‚
1893 3329 1928 3360 de
1950 3327 2086 3367 procedet
2100 3332 2181 3356 outre
2201 3334 2234 3354 en
2258 3325 2283 3355 la
2303 3323 2393 3354 Cause

1330 3374 1500 3412 Principale,
1519 3373 1552 3404 &
1563 3373 1652 3413 ycelle
1662 3371 1797 3402 duement
1806 3368 2001 3404 Determiner,
2013 3365 2134 3404 ovesque
2149 3364 2187 3393 ses
2200 3362 2392 3407 Emergentsz„

1331 3413 1497 3451 Incidentz,
1520 3411 1727 3453 Dependentz‚
1749 3410 1783 3441 &
1804 3406 1972 3442 Connexoe‚
1989 3404 2023 3434 &
2044 3403 2079 3434 de
2099 3401 2253 3440 Executer,
2272 3401 2305 3432 δε
2324 3401 2392 3432 fan-e

1329 3451 1488 3489 Executer‚
1505 3452 1611 3481 mesme
1623 3450 1649 3480 la
1663 3448 1754 3480 Cause
1766 3447 1860 3478 selonc
1876 3444 1903 3474 le
1918 3442 1993 3487 Ley,
2252 3479 2257 3484 ι
2370 3477 2377 3482 ¹

1367 3490 1530 3528 Chargeant
1551 3490 1588 3520 les
1608 3489 1669 3519 ditz
1686 3487 1789 3525 Juges,
1807 3494 1854 3522 par
1868 3490 1927 3513 noz
1940 3481 2011 3527 dites
2026 3478 2156 3518 Lettres,
2174 3478 2210 3510 de
2222 3477 2289 3509 faire
2305 3476 2392 3507 Droit

1333 3531 1407 3599 engi
1419 3528 1580 3599 dite&Cause
1593 3526 1712 3566 d'Appel
1725 3536 1740 3556 a
1755 3525 1792 3554 les
1807 3522 1904 3564 parties
1916 3521 2042 3551 suisdites.

1403 3578 1451 3598 on.
1504 3577 1530 3598 c.

1466 3689 1753 3736 Confoederationum
1771 3689 1900 3721 Francia
1916 3687 1952 3722 ὦ*
1973 3685 2072 3716 Scotiae
2086 3679 2260 3714 Renovatio.

1339 3779 1641 3834 ROBERanar
1654 3775 1678 3804 la
1692 3773 1787 3804 Grace
1801 3772 1838 3803 de
1850 3770 1947 3808 Dieu,
1966 3767 2051 3798 Ror
2072 3765 2258 3796 n’EscocE.

1337 3894 1471 3933 Censen,

1340 3932 1457 3963 Maistre

1339 3971 1373 4002 &
1393 3969 1572 4010 Meffagieres
1591 3967 1644 4004 de,
1660 3975 1716 3996 tres
1736 3963 1880 3995 Excellant

1340 4009 1376 4042 de
1391 4008 1482 4047 Dieu,
1499 4010 1555 4046 Ray
1573 4005 1605 4038 dc
1620 4008 1741 4042 Fronte,
1756 4000 1854 4035 nostre
1863 3995 1998 4031 Trefime
2011 3992 2120 4025 Cousm
2133 3992 2165 4024 &
2182 3991 2263 4030 Alie,
2299 4005 2395 4060 :Feust

2401 2345 2477 2377 Ann.
2492 2347 2532 2380 D.

2420 2395 2503 2425 1390.

2397 2429 2449 2452 Aa.
2469 2436 2510 2460 ¹4·

2399 2548 2465 2577 togr.

2404 2582 2461 2607 ΡΜ.
2480 2582 2531 2608 Ca-

2404 2626 2468 2645 mer.

1779 2719 1879 2745 Counte
1898 2715 1930 2744 de
1951 2713 2155 2753 Northmnbre,
2182 2714 2201 2733 '¹²
2221 2713 2345 2743 Richard
2359 2712 2384 2742 le
2405 2710 2424 2729 *
2444 2710 2510 2738 VII·

1773 2753 1877 2791 Clerc,
1890 2753 1978 2791 Juges
1995 2752 2129 2793 Affignez
2141 2762 2155 2782 a
2177 2761 2265 2782 resen
2280 2751 2385 2782 mesme
2406 2748 2472 2784 689.

2410 3721 2486 3752 Ann.
2499 3720 2540 3751 D.

2204 3801 2209 3805 .
2428 3769 2512 3799 1390-

1454 3817 1581 3848 Savol
1592 3824 1616 3844 R
1637 3812 1706 3843 Far
1718 3819 1790 3842 soN
1801 3819 1813 3841 s
1829 3819 1844 3840 a
1862 3817 1932 3840 touz
1946 3807 2053 3845 presens
2070 3807 2104 3834 &
2115 3813 2131 3832 3
2145 3809 2242 3838 venir,
2256 3808 2326 3837 que,
2360 3820 2366 3829 .
2409 3803 2461 3826 An.
2480 3808 2521 3834 ¹4·

1376 3856 1422 3886 Au
1439 3854 1512 3894 jour
1528 3853 1564 3884 de
1587 3852 1611 3882 la
1632 3849 1810 3882 Confection
1829 3848 1864 3878 de
1887 3856 1933 3878 ces
1952 3844 2086 3883 presentes
2103 3840 2229 3876 Lettres,
2248 3847 2284 3868 en
2296 3837 2393 3868 nostre
2412 3842 2441 3865 R.
2474 3846 2500 3864 2.

1486 3901 1552 3923 tenu
1573 3900 1608 3921 en
1631 3888 1727 3920 nostre
1741 3886 1856 3918 Chastel
1869 3885 1905 3916 de
1918 3879 2108 3921 Edynburch,
2126 3887 2162 3907 en
2175 3876 2199 3906 la
2213 3875 2343 3914 presence
2357 3876 2393 3907 de
2413 3875 2480 3920 ¹⁷¹f'fi'

1479 3929 1614 3960 Galliame
1635 3927 1667 3957 de
1688 3930 1845 3962 cantiens,
1862 3924 1895 3954 &
1909 3921 2001 3950 odart
2015 3918 2047 3948 de
2058 3914 2176 3954 Brome,
2193 3913 2392 3945 Embasadeurs
2412 3911 2528 3941 Biblioth,

1901 3959 2020 3994 Prince,
2039 3953 2165 3991 charles,
2186 3962 2233 3991 par
2252 3954 2277 3984 13
2297 3952 2392 3983 Gracc
2412 3955 2499 4017 {⁰¹⁰2
2517 3995 2529 4024 ³

2434 3998 2462 4018 it.
2500 4008 2506 4014 .
2535 4005 2541 4012 -
