2561 4251
211 116 266 166 48

69 197 145 228 Ann.
161 198 202 229 D.
216 200 297 240 gliae,
314 199 349 231 ὃς
369 198 559 237 quascumque
578 196 641 227 alias
662 196 765 228 Causas
785 198 818 228 &
834 197 971 240 Qierelas
986 195 1151 239 praed-ieras,
1170 194 1277 225 ibidem

92 240 176 275 1376.
216 246 409 275 emergenteS,
429 235 582 266 secundum
606 235 717 275 Legem
736 237 769 267 &
791 235 1035 266 Conluetudinem
1055 233 1163 264 ibidem
1185 233 1280 263 haete-

67 276 134 304 Edv.
154 287 180 314 3.
215 287 268 308 nus
282 285 409 319 optentas
422 276 455 305 &
471 274 593 312 usitatas,
611 274 741 305 Placitari
755 273 972 312 Adiudicarique
987 273 1119 304 volumus
1136 273 1170 303 &
1191 271 1281 302 finali-

39 2395 55 2411 *
78 2397 143 2424 Vll.

43 2434 102 2463 113.

35 2859 111 2890 Ann.
125 2859 167 2891 D.

57 2901 142 2939 1376.

33 2942 87 2966 An.
106 2948 151 2973 50.

32 3016 120 3051 Clauf.

34 3062 82 3088 50.
100 3060 165 3090 E.3.

35 3101 70 3118 m.
90 3094 166 3120 18.d.

319 322 444 344 ΓΠΉΠΠΠΖ

215 316 413 384 [εΥΑἹὲεωεῐεω
427 351 526 380 omnia
540 351 574 381 ὅτ
594 350 697 389 singula
718 349 849 380 Faciendi
870 351 903 381 &
926 349 1119 388 Excercendi,
1139 359 1204 388 quae
1225 358 1279 388 pro

213 390 294 422 bono
309 387 460 428 Regimine
475 390 508 421 δε
521 388 667 419 salvatione
681 398 712 418 ac
730 387 906 419 Defensione
922 387 1006 419 Villae
1020 389 1164 427 praedicTtae
1179 397 1278 418 neces-

213 431 276 461 saria
293 429 395 459 fuerint
416 427 462 458 seu
484 437 641 466 oportuna,
659 429 690 458 &
714 436 799 465 prout
820 427 922 458 melitis
945 427 993 457 sibi
1017 425 1277 459 videbiturfacien-

213 469 298 499 dum·

247 491 474 542 Co'gnitionibus
495 503 530 534 de
552 503 752 542 Mercandifis,
780 503 1010 542 Mercatoribus,
1033 505 1066 536 δε
1086 504 1196 534 caeteris
1216 502 1275 533 aliis

211 545 363 582 omnibus,
383 552 445 582 qum·
457 543 490 574 ad
502 543 735 581 jurisdie'tionem
752 542 876 580 stapulae
889 542 1029 581 praedietae
1046 545 1073 573 in
1087 543 1185 572 eadem
1202 541 1272 572 Villa

209 584 349 621 pertinere
361 582 559 619 dinoscuntur,
576 592 640 618 quae
655 591 704 620 per
719 580 864 619 Majorem
877 583 909 613 &
924 581 1173 612 Communitatem
1189 579 1272 610 Mer-

204 630 338 652 catorurn
353 622 436 652 dici-te
451 620 565 657 stapulae
580 620 706 656 ibidem,

245 661 290 690 Ac
307 660 436 698 Qierelis
450 659 601 696 omnibus,
620 669 684 697 quse
699 660 768 688 inter
781 658 923 689 Soldarios
937 660 970 690 &
983 657 1125 690 Soldarios
1144 657 1269 696 ibidem,

206 708 271 737 quae
287 710 335 737 per
351 698 538 735 Capitaneum
555 697 637 727 Villae
655 696 798 736 praedictae
809 698 938 736 tantum,

245 737 375 767 Necnon
399 737 529 775 Querelis
546 737 682 766 omnibus
697 760 707 773 ,
730 745 795 773 quae
815 737 887 766 inter
907 735 1049 766 Soldarios
1067 736 1101 766 &
1122 735 1270 774 Burgenses

207 776 318 807 nostros
342 776 426 806 Villre
446 775 532 813 illius,
552 777 636 806 moris
656 775 701 804 vel
722 774 889 811 movendis,
913 784 977 812 quae
999 775 1058 804 tam
1080 784 1129 812 per
1152 774 1268 813 Capita-

205 825 293 860 neum
311 817 397 854 quum
412 813 556 853 Majorem
569 813 652 845 Villae
667 812 812 852 praedistae
826 813 935 844 Discuti
956 814 1088 845 volumus
1104 814 1136 844 δε
1150 812 1268 844 Termi-

201 864 280 892 nari,

242 893 400 924 Dumtaxat
415 892 545 931 exceptis.

242 933 288 963 Ac
301 933 427 970 insuper,

241 971 289 1002 Ut
305 972 401 1001 omnia
415 970 529 1009 Onera,
548 969 620 1001 infra
633 968 751 1000 eandem
766 968 871 1000 Villam
890 968 1073 1007 Accidentia,
1090 970 1149 1000 tam
1173 967 1265 1006 (vide-

201 1009 283 1044 licet)
300 1011 328 1040 in
342 1009 539 1040 sustentatione
555 1009 673 1047 Majoris
691 1010 725 1040 &
747 1008 1023 1046 Aldermannomm,
1042 1018 1074 1038 ac
1095 1016 1266 1038 caeterorum

200 1048 420 1080 Officiariorum
441 1047 660 1085 praedidiorum,
680 1048 765 1086 quam
786 1049 814 1077 in
837 1047 1025 1084 Reparatione
1040 1046 1217 1085 Pavimenti,
1234 1046 1267 1076 &

202 1087 418 1117 Communium
432 1087 586 1125 Fontium,
604 1087 637 1118 &
651 1085 838 1116 Gutterarum
853 1085 936 1115 Villae
950 1085 1094 1124 praedic‘tae
1107 1086 1183 1123 (quae
1204 1094 1265 1115 ma-

199 1126 278 1156 xima
293 1126 422 1159 indiaeent
436 1125 644 1163 Reparatione,
664 1133 694 1154 ut
709 1124 881 1162 accepimus)
904 1134 936 1154 ac
961 1123 1145 1154 Abdustione
1166 1123 1266 1153 Fimo-

199 1175 281 1201 rum,
298 1166 328 1195 ἕ(
346 1165 464 1194 aliorum
479 1164 610 1195 Sordium
649 1163 676 1192 in
689 1163 786 1193 eadem
801 1162 875 1193 Villa
890 1162 1086 1199 existentium,
1102 1162 1134 1193 ὃ(
1144 1162 1264 1193 aliorum

197 1203 358 1241 hujusmodi
373 1202 506 1233 Onerum
521 1202 590 1232 infra
605 1187 708 1232 Villam
723 1201 813 1238 illam,

235 1242 373 1281 Qrorum
387 1240 575 1279 Sustentario,
595 1240 760 1279 Reparntio,
778 1240 811 1271 &
827 1238 990 1271 Abstraffio
1008 1239 1043 1271 ad
1065 1239 1126 1270 Vos
1150 1241 1178 1270 in
1198 1249 1265 1270 om-

196 1281 278 1310 nibus
291 1280 445 1319 specialiter
458 1280 597 1318 pertinere
612 1279 768 1317 Volumus,

235 1319 354 1350 Facilius
369 1319 530 1357 supportare
543 1318 660 1348 Valeatis
669 1340 678 1356 ,

234 1357 436 1388 Conceilimus
451 1357 550 1395 vobis,
570 1358 598 1386 in
613 1356 756 1386 Auxilium
773 1356 1002 1395 praemissorum,
1023 1355 1139 1387 Assisam
1164 1356 1264 1396 Panis,

197 1396 284 1436 Vini,
307 1399 340 1428 &
364 1396 517 1434 Cerviliae,
541 1406 574 1426 ac
596 1395 761 1432 Stallagium
783 1395 989 1426 Pannariorum
1011 1398 1044 1427 &
1066 1395 1262 1433 Carnificum,

195 1436 315 1466 aliorum
339 1435 536 1466 Mercatorum
559 1434 666 1465 ibidem
686 1444 718 1463 ac
743 1433 908 1473 Pikagium,
927 1436 954 1464 in
982 1435 1068 1465 Loco
1081 1434 1262 1465 Mercatorio

193 1473 278 1505 Villa:
292 1474 454 1512 praedietae,
473 1483 587 1503 necnon
601 1473 699 1503 Exitus
712 1472 744 1503 &
759 1474 977 1503 amerciamenta
997 1483 1030 1503 ac
1054 1472 1186 1503 Proficua
1205 1483 1262 1502 cae-

195 1522 269 1552 tera,
288 1514 324 1544 de
339 1513 426 1543 Curi-a
443 1511 554 1550 nostra,
572 1522 670 1542 coram
683 1512 765 1541 dietis
777 1511 889 1549 Majore
903 1513 936 1542 &
954 1511 1151 1542 Aldermannis
1165 1521 1262 1542 tenen-

194 1551 247 1589 dii,
265 1553 438 1589 emergentia
448 1574 456 1587 ,
475 1553 502 1580 in
519 1551 647 1589 proprios
660 1550 736 1580 Usus
751 1549 858 1580 vestros
874 1550 1081 1581 convertenda:

230 1591 344 1621 Finibus
366 1601 418 1628 pro
442 1590 563 1627 Ictibus,
583 1588 731 1619 Effusione
752 1589 916 1627 Sanguinis,
936 1588 1071 1627 Escaetis,
1089 1599 1122 1619 ac
1146 1588 1261 1627 Terris,

192 1628 381 1659 Tenemenris
396 1652 405 1667 ,
430 1629 515 1659 Bonis
529 1653 537 1667 ‚
564 1629 597 1659 δε
621 1627 734 1658 Catallis
755 1627 889 1669 omnibus
903 1651 912 1666 ,
938 1628 1045 1658 ibidem
1068 1627 1234 1659 Confiscatis
1252 1651 1260 1666 ‚

195 1667 295 1699 Nobis
312 1669 343 1699 ἃ,
360 1668 525 1699 Hzeredibus
541 1666 641 1697 nostris
654 1668 761 1702 semper
777 1666 867 1696 talvis:

232 1706 398 1737 intentionis
419 1706 522 1736 nostrae
543 1715 636 1736 tamen
656 1705 746 1735 existit
768 1704 848 1742 quod
867 1704 992 1742 Treugae
1010 1729 1020 1744 ,
1043 1707 1115 1736 inrer
1138 1705 1207 1735 No<
1227 1706 1260 1736 &

194 1744 395 1776 Adversarium
416 1745 544 1775 nostrum
566 1744 709 1780 Franciae,
728 1752 761 1773 ac
781 1743 905 1781 Treugae
927 1745 998 1774 inter
1020 1744 1089 1774 Nos
1111 1745 1143 1776 ὃ(
1160 1744 1260 1774 Rober-

193 1791 252 1812 tum
266 1784 514 1823 Consanguineum
529 1782 659 1813 nostrum
675 1783 708 1812 de
722 1784 810 1812 Scotia
819 1804 828 1820 ,
847 1782 923 1812 init-e
937 1784 970 1814 ὃς
986 1781 1122 1820 firmatae,
1142 1784 1172 1813 in
1194 1793 1260 1813 om-

193 1823 274 1852 nibus
289 1823 377 1853 inaesae
394 1822 586 1852 observentur.

229 1861 263 1892 In
279 1862 373 1898 cuius,
393 1862 452 1892 &e
474 1861 610 1898 quamdiu
627 1860 709 1890 nobis
724 1859 856 1897 placuerit
871 1860 1021 1891 duraturas.

265 1900 355 1931 Teste
369 1899 450 1940 Rege
465 1899 538 1938 apud
553 1898 860 1937 Westmonasterium,
878 1901 953 1929 xxiii.
972 1900 1019 1930 die
1029 1899 1107 1938 julii.

771 1944 782 1954 .

250 1978 279 2008 T
300 1977 470 2009 Mandatum
491 1976 531 2008 est
552 1979 659 2014 Hugoni
681 1975 793 2012 Calvyle
815 1975 972 2014 Capiraneo
988 1976 1072 2007 Villae
1088 1977 1178 2017 Regis
1198 1976 1258 2007 Ca-

268 2018 340 2056 lesii,
360 2028 391 2048 ac
408 2016 555 2047 thllielmo
569 2017 600 2046 de
615 2020 647 2046 A
643 2027 767 2056 yremyne
783 2015 968 2046 Thesaurario
985 2015 1071 2085 Reffi
1083 2016 1188 2046 ibidem
1199 2039 1208 2054 ‚

228 2056 321 2092 Quod
339 2055 465 2094 praefatus
481 2056 649 2092 Capitaneus
664 2055 877 2085 Sacramentum
890 2054 1016 2092 praediffi
1072 2056 1168 2093 ajoris,
1187 2064 1256 2085 cum

191 2092 227 2123 fic
245 2093 358 2125 Eleous·
372 2095 471 2133 fuerit,
491 2095 608 2124 nomine
624 2093 727 2130 Regis,
747 2095 774 2123 in
791 2093 884 2123 forma
899 2092 1047 2132 praedieta,
1066 2094 1200 2132 recipiat,

228 2131 266 2162 Et
281 2134 409 2170 praefatus
422 2133 620 2163 Thesiurarius
635 2132 704 2169 ipsos
720 2132 889 2169 Burgenses,
908 2132 1019 2162 Probos
1042 2133 1204 2170 Homines,
1222 2132 1256 2163 &

188 2169 459 2208 Communitatem,
487 2172 603 2201 Allisam
626 2170 722 2207 Panis,
749 2171 838 2208 Vini,
864 2172 897 2202 δε
922 2170 1057 2202 Cervisiae
1071 2196 1081 2209 ,
1106 2181 1139 2202 ac
1160 2171 1256 2202 Stalla-

186 2210 283 2277 ξίιὲῐῃ,
300 2210 412 2247 Exitus,
433 2211 678 2248 Amerciamenta,
703 2211 735 2241 ὃ(
757 2208 886 2241 Proficua
906 2210 1040 2247 praedi<sta
1061 2211 1203 2248 percipere
1221 2210 1255 2240 &

208 2258 221 2277 a
242 2258 289 2278 ere
339 2258 443 2279 rmutat

223 2259 473 2325 Juxtapgrenorer’n
490 2287 647 2317 Literarum
662 2286 752 2322 Regis
767 2287 981 2324 praediCIarum:

225 2326 288 2363 Ac,
307 2326 431 2364 insuper,
449 2327 521 2366 ipsos
534 2325 676 2363 Majorem
697 2326 730 2356 ὃ(
746 2325 970 2364 Aldermannos,
988 2326 1022 2357 &
1037 2335 1138 2356 eorum
1153 2335 1254 2364 quem-

187 2363 256 2394 libet
272 2387 281 2402 ,
305 2364 342 2395 de
360 2365 472 2402 Vigiliis
491 2365 545 2395 Sex
566 2365 731 2395 Hominum
756 2363 941 2394 Armatorum
962 2366 995 2396 ὃ(
1019 2365 1252 2404 Sagittariorum,

188 2412 259 2439 quos
274 2403 395 2441 ibidem,
415 2414 467 2442 pro
483 2404 552 2434 salva
565 2402 704 2434 Custodia
719 2402 802 2433 Villae
822 2403 980 2441 praedidiae,
1000 2403 1111 2433 Virtute
1131 2404 1149 2422 ²*
1174 2402 1252 2433 Offi-

188 2442 300 2471 ciorum
314 2442 445 2480 suorum,
463 2442 607 2480 hucusque
629 2442 754 2471 invenire
774 2440 915 2477 solebant,
934 2450 1087 2472 exonerent
1107 2442 1253 2479 quousque

186 2479 260 2509 aliud
283 2490 296 2509 a
322 2481 403 2520 Rege
426 2482 491 2511 inde
507 2481 651 2511 habuerint
667 2481 694 2510 in
711 2480 872 2517 Mandatis;
890 2479 1011 2510 Proviso
1024 2479 1103 2518 quod
1119 2480 1252 2519 Vigilias,

185 2527 241 2586 Srg
258 2517 447 2584 genem‘entis
466 2520 533 2558 suis,
551 2521 579 2550 in
601 2518 700 2550 eadem
723 2518 786 2550 villa
807 2517 928 2557 debitas,
954 2517 1070 2550 fideliter
1093 2518 1197 2550 faciant
1220 2528 1250 2550 ut

206 2566 220 2586 e
242 2565 257 2585 e
280 2566 338 2586 unt.

220 2594 310 2626 Teste
325 2603 354 2626 ut
369 2595 454 2634 stipiu-

666 2637 718 2664 Per
732 2637 892 2664 Petitionem
905 2638 933 2664 in
951 2634 1145 2666 Parliamento.

355 2778 404 2810 De
420 2773 636 2822 proclamando
654 2774 814 2820 Stapulam
833 2773 916 2820 apud
935 2775 1090 2818 Calefium.

277 2886 374 2938 Cum,
392 2899 427 2930 de
440 2899 543 2930 assensu
557 2899 758 2936 Praelatorum‚
778 2898 935 2930 Procerum
945 2922 954 2938 ,
967 2901 1001 2931 &
1015 2898 1200 2938 Magnarum,
1215 2910 1249 2931 36

185 2939 323 2977 aliorum,
341 2939 440 2969 Nobis
462 2940 490 2968 in
512 2938 703 2968 Parliamento
723 2937 840 2975 nostro,
863 2938 936 2976 apud
959 2937 1248 2969 &Vestmonasterium

185 2977 290 3008 ultimo
311 2986 410 3015 tento,
434 2976 634 3012 assistentium,
658 2975 882 3007 ordinaverimus
904 2976 984 3015 quud
1007 2977 1117 3014 Stapula
1137 2977 1249 3015 nostra,

185 3016 347 3053 Lanarum,
366 3015 542 3053 Coriorum,
564 3016 597 3046 δε
620 3014 738 3045 Pellium
761 3015 951 3054 Lanutarum,
976 3025 1090 3046 necnon
1114 3014 1247 3054 Plumbi,

185 3055 298 3092 Smnni,
320 3056 353 3086 &
376 3053 541 3083 Pannorum
563 3063 734 3084 vocatorum
755 3053 938 3092 NVorstedes,
963 3064 996 3084 ac
1020 3053 1116 3092 Casei,
1143 3053 1249 3093 Butiri,

185 3093 313 3130 Plumae,
329 3091 448 3129 Gaulae,
469 3091 580 3128 Mellis,
600 3092 749 3129 Felpariae,
765 3093 799 3123 &
813 3092 906 3131 Cepi,

222 3131 305 3162 Exrra
330 3130 466 3170 Regnum
488 3130 616 3169 Angliae,
640 3140 672 3159 ac
691 3130 795 3160 Terras
814 3131 921 3160 nostras
942 3130 1091 3161 Hiberniae
1113 3131 1146 3162 δε
1167 3130 1250 3160 Wal-

183 3171 247 3209 lioe,
265 3179 379 3200 necnon
395 3168 498 3199 Villam
514 3168 639 3199 nostram
654 3168 790 3199 Berewici
806 3169 886 3207 super
907 3169 1068 3208 Twedam,
1086 3168 1250 3200 educendo-

183 3219 248 3240 rum

222 3234 308 3285 Apud
334 3246 437 3277 Villam
459 3244 587 3276 nostram
608 3244 709 3276 Calesii
730 3245 842 3285 existat,
864 3247 896 3277 &
918 3256 977 3277 non
996 3246 1061 3276 alibi
1075 3246 1104 3275 in
1126 3246 1248 3284 partibus

183 3286 404 3322 Transmarinis,

224 3324 261 3354 Et
275 3324 354 3362 quod
369 3322 476 3354 erdem
494 3321 681 3353 Mcrcandise
696 3321 728 3351 ad
742 3321 847 3352 distam
872 3322 976 3353 Villam
998 3323 1116 3360 Calesii,
1135 3324 1168 3354 &
1187 3333 1248 3352 non

183 3363 262 3400 alibi,
281 3364 310 3392 in
334 3363 454 3400 partibus
476 3361 697 3397 Tranrmarinis,
716 3369 846 3400 exnunc,
871 3363 918 3391 sub
942 3362 1032 3392 Pcena
1056 3361 1249 3392 Forisfaerurae

186 3401 347 3431 earumdem
358 3424 367 3438 ,
385 3400 537 3437 aliqualiter
551 3399 748 3433 traducantur,

224 3439 314 3469 vobi<
327 3441 503 3476 pia-cipimus
524 3438 622 3476 quod,
641 3438 711 3467 infra
734 3437 865 3468 Ballivam
889 3438 1030 3477 vestram,
1049 3437 1163 3476 publice
1183 3447 1250 3474 pro-

187 3478 300 3508 clamari
323 3478 356 3508 ἃ
378 3487 410 3507 οἳ
432 3486 508 3515 parte
530 3476 623 3506 nostra
638 3476 753 3505 firmiter
766 3477 884 3506 inhiberi
900 3477 1021 3514 faciatis,
1039 3478 1077 3506 ne
1089 3476 1151 3513 quis
1166 3475 1248 3506 Mer-

184 3526 281 3555 cator,
299 3517 342 3546 seu
363 3516 447 3552 alius,
464 3515 664 3553 cujuscumque
687 3514 773 3544 status
792 3515 835 3544 seu
858 3516 1030 3545 conditionis
1043 3515 1140 3552 fuerit,
1158 3514 1247 3552 aliqua

190 3554 296 3593 Lanas,
312 3554 417 3592 Coria,
434 3554 479 3584 seu
497 3553 584 3583 Pelles
600 3554 718 3590 lanutas,
736 3561 782 3582 aut
796 3553 970 3592 Plumbuni,
989 3555 1143 3590 stannum,
1155 3552 1247 3582 XVor-

187 3593 297 3630 stedes,
323 3592 445 3622 Caseum
461 3616 471 3630 ,
497 3591 641 3629 Butirum,
665 3591 796 3628 Plunias,
818 3591 939 3629 Gaulas,
968 3592 1048 3629 Mel,
1075 3591 1248 3630 Felpariam,

187 3630 231 3660 seu
252 3632 384 3669 Cepum,
400 3639 474 3661 extra
495 3629 631 3666 Regnum
655 3631 688 3660 &
711 3629 815 3659 Terras
837 3630 943 3660 nostras
965 3630 1115 3669 praedieta,
1140 3629 1185 3659 seu
1206 3630 1248 3660 di-

187 3669 263 3698 clam
287 3669 390 3699 Villam
411 3669 535 3699 nostram
556 3668 690 3698 sserewici
713 3668 791 3705 super
814 3669 973 3707 Twedam,
993 3669 1026 3698 ad
1041 3669 1141 3706 aliquas
1160 3676 1248 3705 partes

184 3705 397 3737 Transmariuas
413 3730 422 3745 ,
457 3715 643 3744 praeterquam
664 3706 697 3735 ad
717 3705 822 3735 distam
846 3707 949 3737 Villam
975 3707 1100 3738 nostram
1123 3704 1221 3735 Calesii
1238 3729 1248 3744 ,

187 3743 263 3772 cliim
276 3745 318 3773 vel
334 3746 442 3783 pilam,
459 3745 509 3775 sub
525 3744 711 3774 Foris-factura
727 3744 876 3783 praedieta,
897 3746 1042 3784 quousque
1055 3743 1128 3774 aliud
1150 3743 1216 3774 inde
1232 3754 1247 3774 a

188 3782 271 3849 gobis
285 3782 432 3814 habueritis
447 3784 474 3813 in
491 3780 647 3819 Mindatis,
666 3781 789 3812 traducat
802 3782 846 3812 seu
870 3784 979 3814 traduci
1002 3784 1083 3814 faciat
1102 3782 1160 3813 ullo
1184 3792 1250 3813 mo-

211 3829 239 3849 o.

227 3856 314 3888 Teste
330 3857 410 3897 Rege
425 3858 497 3896 apud
511 3856 816 3896 Westmonasterium,
835 3860 909 3889 xxiv.
927 3859 974 3890 die
984 3859 1063 3899 Julii.

185 2861 298 2921 REX
331 2860 557 2892 Vicecomitibus
572 2860 734 2890 Londoniae
748 2860 881 2890 Salutem.

477 3936 529 3964 Per
543 3935 624 3974 :psum
636 3936 733 3973 Regem
749 3932 786 3970 &-
802 3934 944 3965 Concilium
958 3940 986 3966 in
999 3935 1192 3966 Parliamento.

648 105 1446 154 CONVENTIONES‚

1514 104 1899 160 LITERAE‚

1642 227 1804 261 Consimile
1818 229 1909 262 Breve
1924 230 2068 272 dirigitur,
2107 215 2110 218 ἢ

1355 304 1530 336 Vicecomiti
1548 303 1669 336 Essexiae

1353 342 1511 375 Edmundo
1527 344 1640 375 Comiti
1654 328 1863 384 dantebrigiae‚
1881 344 2100 376 Constabulario
2114 346 2207 380 Castri
2227 348 2385 389 Devoriae,

1316 382 1350 414 &
1367 381 1490 413 Custodi
1505 392 1530 421 ς.
1550 383 1709 421 Portuurn,
1727 384 1774 414 vel
1789 385 1846 421 ejus
1864 384 2105 423 Locumtenenti,
2210 403 2217 406 -

1351 421 1530 452 Vicecomiti
1543 421 1722 453 Norffolciae
1738 424 1772 455 &
1788 422 1948 454 Suffolciae.

1447 546 1494 577 De
1517 543 1787 591 Conftrvatoribus
1801 549 1995 593 Treugarum
2014 549 2046 578 in
2063 547 2249 592 Aquitania.

2400 195 2477 231 Ann.
2485 199 2527 233 D.

2420 242 2502 277 1376.

2397 277 2464 306 Ἐάν.
2484 288 2509 315 3.

1313 627 1394 690 LE
1408 628 1467 660 Roi
1480 640 1510 669 a,
1533 637 1594 660 noz
1606 639 1689 660 amez
1702 630 1859 677 & feauls,
1876 630 1991 662 Thomas
2006 632 2038 662 de
2050 631 2145 662 Felton
2165 631 2264 664 nostre
2282 633 2379 668 Senes-
2388 624 2465 657 Ann-
2478 626 2521 659 D·

1392 668 1455 699 chal
1467 669 1503 699 de
1519 668 1679 707 Guyenne,
1698 668 1825 698 thllam
1837 670 1868 698 de
1880 669 2010 700 Elmham
2032 670 2210 702 Governour
2229 671 2265 703 de
2284 674 2378 706 nostre
2407 666 2506 706 1376.-

1314 703 1383 735 Cite
1397 706 1432 737 de
1447 707 1560 747 Bayon,
1579 707 1727 738 Seneschal
1742 707 1789 738 des

1312 743 1390 774 Salut
1404 747 1437 776 &
1451 746 1607 777 Dilection.

1351 781 1449 815 Come
1462 785 1500 815 les
1514 785 1642 824 Treues,

1349 820 1434 854 Pieca

1308 862 1430 900 France,

1309 935 1328 967 d
1348 899 1521 969 Leanueles
1540 901 1675 933 devoient
1694 901 1780 932 failler
1798 900 1834 932 de
1855 900 1973 932 Premer
1983 900 2058 941 Jour
2072 901 2108 932 de
2121 902 2149 933 se
2162 902 2270 940 present
2284 904 2374 947 Moys

1330 947 1346 968 e
1380 949 1407 968 u1
1428 949 1455 970 et

1347 937 1434 1008 diem
1448 963 1506 1009 e³ste
1517 979 1550 1009 &
1565 979 1652 1009 soient
1666 977 1844 1017 Proroguees
1866 979 1899 1010 &
1917 977 2068 1018 Elongies,
2083 978 2183 1018 Jusqes
2201 990 2236 1011 au
2256 979 2374 1013 Premer

1304 1012 1378 1082 {pur
1397 1016 1435 1046 du
1458 1016 1546 1057 Moys
1565 1017 1691 1054 d’Auril,
1710 1016 1866 1054 prouchain
1889 1027 1904 1046 a
1920 1018 2018 1055 venir,
2037 1028 2102 1056 par,
2121 1018 2216 1049 nostre
2233 1019 2375 1053 treschere

1332 1054 1386 1092 ilz,
1401 1054 1501 1093 Johan
1512 1059 1567 1095 Roy
1580 1057 1612 1085 de
1626 1055 1738 1096 castelle
1754 1053 1792 1089 ὠ
1807 1055 1839 1084 de
1854 1057 1931 1085 Leon
1946 1054 2014 1087 Duc
2028 1056 2063 1086 de
2081 1056 2250 1095 Lancastre,
2267 1058 2294 1088 le
2311 1059 2374 1090 Re-

1307 1101 1407 1124 verent
1428 1093 1511 1124 Piere
1531 1105 1568 1125 en
1591 1094 1668 1125 Dieu
1690 1097 1780 1124 Simon
1800 1093 1951 1132 d’Erceve(
1965 1105 1996 1124 ue
2015 1095 2190 1126 Canterhierr
2210 1096 2317 1128 Primat
2335 1098 2373 1130 de

1307 1138 1373 1161 tout
1386 1131 1550 1171 Engleterre
1558 1158 1567 1170 ,
1575 1133 1608 1164 &
1625 1132 1721 1163 nostre
1734 1132 1819 1164 chere
1832 1132 1894 1176 Filz
1906 1105 2028 1172 Esffnond
2039 1137 2139 1164 Counte
2153 1135 2185 1164 de
2198 1136 2371 1176 Cantebrigg,

1307 1178 1380 1207 pour
1396 1181 1468 1201 nous
1482 1172 1515 1202 &
1531 1172 1611 1202 ceulx
1625 1172 1662 1202 de
1676 1171 1772 1202 nostre
1786 1180 1889 1209 partie,
1907 1172 1959 1210 ὅτ,
1977 1182 2024 1209 par
2041 1171 2079 1202 les
2095 1171 2236 1213 Messages
2249 1174 2285 1204 de
2303 1184 2371 1206 nos-

1309 1216 1351 1238 tre
1362 1208 1402 1240 dit
1417 1209 1597 1248 Adversaire,
1617 1221 1669 1249 pur
1686 1210 1741 1241 Lui
1755 1212 1789 1241 &
1803 1210 1885 1240 ceulx
1897 1209 1933 1240 de
1947 1211 1973 1241 sa
1988 1210 2081 1241 Partie

1345 1247 1464 1291 Sieome
1478 1259 1506 1279 es
1522 1249 1630 1280 Lettres
1643 1249 1679 1280 de
1694 1257 1752 1279 noz
1764 1248 1823 1279 dirz
1839 1248 1901 1279 Filz
1914 1250 1946 1280 δε
1969 1235 2164 1288 Ercevesque,
2182 1249 2214 1281 &
2235 1260 2270 1280 en
2289 1251 2372 1283 celles

1306 1285 1414 1317 desditz
1428 1287 1569 1318 Meffaoes
1584 1288 1619 1318 dc
1634 1287 1729 1319 nostre
1742 1288 1783 1318 dit
1796 1287 1957 1318 Adversaire
1972 1288 2014 1318 sur
2027 1297 2062 1318 ce
2074 1288 2166 1325 saites,
2179 1288 2275 1327 depuis
2289 1288 2373 1320 Con-

1305 1324 1425 1393 grmees
1439 1336 1485 1364 par
1501 1312 1587 1358 bl'ous
1602 1327 1634 1358 δί
1650 1336 1698 1366 par
1713 1326 1803 1366 ycclui
1816 1325 1911 1357 nostre
1926 1326 2105 1366 Adversaire,
2124 1328 2165 1358 est
2178 1327 2241 1366 plus
2260 1337 2276 1358 a
2297 1328 2373 1367 plain

1336 1373 1443 1395 ontenu

1342 1402 1432 1435 Nous
1442 1389 1460 1443 ,³

1343 1440 1480 1474 Confians
1494 1444 1530 1475 de
1545 1453 1604 1476 voz
1617 1445 1702 1482 Sens,
1724 1444 1913 1484 Loyaulteez,
1933 1445 1966 1476 δε
1982 1444 2147 1484 Diligentz,

1341 1479 1422 1513 Vous
1436 1482 1591 1514 Ordenons
1605 1485 1638 1515 &
1653 1483 1837 1515 Establiffons
1851 1495 1899 1523 par
1914 1494 1960 1514 ces
1976 1484 2134 1523 presentes,
2150 1484 2184 1515 ὃ(
2198 1483 2318 1516 chascun
2331 1484 2370 1518 de

1304 1518 1386 1550 Vous
1421 1520 1640 1554 Conservateurs
1653 1522 1702 1554 des
1716 1523 1787 1554 dites
1802 1524 1937 1561 Trieues‚

1307 1596 1311 1601 ⁵
1342 1557 1379 1590 Et
1393 1543 1474 1591 Vous
1490 1560 1635 1592 Mandons
1649 1562 1682 1593 &
1698 1561 1903 1593 Commettons
1937 1561 1970 1592 &
1985 1571 1999 1591 a
2013 1561 2136 1592 chescun
2159 1560 2196 1592 de
2209 1571 2295 1601 vous,
2313 1572 2369 1601 que

1304 1597 1397 1628 icelles
1421 1598 1531 1630 Treues
1552 1610 1622 1631 vous
1645 1600 1722 1631 faites
1744 1600 1835 1631 Tenir
1848 1601 1880 1631 &
1896 1585 2025 1639 darder,
2042 1600 2108 1631 sanz
2121 1599 2303 1641 Enfraindre,
2321 1612 2370 1640 par

1304 1644 1375 1678 tou}
1389 1646 1448 1668 noz
1463 1638 1570 1678 Subgiz
1583 1639 1616 1669 &
1630 1649 1720 1670 autres
1735 1638 1770 1669 de
1785 1639 1879 1669 nostre
1899 1638 2009 1677 Partie,

1341 1674 1379 1706 ht
1395 1686 1451 1713 que
1461 1676 1510 1707 des
1527 1677 1691 1715 Attemptaz
1703 1678 1736 1708 &
1750 1687 1840 1708 autres
1854 1677 1950 1708 choses
1966 1677 2023 1707 faiz
2043 1685 2144 1708 contre
2159 1677 2277 1717 ycelles‚
2295 1686 2369 1710 vous

1303 1714 1483 1750 cognoiffiez
1497 1717 1530 1748 &
1545 1717 1694 1754 enquirez,
1713 1717 1901 1747 somerernent
1916 1716 1949 1746 &
1965 1715 2001 1745 de
2014 1715 2104 1756 plain,
2116 1715 2183 1746 senz
2197 1716 2284 1757 Long
2297 1717 2368 1750 Pro—

1303 1754 1421 1796 ceS,-&
1444 1762 1507 1785 tout
1530 1764 1580 1794 ce,
1606 1756 1655 1793 qui
1677 1764 1725 1793 par
1748 1763 1806 1785 noz
1828 1754 1887 1785 ditz
1909 1754 2035 1792 Subgiz,
2054 1754 2087 1784 &
2107 1763 2195 1785 autres
2216 1754 2252 1787 de
2271 1755 2368 1788 nostre

1812 707 1943 739 Laundes
1965 708 2000 739 &
2022 707 2140 749 Sondyk
2161 709 2197 741 de
2219 710 2244 742 la
2263 709 2500 753 Tmne,An-50·

2386 746 2463 817 ῘΕῘΛῙΞ.
2470 791 2519 818 50.

1449 823 1530 862 priseo
1543 823 1740 855 &accordees
1755 832 1834 855 entre
1854 822 1943 855 Nous
1963 823 1997 856 &
2018 822 2133 855 Nostre
2152 826 2324 868 Adversbire
2345 824 2418 888 άεξ·
2434 829 2459 858 3-
2481 831 2518 849 m.

1304 1789 1412 1830 Partie,
1429 1802 1469 1823 ou
1483 1803 1575 1824 aucun
1588 1792 1697 1832 d’eulx,
1715 1803 1787 1823 vous
1799 1802 1817 1832 y
1833 1794 1851 1812 *⁵
1867 1801 2018 1823 trouverez
2032 1792 2105 1822 estre
2117 1792 2167 1823 fait
2189 1803 2228 1824 ou
2247 1802 2368 1834 attemp-
2381 1794 2401 1814 ¹*
2421 1795 2488 1823 vn.

1302 1837 1345 1867 te,
1369 1829 1518 1870 Reparez,
1543 1842 1583 1863 ou
1599 1832 1679 1863 facez
1698 1831 1824 1869 Reparer
1844 1832 1878 1863 &
1897 1831 2040 1870 Adrecer,
2055 1831 2121 1861 senz
2138 1830 2234 1870 delay,
2253 1834 2287 1864 &
2306 1833 2367 1865 Re-
2385 1843 2447 1870 ¹¹9·

1300 1876 1402 1899 mettre
1414 1879 1429 1899 a
1443 1869 1512 1901 estat
1527 1870 1600 1909 deu,
1617 1881 1654 1902 en
1668 1870 1877 1909 Contraignant
1893 1880 1908 1900 a
1921 1880 1955 1901 ce
1969 1878 2028 1900 noz
2050 1869 2099 1900 diz
2119 1869 2178 1900 Sub
2199 1872 2243 1908 iz,
2261 1872 2294 1902 &
2317 1882 2367 1903 au-·

1301 1914 1355 1936 tres
1368 1907 1405 1938 de
1419 1909 1512 1939 nostre
1526 1909 1634 1948 Partie,
1652 1910 1700 1948 qui
1717 1910 1736 1940 il
1750 1908 1948 1947 appartendra,
1964 1918 2012 1946 par
2025 1908 2099 1938 Prise
2112 1908 2148 1939 de
2192 1919 2258 1947 orps
2279 1910 2313 1941 &
2332 1911 2369 1942 de

1300 1944 1382 1976 Biens
1390 1969 1400 1985 ,
1421 1948 1455 1978 ὃς
1468 1958 1516 1986 par
1531 1957 1622 1980 toutes
1634 1957 1724 1979 autres
1739 1949 1817 1979 voies
1832 1947 1865 1978 &
1877 1948 2003 1978 remedes
2017 1947 2193 1978 covenables.

1337 1984 1375 2015 Et
1390 1995 1462 2016 nous
1473 1986 1606 2018 donnons
1619 1997 1654 2017 en
1669 1986 1861 2017 Mandement
1875 1996 1890 2016 a
1903 1994 1973 2017 touz
1985 1994 2042 2016 noz
2055 1985 2206 2024 Justicers,
2220 1985 2367 2027 Officiers,

1299 2023 1332 2053 &
1348 2023 1489 2064 Subgiez,
1508 2027 1604 2064 prions
1615 2027 1648 2057 &
1663 2027 1810 2064 requirens
1823 2025 1860 2054 les
1874 2034 1981 2060 autreS,
1999 2034 2079 2062 quea
2092 2034 2181 2063 vous,
2198 2025 2231 2056 &
2246 2035 2261 2055 a
2285 2026 2365 2057 chas-

1298 2071 1355 2092 cun
1370 2061 1406 2093 de
1420 2074 1508 2102 vous,
1527 2065 1561 2096 &
1575 2074 1590 2095 a
1604 2073 1663 2095 voz
1677 2064 1830 2102 Deputez,
1848 2074 1884 2093 en
1910 2073 1945 2094 ce
1963 2063 2075 2102 faisant,
2093 2063 2232 2094 obeissent
2255 2065 2289 2096 δε
2311 2075 2363 2095 en-

1299 2100 1416 2132 tendent
1430 2102 1632 2141 diligenment,
1649 2104 1683 2134 &
1699 2113 1769 2134 vous
1783 2102 1908 2141 prestent
1927 2103 1960 2132 &
1984 2102 2116 2139 baillent,
2135 2103 2168 2133 ὅτ.
2193 2112 2208 2132 3
2229 2112 2288 2133 voz
2307 2103 2366 2134 ditz

1298 2139 1436 2208 Pepustez
1448 2141 1514 2172 auffi
1523 2165 1532 2180 ,
1551 2141 1672 2180 Consel,
1688 2141 1832 2179 Conforr,
1847 2142 1881 2172 &
1896 2139 1987 2180 Aide,
2004 2140 2030 2171 se
2044 2140 2158 2171 mestier
2173 2151 2208 2171 en
2223 2151 2312 2181 avez,
2330 2144 2364 2173 &

1297 2188 1306 2207 1
1332 2189 1368 2208 en
1392 2189 1444 2210 ont
1457 2190 1557 2218 requis.

1337 2216 1417 2247 Don.
1434 2229 1481 2256 par
1503 2219 1731 2258 Tesmoignance
1751 2219 1788 2249 de
1808 2217 1903 2248 nostre
1923 2217 2017 2248 Grant
2030 2216 2108 2256 Seal,
2127 2217 2249 2248 anostre
2264 2218 2362 2258 Paleys

1297 2253 1332 2285 de
1347 2256 1390 2286 W
1393 2255 1590 2296 estmonstier,
1609 2258 1634 2287 le
1649 2259 1731 2288 xxviii
1759 2258 1829 2296 Jour
1846 2257 1882 2287 de
1898 2256 2011 2294 Juillet,
2029 2256 2094 2286 l'An
2115 2256 2151 2287 de
2172 2256 2268 2287 Grace
2292 2257 2362 2288 Mil-

1297 2293 1352 2330 les,
1373 2294 1564 2335 Troiscenrz,
1582 2296 1695 2327 Seixant
1713 2297 1812 2333 Seize,
1829 2295 1863 2326 δε
1884 2295 1920 2325 de
1939 2305 1997 2325 noz
2016 2295 2130 2334 Regnes
2150 2294 2360 2334 (c‘estassavoir)

1295 2332 1489 2373 d’Engleterre
1503 2335 1744 2376 Cynquantisrne,
1760 2336 1793 2366 δε
1806 2334 1843 2364 de
1857 2333 1878 2364 F
1881 2344 1962 2364 rance
1975 2333 2070 2364 Trent
2084 2333 2228 2372 Septisme.

1771 2414 1824 2442 Per
1839 2409 1921 2450 ipsicm
1935 2413 2030 2449 Regem
2043 2410 2081 2447 &
2095 2410 2247 2441 Concilium.

1438 2551 1531 2595 Super
1546 2547 1768 2582 Deliberatione
1789 2545 1886 2590 Castri
1904 2549 2007 2581 Sanffl
2025 2549 2206 2582 Salvatoris.

1296 2633 1377 2688 LE
1394 2633 1461 2663 R01
1477 2643 1510 2671 a,
1528 2632 1674 2665 Reverent
1687 2633 1767 2663 Piere
1778 2643 1813 2664 en
1835 2632 1928 2671 Dieu,

1840 2672 1912 2702 ohan
1927 2675 1984 2701 Stre
1998 2672 2030 2700 de
2058 2671 2190 2701 Cobeham

1367 2674 1400 2703 ὅ(
1413 2683 1443 2709 a,
1463 2681 1522 2702 noz
1536 2673 1632 2703 cheres
1645 2673 1679 2703 &
1694 2672 1794 2709 foialx,
1811 2671 1842 2710 J
2223 2674 2312 2702 Henri
2331 2672 2356 2703 le

1946 2633 1982 2671 J.
2001 2633 2128 2673 Evesque
2149 2633 2182 2663 de
2201 2632 2356 2674 Herefhrd,
2372 2636 2447 2667 Ann.
2457 2637 2499 2669 D.

2398 2678 2483 2717 1376.

1292 2712 1386 2749 Scrop,
1405 2710 1556 2750 Baneret‘z,
1574 2712 1607 2742 &
1623 2710 1744 2742 Meistre
1756 2710 1856 2750 Johan
1869 2710 1979 2750 Shepeye
1993 2709 2130 2741 Βοᾶὶουτ
2143 2720 2179 2742 en
2193 2694 2287 2751 Loys,
2306 2711 2357 2743 Sa-
2371 2719 2423 2743 An.
2436 2727 2484 2753 50.

1292 2747 1362 2778 lutz.

1328 2787 1448 2818 Sachiez
1455 2799 1509 2827 que
1518 2812 1527 2828 ,

2369 2759 2399 2781 E.
2417 2764 2443 2791 3.

2368 2796 2443 2822 Fran.
2455 2803 2501 2828 50.

1330 2825 1429 2858 Come
1451 2838 1523 2858 nous
1542 2827 1655 2858 eussons
1676 2826 1810 2867 n’adgairs
1833 2827 1986 2866 ordeinez,
2004 2826 2137 2896 establliss
2163 2827 2196 2858 &
2215 2826 2356 2865 deputez,
2370 2835 2396 2858 Ε.
2408 2841 2434 2868 3.
2447 2842 2483 2860 m.

1293 2875 1341 2904 par
1362 2875 1419 2895 noz
1439 2866 1550 2896 Lettres
1570 2865 1717 2904 Parentes,
1736 2874 1794 2896 noz
1815 2867 1910 2897 cheres
1926 2867 1959 2896 &
1974 2866 2078 2901 foialz,
2133 2865 2243 2896 onfieur

1292 2906 1324 2933 de
1349 2904 1494 2943 Herlaston
1514 2904 1643 2942 Capitain
1656 2905 1692 2935 de
1705 2904 1840 2943 Guynes,
1859 2904 1989 2934 William
2002 2905 2033 2934 a'e
2047 2907 2151 2943 Ermyn
2167 2903 2304 2933 Tresorer
2317 2902 2353 2934 de

1293 2943 1410 2982 Caleys,
1427 2946 1461 2974 «Sc
1481 2943 1581 2982 Johan
1600 2947 1695 2981 Organ
1716 2942 1876 2974 Marchand
1893 2943 1929 2973 de
1949 2942 2115 2980 Loundres,
2133 2950 2192 2972 noz
2212 2939 2355 2981 Meffages

1292 2982 1326 3013 ἃ
1343 2982 1515 3012 Procureurs
1528 2982 1676 3020 especialx,

1328 3019 1467 3050 Donantz
1483 3021 1514 3052 &
1528 3027 1737 3051 commertantz
1749 3029 1764 3049 a
1776 3028 1846 3056 eux,
1864 3029 1903 3049 ou
1917 3028 1932 3048 3
1946 3016 2034 3048 Deux
2045 3016 2081 3047 de
2094 3027 2164 3055 eux,
2182 3017 2257 3055 plein
2271 3018 2356 3050 Poair

1292 3061 1325 3091 &
1346 3058 1497 3090 Puissance
1515 3057 1551 3089 de
1570 3058 1670 3096 Trier,
1688 3056 1800 3095 Poiser,
1819 3058 1852 3089 &
1873 3056 2055 3093 Resceivoir,
2074 3066 2110 3086 en
2124 3066 2203 3087 noun
2216 3055 2252 3087 dc
2266 3067 2354 3095 nous,

1291 3108 1305 3127 a
1320 3097 1415 3128 nostre
1426 3107 1511 3135 oeps,
1529 3096 1565 3127 de
1580 3096 1604 3127 la
1619 3095 1710 3127 Partie
1722 3095 1833 3125 charles
1845 3095 2020 3134 Adversaire
2033 3094 2064 3124 de
2079 3097 2196 3133 France,
2214 3105 2253 3125 ou
2266 3095 2302 3126 de
2316 3096 2356 3126 ses

1292 3135 1420 3173 Deputes
1434 3146 1468 3165 en
1479 3134 1549 3165 celle
1565 3134 1673 3173 Partie,
1693 3133 1838 3172 Qarante
1853 3133 1950 3164 Milies
1960 3133 2060 3163 Francs
2074 3132 2164 3172 d'Or,
2179 3143 2273 3171 queux
2286 3144 2354 3165 nos—

1290 3183 1332 3204 tre
1345 3173 1385 3204 dit
1400 3173 1565 3204 Adversaire
1580 3173 1663 3204 estoit
1678 3179 1764 3203 tenuz
1778 3182 1792 3202 a
1806 3172 1895 3210 paier,
1912 3181 1960 3210 par
1976 3171 2046 3208 Lui,
2064 3182 2103 3202 ou
2119 3181 2167 3208 par
2181 3172 2220 3202 ses
2234 3171 2353 3212 Genrz,

1290 3212 1316 3243 le
1333 3213 1436 3249 primer
1446 3212 1513 3249 jour
1526 3211 1563 3241 de
1584 3211 1672 3252 Moys
1692 3209 1728 3240 de
1745 3210 1839 3250 Juyn,
1855 3211 1963 3241 darrein
1987 3209 2062 3248 passe
2083 3220 2098 3240 a
2118 3209 2238 3249 Bruges,
2255 3221 2307 3249 pur
2328 3211 2354 3242 la

1292 3251 1396 3281 Livere
1411 3251 1444 3281 δε
1459 3249 1610 3280 Susrendre
1623 3249 1660 3280 du
1677 3249 1748 3280 Fort
1762 3249 1798 3279 de
1811 3249 1890 3280 Seint
1906 3249 2029 3287 Savour,

1328 3288 1437 3319 Solone
1458 3287 1482 3318 la
1505 3288 1612 3319 Forme
1632 3289 1666 3319 ὃς
1687 3287 1776 3318 effect
1797 3287 1846 3318 des
1862 3288 1999 3326 Trieues,
2019 3286 2101 3325 prises
2115 3287 2149 3318 &
2163 3286 2257 3325 faites,
2272 3295 2352 3319 entre

1291 3327 1379 3358 Nous
1397 3328 1429 3359 &
1449 3326 1544 3357 nostre
1567 3327 1609 3357 dit
1632 3326 1796 3358 Adversaire
1810 3351 1820 3364 ,
1852 3336 1867 3357 a
1888 3327 1913 3356 la
1933 3326 2100 3357 Mediacion
2120 3324 2168 3355 des
2189 3324 2354 3357 Reverentz

1292 3366 1369 3396 Piers
1389 3377 1425 3397 en
1446 3365 1541 3402 Dieu,
1558 3367 1590 3395 P.
1608 3364 1780 3405 Arcevesque
1801 3366 1833 3395 de
1855 3368 2017 3402 Ravennes,
2034 3365 2068 3395 &
2090 3366 2124 3393 G.
2144 3363 2288 3402 adonques
2309 3367 2352 3394 Ε-

1290 3403 1388 3445 vesque
1410 3405 1442 3434 de
1463 3408 1642 3442 Carpentras,
1665 3414 1716 3435 ore
1736 3403 1909 3443 Arceveffque
1928 3403 1960 3432 de
1977 3405 2086 3440 Rouen,
2113 3401 2256 3438 Meffages
2276 3403 2352 3433 n’ad-

1291 3445 1360 3483 gairs
1374 3443 1497 3474 envoiez
1511 3443 1554 3473 sur
1568 3442 1593 3473 la
1606 3443 1655 3474 fait
1667 3443 1702 3473 de
1717 3440 1787 3472 Pees
1799 3451 1846 3479 par
1860 3441 1956 3472 nostre
1968 3440 2008 3470 dit
2019 3443 2096 3470 Seint
2109 3443 2186 3470 Piere
2201 3441 2225 3470 le
2238 3443 2328 3479 Pape,

1329 3482 1367 3513 Et
1387 3482 1423 3513 de
1444 3481 1562 3512 Liverer
1582 3492 1597 3512 a
1618 3491 1708 3519 ceux,
1727 3481 1774 3518 qui
1788 3481 1920 3510 ferroient
1934 3479 1959 3510 le
1974 3478 2014 3509 dit
2028 3478 2191 3518 Paiement,
2208 3488 2268 3510 noz
2282 3479 2352 3510 Let-

1291 3529 1346 3551 tres
1361 3520 1584 3558 d’Acquietance
1598 3519 1779 3550 soefficeantz
1792 3528 1828 3548 en
1843 3519 1913 3548 celle
1928 3517 2035 3556 Partie,

1329 3559 1365 3590 Et
1378 3559 1496 3596 auffint,
1514 3568 1550 3589 en
1563 3567 1609 3588 cas
1625 3568 1680 3595 que
1688 3556 1784 3587 nostre
1793 3556 1836 3587 dit
1850 3557 2012 3588 Adversaire
2028 3565 2064 3586 ne
2078 3556 2180 3594 paioit,
2192 3566 2231 3586 ou
2244 3565 2281 3585 ne
2293 3554 2349 3585 fer-

1291 3599 1346 3628 roit
1362 3599 1436 3635 paier
1453 3620 1463 3635 ‚
1481 3607 1496 3626 a
1510 3604 1569 3627 noz
1583 3595 1642 3626 ditz
1659 3595 1818 3634 Meffages,
1834 3606 1872 3625 ou
1894 3606 1909 3626 a
1930 3595 2016 3625 Deux
2036 3594 2073 3625 de
2092 3603 2163 3632 eux,
2177 3603 2212 3624 au
2235 3594 2295 3623 ‘our
2314 3593 2348 3623 &

1292 3636 1365 3666 Lieu
1383 3645 1469 3666 come
1490 3634 1531 3665 dir
1549 3634 1606 3670 est,
1624 3634 1661 3664 les
1680 3634 1742 3664 ditz
1762 3633 1921 3672 Qiarrante
1942 3632 2038 3663 Milles
2062 3632 2182 3669 Francs,
2197 3641 2221 3660 va
2240 3641 2350 3668 onques

1291 3684 1348 3712 que
1363 3683 1422 3704 noz
1442 3674 1502 3703 ditz
1525 3672 1685 3710 Messages,
1700 3682 1739 3703 ou
1761 3671 1848 3702 Deux
1870 3672 1906 3702 de
1926 3679 1996 3709 eux,
2012 3671 2122 3701 eussent
2140 3669 2225 3699 Poair
2236 3668 2353 3707 especial

1291 3723 1306 3743 a
1322 3711 1490 3743 Demander
1501 3712 1535 3743 &
1551 3711 1720 3749 Rescevoir,
1737 3719 1790 3749 pur
1804 3720 1892 3747 nous,
1908 3710 1934 3739 le
1948 3709 1988 3739 dit
2003 3709 2073 3739 Fort
2086 3708 2122 3738 de
2135 3706 2352 3751 Seint-Savour,

1292 3752 1324 3782 &
1347 3752 1371 3781 la
1393 3749 1568 3780 Restitution
1587 3750 1712 3786 d'icelle,
1729 3750 1765 3780 de
1786 3749 1823 3778 les
1834 3748 1895 3778 ditz
1909 3747 2050 3785 Meffages
2063 3745 2159 3776 nostre
2174 3744 2251 3788 Saint
2262 3746 2353 3786 Piere,

1293 3800 1332 3857 (Ru
1346 3790 1382 3820 de
1396 3798 1468 3820 ceux
1481 3789 1531 3827 qui
1545 3788 1688 3819 tiendront
1702 3788 1728 3818 le
1741 3787 1781 3817 dit
1804 3786 1872 3817 Fort
1892 3795 1929 3817 en
1949 3795 2028 3815 noun
2047 3784 2083 3814 de
2100 3782 2196 3813 nostre
2215 3783 2255 3814 dit
2274 3784 2354 3816 Saint

1321 3838 1376 3858 iere

1331 3850 1440 3896 Sosonc
1463 3874 1498 3895 ce
1520 3863 1609 3902 qu’est
1627 3864 1799 3904 pleinement
1821 3863 1948 3900 compris
1961 3870 1996 3891 en
2012 3860 2051 3890 les
2061 3858 2181 3890 Trieues
2194 3861 2355 3899 avantditz,

1294 3905 1327 3935 δε
1343 3914 1378 3933 en
1393 3904 1431 3933 les
1442 3902 1636 3941 Obligations,
1654 3913 1702 3940 par
1716 3903 1753 3932 les
1772 3903 1832 3932 ditz
1848 3899 1990 3938 Meffages
2002 3896 2097 3927 nostre
2110 3897 2187 3928 Saint
2209 3897 2290 3929 Piere
2310 3899 2354 3930 sur

1295 3942 1571 4009 celgffzflndenmoe
1590 3977 1772 4009 soefficeantz
1791 3984 1870 4006 entre
1887 3973 1976 4004 Nous
2000 3972 2067 4018 ditz'
2088 3974 2281 4014 Procureurs,
2313 3985 2354 4006 ou

1295 4016 1381 4049 Deux
1400 4017 1437 4048 de
1459 4026 1530 4054 eurr,
1547 4017 1580 4047 &
1600 4017 1639 4048 les
1660 4016 1721 4049 ditz
1743 4014 1889 4051 Messages
1909 4010 2006 4043 nostre
2025 4012 2101 4044 Saint
2116 4013 2212 4052 Piere,
2229 4023 2268 4045 ou
2283 4021 2361 4059 ceux·

2311 4060 2362 4089 qui

2255 2864 2356 2903 Johan
2373 2879 2382 2896 ι
2391 2880 2400 2897 ι
2407 2890 2415 2898 .
