2561 4251
21 219 96 253 Arm.
115 219 156 250 D.

45 260 126 304 r382.

25 303 74 328 Ru.
94 307 121 324 2.

14 1425 89 1456 Arm.
107 1424 148 1455 D.

41 1465 126 1502 1382.

15 1507 67 1531 Aa.
83 1506 110 1528 6.

38 1562 42 1567 .
64 1551 88 1568 2.

12 1580 117 1607 Ibidem.

14 1627 48 1647 m.
67 1627 111 1646 21.

21 2415 98 2446 Ann.
108 2415 148 2447 D.

38 2456 124 2494 1382.

17 2497 69 2522 An.
86 2497 113 2521 6.

17 2536 46 2560 R.
67 2542 91 2559 2.

23 2575 64 2597 Ex
77 2572 150 2608 Orig-

17 2608 87 2646 Infra

19 2647 78 2675 Pell.

21 2883 40 2901 *
61 2886 128 2913 VII.

21 2921 84 2958 368.

762 129 884 173 ET
964 131 1231 174 ACTA

316 311 365 342 De
384 305 536 339 conduma
549 318 604 354 pro
621 306 834 353 Commiffizriis
850 305 1086 352 flandrefflum.

22 384 118 450 {⁸26⁰
173 393 308 452 REX,
326 394 386 424 ὕες.
405 392 538 423 Salutem.

20 465 108 487 Fratre.
125 461 152 487 6.

22 503 50 525 R.
62 508 86 524 ι.
96 507 131 525 m.

268 433 363 464 Sciatis
377 432 456 468 quoti
467 456 475 467 ,

205 472 286 502 Cum
302 471 446 500 Duodecim.
459 469 540 498 Probi
554 472 682 499 Homines

203 510 276 540 Tres
296 508 450 546 (videlicet)
472 509 508 538 de
527 508 648 545 qualibet
668 490 696 536 X?
698 506 808 536 illarum
829 507 862 536 de
882 505 1030 545 Gandauo,
1049 507 1170 543 Bruges,
1186 502 1224 539 ὠ·

168 552 256 587 Ipres,
271 558 304 578 ac
321 551 384 577 Tres
401 546 481 576 Probi
492 548 620 575 Homines
635 546 666 574 de
681 547 742 574 Frie
756 546 784 574 in
802 544 946 583 Flandria,
1102 582 1111 586 η

203 587 249 618 Ex
263 597 339 624 parre
354 584 576 617 Communitatis
587 583 741 620 Flandriae,
760 582 794 613 ad
808 582 1004 614 Tractandum
1023 582 1171 613 nobiscum
1193 583 1227 613 &

169 636 240 656 cum
255 625 393 657 Concilio
408 623 506 654 nostro
518 621 597 658 super
618 623 700 651 certis
722 621 872 661 Negotiis,
891 621 960 652 Nos
979 621 1149 659 Bonumque
1170 619 1227 650 Pu-

166 664 277 695 blicutn
292 664 388 702 Regni
403 660 491 693 nostri
504 659 616 728 Angliae
629 661 662 690 ὃς
677 659 927 691 Communitatem
942 659 1108 698 praedietam
1123 660 1226 688 mutuo

166 703 421 737 concernentibuS,
440 708 525 737 penes
574 698 726 728 raesentiam
747 697 889 738 nostram,
906 700 936 729 in
958 698 1072 728 dictum
1089 696 1227 736 Regnum

166 741 315 778 nostrum,
331 739 385 769 sint
401 739 429 768 in
446 738 580 775 proximo
593 737 754 775 adventuri,

199 779 327 848 Eleffiscem
349 814 567 853 Expeditionem
590 814 788 853 Negotiorum
809 814 1012 851 praedi-{torum
1034 812 1227 856 multipliciter

162 855 323 887 affectantes
339 877 349 891 ,
386 852 566 891 volentesque
590 853 682 883 dictos
703 851 871 882 Duodecim
893 850 1004 881 Probos
1026 850 1170 881 Homines
1191 852 1227 881 ab

166 893 405 931 Adversitatibus,
432 892 582 929 Periculis,
607 892 641 923 &
663 889 821 928 Molestiis,
846 891 875 919 in
896 898 1032 928 quantum
1054 890 1228 928 poterimus,

165 932 349 971 praeservare,
367 932 401 962 &
417 940 470 968 pro
484 939 585 960 eorum
595 929 695 958 securo
712 927 864 967 Adventu,
886 927 975 959 Mora
990 927 1124 966 pacifica,
1148 929 1226 966 pros-

167 970 295 1009 peroque
306 970 455 1006 Tranfitu,
474 968 586 997 summo
600 966 735 996 desiderio
750 967 915 1004 providere,

204 1009 381 1048 Suscepimus
396 1007 468 1044 ipsos
481 1006 626 1036 Duodecim
641 1005 739 1034 Probos
754 1008 898 1043 Homines,
915 1004 976 1040 &c.
994 1011 1026 1034 ut
1047 1008 1078 1035 in
1094 1004 1227 1046 fimilibus

166 1048 198 1078 de
213 1048 349 1078 Conduc‘lu
363 1047 477 1075 Literz's.

202 1086 236 1116 In
249 1087 345 1124 cujus,
363 1085 423 1116 ὅδε.
442 1092 491 1121 per
506 1082 671 1116 Dimidium
687 1082 805 1114 Annum
817 1083 968 1114 duraturas.

203 1123 293 1155 Teste
308 1122 390 1162 Rege
405 1121 478 1160 apud
494 1120 751 1162 westmonasterium
760 1145 770 1161 ,
788 1121 907 1160 septimo
922 1120 967 1151 die
980 1120 1127 1152 octobris.

650 1200 701 1228 Per
714 1197 795 1237 ipst'mz
808 1201 903 1236 Regem
917 1197 954 1234 ό»
969 1198 1123 1229 Concilium.

168 1271 202 1284 ⁴.-

234 1329 284 1361 De
304 1329 442 1361 Licentia
461 1323 665 1371 videficandi
680 1327 712 1357 in
732 1323 832 1368 Castro
849 1328 886 1364 ὠ·
909 1325 998 1360 Villa
1015 1323 1051 1358 de
1068 1322 1159 1367 Brcst.

170 1413 289 1469 REX
305 1412 467 1451 Omnibus,
481 1410 516 1443 ad
530 1421 617 1450 quos,
638 1412 698 1442 ὅτε.
717 1410 849 1441 Salutem.

265 1452 362 1483 Sciatis
388 1452 486 1489 quod,
512 1449 548 1480 de
572 1449 672 1480 Gratia
691 1449 786 1479 nostra
807 1449 932 1487 speciali,
948 1447 1156 1486 conceffirnus,
1176 1459 1227 1487 pro

164 1489 285 1528 Nobis,
301 1491 334 1521 ἃ
356 1489 524 1520 l-laeredibus
544 1488 662 1526 nostris,
683 1496 820 1525 quantum
844 1488 875 1516 in
896 1487 978 1517 nobis
1001 1487 1060 1523 est,
1080 1487 1228 1526 Soldariis,

165 1528 412 1561 commorantibus
433 1529 463 1557 in
482 1526 586 1557 Castro
605 1527 639 1557 ὃ(
660 1526 732 1556 Villa
751 1526 787 1556 de
801 1525 896 1563 Brest,
913 1526 946 1556 &
961 1527 1096 1556 omnibus
1109 1526 1166 1556 aliis
1180 1527 1228 1556 Fi-

165 1567 274 1598 delibus
287 1566 404 1603 nostris,
423 1567 483 1596 tam
499 1565 536 1594 de
550 1565 659 1606 Regno
674 1564 773 1594 nostro
790 1563 917 1603 Angliae,
935 1565 1022 1602 quam
1034 1565 1070 1595 de
1082 1564 1228 1596 Dominio

163 1605 264 1638 nostro
277 1605 439 1643 Aquitaniae
447 1627 457 1642 ,
474 1603 552 1641 quod
566 1604 616 1640 iph
630 1604 659 1632 in
673 1602 794 1640 Placeis,

203 1645 264 1675 Sibi
278 1643 383 1677 ibidem
398 1652 463 1681 per,
479 1641 616 1671 dilectum
631 1642 664 1671 ὅ(
678 1640 790 1672 fidelem
807 1640 1057 1681 consanguineum
1081 1641 1229 1682 nostrum,

162 1683 294 1714 Thomam
307 1682 339 1711 de
352 1684 433 1721 Percy
443 1705 452 1718 ,
471 1679 633 1711 Custodem
648 1678 740 1710 Castri
751 1681 784 1710 ὃς
798 1679 880 1710 Villae
892 1680 1110 1719 praedictorum,
1127 1681 1228 1713 secun-

163 1722 234 1755 dum
248 1721 306 1760 ejus
320 1719 549 1757 Discretionem,
567 1718 750 1756 assignandis,

202 1759 360 1791 AEdificare
374 1760 406 1790 &
422 1757 596 1795 inhabitare,

203 1798 241 1829 Et
252 1797 361 1829 easdem
378 1797 503 1834 Placeas,
522 1797 560 1826 eis
576 1797 615 1827 sic
634 1795 822 1834 affignandas,
843 1796 899 1827 una
920 1805 989 1826 cum
1012 1796 1154 1829 AEdificiis
1178 1809 1227 1837 per

163 1837 239 1875 ipsos
260 1838 289 1867 in
313 1836 414 1867 eisdem
433 1835 584 1873 faciendis,
602 1835 637 1865 de
658 1835 772 1873 Nobis,
791 1844 844 1874 pro
867 1834 1007 1865 Termino
1023 1837 1097 1867 Vitae
1107 1847 1227 1876 eorum,

164 1876 284 1907 Tenere
302 1874 424 1913 possint,
444 1873 606 1904 Reddendo
623 1873 721 1904 Nobis
732 1874 855 1911 aliquem
869 1883 978 1904 certum
1001 1873 1157 1905 Redditum
1177 1886 1227 1914 per

163 1914 305 1946 Annum:
342 1922 426 1951 prout
448 1913 520 1943 inter
538 1911 649 1942 dietum
672 1911 924 1951 Consanguineum
947 1912 1077 1944 nostrum
1100 1915 1134 1945 ὅ(
1155 1915 1227 1952 ipsos

164 1954 283 2022 &quibus
297 1952 383 1983 dietae
398 1951 506 1982 Placeae
519 1950 736 1990 assignabuntur)
759 1952 864 1989 poterit
886 1952 1082 1983 rationabiliter
1103 1962 1228 1984 concor-

186 2001 233 2022 ari.

202 2028 236 2059 In
254 2029 348 2067 cujus,
367 2029 427 2060 &c.

241 2067 310 2100 Dat.
327 2068 401 2107 apud
416 2065 690 2109 westmonasterium,
707 2067 882 2099 duodecimo
895 2067 941 2099 die
953 2067 1102 2100 Octobris.

671 2146 725 2175 Per
739 2148 832 2176 Breve
843 2147 875 2177 de
888 2148 1009 2177 Privato
1023 2144 1121 2185 Sigillo.

237 2276 295 2307 Pro
313 2271 526 2318 Commiffizriis
542 2271 766 2355 Flangrezfum
781 2273 817 2307 de
833 2271 1045 2318 potestatibus,
1072 2277 1108 2313 (ᾧ
1125 2273 1162 2308 de

640 2333 672 2354 re
707 2332 784 2356 ntra.

167 2408 227 2470 A
245 2407 439 2478 Ἰέῑιέἶιὲξίιξξ,
455 2408 505 2476 ἓξ
518 2417 566 2452 ees.
578 2407 714 2476 presesstes
728 2408 839 2440 Lettres
852 2416 967 2454 verront
979 2419 1018 2439 ou
1031 2417 1148 2457 orront,

167 2485 253 2514 Gand
426 2470 435 2484 ,
503 2455 618 2485 pitains,
679 2456 784 2486 oyens,
799 2449 833 2479 ὃς
854 2447 969 2478 Conseil
990 2448 1026 2478 de
1045 2448 1075 2477 la
1098 2448 1173 2480 Vzlle
1196 2449 1228 2479 de

205 2509 341 2561 Rewars,
357 2522 490 2561 Conseil,
508 2523 540 2554 &
555 2523 581 2554 le
595 2523 694 2554 Grand
709 2523 825 2555 Conseil
839 2524 876 2554 de
891 2525 916 2555 la
928 2524 1003 2555 Ville
1016 2525 1053 2556 de
1067 2525 1190 2566 Bruges,

203 2562 339 2600 Rewars,
357 2561 473 2594 Advoes
486 2561 658 2600 Eschevins,
672 2563 706 2594 ὃς
719 2562 834 2594 Conseil
852 2562 922 2594 dela
938 2563 1011 2595 Ville
1023 2564 1129 2603 d'Ypre
1137 2588 1146 2604 ‚

204 2600 306 2670 §dilectit
319 2647 383 2670 tous
395 2649 468 2679 que,

204 2677 283 2709 Pour
295 2687 330 2708 ce
345 2688 400 2717 que
415 2678 562 2716 Maistres,
583 2677 756 2708 Williaumer
769 2680 801 2709 de
818 2678 1036 2717 Coudenberghe,
1055 2680 1229 2710 Williaumes

168 2716 199 2745 de
211 2715 235 2745 le
248 2718 342 2755 Piste,
360 2715 437 2757 1³⁰³st
451 2717 483 2746 de
498 2716 522 2746 le
536 2718 650 2754 Voorde,
668 2717 765 2755 Jehan
782 2719 813 2747 de
836 2720 915 2748 mes
926 2741 936 2756 ,
955 2719 989 2749 &
1011 2718 1116 2748 Michel
1136 2723 1227 2759 Bone,

167 2755 231 2784 sont
245 2754 372 2794 Deputet
386 2756 419 2785 δε
432 2754 610 2786 Committet
623 2755 660 2785 de
674 2755 703 2784 la
719 2756 792 2786 Ville
804 2756 836 2785 de
849 2758 960 2796 Gande,

205 2795 277 2831 Loys
297 2792 321 2822 le
338 2795 400 2830 Vos,
419 2792 465 2832 Ja
483 2803 567 2822 aemes
587 2793 612 2823 le
633 2793 783 2832 scutelare,
801 2793 950 2834 Jaquemes
970 2795 995 2825 le
1013 2799 1164 2835 Bruwere,
1189 2798 1222 2829 &

169 2831 330 2861 PVilltmmes
346 2804 536 2871 Mattenslme,
554 2831 590 2862 de
604 2831 633 2861 la
649 2831 721 2862 Villa
736 2834 767 2862 de
782 2835 882 2871 Bruges

170 2907 183 2938 l
207 2869 434 2938 {gilssfy-Tam'
452 2870 601 2910 Jaquemes
613 2872 740 2910 Moeram,
755 2873 789 2902 &
804 2858 920 2911 Lainstn
933 2872 966 2902 de
981 2872 1176 2913 Borthgrave‚
1191 2875 1228 2906 de

180 2918 198 2937 a
240 2919 249 2936 1
271 2919 284 2936 e
316 2916 322 2921 ¹
339 2916 389 2945 pre

206 2945 244 2977 Et
257 2955 321 2978 tout
336 2933 648 2985 Corinmunaulement,
667 2947 724 2978 l'un
739 2957 828 2978 avoec
841 2947 953 2987 l’autre,
964 2958 1037 2986 pour
1050 2950 1084 2980 &
1096 2961 1131 2981 en
1140 2951 1227 2983 Nom

167 2985 215 3016 des
228 2985 315 3016 Trois
329 2984 416 3016 Villes
427 2986 463 3017 de
477 2985 624 3025 Flandres,
643 2985 746 3025 Gand,
764 2986 886 3026 Bruges,
905 2988 939 3018 δε
952 2987 1034 3027 Ipre,
1053 2990 1086 3020 &
1107 3001 1180 3028 pour
1202 2991 1227 3022 la

166 3024 285 3054 Comun
301 3023 371 3062 Pays
387 3024 424 3055 de
436 3025 583 3062 Flandres,

202 3062 281 3092 Pout
295 3063 395 3094 Traire
412 3062 484 3094 Vers
490 3088 499 3101 ,
506 3063 716 3095 Tresexcellent
724 3086 733 3102 ,
740 3063 931 3102 Trespuissant
939 3088 948 3103 ,
956 3064 1098 3097 Tressiaut
1107 3090 1116 3105 ,
1122 3067 1225 3098 Tresa—

166 3110 230 3138 me,
249 3102 283 3132 ὃς
298 3101 473 3133 Tresredout
487 3102 534 3132 Sei
556 3112 625 3139 nur,
640 3101 737 3132 nostre
751 3102 903 3142 Seigneur,
918 3103 940 3133 le
963 3107 1018 3143 Ray
1035 3105 1225 3143 d’Engleterre

166 3137 205 3173 ό·
220 3139 252 3168 de
267 3142 386 3176 France,
404 3140 455 3170 son
470 3140 547 3171 Nob
558 3151 574 3172 e
588 3139 703 3171 Conseil
722 3142 755 3172 ὃς
772 3140 925 3173 Commun
941 3142 1027 3181 Paiis,

206 3176 242 3206 Et
262 3177 324 3207 sont
343 3178 560 3214 especiaulment
578 3187 658 3209 creut
676 3188 725 3216 par
744 3189 782 3209 un
797 3181 931 3211 certaines
946 3181 1071 3220 Charges
1084 3183 1116 3214 &
1130 3183 1226 3215 Besoi-

165 3225 251 3252 gnes,
271 3226 325 3253 que
339 3216 396 3246 euls
409 3216 445 3246 de
459 3226 493 3246 ce
508 3216 549 3246 est
561 3217 656 3254 donn,
671 3218 707 3247 de
720 3224 783 3248 tout
797 3229 832 3248 ce
851 3230 907 3257 que
924 3220 997 3258 euls,
1015 3231 1054 3252 ou
1071 3221 1171 3252 Noms
1190 3225 1223 3254 ὅτ

164 3264 203 3284 ou
225 3254 319 3294 profyt
340 3254 388 3284 des
408 3253 478 3284 dites
496 3254 583 3285 Trois
595 3254 683 3285 Villes
694 3256 728 3286 δε
744 3255 864 3287 Comun
880 3257 966 3297 Pays,
987 3259 1084 3296 plairra
1095 3270 1109 3290 a
1126 3271 1224 3292 mons-

164 3300 220 3322 trer
234 3294 267 3324 &
284 3301 386 3324 mettre
398 3301 500 3330 avant,
517 3292 568 3322 soit
579 3292 617 3322 de
631 3293 759 3331 bouche,
776 3304 815 3324 ou
830 3305 879 3332 par
896 3296 1019 3336 Lettres,

202 3331 231 3361 Si
248 3330 288 3361 est
304 3331 322 3360 il
336 3341 391 3369 que
406 3341 478 3360 nous
499 3331 611 3369 prioris,
630 3332 796 3370 requirens,
814 3334 848 3364 &
865 3333 1060 3373 diligiaument
1083 3336 1226 3375 supplions

166 3376 230 3399 tous
244 3369 342 3408 ceulz,
357 3369 460 3399 devant
473 3370 522 3406 qui
538 3369 557 3399 il
572 3377 675 3406 pueent
694 3371 773 3399 avoir
794 3381 810 3400 a
828 3371 910 3409 faire,
931 3383 986 3410 que
1006 3375 1026 3403 il
1048 3376 1165 3406 voillent
1185 3377 1224 3407 les

167 3407 238 3437 dites
251 3407 394 3445 Deputees
409 3408 443 3437 ὃς
455 3407 647 3438 Committees
659 3407 762 3438 Croire
782 3408 819 3438 de
839 3417 901 3439 tout
920 3421 971 3449 ce,
989 3422 1044 3449 que
1067 3423 1102 3442 en
1123 3413 1223 3453 Profyt

163 3446 212 3475 des
230 3445 297 3475 dites
310 3445 396 3476 Trois
409 3444 495 3476 Villes
511 3447 544 3477 ὅτ,
558 3446 681 3477 Comun
695 3446 768 3478 Paiis
781 3446 817 3477 de
832 3447 961 3479 Flandres
976 3450 1169 3483 monstreront
1189 3454 1224 3483 &

163 3493 302 3514 metuont
314 3493 396 3515 avant
404 3508 413 3520 ,

202 3522 260 3553 Car
283 3523 301 3552 il
317 3531 368 3553 out
388 3522 426 3552 de
446 3531 533 3560 nom,
556 3522 590 3553 δε
608 3523 658 3554 des
676 3523 748 3555 dites
762 3523 849 3555 Trois
864 3523 951 3556 Villes
965 3527 998 3557 &
1013 3527 1134 3559 Comun
1149 3527 1223 3560 Paiis

163 3560 201 3591 de
217 3561 364 3600 Flandres,
383 3561 418 3591 de
433 3571 467 3590 ce
482 3561 556 3598 plain
573 3560 652 3592 Poor
666 3564 700 3594 δε
716 3563 864 3594 Αυᾶοτίῑε
887 3564 930 3594 sut
953 3573 1016 3595 tout
1038 3566 1221 3605 respondere,

163 3609 221 3636 que
241 3610 278 3629 ou
299 3610 314 3629 a
336 3599 400 3630 eulz
421 3609 461 3629 ou
482 3609 498 3628 a
517 3599 639 3630 chescun
661 3600 748 3631 d’euls
770 3611 916 3641 requerra,
942 3604 1082 3635 touchant
1102 3605 1140 3635 les
1152 3605 1222 3637 dites

163 3637 251 3668 Trois
269 3638 294 3668 V
297 3638 354 3668 illes
369 3639 403 3668 δε
417 3637 539 3668 Comun
552 3637 626 3669 Paiis
637 3638 674 3669 de
691 3640 714 3669 F
716 3639 840 3678 landres,

197 3675 250 3714 Et,
269 3677 294 3707 se
310 3677 375 3707 ainli
392 3676 475 3707 estoit
490 3685 544 3713 que
558 3676 576 3706 il
591 3687 630 3707 un
643 3687 683 3708 ou
695 3678 756 3715 plus
770 3678 818 3708 des
832 3678 902 3709 dites
914 3679 1061 3718 Deputees
1075 3683 1108 3712 &
1125 3681 1221 3712 Corn-

160 3714 254 3744 mittes
274 3715 363 3746 fusent
382 3716 496 3752 absent,
521 3724 570 3752 par
591 3715 676 3745 chose
698 3717 867 3754 neceffaire,
885 3727 923 3748 ou
943 3719 1126 3757 aultrcment,
1146 3731 1219 3759 que,

158 3753 258 3790 toudys
295 3754 313 3784 li
330 3755 389 3792 plus
401 3754 487 3793 grand
503 3754 602 3791 partie,
621 3755 670 3791 qui
682 3754 790 3790 present
803 3755 1032 3792 serront‚auront
1048 3759 1119 3795 plain
1130 3758 1220 3790 Pooir

161 3790 195 3820 &
208 3777 358 3834 Augtorite
373 3793 421 3822 des
435 3791 586 3822 avantdites
598 3791 716 3825 Causes,
732 3803 767 3822 en
781 3793 807 3823 le
821 3794 926 3824 mesme
947 3804 1060 3826 manere
1081 3807 1137 3835 que
1159 3798 1178 3828 (i
1200 3799 1219 3829 il

160 3827 281 3859 estoient
293 3839 356 3862 tout
368 3832 477 3870 present
491 3830 524 3860 ὃ(
537 3840 573 3861 en
588 3840 690 3868 propre
704 3830 834 3862 Persone.

198 3865 243 3895 En
258 3866 487 3908 Tesmoignance
501 3871 534 3900 ὃς
550 3868 742 3906 Cogniflimce
755 3869 804 3899 des
819 3870 919 3900 Seaulx
936 3881 965 3901 as
984 3871 1087 3903 Causes
1105 3873 1153 3903 des
1175 3873 1219 3904 di-

160 3913 202 3973 ltes
225 3904 314 3935 Trois
332 3906 418 3938 Villes
437 3919 453 3938 a
475 3918 520 3939 ces
541 3901 674 3938 Presentz.
698 3908 807 3939 Lettres
827 3909 969 3946 pendantz
989 3912 1022 3942 &
1040 3911 1142 3942 cescun
1173 3923 1220 3951 par

172 3953 208 3972 ui.

199 3981 259 4010 Fait
272 3982 305 4012 &
319 3980 421 4012 Dorsn.
436 3994 472 4015 au
483 3987 541 4019 xiv.
554 3987 622 4025 jour
638 3985 697 4017 dou
711 3984 801 4024 Moys
823 3984 963 4018 d’Oetob.
979 3987 1046 4019 l’An
1064 3987 1101 4019 de
1126 3988 1223 4022 Gracc

162 4018 457 4052 MCCCLXXXH.

1317 131 1800 178 PUssL1oA.
2258 153 2332 196 143

2339 227 2417 258 Ann.
2431 225 2474 261 D.

2367 266 2455 310 .¹382·

2342 308 2393 332 ch.
2414 315 2440 333 2.

1351 304 1401 338 De
1424 304 1611 349 Restitutione
1625 309 1847 355 ‘limporalittm
1866 309 2056 356 Episcopatus
2076 310 2248 356 flffzvensss.

1271 389 1407 444 REX,
1426 390 1532 423 dileeto
1547 393 1611 431 fibi,
1630 395 1747 424 Henre'co
1763 396 1861 424 Moton
1898 392 2037 425 Escaetori
2051 395 2099 426 suo
2122 397 2150 426 in
2173 395 2325 426 Comitati-
2341 392 2391 418 ΑΗ·
2408 392 2435 418 ⁶·

1348 428 1400 472 bus
1415 429 1556 473 Salopiae,
1575 433 1607 462 &
1623 432 1802 472 Staffordiae,
1819 434 1853 464 &
1867 417 2059 464 Marchiarum
2079 434 2212 473 VVallice,
2232 434 2324 464 eidem
2340 433 2368 455 R.
2390 438 2415 455 2·

1268 461 1427 497 Comitatui
1441 467 1598 507 adjacente,
1617 469 1750 501 Salutem.
2342 467 2436 495 Pate,

1306 502 1388 548 Cum
1402 505 1548 538 Dominus
1562 511 1682 537 Summus
1702 509 1849 549 Pontifex,
1868 518 1957 548 nuper
1977 518 2094 541 vacante
2117 510 2242 542 Ecclesia
2265 511 2325 541 Ca-
2340 506 2474 539 R.2.p.1.‘

1268 540 1382 574 thedrali
1400 543 1561 581 Assavenfi,
1579 555 1627 583 per
1642 556 1784 585 mortem,
1803 549 1887 578 bonae
1909 549 2076 587 memoriae,
2094 552 2135 579 W
2136 549 2236 579 jllr'elmi
2260 549 2325 579 ulti-
2340 552 2376 571 7²³·
2394 542 2437 570 ¹32

1268 583 1305 609 mi
1318 579 1440 620 Epssopi
1454 583 1512 614 loci
1528 584 1614 621 illius,
1632 584 1724 615 eidem
1738 585 1872 616 Ecclesiae
1886 586 1936 624 de,
1954 585 2113 618 Venerabili
2138 587 2227 624 Viro,
2246 591 2327 617 Lau-

1268 623 1354 649 rentio
1371 619 1467 659 child,
1485 631 1574 660 nuper
1591 621 1743 653 Monacho
1760 623 1926 654 Monasterii
1944 625 1980 655 de
2002 625 2096 663 Bello,
2116 625 2276 657 Licentiato
2297 627 2326 657 in

1264 655 1331 694 Jure
1350 657 1523 696 Canonico,
1550 661 1729 698 providerit,
1755 664 1787 693 &
1809 663 1899 700 ipsum
1918 664 1946 692 in
1965 663 2138 702 Episcopum
2162 664 2234 694 Loci
2255 665 2327 695 illius

1267 696 1426 740 praefecerit
1446 700 1480 729 ἃ
1502 698 1663 737 Pastorem,
1683 700 1750 730 sicut
1773 711 1822 738 per
1843 701 1949 731 Literas
1970 702 2084 733 Btrllatas
2106 703 2186 742 ipsius
2199 702 2326 733 Domini

1269 733 1383 801 Suffimi
1400 734 1548 768 Pontificis
1556 760 1565 776 ‚
1581 738 1663 768 nobis
1678 738 1744 768 Inde
1758 739 1893 778 direcias,
1910 739 1992 770 nobis
2005 741 2130 779 constat,

1345 783 1394 811 os,

1302 809 1509 855 'Pro-eoflquod
1523 813 1599 845 idem
1613 813 1770 853 Episcopus
1784 816 1917 846 omnibus
1932 816 1965 846 &
1979 816 2088 856 singulis
2104 817 2220 855 Verbis,
2239 818 2266 847 in
2281 816 2326 847 di-

1269 847 1440 892 speluncas
1456 850 1566 883 Bullatis
1584 855 1740 892 contentis,
1759 854 1857 885 Nobis
1870 856 1901 885 ὃς
1917 853 2045 885 Coronae
2065 856 2169 886 nostru:
2192 855 2326 894 praejudi-

1269 887 1400 926 cialibus,
1417 888 1532 928 sponte,
1551 891 1660 928 palam,
1679 892 1711 922 δε
1732 894 1856 930 expresse
1879 894 2067 931 renunciavit,
2086 896 2119 925 <Sc
2140 895 2247 924 Gratiae
2270 904 2325 924 no·

1270 924 1333 994 stniej
1346 926 1487 995 hunliiliter
1500 929 1527 959 se
1542 930 1681 969 submisit,
1698 931 1824 962 volentes
1839 932 1931 962 eidem
1946 931 2090 970 Episcopo
2104 932 2232 962 Gratiam
2251 933 2328 963 face⁴

1270 973 1301 993 re
1345 974 1403 995 ema
1414 975 1476 1003 em,

1336 1004 1443 1040 epimus
1459 1004 1634 1036 Fidelitatem
1650 1007 1731 1044 ipfius
1748 1007 1898 1045 Episcopi,
1916 1010 1950 1040 δε
1968 1008 2151 1045 Temporalia
2171 1007 2240 1037 dic‘ti
2260 1007 2329 1045 Epi*

1267 1040 1414 1081 scopatus,
1432 1053 1500 1073 curn
1516 1043 1709 1083 pertinentiis,
1726 1046 1911 1076 Restituimus
1924 1046 2037 1085 eidem,
2315 1079 2317 1081 ,

1307 1079 1343 1112 Et
1364 1080 1430 1112 ideo
1453 1083 1502 1112 tibi
1524 1083 1708 1122 Praecipimus
1731 1085 1809 1122 quod
1824 1085 1915 1115 eidem
1930 1085 2072 1123 Episcopo
2083 1085 2180 1115 omnia
2193 1084 2326 1122 Ternpon

1269 1119 1333 1149 ralia
1345 1118 1529 1158 Episcopatus
1543 1123 1687 1160 praedicii,
1705 1133 1774 1153 cum
1790 1122 1964 1155 Pertinentiis
1977 1126 2005 1154 in
2020 1123 2122 1154 Balliva
2143 1122 2208 1161 tufi,
2225 1124 2326 1153 liberes

1267 1158 1297 1186 in
1310 1157 1400 1188 forma
1415 1160 1558 1196 praedie‘ta.

1307 1195 1396 1227 Teste
1411 1197 1492 1237 Rege
1506 1198 1578 1236 apud
1594 1199 1869 1240 lffi’stmonasterium,
1887 1201 2024 1232 vicesimo
2038 1201 2082 1231 die
2098 1200 2244 1231 ooobris.

1309 1272 1465 1304 Confimile
1479 1275 1567 1306 Breve
1582 1276 1707 1316 dirigitur
1717 1277 1877 1315 Justiciario
1893 1277 2106 1315 Northwalliae,
2122 1277 2167 1307 vel
2189 1278 2245 1315 ejus
2267 1276 2327 1307 Lo*
2343 1288 2345 1291 ⁴

1270 1320 1339 1342 cum
1351 1314 1473 1351 tenenti,
1493 1314 1538 1344 seu
1556 1313 1737 1354 Camerario,
1757 1315 1844 1356 Regis
1858 1318 1982 1354 ibidem,
2000 1316 2078 1355 quod
2092 1315 2186 1345 eidem
2209 1315 2328 1352 Episcoe

1269 1358 1310 1418 Bo
1325 1352 1421 1393 omnia
1433 1352 1615 1390 Temporalia
1634 1353 1817 1393 Episcopatus
1839 1356 1983 1393 praedicti,
1999 1366 2068 1386 cum
2088 1354 2278 1392 PertinentiiS,
2296 1355 2327 1384 in

1295 1388 1446 1457 assvfima’
1453 1391 1574 1458 sliberati
1587 1392 1759 1424 demandent
1772 1394 1801 1423 in
1816 1393 1908 1424 forma
1921 1394 2065 1432 praedicta.

1339 1437 1354 1457 e
1380 1437 1395 1457 e
1409 1437 1440 1459 ut
1465 1439 1538 1466 upra.

1310 1501 1467 1549 Confimile
1481 1504 1571 1537 Breve
1580 1506 1705 1551 dirigitur
1716 1507 1873 1546 Justiciario
1888 1508 1975 1552 Regis
1989 1507 2123 1547 Cestriae‚
2141 1508 2187 1540 vel
2204 1508 2259 1547 ejus
2266 1507 2328 1540 Lo·=³

1271 1544 1545 1620 curfeffgrelrgtfflpsiu
1559 1544 1724 1577 Camerano
1737 1546 1787 1577 suo
1801 1546 1930 1577 Cestnae.

1557 1712 1607 1743 De
1625 1709 1729 1744 Bladis
1743 1723 1800 1743 non
1819 1709 2037 1745 Traducendis.

1272 1790 1387 1848 REX
1403 1795 1432 1823 V
1431 1796 1558 1826 icecomiti
1572 1795 1694 1826 Eborum
1706 1795 1841 1827 Salutem.

1368 1832 1544 1870 Qibusdam
1557 1836 1638 1865 certis
1653 1834 1689 1866 de
1702 1834 1816 1872 Caufis,
1835 1844 1935 1866 coram
1951 1834 2050 1865 Nobis
2064 1834 2097 1864 δε
2119 1832 2257 1865 Concilio
2278 1843 2332 1864 no-
2368 1826 2452 1864 1332·

1269 1864 1329 1899 stro
1351 1870 1380 1900 in
1402 1871 1527 1909 praesenti
1549 1873 1737 1904 Parliamento
1758 1874 1859 1904 nostro
1876 1874 2037 1912 propositis,
2062 1873 2114 1903 tibi
2134 1874 2329 1910 praecipimus,
2344 1867 2395 1892 An.
2412 1867 2440 1893 ⁶·

1270 1904 1388 1940 firmiter
1407 1910 1599 1950 injuntrentes,
1614 1911 1694 1950 quod
1715 1911 1808 1942 statim
1842 1913 1904 1943 vifis
1943 1912 2117 1949 raesentibus,
2136 1911 2155 1930 *³
2176 1913 2204 1942 in
2219 1911 2329 1950 lingulis
2345 1908 2371 1931 R·
2395 1913 2421 1930 2·

1272 1943 1459 1990 Ciuitatibus,
1484 1934 1599 1990 Bagis,
1625 1950 1767 1981 Portubus
1785 1935 1892 1989 Maris,
1936 1951 1987 1981 illis
2008 1949 2201 1988 Mercatoriis,
2218 1950 2252 1981 &
2273 1950 2329 1993 aliis
2342 1941 2428 1978 Clazff.
2449 1944 2477 1970 6⁴

1271 1983 1342 2015 locis
1363 1987 1432 2017 infra
1454 1987 1588 2020 Ballivam
1606 1990 1780 2026 tuam,·ubi
1803 1989 1902 2019 melius
1920 1989 2049 2027 expedire
2068 1987 2186 2027 videris,
2213 1988 2328 2027 publice
2343 1984 2438 2017 R.2.p.
2453 1991 2477 2009 ¹·

1270 2023 1439 2060 proclamari
1454 2027 1486 2058 &
1500 2036 1534 2057 ex
1548 2036 1624 2068 parte
1638 2027 1733 2058 nostra
1747 2027 1865 2059 firmiter
1878 2029 1999 2059 inhiberi
2012 2027 2110 2064 facias,
2342 2028 2379 2075 ’ζ-
2398 2028 2406 2044 ¹
2417 2028 2440 2046 ¹·
2452 2022 2477 2051 ὅ*

1312 2061 1365 2094 Ne
1384 2064 1476 2104 Qis,
1493 2064 1641 2097 Mercator
1663 2066 1709 2097 vel
1729 2065 1810 2105 alius,
1827 2066 2028 2105 cujuscumque
2041 2064 2135 2096 Status
2148 2066 2194 2096 seu
2216 2065 2329 2095 Condi·
2386 2058 2452 2086 Vll.

1272 2101 1357 2133 tionis
1377 2103 1483 2142 fuerit,
1510 2104 1593 2135 Blada
1611 2105 1657 2136 vel
1680 2104 1811 2136 Brasa‘im
1832 2105 1922 2143 aliqua
1942 2114 2018 2136 eXtra
2043 2104 2179 2144 Regnum
2199 2104 2329 2134 nostrum
2348 2096 2410 2134 3⁶9·

1271 2139 1401 2180 Angliae,
1427 2152 1479 2180 per
1500 2142 1643 2183 Terram,
1664 2144 1711 2176 vel
1731 2153 1781 2182 per
1800 2143 1932 2184 Aquam,
1949 2143 1984 2174 ad
2003 2143 2107 2182 aliquas
2128 2143 2223 2174 Partes
2246 2142 2333 2173 Exte-

1271 2187 1330 2217 raS,

1313 2217 1505 2256 Praeterquam
1519 2220 1552 2251 ad
1566 2228 1656 2259 partes
1674 2220 1842 2258 Vasconiae,
1861 2221 2008 2262 Bayoniae,
2026 2221 2060 2252 &
2083 2220 2200 2259 Calesii,
2216 2229 2332 2251 necnon

1273 2254 1360 2286 Villas
1374 2259 1406 2289 &
1423 2257 1522 2288 Castra
1535 2259 1628 2291 nostra
1641 2259 1677 2290 de
1692 2259 1788 2298 Brest,
1808 2259 1975 2298 Chirburgh
1984 2283 1993 2297 ,
2007 2259 2143 2291 Berewici
2154 2259 2235 2298 super
2242 2259 2333 2290 Twe-

1273 2294 1338 2325 dam
1373 2298 1407 2328 &
1424 2297 1474 2327 alia
1495 2297 1635 2329 Fortalitia
1656 2298 1765 2337 nostra,
1779 2299 1813 2330 ὃς
1836 2298 1993 2336 Ligeorum
2007 2298 2188 2337 nostrorum,
2206 2299 2236 2328 in
2250 2298 2333 2336 parti·-

1273 2333 1326 2364 bus
1340 2319 1446 2366 EXteris
1459 2336 1616 2374 existentia,

1310 2372 1370 2403 Sub
1384 2374 1568 2406 Forisfaetura
1583 2375 1737 2406 Bladorum
1752 2375 1786 2407 ὃς
1801 2374 1890 2407 Brasei
1902 2375 2088 2414 eorumdem,
2105 2386 2139 2407 ac
2152 2375 2293 2407 Vasorum
2304 2374 2333 2405 in

1274 2412 1375 2449 quibus
1388 2412 1507 2443 Carcata
1521 2414 1640 2452 fuerint,

1312 2450 1475 2489 Aliqualiter
1489 2451 1652 2491 Traducat,
1671 2452 1717 2483 seu
1730 2452 1858 2484 Traduci
1873 2452 1970 2489 faciat,
1984 2451 2182 2484 finezicentia
2195 2452 2229 2484 &
2246 2450 2334 2482 Man-

1272 2487 1339 2519 dato
1352 2489 1451 2520 nostro
1463 2489 1587 2529 speciali,
2313 2526 2318 2534 Α

1313 2527 1365 2566 Et,
1384 2529 1402 2558 fi
1418 2538 1505 2567 quos,
1524 2530 1588 2570 post
1601 2528 1860 2560 proclamationem
1881 2531 1914 2562 δε
1934 2529 2136 2561 Inhibitionem
2159 2528 2337 2567 hujusmodi,

1274 2566 1402 2597 invenire
1414 2569 1516 2606 poteris
1528 2569 1699 2599 contrarium
1716 2567 1864 2606 facientes,
1881 2577 1950 2599 tunc
1972 2569 2081 2607 ipsum,
2100 2569 2155 2600 una
2176 2577 2244 2599 cum
2268 2566 2336 2597 Na-

1273 2605 1373 2642 vibus,
1392 2605 1500 2644 Bladis,
1517 2607 1551 2637 ὃς
1572 2606 1688 2644 Braseo,
1706 2607 1869 2645 caeterisque
1890 2607 1976 2638 Bonis
1996 2607 2150 2645 omnibus,
2175 2608 2206 2636 in
2228 2605 2334 2636 eisdem

1273 2642 1406 2674 Navibus
1428 2645 1565 2683 inventis,
1583 2654 1717 2683 tanquam
1734 2646 1817 2676 nobis
1832 2645 1999 2683 ForisfaCta,
2015 2645 2143 2684 arestari,
2160 2646 2193 2676 &
2209 2644 2284 2674 salvo
2299 2643 2333 2688 {Sc

1271 2681 1367 2713 secure
1400 2681 1536 2713 custodiri
1559 2684 1641 2714 facias
1655 2707 1664 2721 ,
1698 2684 1792 2715 donec
1812 2684 1886 2714 aliud
1907 2694 1923 2714 a
1946 2683 2046 2714 Nobis
2067 2683 2134 2714 inde
2157 2683 2284 2715 habueris
2303 2692 2334 2712 ιη

1272 2719 1417 2752 Mandatis
1433 2733 1442 2760 3
1468 2721 1507 2753 Et
1527 2722 1603 2760 hoc,
1629 2722 1680 2753 sub
1702 2723 1882 2754 incumbenti
1902 2721 2052 2761 Periculo,
2075 2722 2228 2754 nullatenus
2247 2722 2335 2752 omit-

1271 2766 1319 2788 tas.

1271 2836 1292 2867 b
1310 2797 1401 2842 Teste
1414 2798 1497 2839 Rege
1509 2799 1581 2838 apud
1596 2798 1871 2840 Wstmonasterium,
1888 2799 2026 2831 vicefimo
2041 2798 2164 2830 secundo
2175 2798 2220 2830 die
2237 2797 2333 2829 Octo-

1294 2846 1338 2869 ris.

2349 1785 2425 1816 Ann.
2436 1785 2477 1817 D:

1748 2879 1801 2906 Per
1812 2875 1895 2916 ipspm
1911 2877 2006 2913 Regem
2021 2874 2060 2910 ῥ’
2074 2874 2228 2906 concilium.

1325 2951 1493 2984 Confimilia
1513 2952 1613 2985 Brevia
1634 2951 1982 3022 dirigssssfgsl.s⁰{>sc¹ipt³⁵2
1999 2952 2051 2983 sub
2071 2952 2169 2983 eadem
2183 2951 2276 2990 Data·,

1724 3002 1752 3024 vi
1772 3002 1788 3023 e
1799 3001 1843 3022 tce
1862 3016 1872 3030 ,

1308 3071 1337 3100 V
1336 3066 1508 3100 icecomiti‘bus
1522 3067 1672 3098 Londoniae
1687 3067 1725 3103 ὠ
1741 3067 1946 3107 Middlesexiae,
1963 3067 2025 3104 &c.

1312 3198 1371 3229 Pro
1389 3194 1495 3228 Adam
1513 3191 1602 3236 Eston
1614 3219 1624 3234 ‚
1654 3191 1813 3226 cardinali
1829 3193 1957 3240 Anglico
1968 3220 1979 3236 ,
1999 3196 2119 3227 Decano
2133 3189 2279 3226 Eborum.

1268 3280 1484 3342 VEnerabilis
1501 3277 1600 3315 Pater,
1617 3278 1716 3307 Adam
1728 3277 1887 3308 Cardinalis
1903 3277 2104 3317 Norwicenfis,
2122 3277 2255 3307 Decanus
2271 3276 2328 3307 Ec-
2345 3274 2420 3306 Ann.
2432 3275 2472 3309 D.

1345 3319 1434 3349 clesiae
1449 3316 1621 3348 Cathedralis
1635 3318 1709 3347 beati
1725 3316 1800 3348 Petri
1813 3316 1961 3354 Eborum,
1979 3317 2028 3353 qui
2044 3318 2071 3345 in
2084 3316 2209 3346 Partibus
2221 3316 2327 3346 Trans-
2366 3316 2449 3353 1382.

1267 3359 1379 3387 marinis
1403 3365 1544 3393 moratur,
1564 3355 1648 3385 habet
1666 3356 1773 3386 Literas
1795 3354 1882 3393 Regis
1902 3355 1938 3384 de
1952 3354 2075 3390 generali
2090 3354 2256 3394 Attornatu,
2274 3355 2324 3385 sub
2339 3357 2389 3381 An.
2409 3357 2437 3381 6·

1264 3397 1429 3427 nominibus
1453 3394 1581 3433 Magistri
1600 3393 1742 3431 Jolaannis
1763 3395 1794 3424 de
1817 3392 1958 3422 Waltham
1971 3392 2108 3421 Canonici
2123 3391 2271 3431 Eborum,
2289 3395 2323 3425 &
2338 3396 2367 3420 R.
2389 3402 2415 3419 2.

1265 3435 1370 3464 Thomae
1395 3437 1553 3471 Daweney,
1571 3432 1620 3462 sub
1637 3433 1836 3468 alternatione,
1854 3431 1888 3460 ad
1907 3430 2107 3467 Lucrandum,
2126 3432 2186 3461 &c.
2206 3432 2235 3461 in
2259 3434 2322 3470 qui·
2335 3434 2422 3457 Franc.
2443 3432 2470 3459 6.

1264 3472 1440 3511 buscurnque
1454 3471 1546 3502 Curiis
1561 3470 1673 3509 Angliae
1686 3481 1735 3509 per
1750 3469 1934 3508 Septennium
1949 3469 2098 3499 duraturas.
2334 3473 2394 3497 R.2.
2404 3479 2468 3498 ma„

1341 3510 1387 3541 Pr.
1426 3521 1462 3541 ἐ,

1300 3549 1391 3581 Teste
1404 3514 1487 3589 {ege
1501 3547 1575 3587 apud
1591 3546 1848 3587 Westmonasterium
1856 3569 1866 3584 ,
1884 3544 2023 3576 vicefimo
2036 3545 2144 3577 octavo
2159 3545 2207 3577 die
2227 3545 2324 3577 oeco-

1263 3587 1328 3619 bris.

1301 3663 1439 3704 Magister
1455 3661 1601 3692 Nicholaus
1616 3663 1650 3692 de
1661 3661 1761 3702 Feryby
1777 3660 1883 3698 recepit
1898 3658 2149 3690 Attornamentum
2164 3670 2214 3698 per
2228 3661 2287 3692 bre.

1488 3799 1546 3829 Pro
1565 3793 1775 3829 Subcolleflore
1792 3799 1873 3841 Papae
1892 3798 1923 3828 in
1939 3792 2101 3829 Hibernia.
2329 3806 2406 3836 Anu,
2424 3804 2467 3839 D:

1265 3881 1548 3950 RErffumnibus
1566 3880 1677 3912 Ballivis
1698 3880 1732 3912 ὃς
1751 3880 1889 3912 Fidelibus
1909 3879 1979 3918 suis,
1994 3879 2029 3910 ad
2054 3890 2141 3919 quos,
2159 3881 2219 3913 ὅτε.
2238 3882 2318 3914 Salu-
2329 3845 2438 3950 ,ἕξιίἷὶ

1299 3958 1396 3988 Sciatis
1411 3958 1507 3997 quod,
2332 3965 2389 3988 Par.
2407 3960 2434 3988 6.

1300 3995 1398 4035 Cum,
1422 3996 1613 4027 sanetiffimus
1634 3998 1663 4026 in
1685 3995 1804 4027 Christo
1825 3994 1907 4026 Pater
1928 3995 1962 4026 &
1981 3993 2146 4035 Dominus,
2173 3996 2321 4028 Dominus
2331 4003 2462 4034 R.2.p.t.

1263 4035 1405 4074 Urbanus,
1429 4034 1540 4068 Divina
1561 4034 1761 4073 Providentia,
1779 4037 1857 4073 Papa
1876 4038 1995 4072 Sextus,
2013 4033 2177 4067 Discretum
2197 4035 2319 4103 Ἣτιίὗῖι,
2332 4046 2367 4067 m,
2386 4044 2429 4063 ¹2·

2294 4082 2324 4104 a·
