2561 4251
739 155 772 195 E
806 155 848 196 T
933 154 968 195 A
1007 151 1046 195 C
1081 155 1122 196 T
1159 156 1197 195 A

0 232 1 277 1
29 241 106 278 Anii.
118 240 162 274 D.
180 258 183 261 >
209 231 401 287 Habet-idum,
418 230 616 285 Regendum,
639 239 674 272 &
693 238 932 286 Excercendum,
956 250 1024 271 cum
1043 241 1179 272 omnibus
1200 240 1236 272 ad

51 288 136 329 3377.
172 281 315 328 Qfficium
328 278 397 310 illud
412 278 596 323 speetantibus
614 278 671 323 sive
711 280 910 318 effluentibus,
927 278 1032 311 eodem
1053 279 1144 310 modo
1165 279 1236 310 ficut

29 325 80 352 Ru.
99 329 126 352 2.
170 321 217 352 alu
238 317 446 351 constabularii
465 315 608 348 Offictum
629 318 676 348 illu
717 326 783 349 ante
804 319 868 349 haec
881 326 1016 363 ‘tempora
1027 316 1158 362 Habere,
1176 318 1236 348 Re-

172 368 240 397 gere
255 380 266 396 ,
280 357 323 388 δι’
343 354 503 386 Excercere
523 355 747 394 consueverunt,
771 356 909 395 quamdiu
926 356 1009 386 nobis
1029 355 1176 399 placuerit,
1201 357 1235 388 &

171 399 248 430 idem
265 394 408 426 Officium
422 395 451 424 in
465 404 550 425 manu
570 393 681 433 nostra,
699 403 734 424 ex
755 394 834 426 causa
853 394 1003 433 praediCta,
1022 401 1170 433 contigerit
1191 404 1235 425 re-

173 443 322 504 mffis
336 470 446 509 insuper
459 471 593 502 univerfis
604 472 641 503 ὃς
659 470 769 514 singulis
788 470 938 514 Ducibus,
952 469 1132 514 Comffibus,
1150 471 1236 515 Baro-

172 513 270 549 nibus,
289 509 448 549 Militibus,
463 509 644 548 justiciariis,
662 509 906 547 Vlcecomltlbus‚
925 507 1100 548 Majoribus,
1116 509 1234 548 Ballivis,

172 549 330 587 Ministris,
345 549 378 580 &
391 548 449 579 aliis
463 548 603 579 Fidelibus
617 548 653 578 &
666 546 789 591 Subditis
803 546 903 591 nostris
912 569 921 585 ,
939 549 999 591 tani
1013 547 1084 578 infra
1105 547 1234 592 Liberta-

170 593 212 620 'tes
247 588 333 626 quam
353 594 445 623 extra,
462 586 582 616 Tenore
603 584 800 623 praesentium,
817 595 847 615 in
872 584 1014 616 Mandans
1059 586 1117 616 uod
1139 586 1232 616 eidem

172 611 285 657 Co’miti
320 633 453 664 tanquam
467 623 685 668 Constabulario
700 623 830 662 Angliae,
849 622 1028 668 Intendentes
1053 632 1110 662 int,
1121 624 1235 655 Consu-

172 665 260 710 lentes
289 651 525 709 kespondmres,
541 662 576 693 δε
590 661 778 707 Auitiliantes,
790 671 921 701 quotiens
934 663 967 709 §c
983 670 1066 701 prout
1079 672 1129 706 per
1145 663 1236 707 ipsum

175 703 453 774 ’ἃέἓὸξὲἔίῗηῖ
454 700 593 771 ’1111ξὲῗέ
596 708 844 777 ἳὲἕέεέῑὲἔωξῗηε
860 701 979 739 mstm'
1001 700 1134 739 q⁰²md¹⁰
1155 700 1233 731 “³²⁸¹

176 790 205 864 -..
214 778 503 855 Tdssecfflsgegggud
515 816 559 848 W
561 815 806 848 estmonasterium
814 837 824 854 ,
842 815 977 846 vicefimo
989 813 1111 846 secundo
1125 814 1171 846 die
1183 814 1238 854 Ju-

173 857 216 889 Μ.
660 893 713 921 Per
725 889 807 929 ipfitm
821 894 917 929 Regem
931 889 969 926 ό·
981 890 1133 922 concilium.

359 1021 454 1064 Super
470 1015 607 1060 Custodia
626 1016 774 1049 Filiorum
794 1017 896 1049 Caroli
913 1014 950 1049 de
970 1016 1062 1064 Bloys.

35 1101 665 1169 11111111).(ΣΕΙςΤἺῙΕΕ1κ1111ε1κττυ1υεΞ
911 1144 914 1148 Ι
1031 1138 1038 1150 ’

301 1149 340 1171 ait
357 1150 484 1178 parentre
503 1140 600 1171 nostre
619 1140 754 1178 Seigneur
774 1139 798 1169 le
814 1143 866 1180 Roy
881 1138 1003 1169 Richard
1012 1138 1030 1168 d
1040 1149 1096 1169 une
1108 1137 1172 1168 Part
1178 1161 1188 1176 ,
1206 1138 1239 1168 &

54 1154 138 1186 1377.
687 1179 694 1189 ‚

32 1190 84 1216 Aa.
105 1195 128 1213 i.
182 1178 330 1209 Monsieur
344 1181 428 1216 Roger
440 1180 472 1209 de
484 1178 654 1216 Beauchamp
667 1178 771 1209 dautre
786 1179 866 1214 Part,

31 1230 60 1253 R.
83 1234 108 1251 2.
216 1217 420 1248 TESMOIGNE
443 1228 498 1257 que
516 1218 541 1248 le
560 1216 601 1247 dit
621 1220 705 1260 Roger
718 1217 751 1246 ad
768 1216 880 1254 Empris
893 1216 928 1245 de
941 1215 1112 1245 Sauvernent
1126 1214 1223 1253 garder
1234 1238 1243 1252 ,

24 1267 72 1290 Ἐκ
86 1265 145 1290 Au·
180 1265 232 1294 pur
253 1257 287 1287 &
308 1266 344 1286 en
365 1266 444 1287 noun
465 1256 501 1286 de
522 1255 619 1286 nostre
636 1257 678 1286 uit
699 1255 836 1292 Seigneur
856 1255 881 1284 le
902 1254 989 1301 Roy,
1016 1254 1053 1283 les
1076 1254 1158 1283 Deux
1180 1253 1241 1282 Filz

32 1309 96 1338 mgr.
181 1293 293 1324 charles
305 1295 337 1324 de
350 1294 447 1334 Bloys,
464 1294 587 1325 esteantz
598 1293 696 1323 devers
712 1294 817 1323 mesme
832 1292 928 1323 nostre
939 1295 1075 1329 beigneur
1089 1292 1113 1321 le
1128 1292 1195 1334 Roy
1206 1300 1241 1320 en

182 1332 325 1373 Hostage,
342 1333 381 1364 du
400 1333 474 1372 jour
496 1333 604 1371 present
624 1341 726 1370 tanque
747 1343 762 1362 a
785 1332 809 1362 la
824 1332 872 1370 fyn
887 1331 954 1362 d’un
970 1331 1016 1362 An
1035 1330 1172 1368 prochcin
1194 1339 1242 1359 ve-

182 1380 264 1440 Μὲῑῐ
299 1409 397 1440 rendra
418 1409 444 1440 le
463 1409 505 1440 dit
523 1412 625 1446 Roger,
643 1408 679 1453 de
698 1409 805 1439 mesme
819 1408 916 1452 nostre
931 1411 1053 1445 Seigneur
1069 1406 1091 1435 le
1108 1409 1179 1442 Roy,
1195 1415 1242 1442 par

183 1448 256 1479 celle
300 1449 379 1486 ause,
399 1447 485 1479 Deux
496 1447 597 1492 'Centz
614 1448 712 1491 Livres
726 1458 774 1496 par
789 1447 813 1477 le
827 1446 867 1477 dit
881 1446 945 1490 An,
963 1456 1016 1483 pur
1032 1445 1055 1474 la
1070 1443 1243 1512 SusteJi‘iance

182 1484 1245 1569 {inussissrsesssziiffssre<533532r33..<.3{3.<111.2⁰1{2.,¹333

183 1572 271 1593 come
284 1562 323 1593 les
335 1564 397 1594 ditz
410 1562 497 1593 Deux
508 1562 532 1593 F
533 1562 571 1592 ilz
585 1562 693 1592 serront
706 1562 770 1602 ensy
784 1572 819 1592 en
831 1561 857 1592 la
872 1561 970 1592 Garde
990 1561 1026 1591 de
1046 1559 1151 1590 mesme
1171 1559 1245 1590 celui

181 1599 553 1670 RtlfflrlI'ESMOIGNANcE
568 1638 604 1669 de
641 1638 703 1669 uele
717 1637 803 1683 chose
812 1649 827 1669 a
841 1638 865 1668 la
881 1637 973 1669 Partie
987 1637 1023 1668 de
1037 1637 1113 1668 ceste
1125 1635 1244 1681 Enden-

182 1686 261 1716 ture,
278 1676 445 1709 demorante
465 1677 563 1709 devers
582 1687 622 1708 no
649 1687 678 1707 re
699 1677 740 1707 dit
759 1677 893 1717 Seigneur
913 1677 939 1707 le
961 1676 1048 1717 Roy,
1065 1676 1090 1706 le
1102 1675 1143 1705 dit
1158 1677 1243 1712 Roger

180 1716 473 1799 ilc-iggsgwgfflm.
491 1753 518 1784 le
531 1755 595 1799 irxii.
606 1754 679 1792 Jour
693 1753 729 1784 de
738 1754 834 1793 Juyn,
852 1753 919 1784 l'An
931 1753 969 1784 du
984 1753 1086 1792 Regae
1099 1752 1134 1782 de
1147 1751 1242 1782 nostre

183 1791 225 1824 dit
241 1792 375 1832 Seigneur
387 1793 413 1823 le
429 1792 492 1832 Roy
507 1802 620 1830 primer.

436 1919 654 1963 Acqnietantia
668 1916 704 1950 de
723 1919 854 1950 Moneta
873 1920 982 1950 Scotiae.

33 2008 112 2041 Arm.
127 2008 166 2040 D.

52 2050 139 2087 1377.

33 2091 86 2116 An.
104 2097 126 2115 1.

33 2130 62 2154 R.
84 2135 109 2153 2.

31 2168 99 2192 scot.
122 2173 144 2191 1.

31 2205 162 2240 R.2.m.3.

183 2000 267 2070 LEl
280 2001 347 2031 Roi
363 2011 378 2031 a
394 2009 464 2033 touz
477 2011 563 2040 ceux,
582 2003 632 2040 qui
646 2001 733 2033 cestes
748 2002 857 2033 Lettres
872 2008 989 2032 verront
1003 2010 1042 2031 ou
1056 2008 1175 2040 orront,
1192 2000 1243 2032 Sa-

270 2049 327 2070 utz.

219 2078 317 2109 Savoir
338 2088 410 2109 vous
430 2078 530 2109 faisons
550 2088 605 2115 que
617 2089 690 2109 nous
710 2088 798 2109 avons
819 2088 855 2108 en
875 2078 1039 2115 Accompte
1061 2079 1095 2109 δι
1110 2077 1240 2108 Resceue

181 2117 233 2154 de,
255 2117 417 2148 Tresnoble
436 2119 470 2149 ὃς
491 2117 616 2147 Puissant
634 2117 753 2156 Prince,
779 2117 879 2146 Robert
901 2117 996 2147 nostre
1018 2116 1104 2147 chere
1123 2115 1240 2155 Cousyn

180 2155 318 2194 d'Escoce,
337 2155 369 2185 &
385 2154 432 2186 des
444 2164 535 2187 autres
547 2156 660 2187 Grantz
674 2155 711 2187 de
726 2156 751 2187 sa
767 2155 876 2193 Partie,
895 2155 1004 2194 Qatre
1021 2155 1115 2185 Milies
1136 2155 1241 2198 Marcz

179 2193 393 2232 d’Esterlinges,
411 2194 448 2224 de
463 2194 560 2225 nostre
580 2194 707 2225 Monoie
727 2194 935 2234 d'Engleterre‚
953 2203 1000 2231 par
1018 2193 1095 2224 ceste
1116 2197 1241 2231 presente

179 2232 288 2262 Terme
301 2233 338 2264 de
348 2232 429 2265 Seint,
439 2231 534 2271 Johan
547 2234 572 2264 le
585 2232 738 2272 Baptistre,
753 2243 790 2264 en
804 2233 969 2264 Dedueiion
979 2257 989 2271 ,
1008 2232 1156 2270 Rebat‚&
1173 2231 1239 2262 Par-

179 2272 218 2302 tie
231 2270 267 2301 de
281 2270 428 2302 Paiement
440 2271 476 2301 de
489 2270 559 2302 Vint
573 2272 606 2303 δε
620 2281 714 2309 quatre
731 2271 827 2302 Milles
840 2271 943 2302 Marcz
953 2294 961 2308 ,

218 2309 276 2340 Les
287 2319 381 2348 queux
394 2320 466 2340 nous
481 2310 544 2341 sont
556 2310 711 2342 clerement
724 2309 798 2341 duez
811 2310 847 2341 de
860 2310 886 2340 la
899 2310 1021 2340 Somme
1034 2308 1071 2339 de
1086 2307 1240 2350 Cynquant

179 2349 214 2380 &
225 2347 276 2387 Sys
291 2347 386 2379 Milles
400 2347 504 2378 Marcz
517 2348 731 2388 d‘Esterlinges,

219 2385 275 2416 Les
297 2387 401 2425 quelles
421 2386 516 2417 nostre
536 2387 578 2418 dit
598 2387 714 2426 Cousyn
725 2410 734 2426 ,
753 2387 787 2417 &
803 2395 891 2418 autres
906 2386 1034 2424 Prelatz,
1052 2385 1189 2423 Countz,
1205 2386 1239 2416 &

177 2422 295 2455 Nobles
321 2425 358 2455 de
388 2425 522 2456 Roialme
548 2426 684 2457 d'Escoce
712 2435 783 2457 nous
802 2435 855 2457 ont
872 2425 1012 2456 accordez
1033 2425 1067 2456 δε
1088 2434 1203 2462 promys
1224 2434 1239 2453 a

177 2462 253 2499 paier
266 2486 276 2502 ,
301 2474 350 2501 par
368 2463 432 2494 lour
455 2464 563 2495 Lettres
583 2464 651 2494 Obli
672 2466 755 2494 atoirs
774 2487 783 2501 ,
808 2464 926 2510 ancause
946 2463 982 2494 de
1002 2463 1026 2495 la
1044 2462 1140 2507 Reste·
1155 2463 1190 2493 de
1212 2463 1239 2493 la

176 2499 319 2570 ¹{Zali'iec-eon
340 2502 394 2541 de,
411 2502 506 2533 nostre
529 2503 615 2534 chere
661 2512 735 2541 rere,
756 2503 858 2534 Davld
876 2503 908 2532 de
926 2505 1033 2541 Bruys,
1052 2510 1081 2540 qi
1100 2500 1178 2531 Dieu
1198 2510 1240 2531 as-

217 2577 267 2609 De
281 2578 305 2608 la
317 2578 409 2616 quelle
423 2578 562 2616 Somme,
577 2579 613 2610 de
627 2580 738 2618 Quatre
760 2579 856 2610 Milies
879 2579 998 2616 Mara,
1015 2587 1087 2608 nous
1108 2588 1179 2608 nous
1199 2585 1240 2608 te-

175 2626 316 2685 gzqslpur
329 2617 398 2686 biesr}
409 2626 536 2686 cogoencz
550 2618 583 2686 δέ
598 2619 692 2656 paiez,
711 2620 744 2649 δε
757 2629 791 2648 en
815 2616 1186 2686 Qitffns,5bll)eliurg{iss
1205 2617 1238 2646 δε

177 2665 390 2736 ,1161135ῗὲἥέἰὲ
399 2664 483 2732 ξὲυέἒ
487 2666 546 2732 ,ἀὲ
548 2658 882 2739 1ῐῖᾃᾶιέῗέἓὲῗίξὲἳέιέ
896 2665 1006 2734 &Eme
1019 2664 1114 2724 igiiie’s
1123 2664 1238 2730 Μεὲἒὲξ

175 2730 251 2762 iffint
265 2742 281 2762 a
296 2741 368 2762 nous
383 2734 460 2770 paiez
473 2743 561 2764 come
575 2733 615 2764 dit
628 2733 685 2764 est:

215 2769 270 2808 Et,
287 2780 335 2807 par
355 2770 381 2800 le
400 2770 522 2801 Tenour
541 2771 578 2802 de
600 2781 660 2802 noz
679 2772 813 2808 presentes
836 2771 962 2807 Lettres,
980 2780 1052 2800 nous
1071 2769 1170 2799 faisons
1186 2768 1239 2798 Pa-

175 2807 256 2838 &ion
269 2808 302 2838 ἃ
316 2806 493 2839 Covenance
506 2810 648 2847 expresse,
667 2811 700 2840 &
714 2820 750 2839 en
774 2811 851 2840 bone
872 2810 955 2846 foye,
973 2809 1010 2839 de
1024 2808 1153 2847 jammais
1176 2807 1238 2851 De-

175 2846 292 2876 mandet
306 2856 322 2877 a
335 2856 405 2884 eux,
423 2856 459 2877 ne
472 2856 487 2876 a
498 2846 560 2876 lour
571 2847 674 2886 Heirs,
691 2858 726 2878 en
737 2848 929 2886 Juggement,
947 2857 982 2876 ne
1002 2847 1121 2884 debors,
1137 2846 1160 2876 la
1180 2846 1237 2876 dite

175 2883 297 2915 Somme
310 2884 346 2915 de
363 2885 474 2922 Quatre
487 2884 582 2916 Milles
598 2886 722 2924 Marcz,
743 2889 791 2924 qui
805 2887 885 2924 paiel.
900 2895 970 2915 nous
983 2885 1043 2916 sont
1056 2895 1104 2923 par
1117 2885 1141 2915 la
1157 2886 1236 2915 cause

177 2922 210 2953 &
226 2922 245 2952 si
260 2932 346 2953 come
358 2922 450 2953 deffus
464 2923 504 2953 est
518 2924 568 2953 dit.

212 2959 293 2991 Dori.
314 2971 363 3000 par
379 2960 608 3001 Tesmoignance
618 2962 654 2993 de
669 2961 765 2992 nostre
782 2962 876 2994 Grant
890 2962 969 3000 Seal,
987 2973 1003 2993 a
1021 2961 1117 2992 nostre
1138 2961 1234 3001 Paleys

175 2997 211 3030 de
224 2997 464 3038 Westmonstier,
481 3001 507 3031 le
522 3003 596 3033 xxvi.
611 3001 684 3039 Jour
696 3000 732 3031 de
741 3001 828 3040 Juyn.

27 2625 48 2646 θ
67 2628 136 2657 v11.

31 2673 93 2703 ¹53·

861 3080 915 3107 Per
928 3075 1008 3116 ipfiaem
1023 3080 1125 3115 Regem.

356 3199 404 3230 De
422 3198 552 3245 Paffirgio
568 3199 696 3246 lszbellae
713 3202 859 3247 Comitiffio
874 3200 1046 3245 Becsfordiae.

30 3295 107 3328 Arm·
123 3295 165 3327 D·
178 3283 359 3339 RIcardqr,
379 3282 436 3327 Dei
451 3282 553 3321 pratia,
575 3285 635 3312 Rex
647 3284 759 3321 Angliae
773 3285 811 3319 (ἦ)
829 3287 951 3315 Fransiae
967 3287 999 3316 &
1015 3285 1163 3331 Dominus
1175 3285 1233 3315 Hi-

251 3322 373 3359 berniae,
389 3306 496 3351 dileg‘io
516 3321 669 3352 Avunculo
686 3322 752 3359 suo,
770 3323 912 3352 Edmundo
925 3328 1020 3353 Comiti
1035 3324 1214 3360 Cantebrthae
1224 3346 1233 3360 ,

31 3343 136 3402 Αιηῃ]
176 3357 394 3390 Constabulario
416 3357 509 3389 Castri
530 3360 568 3401 sui
590 3359 748 3390 Dovorriae
761 3384 771 3398 ,
796 3362 829 3391 &
851 3361 974 3391 Custodi
996 3363 1136 3400 Qiinque
1160 3361 1234 3392 Por-

31 3416 60 3439 R.
82 3422 94 3439 2
175 3405 256 3427 tuum
269 3397 449 3435 nostrorum,
466 3397 512 3428 vel
525 3406 582 3434 ejus
594 3398 692 3428 locuni
708 3400 813 3429 tenenti
827 3399 952 3438 ibidem,
970 3399 1102 3431 Salutem.

31 3434 118 3478 Fam}-
135 3460 160 3478 ι.
212 3435 384 3466 Mandamus
398 3437 479 3466 vobis
495 3436 591 3473 quod,
609 3436 775 3467 carissimam
791 3437 917 3468 Amitam
931 3437 1074 3476 nostram,
1088 3437 1232 3477 Ifizbellam

31 3493 53 3516 R
71 3498 85 3515 2
103 3499 129 3517 m
174 3473 339 3513 Comitzffam
351 3473 534 3513 Bedefiirdiae,
550 3485 613 3513 quae
626 3475 661 3506 de
674 3475 800 3506 Licentia
814 3475 909 3506 nostra
923 3476 1014 3506 versus
1028 3476 1121 3507 Partes
1128 3478 1234 3507 Trans-

36 3511 96 3562 3',
134 3510 139 3517 “
177 3513 294 3543 marinas
308 3512 467 3550 profectura
478 3512 537 3549 est,
551 3514 580 3542 in
596 3523 654 3544 uno
668 3514 808 3544 Portuum
825 3514 1043 3553 praediciorum,
1062 3516 1152 3546 versus
1169 3515 1235 3546 Par-

174 3560 215 3582 tes
238 3551 399 3590 praediitae,
425 3561 492 3581 curn
514 3551 628 3581 Familia
649 3552 692 3583 sua
714 3553 863 3591 consueta,
888 3563 920 3583 ac
942 3553 1045 3591 Equis,
1070 3553 1175 3592 Bonis,
1198 3556 1231 3586 <Sc

176 3589 316 3621 Herneliis
329 3590 380 3620 suis
394 3589 631 3629 quibuscumque,
649 3591 735 3621 libere
748 3593 781 3622 δε
795 3592 896 3630 absque
910 3592 1117 3629 impedimento
1137 3593 1232 3631 aliquo

180 3629 292 3659 transire
313 3629 489 3667 permittatis,
510 3637 695 3666 quocumque
715 3629 855 3662 Mandato
876 3630 991 3669 nostro,
1010 3632 1091 3661 vobis
1111 3632 1185 3669 prius
1205 3632 1233 3661 in

183 3668 355 3698 contrarium
370 3666 497 3703 directo,
514 3676 575 3696 non
590 3668 727 3699 obstante.

218 3705 308 3736 Teste
329 3706 435 3743 meipso
456 3704 529 3742 apud
550 3704 858 3747 westmonasterium,
876 3708 1012 3740 vicesimo
1032 3708 1107 3738 sexto
1121 3708 1167 3738 die
1183 3707 1235 3746 Ju-

184 3743 240 3781 nii,
256 3744 344 3775 Anno
358 3743 452 3784 Regni
464 3742 552 3774 nostri
566 3745 670 3782 primo.

913 3824 965 3853 Per
979 3821 1131 3853 concilium.

1280 154 1312 195 P
1351 146 1395 195 U
1429 147 1463 196 Β
1502 144 1534 195 'L-
1572 145 1590 195 Ῐ
1625 156 1663 197 C
1699 155 1748 196 A.
2278 161 2325 199 '61

2349 241 2476 282 Ami-‚D

2366 287 2452 327 3377-

1316 329 1374 359 Pro
1403 328 1489 359 Duce
1517 329 1696 370 Britannice,
1713 326 1804 373 fhper
1828 329 1966 359 Returnis
1983 329 2150 372 Brevium,
2175 326 2211 361 de
2226 329 2283 361 non
2347 324 2404 349 Ru.
2422 329 2450 349 ²·

1710 374 1887 409 Gravando.

1271 457 1385 514 REX
1400 458 1576 527 Vigilcomiti
1591 459 1768 499 Lincolniae,
1784 461 1832 499 qui
1844 457 1923 492 nunc
1935 459 1994 499 est,
2009 459 2054 491 vel
2067 461 2117 499 qui
2132 471 2185 499 pro
2197 469 2329 501 tempore
2347 475 2399 502 An,
2417 481 2441 500 ,ἢ

1343 506 1395 527 erit
1483 505 1570 528 utem.

1316 520 1488 574 Qiere’lam,
1505 535 1600 565 dileeci
1619 536 1653 566 &
1674 534 1760 566 fidelis
1780 535 1883 574 nostri,
1908 535 2048 575 Johannis
2066 539 2150 567 Ducis
2174 541 2330 570 Britannias
2342 517 2433 587 {lat-ff

1270 573 1303 604 &
1317 573 1442 604 Comitis
1454 573 1675 604 Richemondiae
1690 574 1845 612 recepimus
1859 576 2073 612 continentem,
2353 600 2361 617 ¹
2386 593 2407 616 R
2432 595 2460 617 24

1309 612 1418 650 Quod,
1437 611 1501 642 licet
1515 612 1571 648 ipse
1585 613 1618 642 δε
1632 611 1775 649 Johannes
1810 622 1900 651 nuper
1912 612 1983 644 Dux
1997 612 2148 644 Britanniae
2167 615 2201 646 &
2223 614 2331 647 Comes
2346 638 2372 656 m
2394 633 2427 662 4¹

1271 647 1509 688 Richernundiae,
1528 650 1561 680 &
1582 659 1684 679 omnes
1705 651 1751 681 alii
1773 635 1905 681 Comites
1918 651 2043 690 ibidem,
2060 652 2168 691 semper
2179 653 2333 694 haetenus,
2375 650 2380 657 ’
2434 648 2441 654 ’

1270 696 1286 721 ,a
1307 697 1438 728 tempore
1458 698 1517 726 quo
1539 697 1599 719 non
1618 696 1693 719 exrat
1717 690 1873 726 memoria,
1892 690 2037 720 habuerint
2052 692 2085 721 ὃς
2101 691 2201 721 habere
2215 693 2335 723 consue-

1272 728 1362 756 verint
1384 726 1514 757 Retorna
1536 726 1668 756 omnium
1691 724 1824 758 Brevium
1846 726 2010 758 nostrorum
2056 729 2089 759 ὅ(
2110 728 2334 766 progenitorum

1272 763 1436 794 nostrorum
1451 786 1462 801 ,
1488 764 1634 802 quondam
1656 763 1773 803 Regum
1793 765 1905 803 Angliae
1923 789 1932 801 ,
1956 767 1989 796 &
2010 750 2199 798 fixecutiones
2218 778 2333 799 eorum-

1272 800 1340 833 dem
1354 802 1422 832 infra
1437 805 1572 832 Honorem
1591 801 1786 832 Richemundiae
1808 806 1838 832 in
1858 807 1993 832 Comztatu
2013 804 2178 844 Lincolniae,
2195 808 2232 836 ita
2253 806 2335 844 quod

1273 841 1365 871 nullus
1380 839 1568 879 vicecomes,
1586 848 1632 871 aut
1651 840 1717 871 alius
1739 840 1872 879 Ballivus,
1889 841 1934 872 seu
1956 841 2090 872 Minister
2105 843 2210 880 Regius
2229 844 2335 876 Hono-

1272 888 1334 909 rem
1348 878 1427 909 illurn
1441 878 1627 916 ingrediatur,
1644 879 1678 909 ad
1693 878 1881 910 Executiones
1895 881 2063 910 eorumdem
2080 880 2212 912 Brevium
2227 883 2334 914 ibidem

1275 916 1414 947 faciendas
1427 940 1436 955 ,
1466 917 1515 947 nifi
1541 918 1572 946 in
1593 916 1718 948 Defeecu
1740 918 1865 948 Comitis
1887 917 2106 948 Richemundiae
2128 929 2181 956 pro
2204 930 2333 958 tempore

1275 954 1434 1024 girgtspentss,
1447 963 1493 986 aut
1506 955 1677 986 Ballivorum
1691 957 1735 986 seu
1752 954 1955 986 Ministrorum
1971 956 2084 987 suorum
2097 956 2227 987 Honoris
2243 960 2335 996 supra-

1297 1003 1305 1023 ι
1337 1004 1345 1023 1

1312 1016 1392 1062 Ide'rn
1410 1040 1505 1062 tamen
1527 1041 1604 1064 nunc
1623 1030 1732 1062 Comes
1748 1056 1757 1070 ,
1782 1042 1841 1070 quo
1864 1033 1955 1062 minus
1973 1032 2131 1071 hujusmodi
2152 1033 2279 1064 Retorna
2302 1035 2335 1066 ὃς

1276 1069 1482 1109 Executiones‚
1497 1070 1569 1100 infra
1589 1069 1742 1100 Honorem
1763 1071 1944 1109 praedidlum,
1969 1072 1998 1100 in
2021 1070 2168 1101 Comitatu
2187 1072 2339 1110 praedieto,

1276 1109 1378 1139 habere
1392 1108 1492 1146 possit,
1511 1119 1560 1147 per
1574 1108 1680 1147 aliquos
1695 1108 1846 1139 Ministros
1866 1108 1993 1147 nostros,
2011 1110 2043 1139 &
2064 1110 2207 1140 dietorum
2229 1108 2338 1148 Proge-

1277 1148 1403 1177 nitorum
1427 1146 1607 1184 nostrorum,
1632 1147 1730 1186 saepius
1750 1147 1899 1184 impeditus
1920 1148 2022 1184 exntit,
2042 1147 2137 1186 aliquo
2159 1147 2286 1178 Defeetu
2308 1150 2338 1179 in

1277 1185 1353 1222 ipso,
1372 1195 1448 1216 nunc
1465 1184 1599 1223 Comite,
1617 1185 1662 1216 seu
1681 1185 1817 1215 Ministris
1831 1185 1899 1223 suis,
1918 1194 1948 1216 ut
1962 1186 2072 1223 afferit,
2091 1196 2151 1216 non
2166 1196 2337 1225 comperto,

1279 1225 1307 1253 in
1323 1223 1421 1261 ipsius,
1440 1234 1517 1254 nunc
1532 1223 1673 1262 Comitis,
1691 1233 1775 1262 grave
1791 1223 1959 1262 Dampnum
1975 1224 2008 1254 &
2025 1223 2262 1255 Exhaei'edationis
2283 1227 2338 1256 suae

1278 1262 1436 1299 periculum
1453 1262 1649 1300 manifestum,

1316 1299 1408 1330 Unde
1423 1301 1504 1330 nobis
1517 1301 1681 1341 supplicavit
1695 1299 1744 1330 fibi
1757 1310 1807 1338 per
1821 1299 1891 1331 Nos
1905 1300 2078 1331 Remedium
2092 1301 2233 1339 adhiberi,

1316 1337 1385 1368 Nos
1405 1339 1544 1375 (nolentes
1569 1339 1703 1377 praefato,
1732 1349 1810 1369 nunc
1831 1338 1961 1377 Comiti,
1986 1340 2105 1377 injuriari
2126 1341 2156 1369 in
2179 1340 2232 1370 hac
2250 1340 2338 1378 parte)

1279 1377 1331 1406 tibi
1354 1378 1532 1414 praecipimus
1554 1377 1635 1415 quod
1658 1378 1767 1415 ipsum,
1788 1387 1864 1408 nunc
1879 1377 2044 1416 Comitem,
2064 1378 2191 1409 Retorna
2206 1380 2339 1409 omniurn

1280 1414 1413 1444 Brevium
1434 1416 1617 1454 nostrorum,
1635 1416 1668 1446 &
1691 1415 1881 1446 Executiones
1905 1415 2090 1454 eorumdem,
2112 1416 2182 1447 infra
2204 1418 2340 1447 Honorem

1274 1453 1451 1492 praedic‘i‘um,
1468 1457 1497 1483 in
1520 1457 1660 1484 Comitatu
1676 1455 1822 1492 praedielo,
1841 1453 1942 1484 habere
1965 1456 2104 1492 permittas
2123 1454 2193 1486 adeo
2215 1455 2340 1501 plenarie

1280 1491 1314 1522 &
1336 1493 1462 1531 integre,
1484 1501 1516 1522 ac
1538 1491 1642 1522 eodem
1660 1491 1768 1530 modo,
1792 1492 1861 1522 sicut
1881 1502 1912 1522 ea
1931 1493 2034 1523 habere
2053 1493 2155 1531 debet,
2171 1493 2282 1532 ipseque
2303 1494 2339 1525 &

1279 1539 1381 1560 omnes
1401 1530 1445 1560 alii
1465 1529 1596 1561 Comites
1615 1529 1835 1560 Richemundiae
1855 1529 1979 1568 praedicti
1992 1553 2002 1569 ,
2027 1531 2061 1561 &
2082 1541 2182 1561 eorum
2204 1532 2339 1599 Ἡιῦὼεε,

1281 1568 1350 1598 dum
1367 1566 1549 1599 Comitatum
1563 1568 1784 1599 Richemundiae
1795 1567 1953 1599 habuerunt
1973 1569 2007 1600 &
2029 1577 2192 1607 tenuerunt,
2243 1580 2339 1601 etorna

1280 1607 1314 1638 &
1328 1606 1516 1637 Executiones
1530 1606 1663 1646 praedffla
1673 1606 1782 1644 semper
1795 1606 1929 1646 haerentis
1942 1617 1958 1637 a
1979 1607 2108 1645 tempore
2128 1607 2264 1644 praedicto
2284 1609 2340 1638 ibi-

1279 1645 1346 1675 dem
1363 1645 1559 1676 rationabiliter
1572 1645 1674 1675 habere
1686 1644 1910 1683 consueverunt,
1927 1645 2016 1683 ipsum
2043 1655 2120 1676 nunc
2142 1645 2292 1677 Comitem
2310 1648 2339 1676 in

1278 1684 1331 1714 hac
1347 1692 1424 1723 parte
1436 1693 1496 1714 nori
1509 1683 1659 1714 molestans
1671 1683 1796 1713 indebite
1812 1683 1868 1713 five
1880 1692 2006 1722 gravans.

1313 1722 1403 1754 Teste
1415 1721 1497 1761 Rege
1508 1721 1581 1760 apud
1596 1721 1884 1753 Westmonasterium
1890 1744 1901 1760 ,
1921 1722 2063 1752 tricesimo
2074 1721 2120 1752 die
2130 1721 2217 1759 Junii.

1952 1799 2004 1827 Per
2024 1797 2177 1828 Concilium.

1986 1876 2028 1904 Et
2046 1882 2107 1905 erat
2124 1877 2235 1905 Putem,

1278 1999 1306 2028 ὅ*
1330 2005 1380 2037 De
1402 1999 1566 2035 ordinando
1583 2010 1640 2047 pro
1668 1999 1838 2044 Definfione
1866 1998 2052 2042 Costerarum
2074 2011 2177 2032 contra
2196 2001 2336 2034 Gallicos.
2353 2005 2368 2021 ⁶
2382 2006 2450 2033 VII.

2359 2052 2419 2078 154.

1274 2085 1389 2145 REX
1412 2085 1562 2118 Univerfis
1581 2085 1615 2116 &
1635 2084 1745 2122 singulis
1766 2084 1918 2122 Dominis,
1938 2083 2096 2123 Militibus,
2116 2084 2286 2124 Armigeris,
2304 2087 2337 2117 &
2355 2077 2485 2111 Α1111.Ῑ)ὃ

1347 2126 1571 2164 quibuscumque
1590 2123 1647 2154 aliis
1670 2124 1699 2153 in
1713 2123 1864 2154 Comitatu
1879 2122 1994 2154 Kantiae
2004 2125 2064 2153 tam
2080 2123 2150 2154 infra
2166 2123 2335 2163 Libertates,
2374 2127 2460 2158 1377.

1274 2165 1362 2202 quam
1377 2173 1467 2202 exrra,
1484 2163 1518 2194 ad
1534 2172 1623 2201 qum,
1637 2163 1697 2193 &c.
1717 2161 1849 2192 Salutem.
2351 2162 2405 2185 Aa.
2426 2168 2448 2185 i.

1313 2203 1391 2240 Quia
1411 2212 1464 2242 pro
1485 2211 1564 2232 certo
1583 2201 1732 2231 didicimus
1753 2201 1832 2238 quod
1853 2199 1965 2230 Inimici
1981 2199 2068 2230 nostri
2084 2199 2227 2239 Franciae,
2245 2201 2279 2231 &
2292 2201 2335 2233 alii
2350 2200 2379 2223 R.
2399 2206 2425 2223 2·

1275 2240 1324 2271 fibi
1340 2241 1538 2278 Adhaerentes,
1555 2239 1626 2270 infra
1641 2237 1822 2269 Comitatum
1837 2237 2023 2276 praediifturn,
2043 2248 2111 2268 curn
2137 2248 2237 2277 magna
2259 2239 2334 2269 mul-
2347 2238 2405 2262 Par,
2426 2243 2450 2263 1·

1272 2278 1391 2310 titudine
1406 2279 1607 2315 Armatorum,
1626 2276 1762 2308 hostiliter
1775 2276 1908 2314 Navigio
1920 2277 2129 2315 applicuerunt,
2146 2278 2179 2307 ὅ(
2193 2278 2220 2308 se
2240 2286 2333 2314 pararit
2348 2276 2377 2299 R.
2389 2278 2447 2309 24³·
2462 2281 2484 2301 ¹·

1275 2318 1309 2347 ad
1329 2318 1397 2348 Nos
1413 2319 1447 2349 δε
1470 2317 1574 2356 Ligeos
1597 2315 1708 2346 nostros
1728 2325 1781 2353 pro
1800 2316 1903 2346 viribus
1926 2314 2145 2353 destruendum,
2161 2316 2211 2346 nisi
2234 2325 2336 2347 eorum
2348 2320 2383 2338 m·
2400 2320 2443 2344 27-

1274 2356 1411 2394 Malitiae,
1430 2356 1500 2386 Deo
1515 2355 1679 2392 adjuvante,
1698 2355 1806 2385 virilius
1824 2352 1984 2390 obsistatur,

1311 2394 1503 2425 oneravimus
1517 2395 1551 2425 δε
1565 2393 1776 2433 assignavimus,
1794 2391 1976 2423 Carissimum
1994 2391 2177 2422 Avunculum
2197 2391 2340 2431 nostrum,

1273 2434 1447 2463 Edmundum
1476 2436 1604 2462 Comitem
1634 2431 1814 2468 Cantebrigiae
1829 2453 1838 2468 ,
1869 2429 2117 2460 Constabularium
2137 2429 2231 2460 Castri
2251 2432 2339 2462 nosti-i

1274 2471 1436 2509 Dovorrae,
1456 2480 1587 2508 necnon,
1606 2469 1724 2500 (111εᾶ05
1739 2470 1773 2501 ὃς
1787 2469 1879 2499 fideles
1901 2468 2028 2505 nostros,
2048 2468 2225 2498 Willzelmum
2246 2473 2340 2509 Laty-

1275 2521 1347 2548 mer,
1371 2510 1530 2548 Jolmnnem
1553 2509 1585 2538 de
1603 2508 1721 2537 cobham
1741 2508 1777 2538 de
1800 2507 1893 2545 Kent,
1921 2507 2080 2545 Johannem
2099 2508 2131 2536 de
2152 2507 2283 2546 Clynton,
2303 2510 2337 2540 &

1273 2548 1437 2587 Stephanum
1460 2549 1492 2577 de
1513 2547 1640 2584 Valente,
1668 2547 1862 2584 conjunctim,
1889 2546 1922 2576 &
1943 2545 2071 2583 divisim,
2090 2545 2123 2575 ad
2147 2546 2338 2576 ordinandum

1273 2589 1307 2618 δε
1322 2587 1527 2624 disponendum
1541 2595 1592 2623 pro
1605 2585 1771 2615 Refistentia
1788 2584 1974 2615 lnimicorum
1997 2583 2163 2614 nostrorum
2187 2584 2338 2622 praedicto-

1275 2636 1356 2664 rum,
1374 2635 1406 2654 ac
1420 2635 1473 2662 pro
1490 2624 1638 2654 salvatione
1651 2624 1684 2654 ὃ(
1699 2623 1859 2653 defensione
1878 2621 2060 2652 Costerarum
2083 2621 2246 2652 Comitatus
2267 2632 2339 2660 prae-

1273 2664 1359 2701 dieti,
1378 2663 1552 2693 securiori&
1567 2662 1678 2692 meliori
1699 2661 1790 2692 modo
1811 2671 1870 2699 quo
1890 2669 2040 2699 poterunt,
2054 2660 2132 2699 juxta
2157 2661 2339 2692 discretiones

1272 2706 1330 2732 luas

1310 2725 1348 2772 E}
1371 2740 1404 2770 ad
1426 2739 1637 2777 quoscumque,
1656 2736 1820 2769 Comitatus
1841 2736 1990 2775 praediffl,
2005 2738 2064 2768 tam
2088 2736 2157 2767 infra
2179 2737 2337 2768 Libertates

1272 2780 1358 2817 quam
1372 2787 1464 2815 extra,
1479 2777 1680 2815 cujuscumque
1696 2775 1788 2807 Status
1801 2777 1846 2807 seu
1863 2774 2047 2806 Conditionis
2061 2775 2180 2812 fuerint,
2198 2776 2231 2805 ad
2254 2776 2335 2805 Resi-

1276 2817 1407 2848 stendum
1421 2816 1504 2847 dietis
1520 2816 1645 2846 Inimicis
1657 2814 1759 2845 nostris
1781 2815 1815 2845 &
1836 2823 1939 2844 eorum
1960 2812 2097 2849 Malitiae,
2115 2814 2247 2850 quotiens
2265 2823 2337 2851 opus

1273 2856 1373 2894 fuerit,
1398 2856 1456 2885 tam
1478 2864 1528 2892 per
1548 2853 1804 2884 incarcerationem
1826 2851 1994 2891 Corporum
2014 2851 2146 2888 suorum,
2174 2851 2259 2889 quam
2281 2852 2337 2882 alio

1273 2894 1379 2932 modo,
1399 2893 1533 2930 compelli
1548 2894 1581 2923 &
1597 2891 1725 2928 distringi
1736 2890 1916 2927 faciendum,
2130 2927 2136 2933 .

1307 2932 1344 2963 Et
1358 2932 1425 2962 ideo
1441 2931 1542 2968 vobis,
1560 2931 1593 2961 &
1610 2929 1726 2960 cuilibet
1737 2927 1885 2966 vestrum,
1903 2927 1983 2964 super
2009 2925 2154 2965 Ligeantia
2173 2926 2280 2965 vestra,
2299 2928 2333 2958 &

1270 2972 1320 3002 sub
1336 2970 1522 3001 Forisfaetura
1534 2969 1665 2998 omnium
1682 2976 1747 3005 quae
1770 2967 1853 2996 nobis
1875 2965 2036 2996 forisfacere
2055 2966 2193 3003 poteritis,
2212 2966 2334 3004 injungi-
2391 2984 2403 2998 0

1269 3020 1332 3040 mus
1350 3010 1384 3041 &
1404 3007 1567 3038 mandamus
1587 3005 1668 3043 quod
1687 3004 1790 3035 eisdem
1806 3026 1816 3042 ‚
1841 3007 1938 3033 Comiti
1952 3026 1962 3041 ,
1988 3003 2134 3033 Willielmo
2150 3026 2161 3041 ,
2187 3003 2330 3042 Johanni,

1264 3048 1419 3087 stephano,
1439 3048 1473 3077 &
1485 3044 1630 3084 Johanni,
1648 3045 1682 3075 ὃ(
1696 3050 1796 3073 eorum
1810 3042 1944 3079 cuilibet,
1960 3043 1988 3071 in
2003 3043 2136 3072 omnibus
2148 3043 2181 3072 ὃς
2203 3042 2330 3079 lingulis,

1269 3097 1332 3125 quse
1354 3085 1553 3116 Resistentiam
1575 3081 1719 3113 diciorum
1739 3080 1926 3111 Inimicorum
1948 3079 2132 3118 nostrorum,
2149 3080 2182 3110 &
2197 3080 2331 3111 Salvatio-

1271 3135 1338 3156 nem
1360 3125 1392 3155 ὅ(
1415 3122 1618 3153 Defenfionem
1643 3118 1806 3150 Comitatus
1827 3120 1860 3150 &
1877 3118 2002 3148 Partium
2016 3118 2123 3148 illarum
2136 3128 2332 3155 concernunt,

1269 3165 1316 3195 vel
1336 3169 1509 3194 concernere
1527 3166 1679 3196 poterunt,
1696 3159 1728 3188 &
1753 3166 1836 3195 prout
1857 3157 1922 3194 ipsi,
1943 3157 1988 3187 vel
2008 3166 2110 3186 eorum
2132 3157 2243 3194 aliquis,
2261 3166 2329 3193 vos,

1269 3203 1316 3233 vel
1327 3202 1448 3239 aliquem
1462 3195 1608 3235 vestrum,
1625 3206 1660 3227 ex
1676 3205 1751 3234 parte
1764 3194 1860 3225 nostra
1876 3196 2044 3231 praemunire
2057 3195 2173 3225 fecerint
2189 3194 2242 3236 vel.
2253 3194 2327 3224 fece-

1269 3243 1319 3279 rit,
1338 3240 1373 3270 de
1387 3246 1514 3275 tempore
1528 3237 1557 3264 in
1570 3244 1698 3273 tempus,
1720 3233 1855 3271 Pareatis,
1873 3232 2035 3270 Obediatis,
2053 3235 2085 3264 δε
2107 3231 2276 3270 Intendatis,
2292 3233 2327 3263 &

1269 3281 1307 3310 eis
1325 3277 1509 3308 Consulentes
1522 3274 1574 3304 fitis
1589 3273 1622 3305 &
1637 3271 1816 3303 Auxiliantes.

1306 3317 1432 3385 In‘f'g'i’llg
1441 3314 1529 3390 ’Ricgce
1540 3349 1613 3387 apud
1628 3347 1916 3380 Westmonasterium
1924 3370 1934 3385 ‚
1952 3345 2095 3378 tricesimo
2111 3345 2157 3375 die
2167 3345 2254 3383 Junii.

1740 3431 1794 3459 Per
1808 3426 1888 3466 ipfitm
1902 3429 1996 3464 Regem
2011 3424 2048 3460 ό
2063 3424 2216 3454 Concilium.

1616 3573 1661 3603 De
1680 3569 1804 3604 orando
1819 3580 1874 3614 pro
1893 3571 1979 3614 Rege.

1323 3662 1398 3698 Ex,
1417 3656 1575 3689 Venerabili
1596 3658 1624 3686 in
1646 3655 1761 3686 Christo
1783 3655 1857 3684 Patri
1897 3655 1924 3682 S.
1943 3651 2039 3682 eadem
2061 3652 2163 3690 gratia,
2182 3652 2326 3691 Archiepi-
2340 3650 2416 3682 Ann.
2433 3649 2474 3681 D.

1268 3665 1322 3720 R
1342 3704 1408 3738 (copo
1421 3694 1626 3734 Cantuarienfi,
1644 3696 1728 3724 totius
1742 3693 1851 3732 Anglice
1865 3676 1998 3734 13111111ςί,
2016 3690 2148 3734 Salutem.
2217 3730 2221 3734 ι
2246 3730 2251 3735 .
2369 3697 2454 3730 1377.

1335 3736 1427 3769 ‘rianio
1442 3761 1451 3772 ,
1478 3737 1505 3764 in
1528 3736 1638 3770 magnis
1658 3733 1689 3762 δε
1713 3731 1802 3761 arduis
1823 3729 1987 3769 peragendis
2012 3728 2168 3772 Negotii3‚
2194 3728 2323 3760 divinum
2343 3734 2394 3756 Aa.
2417 3740 2439 3756 i.

1268 3778 1427 3815 praesidium
1443 3773 1583 3804 instantius
1597 3772 1630 3801 &
1643 3770 1772 3801 devotius
1786 3770 1968 3806 imploratur,
1986 3769 2065 3797 tanto
2079 3766 2182 3797 exinde
2203 3767 2323 3805 speratur
2341 3772 2370 3795 R.
2392 3777 2417 3794 2.

1269 3816 1417 3846 Successiis
1430 3811 1582 3849 prosperior
1596 3812 1629 3840 ὀε
1643 3808 1750 3839 felicior
1767 3809 1923 3845 provenire.
1948 3846 1951 3849 Ι
2083 3844 2084 3847 ¹
2343 3805 2429 3839 Claus.
2453 3808 2475 3830 r.

1306 3853 1385 3883 Cum
1406 3853 1513 3888 itaque,
1538 3848 1651 3878 celebris
1672 3849 1834 3884 memoriae,
1860 3845 2006 3875 Dominus
2027 3843 2183 3873 Edwardus
2202 3868 2212 3881 ‚
2235 3855 2324 3882 nuper
2343 3848 2371 3870 R.
2393 3853 2418 3869 2.
2439 3850 2474 3867 m.

1269 3896 1329 3922 Rex
1352 3889 1478 3926 Auglzae,
1496 3888 1573 3916 Avus
1594 3885 1706 3923 noster,
1726 3886 1773 3923 iit,
1798 3894 1827 3915 ut
1850 3886 1895 3922 pie
1911 3881 2102 3926 confidimus,
2116 3882 2158 3925 ⁴ad
2180 3882 2323 3921 Requiem
2343 3891 2385 3917 39.
2405 3881 2429 3908 d.

1269 3939 1419 3964 evocatus,
1439 3929 1469 3957 ὃς
1484 3927 1516 3955 ad
1532 3934 1631 3955 nutum
1642 3923 1764 3953 Domini
1780 3925 1853 3953 viani
1871 3921 2098 3951 universaecarnis
2113 3921 2268 3964 ingressus,
2282 3924 2326 3959 δε,

1268 3979 1317 4007 per
1342 3965 1496 3997 Decessum
1520 3964 1616 4000 suurn,
1642 3972 1728 3991 onere
1752 3961 1910 3999 Regiminis
1932 3959 2026 4003 Regni
2049 3958 2162 4002 Angliae
2179 3961 2260 3990 nobis
2282 3962 2326 3989 in-

1267 4007 1436 4041 cumbente,
1455 4003 1522 4032 sicut
1537 4002 1623 4037 sciris,
1643 4000 1753 4030 Inimici
1770 4000 1858 4028 nostri
1876 3999 2019 4035 Franciae,
2037 3997 2129 4040 &3¹¹¹
2150 3998 2327 4035 quamplures

1267 4046 1317 4075 libi
1338 4044 1534 4078 Adhaerentcs,
1553 4041 1582 4070 in
1604 4040 1712 4078 Regno
1734 4037 1832 4105 nfistro
1855 4035 1992 4074 praedicto
2011 4035 2222 4075 applicuerunt,
2238 4034 2327 4103 &Nad

1798 4085 1811 4115 3
2297 4080 2330 4101 os
