2561 4251
77 170 156 203 Arm.
172 172 213 203 D.
225 185 299 214 gna,
319 175 350 206 &c
367 182 467 204 omnes
483 170 544 201 alias
558 168 661 198 Terras
676 165 800 202 nostras,
819 173 853 208 ac
867 164 965 193 omnia
978 163 1012 193 &
1030 160 1134 204 fingula
1150 160 1227 191 Bona
1241 170 1294 190 no-
1331 156 1384 187 dos
1396 179 1405 195 ‚
1429 156 1473 187 vel
1495 156 1617 201 aliquem
1637 165 1756 194 eorum,
1780 160 1899 201 quoquo
1919 156 2010 189 modo
2032 158 2155 190 minime
2173 167 2326 197 revocare,
2348 145 2547 197 necAnnJD.

100 212 185 251 1366.
227 214 297 252 stra,
318 212 440 243 Mobilia
455 212 487 241 &
503 205 685 242 Immobilia,
700 203 851 234 Praesentia
865 203 898 233 ὗε
913 201 1033 238 Futura,
1049 200 1224 237 ubicumque
1239 199 1291 229 sirit
1329 204 1429 226 contra
1442 195 1599 240 praemiffa,
1617 194 1664 226 vel
1676 204 1777 225 eorum
1791 196 1898 234 aliqua,
1912 196 2045 237 dejure,
2063 197 2109 230 vel
2121 197 2157 229 de
2172 197 2280 237 Facto,
2300 199 2393 232 facere
2428 204 2507 244 1366
2533 192 2560 215 ·,.

77 252 146 280 HU-
166 261 192 288 3-
227 254 260 284 &
277 259 459 291 quocumque
473 246 588 278 nomine
604 243 776 275 censeantur.
1040 277 1045 283 ι
1325 234 1370 264 vel
1386 244 1490 264 venire.
1626 272 1631 277 1
2405 243 2476 273 Ἐάν.
2497 228 2514 283 3·
2556 265 2557 269 Ἰ

260 288 461 330 Juramiisque,
480 285 513 315 ad
529 284 633 314 Sancta
649 282 706 312 Dei
720 279 888 319 Evangelia,
906 277 1089 317 corporaliter
1102 286 1151 315 per
1166 276 1234 307 Nos
1249 283 1289 307 ta·
1363 272 1399 303 In
1415 282 1538 311 quorum
1552 281 1685 315 omnium
1697 271 1731 302 &
1746 271 1920 312 singulorum
1936 273 2152 307 Praemissorum
2167 275 2382 308 Testimonium
2515 266 2522 275 “
2552 279 2555 282 ’

225 330 289 367 ‹ft-a,
315 330 346 359 &
368 326 573 364 promittimus,
598 323 627 351 iii
646 320 725 351 bona
743 319 814 356 fide,
831 318 864 348 &
886 319 916 346 in
938 317 1029 347 verbo
1048 315 1162 355 Regio,
1189 323 1290 346 contra
1328 312 1362 342 &
1384 311 1424 356 ad·
1440 311 1564 351 ipsorum
1587 320 1725 349 majorem
1747 310 1940 349 Firmitatem,
1959 312 2011 342 hiis
2029 314 2209 352 praesentibus
2231 325 2283 346 nos
2303 300 2396 346 mam}

227 365 385 406 praemiss'a,
402 363 447 393 vel
469 363 560 400 aliqua
577 359 765 396 eorumdem,
783 366 832 395 per
851 355 937 393 Nos,
955 355 1002 386 vel
1021 353 1124 394 aliurn,
1141 355 1188 385 seu
1203 354 1290 392 alios,
1327 350 1443 388 propria
1464 349 1672 388 subscripsimus
1686 372 1696 389 ,
1729 350 1763 382 &
1784 349 1888 380 eisdem
1908 350 2037 390 Sigillum
2057 351 2188 384 nostrum
2210 354 2242 386 in
2259 354 2395 395 pendenti

227 407 311 437 tacite
325 403 370 433 vel
386 401 528 439 expresse,
546 396 753 437 quoquomodo
769 405 830 425 non
842 395 933 425 facere
948 394 994 424 vel
1007 395 1112 424 venire.
1328 389 1462 420 duximus
1474 388 1694 430 apponendum,
1800 418 1805 425 ι

263 444 321 473 Pro
340 440 440 478 quibus
463 439 609 470 Omnibus
631 438 664 466 &
687 434 830 472 Singulis,
848 433 885 464 sic
900 432 1067 472 Tenendis,
1086 431 1291 470 Complendis,
1365 428 1385 448 ³¹⁵
1400 426 1551 467 Volentes,
1574 428 1607 458 &
1626 427 1834 468 concedentes,
1859 438 1893 460 ac
1911 429 1997 460 etiarn
2017 430 2186 468 requirentes
2206 442 2260 463 vos
2295 430 2393 473 Magi·
2406 442 2426 463 a:
2494 452 2497 455 -

228 484 262 514 ὃς
287 479 483 510 inviolabiliter
505 474 709 511 ObservandiS,
730 473 923 512 supponimus
946 473 979 503 δε
995 471 1195 502 Submittimus
1209 471 1292 501 Nos-
1330 466 1419 497 strum
1432 466 1597 505 Johannem
1616 466 1652 498 de
1672 466 1799 498 London
1814 490 1824 506 ‚
1849 466 2004 499 Publicum
2026 469 2204 500 Audtoritate
2222 455 2392 509 Ap’ostolica
2404 447 2495 522 53qu

73 1301 89 1316 ¹*
113 1302 166 1329 vi.

73 1348 140 1375 530·

228 519 337 557 ipsum,
356 517 509 554 Haeredes,
527 518 559 547 ἃ
575 512 757 545 Successores
770 510 898 550 nostros,
919 511 1020 579 Reigna
1033 510 1128 540 nostra
1141 510 1291 549 praedicta,

225 561 259 589 &
279 566 380 587 omnes
398 556 459 586 alias
481 556 583 584 Terras
605 552 727 588 nostras,
743 560 777 581 ac
793 551 892 581 omnia
909 550 943 580 &
973 549 1071 586 ingula
1086 548 1164 579 Bona
1180 549 1291 587 nostra,

226 596 349 626 Nobilia
364 596 396 626 ὃς
414 593 593 629 immobilia,
605 590 760 621 ‘Praesentia
773 590 807 621 &
822 589 938 626 Futura,
953 587 1156 626 Juridi&ioni,
1177 587 1290 618 Coher-

227 636 313 672 timii,
334 636 366 666 ὃς
389 632 588 670 Compulsioni
610 630 709 660 Curiae
729 627 861 658 Camerae
883 627 1007 657 Domini
1030 625 1120 656 nostri
1137 626 1240 664 Papae,
1257 627 1291 657 &

225 683 282 711 ejus
303 673 457 703 Camerarii
471 694 481 709 ,
507 670 668 706 Audstoris,
692 666 913 706 Viceauditoris,
936 664 1146 703 Commissarii,
1173 667 1207 698 ὃς
1229 666 1291 696 Lo-

222 713 451 743 cumtenentiuni
465 710 546 749 ipsius
553 732 563 748 ,

259 750 394 780 Volentes
415 750 448 779 ὃς
469 748 673 779 consentientes
695 755 742 783 per
763 744 856 775 dictos
877 741 1089 774 Ecclefiasticos
1098 742 1229 782 judices,
1244 742 1291 773 vel

220 799 323 819 eorum
347 789 570 825 Locatenentes,
588 785 634 816 ieu
657 794 757 815 eorum
781 784 918 819 alterum,
939 783 1008 824 cogi
1032 783 1065 813 &
1087 781 1238 821 compelli,
1255 781 1291 812 ad

221 827 470 865 Solutionem,seu
485 826 656 862 Solutiones,
665 834 713 861 per
727 822 795 852 Nos
809 821 967 858 hujusmodi
981 820 1130 858 iaciendas,
1139 820 1290 851 Sententiis

224 866 568 898 Excommunicationum
577 887 586 902 ,
595 862 818 902 Agravationum
827 883 836 898 ,
845 862 877 890 &
892 859 1122 889 interdictionum
1131 870 1140 897 ¹,
1148 859 1183 889 ita
1199 859 1290 897 quod,

637 69 1462 122 CONVENTIONES,

1521 68 1919 122 LITERAE,

1329 505 1506 549 Notarium,
1520 507 1665 550 quatinuS,
1682 505 1717 536 ad
1737 514 1903 544 perpetuam
1920 508 2053 538 omnium
2078 508 2112 539 &
2131 507 2305 547 singulorum
2320 520 2394 549 prae-

1330 543 1478 588 missorum
1501 554 1670 589 memoriam
1680 567 1689 582 ,
1705 543 1782 583 Vos,
1800 554 1868 576 cum
1880 546 2060 584 praesentibus
2073 545 2227 586 Teffibus,
2244 548 2396 582 subscriba-

1329 591 1360 614 tis
1395 583 1600 622 praesentesque
1616 582 1722 613 Literas
1736 584 1830 621 Signo
1843 584 1939 615 vestro
1953 585 2036 617 solito
2050 586 2231 625 consignetis.

1367 607 1478 667 Datum
1497 622 1571 666 apud
1592 621 1778 666 Liborniam,
1799 621 1940 653 Dioecesis
1960 624 2185 663 Burdegaleniis,
2203 624 2250 656 die
2262 625 2396 658 vicefima

1329 669 1409 692 tertia
1429 660 1536 691 Mentis
1555 660 1743 699 Septembris,
1762 660 1851 691 Anno
1872 661 1996 693 Domini
2017 662 2194 703 Millefimo,
2219 664 2396 697 Trecentesi-

1329 710 1398 739 mo,
1413 699 1592 739 Sexagesimo
1606 699 1691 730 sexto.

1763 776 1949 808 Praesentibus
1956 800 1969 816 ,

1367 853 1574 885 Praecariffimo
1590 852 1810 894 Consanguineo
1825 854 1925 885 nostro
1938 878 1947 894 ,

224 905 301 950 nulla
326 901 668 949 Monitione-lCanoi-iica
690 901 734 947 vel
754 898 981 942 alia-pizemissa,
1003 898 1127 936 praefati,
1152 897 1292 928 Camera-
1342 932 1347 937 .
1367 896 1483 923 Domino
1506 892 1639 937 Johapne
1674 895 1749 938 Duce
1767 893 1960 937 Lancastriae,
1979 893 2095 926 Illustris
2117 893 2210 935 Regis
2224 894 2337 936 Angliae
2349 895 2398 929 Fi-

225 954 298 983 nus,
314 944 449 980 Auditor,
472 941 669 977 Viceauditor,
695 938 932 981 Commiilarius,
956 937 988 979 βε
1011 935 1238 975 Locatenentes,
1256 937 1290 967 ὃς
1329 931 1384 967 110,
1404 942 1438 962 ac
1455 932 1550 963 Fratre
1565 931 1633 962 dieti
1647 916 1791 970 {Principis
1807 943 1817 961 .-

224 992 327 1013 eorum
343 983 476 1021 quilibet,
493 980 613 1021 posfint,
632 980 665 1009 &
681 978 782 1015 possit,
801 976 877 1015 lapsis
894 975 975 1005 dictis
988 974 1150 1013 Terminis,
1168 975 1202 1005 &
1217 984 1291 1013 quo-
1364 969 1420 1009 Et,

223 1022 294 1051 libet
317 1023 439 1061 ipsorum
459 1023 467 1057 (
480 1030 550 1058 quos
565 1020 598 1051 ὅ(
615 1027 716 1048 eorum
730 1015 887 1053 quemlibet
902 1024 956 1052 pro
971 1013 1179 1051 perhemptoria
1194 1015 1227 1044 &
1243 1024 1290 1045 ca-

221 1060 327 1090 nonici
344 1059 512 1090 Monitione
526 1058 679 1096 specialiter
693 1055 788 1085 haberi
803 1053 936 1084 volumus
950 1053 982 1083 ὃς
996 1052 1148 1089 habemus)
1166 1053 1194 1081 iii
1210 1052 1289 1090 Nos,

221 1097 535 1129 Excommunicationis
557 1098 590 1127 &
612 1094 830 1134 Agravatiouis,
847 1091 881 1122 &
901 1091 980 1122 dicta
1002 1090 1105 1130 Regna
1126 1089 1238 1129 nostra,
1254 1091 1288 1121 &

221 1147 325 1167 omnes
336 1137 399 1167 alias
414 1137 518 1167 Terras
532 1135 655 1169 nostras,
674 1132 820 1162 interdieti
833 1130 1009 1167 Sententias,
1028 1129 1046 1159 si
1061 1128 1241 1166 deficiamus,
1260 1131 1288 1159 in

220 1175 386 1214 Termine,
406 1184 452 1205 aut
477 1175 570 1213 aliquo
595 1172 736 1211 ipsorum,
754 1170 790 1200 de
811 1168 893 1199 dietis
916 1169 987 1198 Auri
1009 1167 1152 1206 Summis,
1172 1168 1291 1206 praefiito

225 1214 350 1253 Principi
374 1214 526 1245 satisfacere
548 1218 764 1249 competenter,
779 1207 852 1238 ferre
876 1207 985 1238 valeant
1004 1216 1038 1237 ac
1061 1207 1147 1237 etiam
1161 1207 1292 1244 promul-

245 1264 290 1283 are

224 1262 242 1291 g
261 1294 279 1311 ³*
289 1277 327 1322 sit
341 1291 410 1322 Nos
425 1289 699 1320 Excommunicatos
712 1287 745 1317 δε
759 1284 928 1324 Agravatos,
943 1293 977 1315 ac
995 1283 1097 1324 Regna
1110 1282 1206 1315 nostra
1222 1294 1292 1322 prce-

223 1330 317 1370 dicffa,
334 1332 367 1360 ὃ(
389 1330 453 1360 alias
472 1329 577 1359 Terras
598 1326 722 1364 nostras,
738 1324 893 1362 suppositos
906 1323 963 1354 esse
977 1321 1134 1353 interdicto
1147 1322 1290 1354 Ecclesia-

221 1369 294 1401 stico
315 1368 429 1407 publice
444 1368 537 1398 facere
551 1366 697 1403 nunciati,
715 1372 848 1402 tanquam
862 1372 915 1400 pro
932 1361 979 1392 Re
993 1362 1110 1400 cognita
1122 1362 1156 1393 &
1171 1361 1290 1401 inJudi-

220 1410 267 1439 cio
281 1407 452 1445 cbiifessatfi,

257 1443 801 1479 RenuntiantesomnibusAftionibus,
820 1439 1072 1482 Deffensionibus,
1089 1436 1288 1480 &Exceptio-

221 1488 305 1518 nibus
330 1487 555 1524 quibuscumque
569 1483 646 1513 faeti
661 1482 693 1512 ὃς
704 1481 797 1519 Juris,
812 1485 871 1509 tam
886 1477 1045 1516 Canonici,
1065 1479 1150 1516 quam
1164 1478 1281 1517 Civilis,

222 1537 271 1563 per
290 1536 355 1564 quas
379 1523 523 1564 possemus
548 1530 647 1553 contra
660 1519 800 1558 praemiffa
811 1518 1058 1557 qualitercunque,
1077 1516 1122 1547 vel
1137 1517 1225 1556 aliqua
1239 1528 1290 1548 eo-

221 1567 368 1601 rumdem,
388 1565 479 1593 facere
493 1562 536 1592 vel
552 1562 653 1591 venire.

257 1604 392 1635 Volentes
415 1603 499 1631 ctiam
518 1602 550 1631 ὃ(
568 1597 788 1635 Concedentes,
805 1595 885 1634 quod
900 1592 1059 1632 hujusmodi
1075 1594 1212 1631 generalis
1227 1594 1290 1625 Re-

220 1643 360 1673 nuntiatio
381 1649 486 1671 tantam
509 1640 586 1676 vim,
605 1638 706 1676 robur,
732 1637 765 1667 &
789 1634 929 1665 effectum
950 1633 1068 1670 habeat,
1093 1642 1126 1663 ac
1150 1633 1169 1663 si
1187 1642 1289 1664 omnes

221 1682 306 1712 Casus
325 1681 501 1715 Canonum,
519 1680 552 1709 ὃς
579 1678 711 1713 Legum,
727 1677 760 1707 ὃς
781 1673 883 1704 Tenor
897 1681 1018 1710 eorum,
1037 1671 1126 1701 effent
1139 1671 1288 1710 specialiter

219 1722 249 1750 in
271 1720 452 1760 pi·:eieiitibus
477 1717 605 1752 Litteris,
628 1717 662 1745 de
678 1715 767 1745 verbo
777 1712 812 1743 ad
827 1711 966 1748 verbum,
983 1710 1077 1741 inserti
1093 1710 1125 1741 δε
1140 1711 1267 1749 expreffi.

257 1758 371 1796 Insuper
385 1781 394 1795 ,
417 1766 450 1786 ex
473 1754 568 1785 nostrii
587 1762 662 1785 certa
682 1753 792 1783 scientia
808 1774 817 1789 ,
842 1751 961 1781 fecimus
975 1772 985 1787 ,
1012 1748 1229 1788 constituimus,
1254 1759 1287 1780 ac

222 1798 305 1827 ctiam
329 1795 538 1831 ordinavimus,
558 1788 982 1829 facimusque‚‹constituimus,
999 1788 1033 1818 &
1056 1787 1220 1818 ordinamus
1234 1799 1288 1819 no-

223 1836 293 1866 stros
314 1845 408 1871 veros,
429 1842 520 1863 certos
533 1833 566 1863 &
582 1831 722 1870 legitimos
735 1826 1115 1869 ProcuratoresLACkoreS,
1135 1827 1286 1866 Fa&ores‚

223 1878 256 1906 δε
277 1875 412 1904 Nuncios
426 1872 571 1910 speciales,
583 1869 769 1906 Praepoiitum
785 1868 1025 1903 Avinionensem,
1041 1865 1175 1896 Decanos
1188 1866 1285 1897 Saneti

221 1913 347 1953 Agricoli
371 1910 584 1947 Aviniorieiiiis,
603 1908 775 1938 Sanctorum
799 1906 923 1936 Andreae
945 1906 978 1935 ὃ(
994 1905 1124 1935 Severini
1141 1904 1284 1941 Burdega-

226 1952 321 1990 lensis,
336 1952 384 1991 qui
400 1960 476 1981 nunc
491 1949 552 1989 sunt
566 1948 611 1978 vel
625 1947 673 1986 qui
688 1956 740 1986 pro
756 1954 884 1984 tempore
895 1944 1012 1982 fuerint,
1029 1942 1287 1982 Dominos,Th0-

222 2001 298 2021 mam
313 1991 349 2020 de
364 1990 530 2025 Paxion,&
547 1987 711 2017 Robertum
727 1984 763 2014 de
776 1983 1003 2020 Sti-atton,5acri
1019 1981 1114 2012 Palatii
1129 1982 1286 2013 Causarum

221 2030 371 2060 Auditores
387 2053 396 2067 ,
421 2027 472 2058 Ma
495 2026 589 2064 istros,
612 2024 778 2063 johannem
802 2022 955 2059 Mercerii,
978 2020 1183 2060 Raymundum
1196 2022 1285 2060 Stini,

220 2070 254 2100 &
280 2068 450 2099 Bernarclum
490 2076 505 2096 e
529 2065 688 2101 Brugneto,
703 2062 897 2101 JtirisperitOS,
913 2062 946 2091 &
967 2070 1068 2090 eorum
1083 2060 1285 2099 quemlibet-in

218 2107 352 2143 solidum,
362 2108 397 2136 ita
411 2105 491 2145 quod
507 2113 566 2133 non
582 2103 613 2132 sit
628 2102 730 2132 melior
743 2100 871 2131 conditio
884 2100 1103 2136 occupantis3set
1117 2100 1196 2137 quiid
1213 2109 1285 2130 unus

218 2155 319 2176 eorum
333 2145 484 2182 inceperit,
506 2143 573 2172 alter
588 2141 712 2179 ipsorum
727 2139 853 2178 prosequi
869 2138 989 2168 mediare
1004 2138 1092 2168 valeat
1105 2139 1139 2168 &
1152 2137 1247 2177 finire,

257 2184 302 2214 Ad
325 2182 564 2221 comparendum,
584 2180 665 2210 omni
687 2179 852 2217 Tempore,
871 2177 981 2208 Diebus
996 2177 1028 2207 &
1044 2176 1151 2215 Horis,
1170 2177 1283 2208 Feriatis

219 2224 253 2254 &
276 2233 334 2254 non
358 2222 488 2259 Feriitis,
511 2229 574 2249 ante
595 2218 751 2249 Terminos
771 2217 910 2248 dictarum
933 2216 1118 2246 Solutionum
1139 2215 1281 2246 facienda-

221 2271 299 2300 rum,
319 2263 351 2293 δε
366 2263 394 2290 in
409 2261 490 2290 dictis
504 2259 534 2288 T
537 2258 668 2295 erminis,
686 2257 718 2287 δε
733 2255 797 2293 post
810 2256 903 2286 dictos
918 2255 1090 2292 Terminos,
1109 2253 1144 2284 ad
1161 2263 1283 2285 omnem

218 2301 394 2331 voluntatem
409 2300 478 2329 dien
493 2297 644 2334 Principis,
662 2296 707 2325 seu
720 2296 779 2332 ejus
790 2294 998 2331 procuratoris,

254 2339 392 2378 Nosque,
412 2336 562 2371 Heredes,
581 2336 614 2364 ἃ.
627 2334 806 2364 Successores
820 2332 946 2369 nostros,
968 2330 1101 2369 praedidia
1115 2330 1209 2362 nostra
1222 2331 1283 2362 Re-

219 2386 288 2416 gna,
305 2388 337 2407 a:
352 2386 452 2407 omnes
468 2376 530 2405 alias
546 2374 649 2403 'serras
665 2371 787 2409 nostras,
805 2373 837 2401 &
855 2372 953 2400 omnia
968 2373 1000 2401 &
1019 2370 1122 2416 lingula
1136 2370 1214 2400 Bona
1229 2381 1284 2401 no-

221 2416 274 2446 stra
285 2439 293 2451 ,
315 2415 437 2445 mobilia
457 2415 489 2445 δε
502 2411 682 2447 immobilia,
701 2410 841 2449 praesentia
856 2412 889 2440 δε
904 2409 1020 2445 Futura,
1041 2409 1135 2438 Curia:
1149 2408 1282 2439 Camerae

220 2454 290 2484 dicti
305 2454 427 2484 Domini
443 2452 531 2482 nostri
548 2450 648 2489 Pup-13,
667 2451 700 2481 &
713 2451 770 2485 ejus
785 2448 959 2484 Canierarii,
979 2447 1139 2484 Auditoris,
1157 2446 1280 2478 Viceau-

219 2493 332 2530 ditoris,
361 2490 573 2527 Commisi'arii,
597 2490 630 2520 &
654 2488 910 2523 Locatenentium,
937 2485 1017 2523 ipsius
1036 2485 1282 2524 jurisdictioni&

219 2531 418 2571 Compullioni
433 2527 654 2560 submittendum
669 2528 702 2558 &
718 2525 987 2562 relubmittendum‚

258 2571 302 2600 Ac
326 2571 408 2598 etiarn
433 2577 528 2598 coram
549 2566 648 2603 dietis,
667 2566 831 2594 Camerario
855 2563 977 2593 Domini
991 2562 1078 2593 nostri
1092 2562 1195 2601 Papae,
1211 2562 1282 2601 ejus-

217 2619 275 2647 que
296 2608 465 2644 Caium-arii,
486 2604 642 2641 Auditoris,
663 2603 885 2639 Viceauditoris,
904 2602 1114 2638 Commiilarii,
1133 2602 1166 2632 ὅ(
1179 2612 1281 2632 eorum

218 2646 471 2682 Locatcnentium,
491 2645 524 2675 δε
546 2652 645 2673 corum
669 2641 810 2679 quolibet,
829 2640 977 2681 prpediettis
1000 2640 1067 2670 Auri
1088 2641 1219 2671 Summas
1243 2640 1283 2670 se-

220 2686 278 2716 mel
294 2685 338 2715 vel
355 2685 454 2724 pluries
468 2680 664 2712 confitendum
679 2681 712 2710 δε
728 2678 1006 2717 recognoscendum,

255 2724 292 2754 Et
313 2724 346 2754 ad
368 2722 539 2760 petendum,
565 2719 761 2755 audiendum,
784 2718 955 2748 volendum,
982 2716 1231 2750 consentiendum,
1250 2717 1283 2748 &

216 2762 410 2800 recipiendum
431 2771 520 2790 omne
537 2759 734 2795 Praeceptum,
752 2759 784 2788 δε
800 2765 921 2786 omnem
935 2754 1124 2792 Sententiam,
1145 2756 1178 2786 δε
1194 2755 1282 2786 Min—

217 2801 331 2839 datum,
357 2799 435 2838 quod
454 2800 487 2830 δε
509 2806 596 2836 quam
615 2796 683 2833 ipsi,
710 2795 900 2831 Camerarius,
924 2793 1062 2831 Auditor,
1081 2792 1281 2832 Viceauditoi·,

221 2839 439 2871 Commislarius
453 2861 461 2875 ,
484 2838 517 2868 &
538 2845 639 2866 eorum
659 2834 914 2871 Locatenentium,
937 2832 971 2862 &
991 2832 1107 2870 quilibet
1131 2842 1230 2862 corum
1252 2834 1281 2862 in

217 2879 304 2916 Nos,
321 2876 486 2914 nostrosque
507 2874 644 2905 Haeredes
667 2874 700 2904 &
716 2872 908 2910 Successores,
925 2880 1038 2902 exnunc
1054 2880 1140 2908 prout
1157 2881 1260 2902 extunc
1271 2895 1281 2910 ,

215 2916 530 2948 Excommunicatiouis
551 2915 583 2945 δε
608 2912 819 2952 Agravationis,
844 2921 877 2940 ac
900 2910 1002 2948 Regna
1022 2908 1134 2947 nostra,
1161 2910 1194 2940 δε
1216 2910 1280 2940 alias

217 2956 321 2986 Terras
344 2955 450 2984 noll-ras
471 2952 615 2984 InterdiCti
630 2976 639 2989 ,
666 2951 822 2990 Senteiirias
843 2950 934 2980 ferent
954 2958 987 2979 ac
1008 2950 1095 2978 etiam
1116 2949 1279 2988 promulga-

222 2996 294 3026 buiit
302 3017 311 3033 ,

1367 1008 1545 1039 Reverendis
1557 1009 1585 1038 in
1601 1007 1722 1039 Christo
1738 1008 1868 1040 Patribus
1877 1033 1887 1048 ,

1368 1050 1483 1076 Domino
1500 1046 1600 1085 Helia,
1617 1045 1821 1086 Archiepifiopo
1836 1047 2044 1089 Burdegalensi‚

1366 1088 1482 1115 Domino
1498 1087 1656 1123 Bernardo,
1671 1087 1794 1124 Episcopo
1810 1087 2009 1128 Xandhnenfi,

1367 1123 1515 1162 Johanne,
1532 1124 1629 1153 Elec‘i‘o
1644 1124 1811 1164 Bathonenfi
1825 1124 1863 1158 ό·
1880 1125 2022 1165 Wllenfi,

1369 1162 1546 1193 Cancellario
1564 1163 1724 1200 Aquitaniae
1734 1185 1743 1200 ,

1368 1200 1501 1239 Johanne
1520 1201 1662 1240 chandos,
1680 1200 1900 1231 Constabulario
1908 1224 1918 1239 ,

1367 1239 1475 1271 Thoma
1491 1241 1522 1270 de
1538 1239 1649 1278 Felton,
1667 1239 1843 1278 Senescallo,

1367 1279 1548 1318 Aquitaniae,
1923 1303 1925 1306 .

1367 1317 1476 1355 Nigello
1497 1319 1529 1347 de
1552 1320 1691 1357 Loereyn,
1710 1316 1877 1348 Camerario
1894 1316 1964 1347 dicti
1978 1316 2134 1358 Principis,

1366 1356 1505 1400 Bai'dgyno
1520 1357 1552 1386 de
1567 1355 1708 1394 Frevilla,
1727 1356 1886 1387 Senescallo
1901 1355 2117 1395 Xandionenfi,

1364 1395 1401 1426 Et
1418 1396 1474 1426 aliis
1489 1394 1624 1426 Testibus
1639 1395 1674 1426 ad
1688 1395 1837 1433 praemiffa.

1777 1474 1811 1503 Yo
1827 1471 1868 1501 El
1883 1475 1947 1512 Rey.

1368 1549 1406 1580 Et
1429 1558 1483 1594 ego
1500 1548 1646 1588 Johannes
1665 1549 1701 1579 de
1719 1549 1865 1588 London,
1882 1549 2031 1588 Clericus,
2049 1548 2258 1581 Wintonienfis
2271 1547 2396 1583 Dioece-

1328 1588 1379 1632 iis,
1398 1588 1534 1632 Publicus
1547 1588 1710 1619 auctoritate
1726 1587 1895 1626 Apostolicfi
1910 1588 2229 1626 Notarius,undecim‘21
2242 1588 2289 1619 die
2305 1589 2396 1621 Men-

1327 1630 1359 1657 iis
1381 1627 1539 1665 Februarii,
1557 1627 1646 1657 Anno
1670 1626 1795 1657 Domini
1810 1627 1986 1666 supradicto,
2004 1626 2168 1658 Indidiione
2183 1627 2297 1667 quintii,
2316 1628 2398 1660 Pon-

1327 1666 1467 1697 tificatsis,
1488 1665 1661 1696 SanCtiffimi
1672 1666 1702 1695 in
1718 1664 1838 1696 Christo
1852 1665 1957 1705 Patris,
1975 1667 2009 1697 &
2022 1666 2148 1697 Domini
2163 1666 2270 1706 nostri,
2288 1666 2398 1698 Domi-

1327 1707 1355 1735 ni
1373 1705 1488 1736 Urbani
1523 1704 1633 1735 Divina
1669 1703 1841 1742 rovidentia,
1860 1703 1946 1741 Papae
1961 1705 2067 1742 quinti,
2086 1704 2176 1735 Anno
2189 1705 2292 1744 quinto
2323 1706 2397 1737 infra

1326 1743 1463 1775 Castrum
1485 1728 1617 1787 Civitatis
1664 1752 1780 1786 ayonqe,
1799 1744 1828 1773 in
1854 1741 1969 1780 Capella
1987 1743 2112 1780 ejusdem
2126 1741 2239 1783 Castri,
2255 1728 2311 1775 un}
2325 1754 2396 1776 curn

1325 1782 1463 1813 Testibus
1487 1781 1680 1822 infrascriptis,
1708 1781 1750 1812 fui
1772 1781 1890 1819 praesens
1912 1781 2027 1819 quando
2046 1781 2141 1812 dictus
2160 1781 2306 1814 Dominus
2327 1782 2396 1814 Rex

1325 1822 1424 1852 Petrus
1446 1821 1586 1862 praemiffa
1606 1821 1704 1851 omnia
1725 1821 1759 1852 &
1783 1819 1891 1858 singula
1903 1820 2066 1858 innovavit,
2085 1819 2282 1859 confirmavit,
2297 1821 2331 1852 &
2381 1840 2396 1846 -

1326 1869 1455 1891 ramento
1470 1860 1519 1890 suo
1535 1859 1660 1897 vallavit,
1679 1858 1842 1903 tangendo,
1861 1859 1983 1897 propriis
1999 1859 2129 1889 manibus
2143 1858 2211 1898 suis,
2225 1858 2319 1890 {arista
2367 1861 2394 1891 ei

1326 1900 1503 1938 Ewangelia,
1521 1899 1635 1938 quando
1655 1897 1712 1937 ipse
1726 1906 1839 1937 propria
1852 1907 1940 1928 manu
1954 1897 1981 1927 se
1993 1897 2166 1936 subscripsit,
2184 1907 2288 1936 meque
2302 1900 2396 1937 requi-
2427 1906 2431 1910 '

1325 1939 1387 1970 sivit
1407 1939 1441 1969 ὃ(
1462 1938 1606 1968 mandavit
1626 1947 1656 1967 ut
1678 1936 1857 1976 praesentibus
1881 1935 1983 1967 Literis
2003 1945 2051 1966 me
2072 1936 2275 1968 subscriberem
2297 1936 2331 1969 &
2351 1936 2395 1969 Si-

1324 1987 1414 2017 gnum
1433 1986 1534 2008 menm
1545 1985 1720 2016 apponerem
1735 1974 1913 2006 consuetum.

1414 2054 1534 2099 Testes,
1553 2055 1603 2093 qui
1620 2054 1728 2085 fuerant
1741 2052 1887 2091 praesentes
1900 2051 1934 2083 ad
1949 2050 2000 2083 ista
2014 2052 2071 2083 una
2086 2060 2222 2091 mecum,
2239 2052 2303 2084 sunt

1362 2135 1495 2164 Dominus
1513 2135 1614 2161 Frater
1629 2133 1774 2160 Martinus
1787 2132 1878 2168 Lupi,

1361 2171 1498 2211 Magister
1514 2170 1628 2201 Militiae
1642 2169 1757 2200 Domus
1769 2169 1805 2200 de
1817 2169 1984 2206 Alcantara,
2002 2166 2121 2199 Ordinis
2136 2167 2347 2207 Cistercienfis‚'

1357 2214 1471 2248 Rogerus
1485 2212 1617 2239 Dominus
1630 2208 1662 2237 de
1676 2206 1706 2236 Ia
1722 2209 1805 2237 Ware
1814 2231 1824 2246 ,

1359 2252 1497 2279 Gometius
1510 2247 1604 2289 Garfie
1616 2247 1649 2276 de
1662 2249 1745 2286 Royos
1753 2269 1762 2285 ,

1358 2287 1446 2318 Miles

1359 2311 1472 2367 Garfia’s
1486 2324 1625 2355 Fernandi
1638 2324 1669 2354 de
1684 2325 1712 2353 V
1713 2323 1807 2354 illodre

1359 2365 1523 2396 vexiiiarius
1536 2363 1660 2394 Domini
1673 2362 1767 2394 Sancii
1776 2387 1786 2404 ,
1805 2348 1868 2394 1³11st
1881 2360 1951 2393 dicti
1965 2359 2092 2392 Domini
2108 2359 2214 2400 Regis,

1359 2403 1503 2434 Mathaeus
1517 2402 1655 2432 fernandi
1663 2425 1673 2440 ,

1355 2442 1547 2474 Cancellarius
1560 2441 1647 2480 Sigilli
1660 2441 1769 2473 Secreti
1783 2440 1854 2472 dieti
1868 2438 1993 2471 Domini
2009 2437 2117 2478 Regis,

1357 2481 1491 2520 Magister
1507 2479 1608 2510 Paulus
1623 2480 1775 2519 Gabrielis,

1357 2520 1439 2550 Civis
1454 2519 1606 2558 Ispalensis,

1357 2559 1506 2597 Johannes
1523 2560 1660 2594 Gummi,

1357 2597 1492 2628 Decanus
1508 2595 1643 2626 Eccleiiae
1659 2594 1854 2633 Segobiensis,

1356 2638 1399 2666 Et
1419 2634 1552 2675 Magister
1570 2634 1703 2664 Robertux
1721 2633 1873 2671 Frrgandi³

1357 2674 1496 2705 Notarius
1518 2673 1702 2704 Canceuariae.
1719 2671 1843 2703 Domini
1855 2670 1913 2701 mei
1927 2668 2068 2706 Principis
2082 2665 2244 2707 Aquitaniae
2258 2667 2292 2700 δε
2306 2667 2390 2700 Wal-

1319 2715 1365 2745 liae,
1384 2713 1538 2754 lupraditffti.

1476 2789 1531 2820 Sub
1549 2787 1676 2820 Plumbeo
1691 2785 1838 2825 sigillo&
1845 2786 1908 2829 filis
1917 2784 2014 2826 fi’ricis
2026 2787 2173 2815 variorum
2185 2783 2319 2814 Colorum.

1339 2930 1388 2961 De
1415 2929 1517 2959 Primo
1537 2924 1616 2956 Bello
1628 2951 1638 2967 ‚
1666 2920 1796 2970 Regibus
1810 2924 1846 2959 (ῤ’
1862 2921 2077 3014 ἧνίωοὲεηὶιίς
2092 2921 2208 2965 Regum
2225 2917 2362 2964 Angliae,

1785 2980 1869 3002 conce
1891 2981 1917 3001 o.

258 3032 296 3063 Et
309 3031 456 3062 Processus
470 3031 537 3061 alios
552 3029 744 3068 quoscumque
759 3027 860 3058 faciant
873 3034 973 3056 contra
987 3025 1077 3063 Nos,
1096 3024 1232 3055 Haeredes
1250 3026 1282 3056 &

220 3069 547 3107 Succefforesimstros,
564 3070 692 3106 quotiens
712 3069 744 3098 δε
762 3066 891 3106 quando,
915 3064 1083 3103 quomodo,
1102 3064 1232 3103 qualiter,
1248 3066 1280 3095 &

219 3112 268 3141 ubi
289 3110 410 3140 voluerit
431 3110 464 3139 ὃς
487 3107 570 3137 fuerit
591 3107 769 3141 faciendum,
786 3105 806 3135 si
820 3105 900 3146 dicjto
913 3104 1039 3141 Principi
1054 3113 1114 3132 non
1129 3103 1227 3140 fuerit,
1247 3104 1282 3133 de

219 3149 303 3179 distis
328 3149 396 3178 Auri
409 3147 549 3183 Summis,
563 3147 640 3183 Juxta
654 3153 782 3175 tenorem
798 3144 975 3182 praesentium
990 3142 1179 3180 Litterarum,
1200 3142 1284 3179 plene

219 3189 254 3219 ὅ(
269 3188 376 3224 integre
392 3184 562 3216 satisfactum
571 3206 580 3222 ,

1316 3062 1463 3118 ΡΕττυς,
1481 3059 1538 3090 Dei
1560 3056 1661 3104 graui,
1677 3052 1898 3098 Rex-Castellae
1920 3053 1954 3084 ὃς
1969 3051 2119 3096 Legionis,
2138 3051 2291 3096 omnibus,
2310 3059 2382 3089 prae-
2399 3054 2477 3087 Ann,
2492 3055 2536 3087 Dg

1332 3116 1339 3143 '.
1374 3100 1495 3130 lentibus
1510 3106 1608 3139 pariter
1624 3096 1661 3138 ὃς
1675 3094 1790 3130 futuris,
1809 3098 1954 3129 praeterires
1970 3090 2077 3121 Literas
2089 3090 2273 3135 inspecturis,
2290 3089 2382 3135 lectu-
2427 3095 2511 3135 1366,

1319 3148 1372 3176 ris,
1391 3140 1423 3169 δε
1445 3147 1529 3167 etiam
1544 3135 1692 3170 audituris,
1709 3130 1855 3169 Salutem,
1871 3130 1905 3160 &
1920 3128 2008 3160 fidem
2022 3129 2175 3167 plenariam
2188 3128 2292 3160 eisdem
2305 3128 2385 3159 adh„
2401 3138 2456 3163 An.
2470 3145 2518 3171 40,

1322 3178 1453 3251 ιἋῗέίῖῗριττι,
1481 3213 1510 3243 in
1532 3211 1711 3249 Largitione,
1735 3207 1922 3246 Donatione,
1940 3207 1973 3238 &
1995 3205 2190 3241 Conceffione
2211 3205 2383 3244 Privilegio-
2400 3177 2442 3239 ἔκ
2454 3182 2513 3238 Ξκ-

259 3227 296 3257 Et
317 3226 419 3262 aliurn,
439 3223 484 3255 vel
505 3223 590 3257 aiios,
609 3221 845 3257 Procuratorem,
861 3220 907 3251 vel
928 3221 1144 3257 Procuratores,
1161 3220 1189 3249 in
1211 3228 1285 3257 prae-

222 3265 323 3302 miffis,
341 3264 374 3295 δε
399 3263 433 3293 ad
459 3261 615 3300 praemissi,
639 3261 720 3290 semel
742 3261 775 3290 ὃς
796 3260 896 3298 pluries
919 3258 1158 3295 substituendum,
1184 3259 1232 3296 qui
1256 3258 1285 3286 in

222 3303 383 3343 praemissis,
401 3303 434 3333 ὃς
450 3310 552 3331 eorum
565 3299 709 3339 quolibet,
728 3298 847 3328 limilem
863 3300 896 3329 ὃς
912 3299 1032 3328 eandem
1046 3297 1158 3334 habeat,
1177 3296 1222 3326 seu
1237 3295 1286 3326 ha-

226 3344 329 3380 beant,
348 3340 522 3371 Potestatem
531 3362 540 3376 ,
1322 3330 1425 3369 tiplicia
1448 3328 1585 3359 Beneficia
1599 3327 1631 3356 δε
1648 3324 1784 3355 Honores
1799 3323 1868 3354 Nos
1882 3322 2115 3361 recognoscimus
2129 3321 2263 3360 recepisse
2275 3345 2286 3360 ,
2402 3336 2463 3355 mer.

263 3380 300 3410 Et
323 3380 485 3419 generaliter
502 3378 537 3408 ad
556 3378 655 3407 omnia
674 3375 726 3406 alia
746 3375 779 3406 &
799 3374 903 3413 singula
922 3372 1086 3404 faciendum
1109 3373 1141 3403 &
1153 3381 1286 3402 exercen-
1358 3367 1495 3407 Cumque
1518 3364 1716 3408 illustriffimus
1732 3363 1797 3407 Rex
1810 3362 1942 3402 Angliae,
1960 3361 1993 3392 &
2009 3359 2183 3398 Edwardus,
2200 3361 2257 3404 ejus
2272 3360 2389 3391 Primo-

224 3419 313 3457 dum,
333 3429 396 3456 (με
418 3419 446 3447 in
462 3414 621 3455 pi-aemiffis,
640 3414 673 3444 δε
690 3416 765 3444 circa
777 3413 932 3452 praemiffa,
951 3413 984 3443 ὃς
1000 3411 1146 3450 quodlibet
1162 3412 1288 3448 praemis-
1323 3408 1430 3445 genitus
1444 3429 1453 3444 ,
1476 3405 1610 3444 Princeps
1637 3404 1794 3442 Aquitani-ae
1818 3402 1852 3432 &
1878 3400 1994 3431 Wauiae
2007 3421 2017 3436 ‚
2041 3397 2257 3436 consanguinei
2280 3399 2387 3437 nostri,

227 3459 323 3488 sorum
334 3479 342 3494 ,
359 3456 461 3487 fuerint
482 3454 631 3485 necessaria
653 3453 698 3483 seu
713 3453 796 3482 etiam
809 3461 964 3489 oportuna,
982 3452 1067 3480 etiam
1083 3450 1101 3479 si
1118 3448 1288 3479 Mandatum
1323 3446 1390 3476 Nos
1406 3446 1438 3476 &
1453 3440 1817 3485 Praedecefforesvnostros,
1835 3438 1930 3483 Reges
1945 3437 2094 3476 Castellae,
2113 3438 2257 3469 retroaffls
2271 3445 2387 3476 tempo-

229 3497 317 3534 magis
339 3495 450 3533 exigant
473 3493 605 3531 speciale,
623 3493 656 3523 &
679 3501 743 3531 quae
765 3490 833 3519 Nos
854 3489 1025 3527 faceremus,
1041 3490 1074 3520 δε
1088 3487 1180 3517 facere
1196 3487 1288 3526 poffe-
1323 3486 1414 3523 ribus,
1433 3484 1535 3514 fuerint
1547 3482 1733 3512 favorabiliter
1747 3479 1907 3516 prosequrr,
1955 3516 1960 3521 .
2320 3513 2326 3520 ι

228 3544 308 3571 rrius,
326 3533 346 3563 s1
360 3533 387 3561 in
406 3533 456 3562 illis
470 3532 646 3569 personaliter
662 3528 873 3565 inreressiemm,
1358 3523 1396 3554 Et
1415 3523 1582 3561 specialiter,
1600 3521 1669 3550 cum
1690 3527 1780 3556 nuper
1801 3526 1850 3556 per
1869 3513 2211 3560 Henncum,-quondam
2234 3513 2387 3558 Comitem

266 3572 374 3602 Dantes
393 3572 426 3602 ὃ(
436 3595 444 3607 ,
460 3579 556 3599 tenore
578 3569 770 3607 praesentium,
786 3566 976 3597 concedentes
996 3565 1080 3596 dic'kis
1094 3563 1288 3594 Procuratori-
1322 3561 1358 3591 de
1373 3561 1568 3597 Trestamare,
1586 3560 1653 3596 qui,
1671 3556 1746 3587 frusta
1761 3565 1832 3598 cuni
1846 3552 2076 3597 quibusdamnsuis
2090 3552 2293 3592 Complicibus
2308 3551 2386 3595 Coa-

228 3610 280 3640 bus
300 3609 417 3647 nostris,
436 3609 468 3638 &
486 3607 689 3638 Substituendis
709 3607 744 3636 ab
764 3606 841 3643 ipsis,
860 3605 904 3635 vel
919 3615 1018 3634 eorum
1032 3603 1124 3640 alteri,
1141 3603 1173 3632 δε
1189 3612 1287 3632 eorum
1322 3600 1492 3638 dunatione,
1510 3598 1612 3637 Regna
1634 3594 1735 3638 nostra⁴
1750 3595 1846 3624 invasit
1861 3616 1871 3632 ,
1892 3593 2049 3636 usurpayit,
2073 3591 2108 3622 &
2125 3592 2211 3622 etiam
2231 3597 2385 3627 occupaVit

229 3647 343 3678 cuilibet
364 3649 393 3677 in
415 3646 552 3684 solidum,
565 3646 675 3682 plenam
697 3645 728 3674 ὃ(
750 3645 866 3674 liberam
879 3643 1052 3674 Potestatem
1068 3642 1101 3672 &
1117 3640 1288 3671 Mandatum
1323 3649 1404 3669 inore
1423 3638 1589 3676 praedonico
1610 3635 1642 3665 ὅ(
1664 3632 1774 3670 hostili,
1793 3632 1827 3663 &
1850 3641 1880 3662 ea
1903 3631 2029 3662 indebite
2049 3629 2155 3661 detinet
2174 3636 2329 3666 occupata,
2345 3627 2383 3658 de

232 3685 343 3724 speciale
357 3687 385 3715 in
402 3686 537 3715 omnibus
551 3686 583 3714 &
599 3682 708 3720 singulis
720 3682 894 3719 supradictis:
1325 3677 1429 3715 Regno
1448 3678 1477 3706 in
1494 3676 1512 3695 *³
1530 3676 1687 3711 Regnum,
1707 3682 1739 3702 ac
1763 3671 1908 3702 Dominio
1930 3671 1959 3700 in
1980 3668 2165 3705 Dominium,
2187 3668 2222 3698 ὃς
2243 3666 2330 3696 Loco
2351 3667 2381 3696 in
2415 3693 2431 3710 α
2453 3694 2495 3722 VI

269 3723 468 3754 Promittentes
490 3723 557 3753 Nos
579 3731 687 3758 ratum,
702 3728 826 3759 gratum,
843 3721 876 3751 &
898 3718 1015 3749 firmum
1029 3718 1149 3755 habere,
1165 3717 1198 3747 δε
1213 3725 1289 3746 tene-

232 3770 277 3797 re,
295 3771 327 3790 ac
348 3762 544 3791 inviolabiliter
563 3760 725 3796 observare,
743 3767 835 3788 totum
851 3759 883 3789 ὃς
897 3758 1033 3796 quicquid
1046 3766 1095 3794 per
1111 3756 1204 3786 diuos
1217 3754 1289 3785 Pro-

231 3808 373 3829 curatores
389 3800 515 3837 nostros,
532 3800 564 3830 ὃ(
580 3796 811 3834 Substituendos,
827 3797 873 3827 vel
886 3798 1008 3834 aliquem
1023 3795 1166 3833 ipsorum,
1183 3793 1290 3831 astum,

229 3835 359 3875 gestum,
378 3838 580 3874 confessarum,
601 3833 835 3873 Recogniti‘imve
855 3836 936 3864 fuerit
958 3836 986 3864 iri
1010 3832 1157 3871 praemissis
1170 3833 1203 3863 &
1217 3841 1289 3869 quo-

230 3875 299 3904 libet
323 3876 529 3910 praemissbrum
543 3898 552 3914 ,
575 3875 623 3905 sub
649 3873 833 3912 obligatione
856 3876 986 3903 omnium
1012 3871 1160 3902 Bonorum
1176 3870 1289 3900 nostro-

229 3923 302 3943 rum.

243 3990 249 3995 ἢ
263 3950 301 3982 Et
320 3948 497 3988 Juravimus,
512 3960 544 3981 ac
566 3952 702 3988 iuramus,
720 3949 754 3980 ad
770 3948 871 3979 Sancta
885 3948 943 3979 Dei
957 3948 1138 3986 Ewangelia,
1155 3955 1288 3984 corpora-

230 3990 292 4022 liter
311 3998 361 4027 per
375 3998 426 4018 nos
438 3988 527 4026 taeta,
545 3989 694 4025 praedictos
707 3987 903 4019 Procuratores
916 3987 1043 4025 nOstl'OS‚
1061 3987 1094 4018 &
1109 3985 1287 4017 substituen-

1320 3263 1382 3283 rum
1393 3276 1402 3290 ,
1422 3253 1617 3287 Libertatum,
1633 3247 1879 3291 Franquesiarum,
1898 3255 1933 3276 ac
1952 3245 2112 3276 Honorum
2130 3244 2332 3284 praerogativa,
2350 3244 2385 3274 il·
2400 3257 2466 3286 mgr⁸

1321 3292 1353 3321 lis
1378 3301 1429 3321 nos
1448 3289 1588 3321 Liberales
1609 3288 1642 3318 &
1657 3289 1833 3324 gratiosiores
1846 3284 1962 3316 reddere
1976 3284 2148 3322 debeamus,
2165 3293 2180 3314 a
2196 3283 2296 3323 quibus
2312 3282 2386 3314 mul·
2401 3290 2533 3323 Penescaffi

1325 3717 1459 3752 Locum,
1476 3714 1509 3745 ad
1530 3721 1654 3743 mortem
1669 3720 1720 3740 nos
1732 3710 1801 3740 esset
1813 3710 1970 3747 insequtus,

1363 3755 1388 3783 A
1419 3764 1472 3790 qua
1493 3752 1686 3790 prosecutione
1702 3773 1712 3787 ,
1742 3759 1790 3788 per
1809 3747 2046 3785 Receptationem
2066 3742 2135 3773 dieti
2156 3741 2297 3779 Principis
2310 3766 2321 3782 ,
2351 3743 2382 3774 in
2395 3740 2412 3768 5
2417 3740 2461 3770 32·

1324 3792 1417 3823 Terra
1436 3792 1480 3821 sua
1500 3792 1536 3821 de
1555 3791 1637 3820 nobis
1655 3788 1775 3825 faustam,
1800 3786 1937 3817 fuerimus
1961 3782 2086 3825 liberati,
2109 3781 2143 3811 ὅτ
2160 3789 2210 3819 per
2233 3780 2330 3818 Ipsum
2350 3792 2385 3814 ac

1325 3831 1435 3860 Gentes
1447 3830 1504 3860 sues
1517 3828 1688 3866 confortati,
1704 3836 1737 3857 ac
1751 3824 1952 3856 honorabiliter
1968 3827 2074 3859 recepti
2087 3818 2121 3849 &
2135 3819 2261 3858 tractati,

1360 3868 1510 3936 fflssiriores
1531 3905 1599 3936 dieti
1617 3903 1738 3941 Accepti
1753 3900 1905 3937 Beneficii,
1922 3899 1955 3928 &
1968 3890 1998 3927 in
2012 3895 2158 3933 aliqualem
2173 3896 2385 3936 praemifforum

1326 3944 1441 3975 Recom
1462 3943 1652 3980 ensationem,
1669 3943 1703 3972 δε
1725 3941 1789 3970 alias
1803 3939 1838 3968 de
1854 3937 1947 3967 nostra
1962 3943 2037 3967 certa
2051 3934 2176 3974 scientia,
2194 3935 2305 3975 speciali
2319 3934 2386 3965 Do-

1327 3993 1385 4022 no,
1401 3992 1434 4014 ac
1480 3981 1543 4021 egra
1558 3981 1724 4012 Donatione
1739 3979 1772 4010 ὅς
1787 3974 1943 4012 Potestate,
2275 4008 2373 4042 Damu

2375 4019 2387 4040 s
