2561 4251
189 129 267 179 136

58 252 142 291 1382.
181 249 329 286 ciscendo,
346 251 380 280 ὃς
395 248 427 278 ad
443 256 505 276 eam
521 245 554 276 ad
570 244 665 275 Partes
678 244 742 274 istas
756 255 842 283 penes
855 254 908 274 nos
919 243 1071 280 ducendo,

29 295 80 322 Ric.
99 301 127 319 2.

15 2094 35 2113 ⁸
47 2095 113 2124 vii.

18 2142 82 2170 349-

15 2219 92 2251 Ann.
106 2219 146 2251 D.

36 2259 123 2298 1382.

14 2301 66 2327 An.
82 2308 110 2334 5.

15 2357 89 2404 fian]
102 2384 129 2410 5.

13 2417 43 2441 R.
54 2424 78 2442 2.
91 2424 126 2442 m.

217 288 379 318 Occasione
392 287 471 324 cujus
487 283 579 323 Viagii
592 284 648 322 ipse
664 284 693 314 in
705 283 806 313 debitis
821 281 1015 319 multipliciter
1028 288 1140 312 tenetur
1153 288 1185 312 ut
1197 289 1245 310 ac*

177 336 326 395 affinius}
336 372 362 393 iu
372 370 394 392 υ
406 371 418 392 s
444 362 477 392 &
504 360 559 392 Co
570 369 592 390 Ν
601 371 617 391 c
628 366 646 404 a
657 370 668 391 ς
677 369 689 390 s
698 369 709 390 1
718 367 777 390 Mu
787 368 800 390 s
834 358 954 397 praefato
971 360 1072 403 Simoni
1085 380 1094 395 ,
1118 359 1147 402 iri
1166 358 1244 388 auxi-

178 403 249 434 lium
269 400 461 440 supportando
481 410 553 431 onus
566 399 742 429 Debitorum
759 398 875 428 suorum
891 396 1112 436 praedictorum,
1128 406 1156 426 in
1171 405 1242 434 prae-

178 442 262 472 sentia
282 443 315 471 δὲ
335 440 371 470 de
390 439 508 469 Affensu
523 461 531 475 ,
555 437 687 468 cariffimi
708 437 854 467 Avunculi
871 436 984 475 nostri,
1001 435 1144 476 Johannis
1158 437 1238 471 Regis

177 477 298 518 Castellae
312 477 350 513 (ἐν
365 480 490 516 Legionis
502 476 596 507 Ducis
610 475 796 513 Lancastriae,
813 477 865 514 δε,
879 475 1051 507 dile&0rum
1067 475 1100 505 &
1116 473 1243 504 fidelium

176 518 341 548 nostrorum
356 540 366 554 ,
388 520 498 546 Comitis
515 514 677 546 Staffordiae
701 513 913 554 Consanguinei
927 514 1031 552 nostri,
1050 511 1195 543 Michaelis
1210 513 1243 541 de

175 555 207 585 la
227 555 289 585 Pole
307 579 317 595 ,
340 557 374 587 δε
422 556 534 585 ohannis
553 555 585 583 de
604 556 743 590 Montagu
757 553 905 584 Senescalli
918 552 1044 591 Hospitii
1058 551 1167 588 nostri,
1185 554 1241 580 Ca-

170 594 260 634 strum
274 595 306 624 de
318 596 388 624 Eme
392 605 432 633 yn
447 592 570 623 Urhench
585 593 614 622 in
630 590 779 622 Comitatu
795 591 975 632 Kermerdyn
988 593 1018 621 in
1030 590 1212 627 Suthwallia,

215 633 306 672 Qiod
328 633 443 672 quidem
464 631 600 662 Castrum
622 632 754 660 Ricardus
774 631 807 660 de
820 630 850 661 la
861 634 931 661 Bere
944 629 1078 660 Chivaler
1091 628 1240 659 deffinCtus

175 675 264 703 tenuit
282 682 335 710 pro
357 672 502 702 Termino
518 668 595 701 Vitae
617 670 672 700 suae
687 690 696 708 ,
715 669 892 701 Reversione
907 669 974 700 inde
988 669 1023 699 ad
1039 667 1109 699 Nos
1119 668 1153 700 &
1169 667 1242 698 Hae-

176 710 254 741 redes
266 709 397 748 nostros,
416 708 480 747 post
496 708 655 740 Deceffum
671 709 766 745 suum,
784 708 941 747 spectante,

214 749 246 779 H
257 760 277 780 A
285 759 304 780 Β
316 759 333 779 E
344 756 366 778 N
375 758 395 778 D
404 756 426 779 υ
437 756 465 779 Μ
473 771 482 786 ,
501 757 569 778 cum
591 748 726 777 omnibus
748 746 912 787 Dominiis‚
932 747 954 778 F
956 745 1117 784 ranchesiis,
1137 745 1241 776 Liber-

173 788 275 818 tatibus
287 811 296 825 ‚
322 787 459 825 EscaetiS,
477 787 510 818 &
523 787 579 816 aliis
592 786 835 824 quibuscumque,
853 787 888 817 ad
902 787 1013 817 dictum
1027 784 1164 816 Castrum
1178 794 1242 823 per-

173 827 324 857 tinentibus
333 849 342 865 ,
357 836 373 856 a
387 827 433 858 die
450 824 559 856 Obitus
571 825 651 862 ipiius
668 825 783 854 Ricardi
793 847 802 862 ,
820 835 873 863 pro
886 826 1032 856 Termino
1045 823 1121 854 Vitae
1133 823 1241 862 praefati

173 864 315 935 {monim
335 865 371 896 de
384 865 487 897 Nobis
500 865 532 895 &
547 863 717 894 Haeredibus
732 863 850 902 nostris,
867 874 915 903 per
929 864 1049 895 Servitia
1064 862 1131 893 inde
1146 862 1240 893 debita

221 905 352 935 consueta

214 923 445 973 Votsss’ms
472 943 506 973 &
532 940 824 972 CoNcEDENTE
837 951 849 973 s
876 950 929 979 pro
942 940 1042 971 Nobis
1057 940 1090 971 &
1106 939 1240 971 Haeredi—

173 980 228 1011 bus
246 981 348 1012 nostris
360 1006 369 1020 ,
393 991 427 1012 ex
449 982 572 1010 uberiori
595 980 696 1011 Gratia
717 980 813 1010 nostra
828 1003 838 1019 ,
861 979 942 1017 quod
957 989 1006 1018 per
1020 978 1106 1009 Duos
1121 980 1238 1015 Annos,

171 1021 322 1057 proximos
335 1019 399 1058 post
413 1028 539 1050 mortem
553 1019 678 1056 praedieii
700 1019 824 1050 Simonis
838 1042 847 1057 ‚
865 1018 1037 1049 Executores
1051 1017 1096 1047 seu
1111 1017 1240 1056 Affigna-

171 1059 194 1088 ti
211 1060 250 1089 sui
266 1060 387 1090 habeant
406 1058 481 1089 idem
503 1057 638 1088 Castrum
654 1081 664 1096 ,
681 1068 750 1088 cum
764 1059 899 1088 omnibus
914 1057 1078 1095 Dominiis‚
1097 1055 1240 1087 Franche-

172 1097 217 1127 siis
266 1098 456 1128 Libertatibus
469 1121 478 1133 ,
503 1096 624 1127 Escaetis
639 1121 649 1135 ,
675 1098 707 1128 &
731 1097 789 1127 aliis
809 1096 1055 1134 quibuscumque,
1077 1094 1112 1125 ad
1125 1095 1238 1126 dietum

172 1120 308 1166 Castrum
337 1136 565 1178 pertinentibus,
591 1137 625 1167 &
645 1137 744 1165 omnia
765 1135 897 1166 Proficua
917 1134 1088 1165 eorumdem
1101 1156 1110 1172 ,
1134 1135 1238 1172 absque

171 1174 266 1212 aliquo
278 1175 361 1204 nobis
374 1174 418 1205 vel
433 1173 605 1204 Haeredbus
622 1174 724 1204 nostris
746 1173 812 1204 inde
836 1173 982 1204 reddendo
995 1197 1005 1212 ,
1024 1172 1058 1203 ad
1072 1172 1238 1204 faciendum

170 1213 239 1243 inde
255 1213 465 1244 Executionem
479 1212 658 1243 Testamenti
675 1213 801 1249 praedicti
816 1212 963 1250 Simonis,

210 1251 252 1282 Ita
268 1251 366 1290 quod,
381 1251 446 1292 post
458 1251 551 1281 dictos
566 1250 650 1281 Duos
665 1251 766 1281 Annos
779 1252 935 1289 praeteritos
949 1275 959 1288 ,
974 1250 1039 1289 post
1054 1259 1179 1281 mortem
1196 1251 1239 1288 ip-

172 1289 225 1320 fius
237 1290 365 1321 Simonis
414 1290 524 1320 dictum
539 1289 690 1327 Castrum,
709 1299 778 1320 cum
794 1289 960 1328 Dominiis‚
980 1289 1168 1327 Franchesiis,
1187 1288 1238 1320 Li-

173 1329 346 1368 bertatibus,
372 1311 511 1366 fiscaetis,
537 1329 571 1358 &
591 1329 647 1358 aliis
666 1328 909 1366 quibuscumque,
928 1329 963 1358 ad
974 1328 1085 1358 dietum
1099 1326 1236 1358 Castrum

171 1369 394 1407 pertinentibus,
409 1368 443 1399 ad
456 1367 526 1398 Nos
538 1368 572 1399 ὅτ,
585 1366 723 1398 Haeredes
737 1368 851 1398 nostros
870 1368 980 1406 integre
1008 1366 1036 1397 R
1047 1375 1064 1397 Ε
1074 1376 1093 1396 ν
1103 1376 1121 1397 E
1133 1375 1156 1397 R
1168 1375 1191 1397 'r
1202 1377 1237 1397 A-

170 1414 194 1436 τ
202 1415 223 1436 υ
234 1416 267 1437 R.

206 1445 242 1476 In
257 1447 352 1484 cujus,
370 1446 431 1476 &c-

209 1484 300 1515 Teste
316 1484 398 1525 Rege
411 1483 484 1523 apud
497 1482 804 1523 Westmonasterium,
823 1484 939 1515 decimo
953 1491 1054 1523 quarto
1067 1483 1114 1514 die
1129 1481 1235 1514 Martii.

672 1562 726 1591 Per
737 1544 831 1592 Breve
845 1561 878 1591 de
893 1564 1012 1591 Privato
1028 1560 1127 1599 Sigillo.

172 1639 263 1703 ET
283 1639 453 1671 Mandatum
477 1639 518 1670 est
535 1638 695 1678 Justiciariis
709 1640 742 1670 &
758 1637 928 1669 Camerariis
942 1638 1031 1677 Regis
1045 1638 1234 1677 suthwalliae,

249 1681 282 1711 δε
297 1689 398 1710 eorum
413 1679 545 1717 cuilibet,
559 1678 638 1716 quod
652 1678 745 1708 eidem
759 1681 858 1707 Simoni
874 1677 986 1708 dietum
1001 1676 1135 1707 Castrum
1145 1687 1232 1715 ,cum

170 1716 330 1756 Dominiis‚
350 1718 537 1755 Franchesiis,
555 1716 759 1754 Libertatibus,
781 1716 917 1754 Escaetis‚
934 1718 966 1747 ὅ(
981 1716 1038 1745 aliis
1051 1716 1233 1754 quibuscum—

169 1767 243 1794 que,
261 1757 294 1788 ad
311 1757 420 1787 dietum
434 1755 568 1786 Castrum
583 1755 802 1793 pertinentibus,
823 1756 878 1785 una
893 1764 962 1784 cum
975 1754 1102 1785 Exitibus
1117 1755 1149 1785 &
1160 1755 1232 1786 Pro-

171 1795 268 1833 ficuis,
284 1796 350 1827 inde
372 1804 387 1825 a
409 1795 455 1824 die
475 1791 583 1824 Obitsis
606 1794 711 1831 praefati
733 1794 844 1823 Ricardi
857 1816 866 1831 ,
888 1793 931 1822 Li
942 1801 959 1822 Β
970 1802 1020 1823 ER
1031 1803 1048 1823 A
1062 1801 1082 1823 R
1094 1802 1105 1823 1
1129 1793 1233 1825 faciatis

171 1833 204 1864 H
213 1844 232 1864 A
240 1843 259 1864 Β
269 1843 286 1864 Ε
297 1843 319 1864 N
330 1844 349 1864 D
358 1843 381 1864 υ
390 1841 417 1863 Μ
440 1834 516 1871 juxta
543 1831 691 1862 Tenorem
721 1831 881 1862 Literarum
898 1831 927 1862 R
964 1833 987 1861 is
1009 1832 1206 1869 praediecarum
1221 1845 1232 1871 3

170 1873 231 1903 vult
253 1875 329 1903 euim
352 1872 416 1902 Rex
436 1872 508 1910 ipsos
522 1894 531 1909 ,
549 1872 583 1902 &
604 1880 706 1902 eorum
719 1871 893 1910 quemlibet,
908 1841 977 1901 ined‘e
992 1879 1055 1910 erga
1068 1870 1158 1908 ipsum
1172 1871 1233 1902 Re-

168 1919 234 1950 gem
247 1912 283 1941 ab
295 1911 400 1942 eodem
412 1911 457 1941 die
473 1911 625 1941 exonerari.

205 1949 296 1981 Teste
311 1959 341 1982 ut
353 1952 440 1989 supra.

214 2077 242 2104 *Ξ
267 2082 360 2126 Super
377 2074 514 2121 Custodia
529 2074 704 2120 Infidarum
727 2074 764 2107 de
779 2073 902 2126 Jeresey
919 2079 956 2115 &r
978 2075 1117 2124 Gernesey
1128 2100 1138 2118 ,
1160 2075 1200 2108 de

600 2122 804 2168 potestatibus.

169 2213 291 2272 REX
319 2213 481 2252 Omnibus,
499 2212 533 2242 ad
549 2222 635 2251 quos,
653 2211 711 2242 &e
733 2211 867 2243 Salutem.
946 2241 948 2243 .

261 2252 395 2283 Volentes
419 2263 472 2289 pro
492 2252 652 2282 Salvatione
672 2252 706 2281 ὅ(
728 2251 883 2282 Securitate
906 2248 1060 2281 Insularum
1073 2245 1232 2281 nostrarum

167 2290 204 2321 de
212 2291 338 2329 Jereseye
353 2315 360 2328 ,
385 2290 528 2329 Gemesey
543 2312 552 2328 ,
569 2289 654 2327 Serk,
674 2290 708 2320 δε
724 2289 855 2330 Aurney,
874 2300 907 2320 ac
925 2290 1032 2328 Qiiete
1045 2288 1232 2320 Subditotum

167 2330 330 2361 nostrorum
346 2330 530 2364 habitantium
543 2330 572 2358 in
588 2327 710 2365 eisdem,
747 2330 848 2359 ratiose
863 2329 1030 2367 providere,

209 2368 243 2399 Et
264 2369 299 2398 de
320 2367 523 2405 circumspet‘ia
539 2367 699 2405 Fidelitate,
751 2368 950 2404 eliberatione,
965 2367 998 2398 δε
1014 2366 1168 2404 Industria,
1188 2367 1231 2397 di-

167 2407 232 2437 ledii
253 2409 285 2438 ὃς
308 2407 395 2438 fidelis
417 2405 506 2437 nostri
522 2430 531 2443 ,
557 2408 677 2443 Hugonis
698 2406 730 2435 de
745 2405 909 2446 Calvylegh,
927 2405 1062 2436 custodis
1077 2404 1231 2437 Insularum

166 2446 383 2484 praedictarum,
402 2446 512 2484 plenam
527 2444 659 2475 fiduciam
672 2446 849 2482 optinentes,

205 2483 307 2515 Eidem
329 2484 451 2514 Custodi
467 2507 476 2522 ,
500 2483 612 2522 ejusque
634 2482 716 2513 Loca
739 2483 899 2513 tenentibus
914 2505 924 2521 ,
943 2481 1000 2513 five
1015 2483 1182 2521 Deputatis,
1200 2484 1229 2514 in

167 2521 263 2553 Infulis
277 2523 431 2560 praediffls,
446 2524 479 2553 ὃ(
495 2532 595 2553 eorum
613 2522 744 2557 cuilibet,
763 2523 822 2552 tam
837 2522 869 2552 ad
886 2522 1046 2552 faciendum
1059 2524 1091 2553 &
1106 2532 1231 2560 compo-

166 2561 291 2591 nendum
304 2562 494 2599 quascumque
508 2560 710 2590 Ordinationes
724 2560 900 2591 Guerrarum
911 2583 920 2597 ,
938 2570 1005 2598 quas
1019 2570 1072 2598 pro
1091 2561 1231 2591 Salvatio-

166 2610 204 2630 ne
226 2599 377 2630 insularum
400 2599 596 2639 praedic'tarum
615 2600 647 2629 &
663 2597 832 2629 Castrorum
847 2600 986 2629 dietarum
1002 2598 1174 2637 Insui-arum,
1192 2609 1224 2630 ac

165 2648 220 2677 pro
237 2637 403 2668 Resistentia
417 2639 450 2669 δε
464 2638 563 2675 majori
577 2636 753 2666 Gravamine
770 2636 956 2668 Inimicorum
974 2638 1152 2675 nostrorum,
1164 2639 1230 2676 jux—

165 2685 192 2707 ta
216 2676 407 2707 Discretiones
427 2676 484 2706 suas
499 2699 508 2713 ,
530 2676 592 2705 sore
611 2674 731 2705 viderint
755 2677 842 2712 magis
865 2676 944 2705 utiles
960 2700 969 2714 ,
985 2677 1180 2713 rationabiles,
1196 2687 1228 2707 ac

165 2715 251 2746 etiam
265 2725 437 2753 oportunas,
455 2716 542 2752 quam
556 2713 589 2743 ad
598 2713 742 2743 Homines
754 2715 786 2744 &
802 2714 905 2743 Terras
920 2715 998 2751 super
1007 2714 1133 2744 Costeris
1142 2715 1226 2745 Nor-

166 2755 288 2785 manniae
303 2778 312 2793 ,
339 2764 402 2792 quae
420 2762 495 2783 eiitra
515 2752 738 2788 Redemptiones
760 2752 842 2782 Villae
855 2752 888 2782 &
904 2751 998 2782 Castri
1015 2753 1050 2782 de
1065 2753 1229 2793 Chirburgb

165 2793 305 2831 existunt,
325 2802 408 2830 prout
423 2792 523 2822 melius
538 2801 587 2828 per
602 2790 779 2820 Guerrarum
795 2790 1014 2821 Ordinationem
1035 2792 1068 2822 δε
1090 2791 1230 2829 Conque-

167 2832 242 2863 stum
257 2832 386 2870 expedire
401 2839 551 2871 poterunt,
571 2828 777 2865 Redemptioni
789 2830 821 2860 Sc
835 2829 1018 2860 Obedientiae
1038 2829 1130 2860 Castri
1142 2830 1229 2861 nostri

166 2870 204 2901 de
224 2870 321 2910 Gurry
334 2871 361 2900 in
376 2870 508 2907 praedieta
522 2868 610 2899 Insula
625 2868 661 2897 de
671 2867 798 2907 Jereseye
812 2868 978 2906 ponendum
989 2890 998 2906 ,

206 2909 338 2939 Necnon
360 2909 393 2939 ad
416 2908 522 2939 Literas
542 2908 578 2937 de
598 2907 673 2936 salvo
694 2905 852 2937 Condudfu
866 2930 875 2945 ,
898 2906 1059 2937 Prisonariis
1079 2917 1113 2937 ac
1124 2907 1182 2937 aliis
1195 2908 1230 2938 ad

167 2948 413 2985 Redemptionem
435 2947 528 2983 politis
541 2968 551 2984 ,
579 2955 652 2983 quos
674 2955 726 2983 pro
750 2945 1005 2983 Redemptionibus
1027 2946 1077 2976 suis
1091 2945 1230 2976 solvendis

167 2987 238 3018 infra
258 2986 359 3016 Insulas
381 2984 529 3025 praedictas
548 2985 644 3014 venire
664 2985 813 3022 contigerit
827 3007 836 3022 ,
855 2985 889 3015 &
904 2986 989 3015 etiam
1005 2984 1230 3023 quibuscumque

165 3026 241 3064 aliis,
260 3026 308 3062 qui
329 3034 396 3054 cum
417 3023 594 3053 vietuaiibus
608 3045 617 3060 ‚
642 3022 785 3053 dumtaxat
803 3023 837 3052 ad
853 3021 952 3054 Castra
967 3024 1000 3053 &
1016 3022 1117 3054 Insulas
1129 3024 1230 3062 praedi-

165 3066 228 3099 cta,
246 3064 292 3093 seu
308 3072 403 3093 earum
419 3062 526 3100 aliqua,
542 3071 594 3099 pro
608 3060 775 3091 Munitione
789 3062 957 3092 eorumdem
973 3085 982 3100 ,
1001 3072 1034 3092 ac
1046 3061 1230 3093 Sustentatio-

166 3114 202 3134 ne
217 3102 357 3133 Fidelium
370 3100 533 3131 nostrorum
545 3100 669 3136 ibidem,
688 3101 785 3130 venire
800 3100 959 3137 voluerint,
981 3110 1065 3138 prout
1075 3100 1151 3138 juxta
1160 3099 1229 3130 Dis-

165 3143 307 3210 magones
329 3140 386 3171 suas
403 3139 505 3170 melius
524 3140 557 3170 &
579 3138 702 3169 securius
719 3137 779 3168 fieri
798 3140 918 3178 poterit,
933 3139 1058 3170 dandum
1073 3140 1107 3170 &
1121 3148 1228 3170 conce-

164 3181 220 3212 den
243 3189 291 3210 um

202 3219 240 3250 Et
256 3219 291 3248 ad
300 3203 504 3256 'quaecumque
526 3214 696 3246 Molendina
711 3239 721 3254 ,
736 3215 793 3246 five
811 3216 909 3255 Loca,
928 3216 973 3247 vel
988 3216 1063 3247 Situs
1080 3215 1228 3246 Molendi-

165 3268 288 3295 norum,
308 3257 379 3286 infra
400 3256 502 3286 Insulas
524 3254 668 3292 praedieias
681 3276 690 3292 ,
717 3264 780 3291 quae
795 3265 845 3292 per
859 3254 983 3286 Guerras
998 3265 1063 3286 ante
1076 3255 1138 3285 haec
1153 3264 1227 3286 tem-

164 3306 234 3334 pora
254 3295 394 3326 destructa
413 3295 458 3325 seu
499 3293 613 3323 rostrata
632 3293 745 3323 fuerunt
761 3317 770 3329 ‚
796 3294 1040 3332 quibuscumque,
1058 3303 1090 3324 ea
1103 3295 1228 3332 recipere

166 3335 201 3366 &
219 3335 270 3364 suis
291 3334 457 3371 Sumptibus
510 3331 666 3362 eaedificare
682 3331 726 3361 seu
742 3331 884 3369 Reparare
900 3332 1076 3370 volentibus,
1094 3342 1147 3370 pro
1161 3341 1227 3362 mo-

164 3373 262 3403 derato
275 3373 419 3402 Termino
435 3372 588 3402 Annorum
606 3369 837 3408 Dimittendum,
856 3370 1052 3402 Arentandum
1065 3393 1074 3408 ‚
1094 3371 1128 3401 &
1143 3369 1228 3400 Con-

165 3411 324 3442 cedendum
337 3434 346 3449 ,
371 3419 454 3448 prout
473 3411 547 3446 iuxta
569 3408 763 3440 Discretiones
783 3408 841 3438 suas
861 3418 913 3447 pro
939 3408 1112 3441 Commodo
1126 3408 1227 3440 nostro

167 3451 250 3481 fuerit
261 3450 458 3479 rationabiliter
472 3448 631 3478 faciendum
641 3471 650 3486 ,

203 3489 336 3518 Liberam
354 3488 513 3518 Licentiam
529 3487 561 3516 &
578 3486 707 3524 plenam,
725 3485 845 3515 Tenore
862 3484 1062 3525 Praesentium,
1077 3484 1226 3516 Concedi-

169 3537 231 3557 mus
246 3528 279 3558 ὃ(
295 3525 516 3556 Committimus
530 3524 718 3554 potestatem:

203 3564 459 3602 Ratum,Gratum
469 3564 517 3600 ,ὃς
532 3562 659 3593 Firmum
674 3563 807 3592 habentes
820 3563 854 3593 ὃς
869 3562 989 3594 habituri
1002 3561 1136 3601 quicquid
1149 3561 1226 3593 idem

168 3602 272 3633 Custos
288 3627 297 3641 ,
321 3611 368 3633 aut
387 3603 445 3639 ejus
468 3601 550 3631 Loca
570 3609 693 3631 tenentes
709 3601 753 3630 vel
767 3600 921 3639 Deputati,
938 3602 984 3633 seu
997 3611 1097 3632 eorum
1112 3600 1227 3639 aliquis,

166 3642 363 3671 rationabiliter
381 3641 581 3670 Ordinaverint
593 3662 602 3677 ‚
628 3640 759 3670 Fecerint
773 3662 782 3677 ,
802 3639 987 3678 Dimiserint,
1007 3640 1204 3671 Arentaverint
1216 3662 1228 3678 ‚

167 3678 211 3708 seu
225 3679 425 3710 Concesserint
440 3680 470 3708 in
484 3677 650 3715 Praemiffis,
669 3677 714 3707 seu
729 3678 822 3715 aliquo
836 3677 1070 3716 Praemifforum3

206 3715 311 3746 Dantes
331 3717 461 3748 universis
481 3717 514 3746 &
535 3716 644 3755 singulis
660 3715 786 3753 Ballivis,
803 3715 922 3754 Juratis,
940 3717 1098 3755 praepositis
1109 3738 1118 3753 ,
1131 3713 1226 3745 Mini-

166 3752 226 3783 stris
239 3754 408 3793 Officiariis,
427 3754 584 3792 Fideiibus,
599 3755 632 3784 ὅτ.
647 3753 771 3784 Subditis
784 3754 884 3783 nostris
907 3754 1059 3786 Insularum
1080 3753 1226 3792 praeditsta-

169 3801 233 3821 rum
249 3815 258 3829 ,
285 3794 317 3822 &
340 3794 397 3823 aliis
417 3793 643 3831 quibuscumque
655 3816 665 3830 ,
684 3802 807 3829 quorum
818 3793 950 3830 interest,
968 3794 1088 3824 Tenore
1100 3790 1226 3821 Praesen-

168 3830 259 3865 tium,
278 3829 393 3860 firmiter
413 3833 441 3860 in
465 3830 608 3861 Mandatis
626 3830 706 3867 quod
726 3829 820 3860 eidem
843 3829 964 3861 Custodi
979 3854 988 3869 ,
1003 3841 1036 3862 ac
1052 3831 1167 3861 Locum
1184 3839 1226 3860 te-

167 3868 296 3897 nentibus
311 3869 341 3897 &
358 3868 503 3905 Deputatis
520 3869 571 3899 suis
585 3868 741 3906 praediffls,
759 3869 789 3898 iti
802 3868 980 3899 Executione
994 3868 1225 3907 Praerniffomm,

168 3906 350 3943 auxilientur,
367 3907 526 3944 consulant,
544 3908 577 3937 ὃς
590 3906 754 3944 intendant,
772 3914 804 3936 ut
818 3906 859 3936 est
868 3907 983 3944 justum.

203 3943 238 3975 In
254 3944 347 3980 cujus,
365 3945 423 3974 &e
444 3944 577 3981 quamdiu
596 3946 679 3975 nobis
697 3945 832 3984 placuerit
844 3944 993 3976 duraturas.

243 3980 311 4012 Dat.
329 3982 402 4020 apud
413 3982 720 4022 westmonasterium,
738 3982 856 4015 decimo
869 3985 970 4022 quinto
984 3983 1030 4014 die
1046 3982 1151 4014 Martii.

902 4031 954 4060 Per
967 4030 1120 4061 Concilium.

635 114 1438 167 coNVENTioNEQ

32 211 108 243 Ami.
123 210 164 242 D.
183 211 238 240 niae
253 211 286 241 &
301 209 460 246 Bohemioe,
476 206 557 238 causa
578 205 724 245 Cariffimae
745 204 878 245 Consortis
898 203 993 245 nostrae
1012 206 1142 241 Reginae,
1160 200 1250 240 profi-

1495 115 1902 167 LITERAE,
1954 140 1963 148 ι

2375 232 2507 271 Λακια-
2516 268 2524 275 ,

2394 275 2477 313 1382.

2368 313 2421 341 Εἰς.
2440 324 2469 345 2.
2511 327 2522 349 g,

1288 373 1419 432 REX
1446 373 1609 412 Omnibus,
1625 373 1661 404 ad
1677 385 1749 414 quos
1781 375 1843 407 &c.
1862 374 1997 406 Salutem.
2368 381 2422 407 An.
2434 388 2463 416 5.

1391 412 1488 444 Sciatis
1514 413 1596 452 quod
1608 437 1618 453 ,
1650 424 1701 452 per
1722 398 1980 453 Nsanucaptionem
2010 415 2089 443 Petri
2110 416 2153 443 Pa
2168 426 2201 445 ne
2221 415 2354 447 Perionae
2367 421 2396 445 R.
2413 427 2441 446 2.

1283 449 1423 482 Ecclefiae
1442 451 1480 482 de
1505 451 1667 492 Hydebum
1686 453 1815 493 Worthy
1830 477 1840 492 ,
1870 453 1907 484 de
1927 452 2077 484 Comitatu
2098 451 2137 482 Su
2169 456 2325 499 amptoniae
2343 478 2353 494 ‚
2366 455 2432 485 ibid.

1285 489 1430 519 Willielmi
1447 491 1479 520 de
1499 491 1566 521 Bole
1588 490 1713 530 Clerici,
1732 492 1766 523 &
1785 492 1929 531 Johannis
1941 493 2077 530 Newport
2091 489 2128 521 de
2139 490 2286 524 Comitatu
2298 494 2352 525 Es-
2367 504 2404 525 m.
2416 495 2446 524 6.

1283 528 1380 567 sexiae,
1399 528 1564 560 comisimus
1574 552 1584 567 ,
1601 530 1708 561 dilecto
1722 530 1839 562 Clerico
1855 530 2078 570 nostr0,Rogero
2095 530 2126 558 de
2142 529 2352 570 Wlden,Per-

1282 567 1359 598 sonae
1378 566 1513 598 Ecclefiae
1532 567 1570 598 de
1585 567 1648 598 Dra
1668 578 1719 599 ton
1740 570 1769 599 in
1790 569 1943 600 Comitatu
1964 567 2153 609 Leycestriae‚
2178 567 2351 603 Custodiam

1282 607 1418 637 omnium
1431 605 1589 637 Terrarum
1604 607 1638 638 &
1686 617 1905 638 enementorum
1914 631 1923 645 ,
1936 607 1971 638 ad
1986 617 2038 639 nos
2050 608 2275 646 pertinentium,
2287 619 2352 648 quae

1282 644 1396 675 fuerunt
1411 644 1556 682 Reginaldi
1569 645 1601 674 de
1617 649 1743 676 Carteret
1758 645 1862 676 Militis
1875 645 2005 677 defuncti
2018 670 2028 684 ,
2052 647 2103 684 qui
2114 644 2151 677 de
2165 647 2250 677 nobis
2262 649 2353 680 tenuit

1282 684 1312 714 in
1327 683 1446 722 Capite,
1464 685 1494 714 in
1507 683 1598 714 Insula
1609 683 1646 714 de
1655 684 1783 724 Jereseye
1793 707 1802 722 ,
1818 686 1846 714 in
1863 694 1947 714 manu
1963 685 2132 722 nostra‚per
2148 694 2272 716 mortem
2280 695 2354 724 prae-

1282 722 1332 753 fati
1346 721 1515 762 Reginaldi‚
1535 724 1568 754 &
1585 724 1693 753 ratione
1708 723 1826 753 minoris
1842 722 1947 753 AEtatis
1964 722 2082 762 Philippi
2096 721 2160 753 Filii
2173 725 2207 755 ὅς
2219 723 2354 756 Haeredis

1283 760 1404 800 ejusdem
1418 761 1574 799 Reginaldi,
1593 761 1772 792 existentium
1781 786 1790 799 ,

1321 799 1494 831 Habendam
1510 824 1519 840 ,
1537 801 1594 831 una
1608 810 1678 831 cum
1693 799 1836 838 Exitibus,
1854 799 1921 829 inde
1935 810 1950 829 a
1963 807 2092 837 tempore
2107 801 2205 831 mortis
2219 799 2348 839 praediffl

1284 837 1436 878 Reginaldi
1453 840 1591 877 perceptis
1627 839 1757 877 usquead
1771 839 1927 878 legitimam
1951 837 2083 869 AEtatem
2104 838 2236 869 Haeredis
2246 842 2349 878 praedi-
2545 860 2557 873 ι

1284 878 1324 908 &i
1337 900 1347 916 ,
1374 877 1538 908 Reddendo
1556 862 1623 908 iride
1642 879 1726 908 nobis
1739 903 1748 916 ,
1775 888 1826 916 per
1848 878 1966 908 Annum
1979 900 1989 915 ,
2014 876 2131 907 Decem
2154 877 2250 908 Libras
2269 880 2304 910 ad
2326 881 2346 900 ³*
2366 874 2381 891 ¹*
2399 876 2467 903 Vll·

1282 916 1464 948 Scaccarium
1479 916 1609 947 nostrum
1625 916 1756 956 Angliae,
1773 916 1807 947 ad
1824 915 1905 947 Festa
1919 915 2035 947 Paschae
2052 917 2087 948 δε
2105 915 2203 947 Sanffi
2217 916 2348 951 Michae-
2368 922 2402 952 35
2405 923 2433 942 0·
2501 916 2514 927 '

1280 955 1312 985 lis
1323 978 1331 993 ,
1353 966 1403 994 per
1417 956 1536 994 aequales
1550 955 1716 986 Portiones:

1321 995 1362 1025 Ita
1375 994 1474 1032 quod,
1494 993 1513 1024 si
1530 994 1626 1031 aliquis
1644 993 1833 1032 imposterum
1854 993 1913 1031 plus
1935 1003 1988 1032 pro
2003 993 2102 1024 Terris
2117 993 2150 1024 &
2163 993 2354 1027 Tenementis

1282 1033 1425 1070 praedietis
1439 1033 1506 1063 dare
1519 1033 1640 1064 voluerit
1653 1057 1663 1071 ,
1687 1042 1757 1064 tunc
1778 1033 1855 1064 idem
1870 1031 2007 1070 Rogerus
2020 1032 2082 1070 plus
2095 1042 2150 1071 pro
2161 1032 2266 1064 eisdem
2280 1033 2352 1065 No-

1283 1072 1326 1101 bis
1341 1072 1456 1102 reddere
1469 1080 1610 1108 teneatur,

1318 1109 1356 1141 Et
1370 1110 1451 1148 quod
1467 1112 1566 1141 omnia
1579 1110 1696 1147 Onera,
1714 1108 1796 1140 dietis
1810 1109 1909 1141 Terris
1923 1110 1956 1140 &
1970 1109 2158 1141 Tenementis
2178 1111 2350 1143 incumben-

1282 1151 1318 1180 tia
1333 1149 1389 1180 sive
1402 1149 1570 1188 spectantia,
1588 1150 1670 1180 faciat
1685 1151 1719 1181 &
1734 1149 1894 1188 supportet,
1912 1147 2049 1187 quamdiu
2063 1147 2234 1180 Custodiam
2242 1150 2348 1183 habue-

1282 1189 1317 1219 rit
1331 1187 1531 1226 supradictamz

1320 1225 1354 1256 In
1370 1229 1465 1265 cuius,
1483 1228 1545 1258 &c.

1318 1264 1409 1296 Teste
1425 1265 1507 1306 Rege
1519 1264 1593 1303 apud
1607 1264 1898 1297 westmonasterium
1907 1290 1916 1304 ,
1934 1274 1982 1298 xv.
2000 1265 2046 1297 die
2060 1263 2168 1297 Martii.

1621 291 1671 322 De
1691 287 1829 333 Custodia
1847 289 2009 333 commiffa.

1863 1346 1918 1373 Per
1930 1343 2034 1374 Billam
2047 1341 2245 1382 Thesburariae.

1282 1473 1331 1505 De
1346 1483 1402 1502 non
1418 1470 1630 1504 contrariando
1647 1473 1700 1505 vel
1715 1470 1914 1518 impugnando
1932 1469 2067 1518 Registra
2083 1475 2120 1511 ὠ·
2131 1469 2238 1504 Libros
2247 1475 2346 1520 Regis,

1353 1523 1384 1552 in
1403 1519 1554 1553 Archivi's
1567 1547 1576 1564 ,
1603 1520 1689 1565 infra
1710 1518 1848 1563 Castrum
1867 1519 2049 1567 Burdegaliae
2061 1548 2071 1564 ‚
2098 1519 2265 1564 existentia.

1277 1604 1422 1664 REX,
1442 1604 1563 1636 Dileffis
1575 1606 1608 1636 &
1625 1605 1648 1636 F
1650 1605 1767 1636 idelibus
1780 1605 1849 1643 suis,
1867 1604 2025 1637 Senescallo
2046 1605 2181 1638 Dominii
2198 1605 2285 1637 nostri
2301 1606 2345 1638 A-
2363 1602 2440 1634 Ann.
2454 1604 2496 1636 D.

1351 1645 1501 1684 quitaniae,
1519 1643 1738 1675 Constabulario
1752 1644 1881 1675 Civitatis
1901 1644 2005 1675 nostrae
2026 1644 2218 1685 Burdegaliae,
2231 1645 2344 1683 Judici-
2392 1644 2478 1682 1382.

1277 1684 1329 1713 bus
1346 1683 1576 1723 Appellationum
1593 1682 1788 1721 superioritatis
1803 1683 1906 1713 nostrae
1922 1683 2080 1721 Aquitania:
2094 1707 2103 1722 ,
2117 1694 2151 1715 ac
2166 1683 2223 1714 aliis
2231 1683 2342 1722 Judici-
2360 1685 2413 1710 An.
2428 1692 2455 1718 5.

1276 1712 1522 1765 biiS,‘Majoribus
1538 1745 1548 1761 ,
1562 1721 1682 1759 juratis,
1700 1720 1857 1751 Civitatum
1881 1721 1914 1752 &
1937 1720 2087 1752 Locorum
2103 1745 2113 1761 ,
2131 1732 2246 1753 necnon
2262 1720 2343 1753 Offi-
2359 1724 2387 1748 R·
2411 1731 2437 1749 ²·

1275 1762 1378 1800 ciariis,
1397 1760 1507 1791 Ballivis
1553 1762 1586 1792 &
1610 1759 1751 1790 Ministris
1771 1759 1895 1797 nostris3
1914 1760 2087 1799 ubicumque
2099 1771 2148 1798 per
2162 1760 2340 1792 Dominiurn
2361 1761 2427 1797 Vasc.
2444 1769 2472 1795 5.

1276 1799 1406 1830 nostrum
1422 1784 1589 1838 praedi-{tum
1604 1798 1765 1830 constitutis
1778 1821 1788 1837 ,
1813 1800 1862 1837 qui
1884 1808 1960 1829 nunc
1975 1798 2054 1836 sunt,
2072 1799 2119 1830 vel
2132 1800 2182 1838 qui
2195 1808 2248 1838 pro
2264 1809 2339 1830 tem·
2356 1801 2386 1825 R·
2409 1808 2435 1827 2-
2455 1807 2494 1827 m-

1317 1849 1347 1869 re
1365 1848 1448 1870 erunt
1463 1862 1472 1876 ,
1497 1839 1530 1870 &
1551 1848 1653 1868 eorum
1674 1837 1754 1869 Loca
1768 1837 1944 1875 tenentibus,
1961 1845 1995 1868 ac
2009 1837 2066 1868 aliis
2082 1837 2223 1875 Fidelibus
2237 1837 2338 1871 nostris
2359 1845 2402 1864 ¹¹·

1276 1848 1412 1908 ffominii
1428 1876 1516 1908 nostri
1529 1876 1674 1916 praedithi,
2364 1895 2369 1900 ·

1312 1917 1449 1947 Salutem.

1315 1952 1362 1986 Ad
1379 1955 1507 1986 nostrum
1525 1953 1578 1986 'am
1594 1953 1708 1986 noviter
1719 1955 1848 1993 pervenit
1869 1953 2006 1986 Auditum
2023 1954 2104 1994 quod
2123 1955 2252 1988 nonnulli
2272 1957 2345 1989 Bur-

1277 1995 1390 2064 geiitses,
1406 1995 1492 2026 dictae
1537 1995 1636 2026 ivit-,itis
1649 1993 1755 2025 nostrae
1769 1993 1941 2034 Burdegaliae
1951 2017 1960 2033 ,
1981 1995 2014 2026 ὃς
2025 1995 2071 2024 alii
2085 1993 2121 2025 de
2136 1993 2264 2027 Partibus
2270 2006 2343 2035 prae-

1297 2046 1323 2064 ic
1339 2045 1358 2064 is

1318 2056 1381 2112 Qi’i
1394 2072 1500 2104 diversa
1512 2073 1632 2110 Terras,
1648 2071 1804 2109 Dominia,
1822 2071 1949 2110 Hospitia
1959 2095 1969 2111 ,
1986 2072 2019 2103 ὃς
2033 2071 2082 2102 alia
2089 2072 2272 2105 Tenementa
2287 2074 2344 2104 ibi-

1278 2111 1344 2142 dem
1359 2112 1395 2142 de
1411 2111 1527 2150 Nobis,
1546 2123 1593 2149 per
1609 2120 1721 2142 certum
1737 2111 1874 2149 Annuiim
1891 2111 2066 2150 Redditum,
2085 2111 2129 2141 vel
2143 2113 2193 2142 alia
2207 2112 2343 2152 Servitia,

1320 2151 1410 2181 Unde
1434 2151 1515 2182 Libri
1536 2152 1569 2182 ὃς
1591 2150 1722 2188 Registra
1741 2149 1835 2181 nostra
1851 2173 1862 2188 ,
1885 2152 1913 2181 in
1936 2150 2068 2181 Archivis
2081 2149 2182 2181 nostris
2196 2151 2266 2181 infra
2282 2150 2342 2182 Ca·

1278 2189 1367 2220 strum
1380 2189 1507 2220 nostrum
1519 2188 1688 2228 Burdcgaliae
1702 2189 1861 2227 existentia,
1871 2190 2049 2219 mentionem
2058 2189 2164 2220 faciunt
2176 2190 2344 2229 plenariam,

1316 2229 1432 2260 Tenent
1448 2230 1480 2260 &
1496 2228 1605 2265 dejure
1617 2236 1712 2259 tenere
1724 2228 1847 2266 debent,

1315 2267 1430 2298 Eisdem
1451 2267 1588 2305 Registris
1611 2268 1643 2298 ὃς
1668 2267 1762 2297 Libris
1785 2269 1862 2305 (quae
1885 2265 1992 2297 ibidem
2008 2276 2057 2304 pei·
2072 2265 2224 2298 Ducentos
2238 2266 2341 2298 Annos

1277 2306 1309 2336 δε
1326 2307 1444 2344 amplius
1458 2307 1595 2337 continue
1612 2306 1812 2342 remanserunt)
1830 2307 1856 2336 in
1868 2305 1984 2343 judicio
1995 2305 2028 2342 i&
2042 2314 2117 2335 extra
2131 2307 2287 2344 contraire,
2305 2306 2341 2336 &

1277 2346 1320 2375 illa
1356 2356 1388 2376 ro
1405 2346 1510 2375 viribus
1527 2347 1692 2384 impugnare
1705 2346 1850 2383 nituntur,
1868 2345 1901 2375 &
1918 2342 2056 2374 Redditus
2070 2344 2103 2374 &
2117 2343 2343 2383 Servitia,nobis

1275 2384 1311 2414 de
1357 2385 1447 2414 enuris
1461 2384 1530 2422 suis,
1549 2394 1597 2422 per
1612 2383 1711 2414 eadem
1726 2382 1856 2423 Registra
1871 2384 1904 2414 &
1920 2382 2024 2412 Libros
2045 2382 2138 2413 debita
2152 2405 2161 2420 ,
2186 2383 2293 2413 solvere
2306 2384 2341 2414 &

1278 2424 1369 2454 facere
1382 2424 1581 2453 contradicunt
1593 2423 1650 2460 jam
1664 2422 1699 2453 de
1715 2432 1813 2460 novo,
1831 2422 1930 2460 quod,
1949 2421 1968 2452 fi
1983 2420 2084 2458 fieret,
2109 2431 2169 2451 non
2191 2421 2284 2452 solum
2309 2422 2340 2452 in

1276 2461 1364 2492 nostri
1380 2472 1467 2499 grave
1484 2461 1672 2500 Dampnum‚
1690 2461 1792 2492 verum
1807 2461 1892 2491 etiam
1908 2461 1935 2490 in
1949 2459 2037 2490 nostri
2054 2460 2087 2490 &
2108 2458 2269 2491 Haeredum
2285 2469 2341 2491 no-

1275 2500 1397 2531 strorum
1416 2500 1656 2531 Exhaeredationis
1672 2499 1838 2531 Periculum
1853 2499 1966 2530 cederet
1979 2497 2127 2529 manifeste
2137 2521 2147 2537 ,

1312 2539 1399 2576 Nos,
1418 2539 1548 2579 Registra
1563 2539 1596 2569 &
1613 2538 1717 2569 Libros
1733 2539 1777 2568 illa
1787 2540 1863 2576 (quae
1877 2538 2054 2575 Antiquitate
2066 2537 2228 2574 hujusmodi
2243 2537 2338 2568 fiilciri

1274 2578 1470 2615 dinoscuntur)
1482 2577 1519 2607 de
1533 2586 1606 2607 tanta
1621 2586 1654 2607 ac
1672 2578 1716 2607 tali
1732 2578 1900 2608 auctoritate
1914 2584 2089 2612 reputantes,
2102 2575 2183 2612 quod
2198 2575 2280 2606 alicui
2288 2576 2340 2606 Li-

1274 2626 1331 2654 geo
1354 2615 1454 2647 nostro
1471 2639 1481 2655 ,
1502 2616 1536 2647 ad
1555 2616 1731 2653 allegandum
1745 2638 1755 2654 ,
1782 2624 1883 2646 contra
1896 2614 2012 2652 eadem,
2030 2613 2074 2643 seii
2086 2613 2188 2643 eisdem
2201 2614 2231 2643 in
2244 2614 2341 2652 aliquo

1274 2655 1504 2686 contrariandum
1521 2676 1531 2693 ‚
1558 2654 1658 2685 Nobis
1678 2654 1842 2685 inconsultis
1858 2676 1868 2691 ‚
1887 2651 1991 2690 absque
2009 2651 2183 2689 specialitate
2197 2652 2233 2683 de
2249 2651 2341 2692 Regia

1275 2694 1420 2731 Majcstate
1435 2695 1528 2732 primo
1543 2692 1677 2730 optenta,
1697 2695 1725 2723 in
1734 2692 1851 2731 Judicio
1864 2691 1908 2721 vel
1922 2700 2000 2721 eittra
2015 2713 2025 2728 ,
2046 2689 2199 2722 Audientia
2216 2691 2340 2729 aliqualis

1273 2732 1331 2762 dari
1347 2743 1407 2763 non
1423 2732 1538 2771 debeat,
1555 2732 1588 2763 &
1603 2730 1673 2762 Hoc
1686 2733 1766 2761 vobis
1778 2733 1812 2764 ὃς
1824 2731 1898 2768 aliis,
1917 2738 2042 2769 quorum
2061 2727 2176 2760 interest
2191 2729 2237 2761 vel
2253 2731 2340 2760 inter-
2354 2764 2357 2765 ⁷

1273 2773 1340 2809 erit,
1360 2771 1546 2811 significamus
1561 2781 1609 2809 per
1625 2770 1794 2808 Praesentes;

1312 2810 1322 2839 Ι
1326 2810 1471 2840 nhibentes
1495 2809 1605 2847 iusuper
1621 2834 1630 2847 ,
1655 2809 1776 2840 Tenore
1796 2807 1997 2845 praesentium,
2015 2806 2097 2837 vobis
2110 2806 2144 2838 &
2158 2806 2275 2838 cuilibet
2289 2816 2342 2837 ve-

1273 2847 1364 2879 strsim
1373 2873 1382 2886 ‚
1399 2859 1431 2879 ac
1447 2849 1505 2879 aliis
1518 2848 1744 2887 quibuscumque
1759 2847 1882 2878 Subditis
1896 2846 1998 2876 nostris
2012 2844 2148 2876 Dominii
2163 2845 2252 2875 nostri
2263 2854 2338 2882 prae-

1272 2887 1342 2917 dic‘ti
1356 2910 1365 2925 ,
1390 2887 1544 2918 distriffii‘is
1567 2897 1627 2926 quo
1689 2888 1805 2918 terimus
1821 2909 1831 2924 ,
1856 2887 1894 2916 ne
1915 2885 2068 2923 quicquam
2081 2906 2092 2922 ,
2105 2883 2189 2927 „quod
2203 2884 2232 2913 in
2244 2881 2336 2913 nostri

1275 2925 1445 2963 Dampnum
1460 2926 1505 2956 vel
1522 2897 1788 2956 Exhaerefftionem
1803 2925 1832 2954 in
1844 2924 1897 2954 hac
1912 2930 1989 2961 parte
2002 2921 2155 2965 aliqualiter
2167 2920 2268 2951 cedere
2282 2929 2337 2964 po-

1274 2965 1352 3002 terit,
1371 2966 1540 3003 attemptetis
1555 2964 1590 2995 de
1603 2973 1710 2995 caetero
1719 2986 1729 3002 ,
1747 2972 1801 2993 nec
1814 2967 1981 3000 attemptent
1993 2959 2037 3003 vel
2052 2959 2154 3003 faciant
2162 2981 2172 2998 ,
2190 2967 2238 2990 aut
2251 2958 2336 2990 faciat

1274 3001 1402 3033 vestrum
1419 3003 1464 3033 seu
1476 3012 1578 3033 eorum
1591 3003 1705 3040 aliquis,
1724 3001 1774 3032 sub
1786 2999 1914 3043 Periculo
1929 2996 2008 3042 quod
2020 2998 2172 3041 incumbit.

1310 3041 1379 3071 Dat.
1402 3040 1453 3071 sub
1477 3040 1580 3080 Magni
1602 3040 1694 3079 Sigilli
1714 3038 1804 3070 nostri
1822 3036 2008 3069 Testimonio
2022 3057 2032 3074 ,
2067 3045 2096 3066 in
2116 3034 2227 3065 Palatio
2248 3033 2336 3075 nostro

1274 3078 1381 3120 Westm.
1401 3088 1446 3110 xx.
1463 3079 1510 3110 die
1524 3079 1630 3110 Martii.

1592 3218 1651 3249 Pro
1668 3214 1806 3261 Epissopo
1825 3212 2027 3255 Dunolmerfi.

1271 3299 1358 3358 RE
1370 3298 1401 3330 X
1425 3299 1588 3339 Omnibus,
1605 3293 1643 3331 ad
1657 3309 1745 3339 quos,
1763 3299 1823 3330 &c.
1843 3297 1978 3330 Salutem.
2013 3336 2019 3341 .
2142 3337 2148 3341 ¹
2356 3298 2432 3331 Ann,
2443 3299 2485 3332 D,

1365 3337 1500 3370 Volentes
1518 3349 1570 3377 pro
1593 3339 1700 3377 Majori
1722 3339 1831 3377 Quiete
1844 3359 1854 3377 ,
1878 3334 2054 3368 Venerabilis
2074 3334 2180 3373 Patris,
2194 3334 2336 3374 Johannis
2380 3339 2467 3378 1382.

1271 3378 1325 3414 Epi
1337 3381 1390 3415 copi
1403 3377 1605 3418 Dunolmenfis,
2075 3413 2080 3418 ¹
2351 3381 2405 3405 An.
2424 3387 2453 3413 5.

1326 3415 1540 3447 ‘onfidemtione
1553 3417 1634 3455 quod
1649 3417 1704 3455 ipse
1715 3415 1790 3446 nulla
1805 3414 1944 3445 Dominia
1966 3413 2024 3443 five
2043 3411 2147 3450 Villas,
2164 3412 2200 3444 ad
2212 3411 2332 3456 Episco-
2342 3420 2379 3444 Ἡ.
2401 3426 2428 3443 2.

1269 3463 1365 3492 patum
1379 3454 1460 3485 suum
1473 3457 1658 3494 pertinentia,
1697 3456 1768 3492 rope
1783 3452 1939 3483 Civitatem
1954 3451 2080 3496 nostram
2098 3450 2329 3495 Londoniae,ve1
2346 3457 2407 3482 Par.
2424 3463 2453 3489 5.

1267 3464 2138 3567 lassiaisseras&{aiiiifiuffiiseziair
2150 3489 2206 3528 ΜΕ
2221 3489 2331 3520 aa..
2349 3496 2445 3559 ‘itt-
2457 3503 2481 3520 ²⁴

1308 3569 1441 3601 Gratiose
1455 3571 1618 3609 providere,
1845 3553 1855 3568 ³
2130 3552 2140 3567 ²

1307 3608 1511 3639 concessimus
1532 3610 1625 3640 eidem
1645 3607 1788 3646 Episcopo
1804 3630 1814 3644 ,
1839 3616 1893 3645 pro
1913 3615 2042 3650 tempore
2060 3604 2128 3643 suo,
2145 3603 2244 3643 quod,
2263 3613 2338 3647 quo-

1269 3648 1463 3685 tienscumque
1480 3647 1571 3686 ipsum
1590 3646 1625 3676 ad
1640 3645 1825 3676 Parliamenta
1838 3645 1884 3675 seu
1902 3644 2038 3676 Concilia
2050 3643 2162 3680 nostra,
2180 3651 2268 3686 usque
2282 3641 2336 3686 Ci-

1268 3687 1384 3716 vitatem
1407 3685 1534 3716 nostram
1557 3684 1724 3724 praedic‘tam
1739 3706 1749 3722 ,
1774 3684 1819 3714 seu
1833 3684 1883 3714 alia
1900 3684 1980 3714 Loca
1995 3682 2114 3719 Vicina,
2133 3690 2227 3712 venire
2242 3688 2336 3724 conti-

1269 3725 1359 3762 gerit,
1377 3724 1489 3755 Gentes
1508 3724 1546 3755 de
1569 3724 1683 3754 Familia
1697 3724 1759 3761 sua,
1777 3724 1810 3754 &
1827 3722 1903 3760 Equi
1916 3722 1971 3760 sui,
1986 3722 2016 3750 in
2032 3720 2105 3751 Villa
2119 3719 2156 3749 de
2167 3718 2334 3762 stratfordia

1267 3771 1323 3792 arte
1331 3762 1420 3793 Bowe
1434 3762 1566 3800 hospitari
1582 3761 1686 3800 possint
1698 3761 1788 3792 libere
1802 3762 1836 3792 ὃς
1848 3760 1951 3799 absque
1964 3757 2174 3797 impedimento
2180 3755 2334 3799 Ministro-

1268 3810 1331 3830 rum
1347 3802 1381 3832 &
1395 3803 1409 3817 ⁸
1428 3801 1548 3831 aliorum
1563 3810 1830 3839 quorumcumque,
1848 3807 1934 3836 prout
1947 3797 2057 3841 Gentes
2070 3797 2104 3826 &
2115 3794 2192 3838 Equi
2207 3794 2334 3840 Thomfe,
2352 3802 2369 3819 Α*
2389 3803 2457 3831 vn.

1268 3839 1414 3907 quondFm
1427 3837 1550 3878 Epifiopi
1563 3837 1768 3878 Dunolmenfis,
1783 3836 2001 3868 Praedecessons
2016 3834 2073 3871 sui,
2092 3832 2198 3863 ibidem
2214 3833 2336 3872 hospita·-
2355 3849 2419 3877 35¹·

1268 3887 1291 3906 ri
1304 3887 1362 3907 con
1375 3886 1530 3914 neverunt,

1306 3915 1450 3945 Nolentes
1471 3914 1552 3953 quod
1572 3915 1645 3946 Villa
1665 3914 1800 3953 praedicta
1813 3935 1825 3952 ,
1845 3922 1894 3950 per
1914 3908 2087 3941 Senescalios
2101 3931 2110 3946 ,
2136 3908 2333 3954 Marescallos,

1268 3951 1513 3990 Herbergoetores
1533 3952 1660 3991 Hospitii
1679 3952 1767 3983 nostri
1781 3976 1791 3989 ,
1810 3952 1856 3995 seu
1870 3950 1936 3993 alios
1950 3946 2163 3992 quoscumque,
2179 3948 2276 3980 Alicui
2290 3947 2332 3979 al-

1268 3992 1338 4028 teri,
1355 4001 1408 4034 Pr9
1421 3991 1640 4031 Herbergagio,
1653 3992 1769 4023 interim
1783 3987 1937 4028 aliqualiter
1948 3985 2096 4025 liberetur,
2307 4014 2311 4019 ,

1306 4028 1341 4059 In
1354 4038 1448 4068 cujus,
1463 4029 1525 4062 &c-
2247 4060 2336 4095 Teste
