2561 4251
90 205 168 237 Anii.
184 201 225 233 D.

114 242 199 281 1365.

92 283 160 310 Ἐάν.
183 290 209 317 3.

98 467 118 487 ¹²
140 470 191 499 VI.

99 881 177 913 Ann.
194 878 236 912 D.

122 920 207 958 1365.

96 963 151 988 An.
175 968 219 996 39.

97 1002 130 1024 z.
154 1007 179 1034 3.

98 1041 237 1072 Franc.39.

99 1080 130 1103 E.
151 1084 176 1111 3.

99 1124 137 1142 ιη.
152 1114 178 1141 8.

136 3309 155 3328 ¹*
174 3309 225 3336 vl.

118 3348 187 3383 468.

203 2295 315 2363 :R

235 120 289 169 98

281 204 334 234 Par
348 202 416 243 quoi
433 201 522 231 Nous
537 210 607 231 vous
627 198 775 231 Mandons
786 196 955 235 dereschief,
974 196 1081 226 sicome
1101 202 1172 223 nous
1193 198 1266 232 vous
1281 197 1311 232 3-

242 253 315 273 vons
336 240 486 272 autrefoitz
509 239 629 278 mande,
647 240 681 271 &
700 249 772 269 vous
795 237 975 274 chmgeons,
1000 233 1193 264 estroitement
1223 236 1313 264 enlol-

242 290 367 320 gnantz,
404 288 439 308 ue
451 287 523 308 vous
539 277 622 309 facez
644 277 832 317 diligenment
852 273 978 314 regarder
1000 280 1093 302 tontes
1113 270 1151 300 les
1169 268 1312 310 Remem-

246 321 379 355 brances,
436 317 583 347 unimentz
591 341 601 358 ,
619 317 652 347 &
662 315 820 346 Evidences
834 313 990 344 touchantz
1003 311 1028 341 13
1040 310 1098 341 dite
1104 308 1314 342 informacion,

245 359 279 389 &
293 357 390 387 solonc
403 354 489 384 l’effet
503 355 538 385 &
553 356 635 386 force
649 354 787 391 d'icelles,

284 395 336 431 Et,
354 394 373 424 si
393 393 458 424 tiele
475 392 671 424 Informacion
686 403 701 423 a
728 392 786 422 este
808 390 872 421 faite
890 399 938 428 par
958 396 1072 420 manere
1089 387 1123 420 &
1141 385 1254 416 fourme
1277 380 1315 412 de

246 443 304 464 noz
321 431 549 470 Mandementz,
567 432 638 462 dont
655 441 726 461 vous
739 431 844 461 deurez
857 428 928 459 estre
941 437 1053 466 recors,
1069 436 1085 456 a
1099 425 1125 456 la
1141 422 1244 454 finable
1256 419 1315 464 Ex-

266 472 377 502 edicion
393 471 426 501 ὃ(
436 469 701 501 Determinacion*
719 469 755 500 de
769 469 794 500 la
809 468 867 499 dite
876 467 1032 506 Busoigne,
1049 465 1148 496 solone
1165 470 1220 493 ceo
1234 469 1284 497 (1111
1299 468 1315 488 a

260 511 325 540 *aire
339 509 408 540 serra
421 508 457 540 de
472 508 558 539 Droit
575 510 609 540 &
623 509 660 539 de
676 507 782 538 Raison
792 530 801 546 ,
819 507 838 537 si
872 516 908 536 ue
921 506 947 537 le
966 506 1008 536 dit
1029 504 1167 541 Seigneur
1189 499 1224 530 de
1240 498 1317 530 Bou-

248 548 354 579 berche
373 557 408 577 ne
421 556 553 577 retourne
567 548 636 577 mais
652 547 705 586 plei
727 555 792 577 nant
808 556 823 575 a
875 555 927 575 ous
941 554 989 583 par
1003 543 1073 574 celle
1086 540 1177 573 cause-

287 586 369 617 Don.
385 596 432 624 par
448 585 684 623 Tesmoignance
719 596 734 616 e
751 584 847 615 nostre
863 583 957 614 Grant
972 583 1052 620 Seal,
1068 591 1084 612 a
1106 578 1203 610 nostre
1219 575 1317 619 Palays

248 626 284 656 de
298 623 538 661 Westmonstier,
555 625 580 655 le
594 626 656 662 xxvj
673 626 734 663 jour
748 624 784 654 de
793 623 848 653 Ma
874 646 884 661 ‚
900 623 966 653 l’An
978 621 1015 652 de
1022 620 1121 651 Grace
1127 614 1318 655 Mill,Trors-

250 672 353 703 centz,
371 663 505 694 Soixante
520 664 554 695 &
570 663 682 702 Quint,
698 665 732 695 &
747 663 783 693 de
795 671 836 692 no
864 671 894 692 re
909 661 1011 700 Regne
1027 659 1121 690 Trent
1134 654 1295 687 Noefisme.

325 787 382 822 Ad
405 790 523 821 Ducem
548 786 584 821 de
607 788 754 830 Orlmns,
781 789 908 829 Lucra,
935 784 971 819 de
993 783 1222 830 Acquietantia.

255 873 334 937 LE
352 873 413 905 Roi
428 884 460 912 a,
478 873 575 904 nostre
591 873 747 905 Treschere
763 874 795 904 &
808 872 944 904 Tresame
965 871 1050 902 Frere
1084 867 1186 907 Phelip
1202 865 1265 896 Filz
1283 864 1319 894 de

328 912 390 944 Roi
411 913 446 943 de
461 912 584 952 France,
602 912 672 944 Duc
687 912 845 952 d’Orliens,
867 911 987 943 Counte
1002 908 1039 940 de
1057 892 1163 946 Valoys
1181 906 1214 937 &
1230 904 1319 935 36311-

254 960 354 991 mont,
374 952 479 983 Salutz.

292 990 497 1021 Considerantz
510 989 536 1019 le
550 998 630 1028 grant
645 990 759 1022 Amour
768 1000 824 1028 que
841 986 975 1019 Monstre
982 984 1071 1016 Nous
1083 992 1171 1021 avez,
1185 980 1221 1012 de
1229 980 1320 1011 vestre

254 1040 356 1070 propre
366 1030 573 1068 Moevement,
591 1039 626 1060 en
639 1030 664 1060 la
678 1029 800 1060 Parsone
813 1028 864 1067 de,
884 1025 980 1058 nostre
990 1023 1126 1056 tteschere
1139 1021 1161 1052 F
1163 1021 1217 1059 ilz,
1232 1020 1321 1050 Tho-

252 1080 328 1107 mas,

294 1107 346 1146 Et,
365 1117 416 1147 pur
431 1115 489 1140 tant
502 1108 675 1139 veulliauntz
694 1107 762 1138 faire
780 1114 796 1136 3
815 1114 887 1137 vous
905 1104 1018 1141 faveur,
1035 1099 1163 1138 desport,
1182 1097 1215 1129 δε
1237 1105 1321 1136 grace

254 1147 369 1184 especial
378 1171 387 1185 ,
403 1146 438 1176 de
452 1147 547 1178 nostre
561 1148 668 1178 certein
683 1146 809 1182 science,
827 1153 900 1175 nous
907 1140 1083 1173 Confessons
1097 1148 1153 1177 que
1166 1147 1238 1168 vous
1250 1143 1321 1165 avez

257 1186 324 1216 bien
339 1187 372 1216 δε
387 1186 558 1224 Loyalment
572 1195 658 1216 tenuz
671 1195 718 1222 par
729 1178 1180 1219 deversNousHostage,depuis
1194 1176 1220 1206 le
1229 1183 1322 1214 temps

252 1235 307 1263 que
323 1223 402 1267 Vous
418 1224 505 1256 Nous
517 1225 624 1256 estoiez
639 1224 746 1254 bailliee
759 1231 859 1262 parmy
874 1221 900 1251 la
915 1219 1002 1259 Paix,

290 1262 328 1293 Et
343 1263 439 1294 delore
455 1263 542 1295 Nous
556 1263 637 1294 Vous
653 1261 806 1292 Deliurons
818 1260 990 1298 pleinement
1003 1257 1042 1289 du
1056 1254 1110 1287 dist
1124 1252 1267 1293 Hostage,
1285 1251 1319 1283 &

252 1312 325 1331 vous
347 1302 474 1340 Qiiitons
497 1304 531 1334 &
553 1301 713 1340 Absolons,
733 1309 782 1338 par
800 1308 846 1329 ces
871 1298 1007 1336 presentes
1026 1295 1150 1331 Lettres,
1175 1293 1212 1323 de
1229 1299 1320 1322 toutes

254 1340 426 1383 Promess'cs,
454 1341 540 1379 Foiz,
567 1340 750 1376 Sercmentz,
767 1337 971 1376 Obligacions‚
992 1335 1025 1367 &
1039 1333 1243 1369 Covenances,
1262 1338 1318 1367 que

253 1381 302 1409 tait
317 1379 403 1409 Nous
418 1389 488 1409 avez
501 1390 515 1409 a
528 1381 608 1409 cause
623 1379 661 1409 du
676 1378 717 1409 dit
733 1375 882 1414 Hostage,

292 1417 330 1448 Et
352 1418 482 1457 Volons,
501 1417 696 1455 Consentons,
721 1416 754 1447 &
774 1414 862 1445 Nous
883 1411 954 1453 plest
977 1421 1034 1450 que
1051 1409 1134 1441 Vous
1154 1419 1189 1439 en
1210 1407 1319 1445 puissez

253 1456 449 1488 franchenicnt
467 1459 549 1496 partit
571 1457 639 1486 hors
658 1455 693 1486 de
715 1453 810 1484 nostre
834 1453 960 1488 Povoir,
975 1450 1048 1489 quiel
1071 1450 1159 1480 heure
1179 1447 1225 1485 q'il
1247 1455 1319 1476 vous

255 1496 360 1534 plen-a,
381 1497 414 1527 ὃς
430 1496 484 1526 aler
497 1506 536 1526 on
552 1495 659 1525 Povoir
679 1493 715 1524 de
733 1492 827 1523 nostre
846 1492 868 1521 F
871 1500 929 1522 rere
949 1490 975 1519 le
997 1488 1058 1519 Roi
1080 1488 1116 1519 de
1137 1487 1261 1523 France,
1279 1495 1318 1514 ou

253 1535 374 1571 ailleurs,
395 1536 499 1572 Qiites
513 1536 545 1565 ὃ(
562 1533 689 1564 Deliures
701 1542 716 1561 a
730 1532 803 1570 plein
818 1530 898 1561 dudit
913 1527 1054 1564 Hostage.

293 1572 506 1609 Proineitantz,
526 1583 572 1610 par
588 1572 684 1602 nostre
697 1571 747 1601 Foi
762 1571 794 1600 ὅ(
809 1569 975 1604 Serement,
988 1567 1026 1595 les
1039 1564 1136 1596 choses
1147 1561 1319 1600 deffusditcs,

258 1612 290 1642 δ’
314 1612 436 1642 eliescun
459 1612 606 1650 d'ycelles,
624 1611 733 1646 Tenir,
748 1608 877 1646 Garder,
899 1608 930 1638 δε
959 1616 1019 1635 non
1043 1605 1123 1634 venir
1144 1610 1318 1639 encountre3

255 1659 346 1680 tontes
367 1659 455 1680 autres
481 1650 684 1689 Obligacions,
710 1647 887 1684 Promesses,
912 1645 1115 1680 Covenances,
1135 1642 1320 1678 Serementz,

254 1690 287 1719 a&
309 1689 457 1726 Sentetez,
478 1689 555 1719 faites
572 1699 586 1718 a
603 1688 709 1725 Nous,
725 1687 756 1717 &
773 1696 788 1716 a
808 1695 866 1715 noz
881 1683 981 1720 Heirs,
997 1692 1044 1720 par
1061 1682 1084 1712 la
1103 1681 1161 1712 dite
1182 1678 1266 1717 Paix,
1284 1679 1318 1709 δε

253 1738 397 1766 quatitque
413 1729 536 1766 compris
551 1726 591 1757 est
605 1737 634 1757 es
657 1726 785 1763 Lettres,
802 1725 845 1754 sur
862 1733 896 1753 ce
910 1723 1005 1759 faites,
1023 1721 1192 1751 demorantz
1212 1718 1318 1748 toutdis

252 1777 286 1797 en
302 1766 360 1796 leur
373 1765 461 1796 effe&
472 1789 479 1803 ,
496 1766 592 1803 force,
611 1766 644 1796 δε
659 1773 757 1800 verm,
775 1773 801 1792 as
815 1761 937 1802 qnieles,
957 1769 1042 1798 quant
1057 1769 1084 1789 as
1100 1757 1197 1789 choses
1217 1757 1266 1795 qui
1281 1766 1318 1786 ne

251 1805 387 1835 touchent
401 1804 492 1834 vestre
505 1805 628 1842 presente
643 1802 832 1839 Deliurance,
852 1800 885 1831 N
889 1810 939 1829 ous
962 1808 997 1828 ne
1013 1798 1114 1827 volons
1137 1806 1191 1834 que
1208 1805 1317 1825 aucune

252 1843 395 1911 prejiidice
410 1843 435 1873 se
450 1843 536 1881 puisse
547 1842 633 1880 faire,
653 1852 688 1872 en
703 1849 794 1878 temps
808 1850 823 1869 a
840 1839 938 1876 venir,
957 1847 972 1867 a
988 1836 1069 1867 cause
1083 1836 1119 1866 de
1135 1844 1194 1865 noz
1207 1835 1319 1874 presen-

252 1892 291 1913 tes
336 1890 417 1911 ettres

292 1921 353 1959 Qi
371 1904 462 1950 furc⁷nt
481 1919 561 1949 Fiitz
578 1919 611 1950 δε
627 1917 774 1955 Donnez,
791 1926 806 1947 a
824 1915 917 1946 nostre
935 1913 1050 1945 Cliastel
1071 1912 1108 1943 de
1122 1910 1321 1950 Wyndesore‚

252 1960 278 1989 le
295 1959 449 1997 penultime
464 1959 525 1995 jour
540 1958 575 1987 de
591 1956 678 1997 May,
696 1957 763 1987 l'An
785 1956 820 1986 de
836 1954 931 1985 Gracc
945 1954 1031 1991 Mill,
1048 1951 1239 1994 Troiscentz,
1255 1950 1320 1980 Soi-

252 2008 334 2029 1131116
349 1999 381 2029 ὃ(
396 1998 504 2036 Qum,
523 1997 556 2028 ὅτ.
568 1996 603 2027 (16
619 1996 714 2027 nostre
729 1995 832 2035 Regne
847 1993 956 2024 Trente
970 1994 1001 2023 δε
1018 1991 1112 2022 Noei.

739 2073 797 2103 Par
816 2071 840 2102 le
858 2074 908 2101 Roi
924 2068 961 2105 (ῤ’
974 2069 1028 2109 sbn
1048 2065 1158 2106 Confi’il.

330 2206 388 2236 Pro
415 2200 637 2248 Archiepiftopo
661 2197 838 2241 Dublincnfi
857 2195 892 2230 de
921 2200 1019 2230 Crnce
1043 2192 1224 2240 bajulanda.

324 2288 350 2319 E
362 2287 409 2327 X,
429 2287 594 2318 Venerabili
609 2288 637 2317 in
645 2284 764 2316 Christo
780 2283 873 2321 Patri,
892 2282 952 2312 Th.
965 2281 1065 2312 eadem
1073 2279 1178 2320 gratia,
1198 2279 1320 2311 Archie-

335 2327 452 2365 piscopo
468 2325 656 2363 Dublinenii,
674 2325 809 2355 Salutem.

291 2366 368 2396 Inter
386 2374 488 2396 caetera
503 2363 595 2394 cordis
612 2362 701 2393 nostri
719 2360 904 2393 desiderabilia
924 2358 951 2389 id
977 2360 1070 2398 potius
1094 2356 1192 2387 insidet
1214 2356 1319 2387 nostrce

254 2406 361 2443 menti,
376 2413 407 2435 ut
423 2403 570 2434 Amicitiae
583 2402 678 2432 solidae
694 2402 726 2431 ἃ
742 2400 821 2431 Pacis
835 2398 969 2428 durabilis
988 2397 1137 2426 amoenitas
1152 2396 1258 2433 ubique
1279 2397 1322 2425 in-

194 2460 203 2469 «
231 2470 237 2476 .
255 2452 296 2474 ter
312 2444 454 2481 Populos,
472 2441 578 2471 nostrae
592 2440 706 2471 Ditioni
722 2439 878 2478 subjech,
895 2439 1003 2473 semper
1016 2437 1109 2472 vigeat
1126 2435 1158 2465 &
1171 2435 1301 2464 acrescat.

295 2481 375 2512 Cum
391 2483 492 2518 igitur,
511 2481 589 2518 super
604 2479 776 2517 Bajulatione
791 2477 894 2507 Crucis
910 2475 1008 2505 vestrae
1027 2475 1054 2503 in
1075 2473 1244 2511 Provincia,
1264 2473 1321 2503 Ve-

229 2550 233 2555 ,
255 2521 382 2551 nerzibilis
400 2514 503 2556 Patris,
532 2517 746 2555 Archiepiscopi
767 2514 1017 2550 Annachaneniis,
1044 2513 1076 2544 &
1095 2512 1197 2542 Crucis
1217 2511 1272 2541 suae
1292 2512 1319 2541 in

254 2560 343 2590 vestra
364 2558 535 2595 Provincia,
553 2559 624 2587 inter
644 2556 703 2586 Vos
717 2554 919 2586 Controversia
939 2561 1078 2588 vertatur,
1098 2559 1128 2580 ut
1147 2551 1321 2588 accepiniu=‚

253 2600 286 2630 ὃ(
309 2598 438 2634 Debata,
453 2606 518 2634 quae
538 2597 609 2625 inter
629 2594 736 2625 vestros
757 2596 790 2625 ὃ(
809 2594 869 2623 suos
889 2590 1080 2621 provinciales
1100 2589 1235 2627 Dampna
1253 2590 1322 2618 irre-

255 2637 385 2675 parabilia
406 2636 436 2665 &
456 2635 625 2664 Discrimina
642 2642 742 2671 magna
765 2631 853 2669 (quod
881 2630 958 2664 abiit)
985 2629 1021 2658 de
1048 2628 1101 2657 levi
1132 2628 1322 2658 veresimiliter

255 2675 371 2706 afferent
390 2675 422 2705 &r
439 2674 593 2710 inducent,
615 2672 664 2702 nili
685 2680 772 2701 tanta:
791 2669 962 2700 'I'etneritati
981 2668 1013 2697 ἃ
1035 2666 1192 2697 Insolentiae
1215 2668 1323 2698 cautius

257 2716 388 2745 obvietur

296 2753 381 2790 Nos,
397 2736 539 2790 ’praeniissa
556 2749 679 2780 corditer
694 2747 899 2786 ponderantes,
916 2745 949 2775 δί
970 2743 1220 2774 Reformationem
1243 2743 1325 2775 Pacis

257 2794 289 2823 &
309 2800 415 2821 mutuae
430 2789 607 2820 Concordiae
626 2788 750 2818 celeriter
770 2786 827 2815 fieri
845 2784 1024 2819 affectantes,
1042 2782 1107 2811 hinc
1124 2786 1155 2812 ὃς
1174 2783 1255 2821 inde,
1274 2793 1324 2813 vos

256 2833 361 2861 attente
381 2838 528 2868 rogamus,
547 2828 629 2857 vobis
648 2826 850 2856 nichilominus
866 2825 895 2853 in
915 2821 970 2852 fide
987 2823 1018 2852 δε
1033 2820 1204 2859 dilectione,
1223 2823 1325 2861 quibus

257 2871 339 2900 nobis
357 2868 512 2905 tenemini,
532 2866 648 2896 firmiter
663 2866 856 2903 injungentes,
872 2862 1002 2901 quatinus
1023 2858 1082 2902 Vos
1106 2861 1137 2890 ὅ(
1156 2861 1248 2890 dietus
1271 2861 1325 2890 Ar-

256 2907 467 2945 chiepiscopus,
482 2906 645 2936 adinvicem
663 2903 879 2939 convenientes,
896 2901 928 2931 &
945 2899 1075 2936 expolitis
1094 2898 1201 2928 ibidem
1220 2898 1325 2937 Nego-

259 2947 304 2977 tiis
331 2947 365 2977 &
387 2945 501 2984 juribus
525 2943 686 2982 hujusmodi
704 2942 910 2973 Ba'ulationum
928 2937 1048 2975 CruciS,
1072 2936 1272 2976 suppressisque
1291 2939 1324 2968 &

257 2985 354 3016 sedatis
373 2986 463 3014 cuntis
483 2984 663 3013 Rancoribus
679 2982 711 3012 ὃ(
767 2979 905 3015 iscordiis,
921 2976 1089 3007 Tractatum
1108 2976 1172 3006 inde
1190 2977 1326 3007 amicabi-

258 3024 317 3055 lem
336 3025 408 3053 inter
427 3032 478 3052 vos
496 3023 606 3056 ineatis,
626 3022 659 3052 δε
679 3020 764 3050 talem
783 3016 982 3048 Concordiam
1002 3014 1117 3045 finaliter
1139 3014 1275 3053 statuatis,
1295 3025 1325 3046 ut

261 3062 324 3092 Vos
339 3064 367 3091 in
387 3062 447 3100 sua,
466 3061 581 3098 ipseque
601 3062 629 3090 in
649 3058 766 3096 Vestra,
786 3057 960 3092 Provinciis,
985 3054 1087 3092 absque
1112 3052 1325 3092 Impeditnento

260 3101 304 3132 seu
324 3099 476 3131 resistentia
494 3099 646 3135 faciendis,
665 3097 773 3128 Cruces
791 3095 895 3126 vestras
909 3103 973 3125 ante
990 3103 1043 3123 vos
1061 3093 1199 3131 bajulare,
1216 3093 1326 3123 &cum

262 3139 360 3170 vestris
380 3138 572 3168 Familiaribus
590 3137 701 3167 transire
720 3135 920 3171 amicabiliter,
940 3132 1067 3168 valeatis,
1086 3132 1123 3161 ne
1138 3130 1262 3170 Populus
1276 3141 1329 3160 no-

264 3179 319 3209 ster
337 3178 482 3221 turbetur,
500 3185 546 3219 aut
564 3175 724 3206 Contentio
742 3175 787 3204 seu
807 3172 946 3203 Murmur
965 3172 994 3201 in
1015 3169 1128 3209 Populo
1147 3169 1237 3207 (quod
1248 3170 1326 3205 absit)

265 3227 298 3248 ex
317 3225 459 3248 contrario
474 3224 590 3245 oriatur:

302 3255 473 3294 Exemplum
485 3251 815 3284 debita'consideratione
831 3251 968 3280 sumentes
981 3246 1061 3287 quod
1070 3270 1079 3285 ,
1095 3246 1172 3284 super
1186 3245 1332 3283 hujusmo-

267 3296 295 3327 di
310 3295 441 3332 Debata,
459 3294 531 3323 inter
547 3292 785 3328 Arcliiepiscopos
800 3289 959 3320 Cantuariae
974 3287 1007 3317 &
1024 3285 1172 3323 Eborum,
1192 3287 1206 3302 ⁸*
1221 3285 1330 3322 pridem

269 3336 298 3365 in
320 3333 394 3364 Casu
414 3331 557 3363 consimili
577 3329 716 3367 suscitata,
734 3329 767 3358 ad
789 3336 916 3367 rogatum
937 3327 970 3356 &
990 3324 1229 3362 interpositionem
1251 3324 1332 3361 partis

270 3372 395 3442 postrae,
413 3370 454 3401 est
477 3377 609 3410 perpetua
628 3367 815 3404 Concordia,
839 3367 950 3397 favente
972 3363 1069 3394 divinit
1091 3361 1271 3400 Clementia,
1290 3372 1332 3392 re-

285 3420 401 3441 ornuta-

312 3449 366 3487 Et,
386 3450 404 3479 ii
420 3448 494 3478 forte
509 3445 750 3486 impedimentum
764 3443 877 3481 aliquod
900 3441 1094 3477 intervenerit,
1113 3449 1199 3478 quare
1218 3440 1274 3469 hoc
1293 3439 1334 3469 fa-

274 3497 340 3518 cere
354 3498 412 3517 non
427 3487 570 3525 poteritis,
586 3494 655 3516 tunc
670 3494 721 3515 vos
738 3483 787 3521 ipsi
805 3483 875 3519 sitis,
895 3491 994 3511 coram
1015 3479 1112 3515 nobis,
1131 3480 1160 3507 in
1181 3477 1335 3515 Qiindena

274 3526 370 3557 8311611
395 3525 561 3563 Michaelis,
581 3524 716 3563 proximo
741 3522 849 3558 futura,
868 3521 1042 3556 ubicumque
1062 3526 1129 3547 tunc
1154 3516 1287 3546 fuerimus
1308 3518 1336 3546 in

244 3575 246 3577 ·
276 3564 398 3601 Anglii,
417 3563 451 3593 ad
465 3562 677 3593 informandum
691 3561 759 3592 Nos
774 3561 851 3597 super
864 3558 1070 3596 impedimento
1085 3555 1224 3594 praediC'oe
1234 3578 1243 3592 ,
1261 3556 1292 3585 ὅ(
1302 3556 1336 3585 3(1

276 3602 437 3633 faciendum
454 3602 487 3632 δε
500 3601 695 3641 recipiendum
711 3598 789 3637 quod
805 3608 852 3637 per
872 3597 940 3628 Nos
962 3598 995 3628 &
1016 3594 1185 3625 Concilium
1207 3593 1337 3624 nostrum

279 3642 308 3672 su
330 3651 358 3671 er
371 3641 427 3670 hoc
441 3639 600 3670 duxerimus
618 3638 819 3668 ordinandum:

344 3680 441 3717 thoc,
460 3678 528 3708 sicut
541 3676 626 3714 Nos,
642 3678 675 3707 ὃ(
691 3676 846 3706 Honorem
866 3673 1011 3711 nostrum,
1028 3682 1061 3702 ac
1084 3670 1228 3707 vestrum,
1247 3671 1341 3710 diligi-

281 3719 328 3755 tis,
347 3719 380 3748 &
400 3717 529 3747 Gravem
555 3715 785 3754 Indignationem
808 3713 933 3744 nostram
960 3713 1063 3742 evitare
1083 3710 1243 3747 volueritis,
1262 3711 1342 3740 nullo

284 3756 373 3785 modo
387 3755 531 3785 omittatis.
1029 3763 1038 3771 v

321 3793 410 3824 Teste
423 3793 509 3831 Rege
524 3791 597 3830 apud
610 3789 916 3829 Westmonasterium,
934 3798 1016 3819 nono
1030 3788 1077 3818 die
1084 3787 1171 3826 Junii.

922 3831 975 3858 Per
989 3825 1071 3866 ipficm
1085 3828 1188 3864 Regem.

290 3944 308 3975 t'
324 3904 481 3973 Contiitngle
499 3906 589 3938 Breve
606 3905 734 3946 dirigitur
753 3904 977 3945 Archiepiscopo
999 3901 1233 3940 Armachanensi,
1258 3911 1349 3934 muta-

302 3954 322 3975 is
342 3953 390 3972 mu
404 3953 437 3972 an
459 3955 488 3974 ls.

326 3980 415 4013 Teste
435 3990 465 4012 ut
482 3983 567 4020 supra.

927 4021 978 4048 Per
991 4017 1072 4057 ipfitm
1086 4020 1191 4058 Regem,

704 100 1957 158 coNVENTioNES‚L1TERAE,

1423 277 1472 309 De
1495 275 1733 309 Proclamatione
1746 297 1758 315 ‚
1773 276 1866 322 fitper
1886 276 1970 309 Arte
1982 276 2155 324 sizgittandi
2178 275 2354 311 exercenda.
2374 279 2375 283 ’

1361 359 1418 439 R
1459 399 1541 444 *Quia-
1553 399 1682 438 Populus
1694 398 1791 444 Regni
1803 399 1909 439 nostri,
1926 400 1984 430 tam
1998 399 2140 437 Nobiles,
2156 403 2244 439 qu‘am
2257 400 2424 440 Ignobiles,

1362 435 1485 474 mJocis
1504 438 1571 477 suis,
1590 439 1692 469 Artem
1712 438 1873 483 sagittandi,
1891 448 1956 470 ante
1974 438 2037 468 haec
2058 446 2203 478 tempora,
2228 441 2422 471 communiter

1358 476 1542 521 excercebant
1567 476 1656 521 *unde
1679 485 1733 508 toti
1754 477 1863 517 Regno
1878 477 1978 512 nostro
1994 477 2136 508 honorem
2158 476 2192 507 δε
2208 479 2401 510 commodum

1357 515 1442 558 nobis
1462 524 1492 544 in
1506 499 1627 547 Ac²tibus
1639 515 1742 561 nos’tris
1756 515 1926 561 Guerrinis,
1945 515 2004 547 Dei
2018 516 2140 554 ajutorio
2151 524 2341 558 cooperante,
2358 501 2422 550 subi

1358 561 1524 597 ventionem
1540 562 1600 597 non
1609 553 1762 601 rnodrcam
1777 554 1930 587 dinoscitur
1939 555 2120 594 provenisse,
2207 570 2209 572 -

1397 591 1444 624 Ac
1457 602 1512 637 iarn
1546 592 1622 623 dieta
1639 592 1710 637 Arte
1723 593 1798 632 quasi
1813 594 1936 625 totaliter
1948 593 2059 625 dimissa
2067 617 2076 632 ‚
2091 594 2169 624 idem
2189 593 2315 634 Populus
2327 595 2362 626 ad
2373 595 2422 634 Ja-

1360 630 1422 661 &us
1439 614 1597 676 Lapidum,
1616 630 1796 671 Lignorum,
1814 632 1848 663 δε
1862 633 1954 664 Ferri:
1973 633 2006 664 δε
2040 633 2137 675 uidam
2149 631 2184 663 ad
2198 632 2290 664 Pilam
2298 633 2423 665 Manua-

1360 670 1436 707 lem,
1454 669 1612 714 Pedivatn,
1638 669 1873 714 &UBacularem3
1891 671 1933 705 &⁷
1948 671 1983 702 ad
2051 672 2188 703 nibucam
2210 673 2245 704 δε
2270 671 2423 704 Gallorum

1361 708 1507 748 Pugnan13
1524 709 1640 753 quidam
1652 717 1738 740 etiam
1751 707 1786 739 ad
1793 708 1861 739 alios
1874 707 1989 747 Ludos,
2002 710 2168 741 inhonestos
2176 712 2214 743 δε
2230 710 2324 743 'minus
2343 712 2426 743 utiles

1360 756 1407 792 aut
1420 748 1556 792 valentes,
1574 747 1602 778 se
1617 747 1784 785 indulgent,
1801 757 1850 786 per
1864 747 1942 785 quod
1961 748 2072 779 dictum
2086 749 2224 788 Regnum
2245 751 2281 781 de
2301 750 2423 789 sagitta-

1361 796 1406 817 rus
1422 787 1493 817 infra
1510 786 1598 817 Breve
1612 786 1744 817 deveniet
1759 786 1942 817 verisimiliter
1961 786 2052 826 (quod
2065 788 2145 825 absit)
2160 788 2343 821 destitutum:

1397 825 1482 870 Nos,
1501 826 1717 870 volentessaper
1732 825 1790 870 hoc
1799 824 1982 869 *Remedium
1996 827 2102 863 apponi
2112 835 2324 868 opportunum,
2341 827 2425 859 vobis

1360 873 1542 904 praecipimus
1555 864 1637 902 quod
1652 874 1682 894 m
1696 864 1782 903 locis,
1797 873 1827 894 m
1842 863 1969 896 Civitate
1983 862 2137 903 praedicis,
2153 866 2212 897 tam
2225 867 2299 899 infra
2319 868 2424 898 Liber-

1361 912 1445 948 tates,
1465 905 1550 952 quarn
1565 911 1659 948 ema,
1674 903 1725 947 ubi
1735 902 2018 948 expedi-renvideritiS,
2033 902 2149 951 publice
2160 905 2326 944 proclamari
2339 907 2425 938 facia-

1360 942 1507 1026 33133ῖέ
1521 940 1784 1019 333033333ῗο
1796 941 1950 1019 rats:
1965 951 1999 1011 3
2018 942 2158 1020 33Ρο
2165 945 2425 1015 3031330333

1362 1019 1464 1088 Bolttis,
1482 1030 1512 1050 in
1523 1019 1606 1059 Jocis
1617 1018 1687 1058 suis,
1704 1026 1811 1058 utatur,
1830 1019 1991 1057 Artemque
2011 1019 2166 1057 sagittandi
2186 1020 2273 1053 discat
2292 1006 2426 1060 &exer-

1361 1068 1409 1089 cea

1386 1081 1544 1141 'Oinnibus
1559 1095 1730 1140 &tfingulis,
1744 1106 1781 1141 ex
1797 1103 1873 1135 parte
1887 1094 2169 1140 nostrafinhibentes
2181 1100 2219 1130 ne
2233 1099 2268 1130 ad
2281 1098 2429 1138 hujusmo-

1362 1135 1392 1165 di
1413 1135 1511 1174 Jaetus
1534 1135 1695 1175 Lapidum,
1715 1135 1892 1175 Lignorum,
1912 1135 2005 1166 Ferri:
2032 1135 2123 1166 Pilam
2143 1136 2327 1177 Manualem,
2346 1138 2430 1169 Pedi-

1363 1184 1447 1218 vam,
1466 1174 1510 1205 vel
1524 1173 1705 1205 Bacularem:
1725 1183 1770 1205 aut
1785 1174 1967 1205 Canibucam
1982 1172 2028 1203 vel
2043 1173 2197 1206 Gallorum
2211 1176 2362 1216 Pugmm,
2379 1186 2428 1209 aut

1361 1213 1429 1243 alios
1445 1213 1541 1256 Ludos
1556 1223 1643 1243 vanos
1656 1213 1832 1252 hujusmodi,
1850 1213 1898 1251 qui
1914 1213 2005 1243 valere
2018 1222 2078 1243 non
2098 1222 2249 1253 poterunt,
2264 1216 2314 1246 sub
2333 1215 2426 1247 Poena

1362 1248 1628 1291 Impriionamenti‚
1646 1252 1795 1290 aliqualiter
1810 1251 1974 1289 intendant,
1991 1259 2037 1282 aut
2052 1251 2078 1281 se
2091 1251 2160 1282 inde
2173 1254 2372 1286 intromittant.

1398 1291 1487 1322 Teste
1502 1291 1583 1331 Rege
1595 1291 1667 1331 apud
1681 1288 1989 1329 westmonasterium,
2004 1290 2180 1322 duodecimo
2194 1291 2241 1323 die
2250 1291 2337 1331 Junii.

1455 359 1487 390 X
1506 358 1739 391 Vicecomitibus
1755 359 1938 406 Londoniae,
1955 360 2091 391 Salutem.

1987 1369 2042 1398 Per
2060 1368 2144 1408 ipfizm
2159 1371 2266 1407 Regem.

1360 1445 1560 1516 eaglnsjgiaitlgiza
1572 1445 1669 1477 Brevia
1683 1445 1840 1485 diriguntur
1856 1445 1968 1485 singulis
1983 1444 2214 1477 Vicecomitibus
2227 1445 2359 1487 Angliae‚
2375 1447 2426 1479 sub

1359 1632 1522 1666 Traaatus
1531 1659 1540 1676 ,
1559 1632 1650 1679 fitper
1661 1632 1787 1678 Treugis
1809 1631 1951 1678 elongatis
1960 1656 1970 1671 ‚
2006 1632 2043 1669 ὠ·
2066 1628 2269 1664 Solutionibm
2298 1632 2429 1668 Redenu

1713 1682 1843 1728 ptionis,
1869 1678 2054 1724 Ratficatio.

1361 1767 1511 1824 DAvid,
1529 1776 1578 1812 par
1592 1766 1617 1812 la
1631 1775 1715 1807 grace
1727 1764 1764 1796 de
1780 1764 1858 1796 Dieu
1868 1788 1878 1803 ,
1891 1763 1953 1795 Roi
1965 1763 2113 1796 d’Escoce.

1453 1805 1553 1838 Savorr
1567 1806 1670 1837 faisons
1683 1815 1699 1835 a
1710 1813 1780 1835 touz
1791 1827 1801 1843 ,
1819 1805 1949 1842 presentz
1965 1804 1999 1834 &
2013 1813 2029 1834 a
2043 1805 2138 1842 venir,
2156 1807 2230 1845 que,

1398 1843 1496 1876 Corne
1509 1845 1628 1876 certains
1644 1844 1772 1875 Treteez
1784 1845 1857 1874 aient
1873 1841 1932 1874 este
1945 1851 2058 1881 tenues,

1361 1922 1398 1953 de
1413 1922 1508 1954 nostre
1523 1922 1672 1961 Counsail,
1693 1922 1778 1952 d’une
1792 1921 1902 1959 Partie,

1402 1882 1488 1915 Entre
1502 1884 1590 1915 Nous
1603 1885 1637 1916 &
1650 1893 1756 1915 aucuns
1775 1882 1824 1913 des
1843 1879 1975 1919 Grantz²
1994 1880 2119 1921 Prelatz‚
2137 1879 2270 1922 Nobles,
2287 1883 2321 1915 &
2339 1892 2427 1917 autres
2440 1850 2483 1913 ἔῃ
2495 1895 2520 1922 3·

2443 1928 2484 1952 Ex
2497 1926 2561 1954 Aa«

2435 155 2561 220 Anati-

2434 225 2560 304 m&

2434 374 2487 400 An.
2503 362 2559 410 39.ἲ

2435 413 2467 437 Ε.
2489 420 2515 456 Ξ.
2558 435 2560 437 ,

2465 448 2530 488 rba,
2558 458 2561 494 3}

2444 1766 2522 1800 Anti.
2534 1764 2557 1800 E

2469 1806 2561 1848 1365·⁴

2488 1868 2494 1874 .
2513 1857 2556 1884 3⁹⁸

1402 1960 1456 2000 Et,
1474 1962 1672 2001 Trespoiffant
1687 1961 1807 1999 Prince,
1828 1960 1925 1990 nostre
1941 1958 2070 1990 treschier
2092 1959 2193 1998 Frere,
2211 1959 2272 1991 Sire
2287 1960 2427 2002 Edward,
2440 1970 2507 2001 togr,

1364 2009 1412 2038 par
1426 2001 1450 2030 la
1463 2012 1548 2044 grace
1559 2001 1596 2032 de
1611 2001 1707 2038 Dieu,
1725 1999 1786 2030 Roi
1800 1998 2012 2036 d'Engleterre,
2031 2000 2065 2030 &
2085 2007 2192 2030 aucuns
2209 1998 2338 2038 Ptelatz,
2357 2000 2430 2032 No-

1361 2038 1438 2077 bles,
1453 2043 1486 2074 δε
1501 2049 1590 2072 autres
1603 2040 1715 2070 Grantz
1730 2039 1766 2068 de
1779 2038 1827 2068 soii
1843 2036 1974 2074 Consail,
1992 2036 2097 2068 d'autre
2110 2036 2216 2076 Partie,

1387 2078 1478 2122 ‘Tant
1492 2080 1535 2110 sur
1548 2081 1573 2110 la
1587 2079 1677 2109 Reste
1688 2078 1726 2108 du
1739 2077 1903 2115 parennem,
1921 2085 1978 2116 que
1995 2074 2083 2106 Nous
2101 2075 2210 2107 devons
2223 2077 2290 2109 faire
2305 2089 2321 2110 a
2335 2078 2431 2111 nostre

1363 2117 1405 2161 dit
1426 2119 1510 2151 Frere
1530 2130 1546 2150 a
1561 2119 1643 2149 cause
1658 2117 1693 2147 de
1710 2115 1808 2147 nostre
1821 2114 2011 2153 Deum-ance,
2030 2115 2063 2146 &
2082 2114 2131 2144 des
2152 2115 2270 2154 Peines,
2287 2117 2305 2148 si
2323 2128 2430 2149 aucuns

1361 2156 1450 2190 forent
1465 2158 1616 2227 eomdmises
1629 2157 1662 2188 ὅ(
1679 2163 1852 2193 encourueS,
1869 2163 1918 2191 par
1933 2153 2026 2184 defaut
2041 2153 2080 2184 du
2096 2153 2137 2184 dit
2145 2153 2312 2194 Paiement,
2331 2166 2360 2188 as
2373 2166 2431 2188 ter-

1364 2204 1424 2227 mes
1438 2208 1524 2228 accor
1545 2206 1581 2228 ez

1402 2236 1501 2267 Come
1515 2237 1557 2267 sur
1574 2220 1650 2265 b'one
1664 2234 1697 2265 ὅ(
1712 2231 1870 2271 parpetuele
1885 2230 1953 2262 Paix
1967 2230 2000 2261 &
2014 2229 2173 2262 Concorde
2195 2240 2275 2264 entre
2289 2233 2327 2264 les
2342 2232 2430 2265 Real-

1363 2287 1424 2308 mes
1437 2274 1658 2314 d'Engleterre*
1674 2274 1707 2304 &
1723 2271 1881 2309 d'Escoce,
1899 2270 1932 2301 &
1949 2270 1987 2301 les
2006 2269 2130 2308 Subgiez
2145 2269 2229 2301 d’une
2244 2271 2374 2303 Coustee
2393 2274 2427 2305 &
2444 2277 2458 2294 '¹
2471 2277 2524 2307 VI:

1363 2317 1469 2346 d’autre
1489 2313 1690 2351 finablernent,
1713 2320 1787 2348 pour
1807 2317 1886 2340 toute
1904 2309 1929 2340 13
1948 2309 2005 2339 dite
2026 2307 2134 2347 Reste,
2153 2309 2187 2340 &
2204 2309 2273 2340 auffi
2298 2320 2370 2348 pour
2391 2311 2429 2341 les
2444 2316 2523 2350 4⁶9·-

1361 2355 1462 2425 fernes
1476 2354 1509 2384 &
1527 2352 1666 2384 Defautes
1678 2348 1846 2386 deffusditz,
1863 2347 1990 2379 s'aucuns
2009 2346 2099 2379 Nous
2114 2357 2255 2386 pourront
2275 2350 2354 2381 avoir
2371 2349 2430 2381 este

1373 2404 1460 2424 urmis
2181 2399 2186 2403 ’
2291 2406 2295 2409 -

1400 2432 1439 2463 Et
1452 2416 1519 2462 aiiffi
1534 2440 1587 2469 por
1601 2429 1680 2461 avoir
1693 2426 1898 2466 Essongement
1914 2424 1964 2455 des
1976 2423 2276 2463 Trieues,n’adgaires
2290 2425 2373 2465 prises
2380 2436 2430 2459 en-

1362 2480 1405 2502 tre
1419 2471 1509 2501 Nous
1523 2472 1556 2501 δε
1573 2469 1628 2506 Li,
1646 2476 1749 2506 tanque
1764 2476 1780 2496 a
1794 2465 1863 2496 Vint
1879 2465 1912 2495 ὃς
1928 2465 1996 2503 cinq
2009 2463 2092 2494 Anns
2109 2464 2232 2502 entiers‚

1399 2509 1528 2539 Pendant
1543 2508 1581 2538 les
1595 2507 1699 2546 quieles
1711 2505 1832 2535 Trieues
1847 2503 1924 2533 bone
1938 2502 2006 2533 Paix
2022 2511 2104 2541 porra
2117 2501 2191 2533 estre
2215 2501 2322 2542 taillee,
2339 2514 2357 2535 a
2370 2503 2431 2536 l’ai·

1365 2549 1400 2579 de
1414 2548 1450 2579 de
1467 2548 1560 2586 Dieu,
1578 2555 1658 2576 entre
1672 2544 1761 2575 Nous
1774 2544 1808 2574 &
1824 2542 1880 2572 Lui
1889 2563 1899 2579 ,

1403 2588 1455 2617 Par
1470 2586 1578 2616 l'Advis
1591 2585 1624 2615 &
1638 2582 1867 2613 Consentement
1886 2579 1936 2609 des
1950 2577 2077 2616 Prelatz,
2093 2577 2241 2618 Countes,
2258 2579 2379 2619 Barons,
2398 2581 2433 2611 &

1364 2635 1454 2657 autres
1471 2632 1569 2665 grantz
1584 2622 1700 2653 Nobles
1712 2622 1746 2651 &c
1764 2619 1949 2650 Communes
1959 2617 1995 2647 de
2008 2616 2104 2647 nostre
2121 2617 2244 2649 Realme
2257 2641 2268 2657 ,
2281 2618 2317 2649 de
2338 2618 2434 2649 nostre

1387 2674 1469 2703 ropre
1489 2664 1522 2694 &
1542 2662 1660 2693 franche
1677 2659 1814 2696 volume,
1832 2657 1921 2688 Nous
1940 2664 2133 2694 promettons,
2151 2666 2188 2686 en
2203 2656 2303 2688 Parole
2317 2657 2354 2688 de
2373 2657 2434 2688 Roi·

1367 2707 1468 2740 bacre,
1487 2704 1519 2733 &
1535 2712 1570 2732 en
1585 2709 1664 2731 toute
1679 2698 1795 2736 lealtee,
1806 2706 1868 2740 'que
1883 2694 1972 2725 Nous
1986 2693 2135 2732 Paierons,
2149 2704 2188 2725 ou
2210 2694 2319 2726 ferrons
2335 2696 2434 2735 Paier‚

1369 2754 1384 2773 a
1394 2765 1403 2780 ,
1424 2741 1520 2772 nostre
1534 2741 1575 2771 dit
1590 2740 1692 2777 Frere,
1712 2737 1738 2767 le
1752 2736 1812 2767 Roi
1824 2733 2029 2773 d’Engleterre,
2044 2733 2078 2764 &
2091 2744 2107 2764 a
2120 2734 2160 2764 ses
2172 2733 2274 2773 Heirs,
2292 2745 2330 2766 ou
2345 2745 2360 2766 3
2373 2735 2434 2765 leur

1368 2781 1504 2820 Deputez
1517 2789 1565 2822 par
1582 2779 1692 2809 Lettres
1704 2775 1743 2806 du
1758 2775 1818 2805 leur
1832 2772 1925 2804 Grani
1939 2771 2018 2810 Seal,
2035 2781 2052 2802 a
2067 2771 2092 2802 la
2110 2772 2182 2802 Ville
2195 2772 2230 2803 de
2243 2773 2381 2813 Berewyk
2388 2774 2435 2803 sur

1369 2821 1400 2850 T
1403 2820 1482 2850 wede
1501 2820 1531 2855 (11
1546 2819 1572 2848 la
1587 2818 1642 2848 dite
1658 2815 1734 2846 Ville
1745 2814 1797 2844 soit
1813 2822 1867 2850 por
1881 2811 1937 2842 lors
1951 2820 1987 2841 en
1997 2811 2027 2854 'la
2043 2808 2192 2841 Poiffance
2218 2810 2256 2841 de
2270 2811 2367 2842 nostre
2390 2811 2434 2843 dit

1369 2859 1466 2894 Frere)
1481 2859 1532 2896 &,
1550 2858 1569 2887 si
1590 2865 1689 2892 nonn,
1705 2864 1721 2884 a
1740 2852 1897 2888 Norbam,
1915 2860 1955 2880 ou
1973 2849 2012 2880 s'rl
2032 2848 2052 2879 li
2075 2849 2175 2886 plerra)
2195 2859 2211 2879 a
2231 2849 2434 2890 Bambourgh,

1370 2897 1449 2928 Cent
1464 2896 1530 2927 Mill
1556 2895 1654 2925 Livres
1673 2891 1872 2930 d'Esterlings‚
1886 2888 1923 2919 de
1943 2888 1968 2918 la
1990 2886 2143 2926 Monnoye
2164 2886 2376 2926 d’Engleterre,
2394 2898 2436 2919 ou

1367 2945 1444 2967 autre
1461 2935 1594 2974 Monoye
1606 2932 1681 2964 d'Or
1691 2941 1731 2961 ou
1744 2929 1880 2967 d’Argent
1893 2937 1909 2956 a
1923 2926 1947 2956 la
1961 2925 2058 2962 value,
2076 2935 2104 2954 as
2124 2924 2247 2955 Termes
2261 2924 2380 2957 deffouz
2393 2927 2437 2958 es-
2486 2932 2487 2935 ’

1369 2977 1476 3015 criptz‚
1500 2984 1535 3003 cn
1556 2983 1601 3003 cas
1616 2980 1672 3011 que
1685 2969 1723 2998 les
1736 2968 1871 3003 Trieues‚
1889 2964 1926 2995 de
1942 2962 2038 2994 nostre
2052 2962 2117 2993 Part
2137 2962 2321 3003 demandees,
2336 2964 2363 2996 se
2383 2967 2436 2998 tie-

1471 3024 1476 3028 ·
1512 3013 1519 3021 ³
1672 3009 1694 3036 ir

1369 3011 1568 3082 ἓΠᾸΕᾸἻᾸΙξεεεῐὶῆε
1576 3011 1851 3079 agsshffpssfification
1865 3040 1960 3085 nostre
1973 3038 2090 3086 Darne,
2103 3038 2246 3078 preschein
2260 3050 2276 3072 a
2290 3044 2435 3081 venir,ou

1370 3091 1472 3120 dedans
1487 3099 1524 3119 xv
1541 3089 1619 3125 jours
1635 3084 1770 3115 ensuantz
1792 3080 2053 3118 preschernement,
2071 3079 2115 3108 bis
2138 3078 2207 3109 Mill
2230 3078 2336 3113 Marcz
2355 3081 2391 3113 de
2409 3083 2436 3114 la

1370 3130 1428 3159 dite
1446 3128 1595 3165 Monoye,
1611 3134 1650 3154 ou
1666 3123 1689 3152 la
1703 3121 1784 3152 value
1804 3129 1840 3149 en
1854 3118 1899 3147 Or
1913 3127 1952 3147 ou
1968 3116 2094 3156 Argent,

1411 3167 1448 3197 Et
1464 3167 1506 3196 Sis
1520 3164 1586 3197 Min
1601 3161 1722 3198 Marcz,
1740 3158 1775 3188 de
1790 3156 1941 3187 semblable
1957 3154 2127 3199 Monnoye,
2143 3166 2159 3187 a
2177 3156 2292 3188 meisme
2313 3156 2338 3188 la
2354 3158 2443 3190 Feste.

1373 3205 1465 3236 adone
1477 3202 1621 3243 preschein
1635 3199 1749 3230 ensuant
1758 3220 1768 3236 ,
1786 3206 1825 3227 ou
1837 3194 1940 3226 dedans
1953 3203 1990 3225 xv
2016 3204 2084 3224 ours
2099 3194 2155 3225 lors
2166 3195 2341 3236 prescheins,

1411 3243 1449 3274 Et
1463 3241 1535 3279 ensi,
1561 3239 1638 3270 d'An
1663 3248 1698 3269 en
1719 3237 1790 3279 An,
1816 3234 1860 3264 Sis
1882 3232 1950 3278 Mill
2009 3241 2094 3277 arez,
2112 3241 2215 3272 tanque
2237 3242 2317 3265 toute
2338 3235 2363 3266 la
2381 3236 2441 3267 dite

1375 3282 1496 3313 Somme
1510 3280 1546 3310 de
1562 3278 1639 3309 Cent
1653 3276 1738 3308 Mille
1751 3275 1850 3306 Livres
1862 3272 1914 3303 sort
1928 3283 1944 3304 a
1957 3271 2051 3302 nostre
2062 3271 2104 3302 dit
2119 3271 2144 3301 F
2144 3281 2205 3302 rere
2217 3272 2251 3303 δε
2266 3283 2282 3304 3
2302 3272 2340 3304 ses
2353 3273 2441 3306 Heirs

1374 3322 1560 3351 entierement
1574 3318 1642 3356 paie.

1414 3359 1466 3396 Et,
1485 3368 1521 3388 en
1535 3357 1625 3394 espoir
1645 3354 1680 3385 de
1703 3354 1779 3384 bone
1796 3351 1883 3389 Paix,
1897 3360 1914 3381 a
1932 3350 2000 3381 faire
2018 3355 2096 3379 entre
2116 3355 2177 3380 tant
2196 3348 2227 3387 (fi
2247 3349 2326 3382 Dieu
2354 3351 2437 3389 plest)

1378 3397 1482 3436 Nous,
1498 3406 1532 3427 au
1546 3395 1652 3425 mieulz
1665 3403 1721 3432 que
1735 3393 1802 3422 faire
1815 3391 1914 3420 savons
1928 3390 1968 3420 ¹&
1990 3397 2098 3426 pooris,
2116 3386 2320 3427 Continuons,
2333 3389 2440 3420 Proro-

1377 3445 1466 3475 gons,
1485 3437 1518 3467 &
1534 3433 1708 3470 Essoignons
1727 3433 1765 3462 les
1783 3429 1921 3466 Trienes,
1939 3426 2166 3470 darrenerement
2184 3426 2270 3465 prises
2286 3429 2320 3460 δε
2340 3438 2438 3460 accor-

1377 3477 1441 3506 dees
1455 3483 1534 3505 entre
1548 3472 1635 3504 Nous
1650 3473 1683 3503 ὃ(
1705 3469 1802 3502 nostre
1815 3467 1855 3497 dit
1869 3466 1968 3504 Frere,
1986 3465 2024 3495 du
2041 3464 2177 3499 vrntismel
2182 3466 2249 3504 jour
2262 3465 2370 3498 darrein
2384 3467 2443 3504 pas-

1378 3515 1419 3545 see
1436 3513 1515 3544 Mois
1527 3513 1564 3543 de
1579 3511 1667 3550 May,
1685 3519 1720 3540 en
1736 3508 1803 3538 l'An
1827 3506 1862 3535 de
1876 3504 1975 3535 Grace
1993 3503 2080 3541 Mill,
2097 3503 2272 3535 Troiscentz
2307 3503 2440 3537 Soixante

1379 3555 1412 3585 &
1426 3553 1539 3590 Cinqe,
1556 3550 1667 3590 jusques
1687 3559 1703 3578 a
1717 3548 1742 3577 la
1755 3546 1812 3576 dite
1835 3543 1917 3588 Eeste
1930 3543 2008 3574 della
2031 3541 2215 3574 Purification
2230 3527 2324 3573 nostre
2344 3542 2442 3575 Darne

1381 3591 1525 3633 preschein
1541 3600 1557 3619 a
1572 3589 1673 3627 venir,
1689 3587 1723 3618 &
1738 3585 1774 3616 de
1790 3583 1814 3614 13
1829 3583 1886 3613 dite
1900 3581 1984 3613 Feste
1996 3590 2099 3622 tanque
2113 3591 2128 3612 a
2144 3580 2256 3619 Qatre
2268 3579 2330 3611 Ans
2346 3581 2443 3621 plene-

1383 3638 1461 3661 ment
1472 3628 1641 3668 accompliz.
1993 3658 1999 3664 ⁹

1422 3669 1459 3699 Et
1474 3667 1583 3697 Volons
1594 3675 1650 3705 que
1662 3664 1700 3694 les
1720 3662 1790 3693 dites
1806 3660 1925 3691 Trieuec
1938 3658 1965 3689 se
1979 3665 2105 3696 tiegnent
2120 3656 2307 3694 fermement,
2325 3666 2360 3688 en
2375 3667 2446 3691 touz

1384 3708 1422 3738 ses
1435 3706 1540 3736 Pointz
1554 3706 1587 3736 ὃ(
1601 3703 1740 3740 Articles,
1758 3711 1805 3740 par
1820 3699 1962 3735 Fourme,
1981 3695 2174 3732 Condicions,
2191 3695 2225 3725 &
2240 3693 2446 3730 Moderacions

1385 3745 1496 3784 qu’elles
1509 3745 1571 3774 sont
1583 3744 1713 3780 escriptes
1727 3742 1761 3771 &
1775 3738 1912 3776 devisees,
1931 3737 1964 3768 &
1979 3734 2144 3765 demoerent
2158 3732 2262 3763 enleul'
2272 3733 2348 3770 Pleiss
2356 3736 2448 3776 effeti,

1386 3786 1484 3821 force,
1501 3784 1633 3820 vigeure,
1649 3782 1777 3811 fermete.
2283 3811 2288 3816 ²

1428 3822 1466 3852 Et
1481 3823 1519 3852 les
1531 3821 1600 3852 dites
1612 3820 1733 3850 Trieues
1747 3817 1835 3848 Nous
1849 3814 2031 3844 Promettons
2044 3809 2174 3840 leniment
2187 3808 2320 3850 aTenir,
2339 3813 2372 3844 &
2381 3812 2448 3845 faire

1390 3862 1482 3892 Tenir
1496 3870 1542 3897 par
1554 3867 1625 3889 touz
1640 3867 1698 3888 noz
1713 3856 1855 3896 Subgiez.‚
1872 3852 1938 3882 fimz
1953 3848 2152 3893 faireGuerre,
2170 3847 2322 3889 Domage‚
2338 3851 2448 3883 Vilenie

1389 3912 1406 3931 a
1421 3898 1518 3929 nostre
1531 3898 1571 3928 dit
1586 3898 1608 3928 F
1609 3907 1684 3936 rere,
1702 3907 1717 3926 a
1728 3903 1820 3926 aucun
1829 3892 1865 3922 de
1879 3890 1916 3920 ses
1928 3888 2069 3936 Subgiea,
2089 3896 2126 3916 ne
2141 3896 2176 3917 au
2184 3885 2305 3919 Realme
2318 3889 2451 3930 d'Engle-

1392 3947 1483 3975 terre,
1502 3946 1538 3966 ne
1551 3947 1565 3966 a
1579 3946 1684 3967 aucuns
1697 3934 1787 3964 Lieux
1802 3941 1839 3961 ne
1852 3927 1957 3959 Terres
1967 3935 1985 3964 q
1995 3925 2013 3954 ¹1
2026 3933 2095 3955 trent
2109 3935 2124 3955 a
2137 3925 2264 3965 present,
2282 3937 2331 3966 par
2338 3929 2448 3968 Arfine,

1393 3976 1469 4007 Prise
1491 3975 1539 4006 des
1564 3974 1669 4011 Vssles,
1689 3968 1855 4005 Chastealx,
1879 3963 2066 4002 Forteresces,
2092 3973 2129 3995 ne
2153 3973 2203 4005 pai·
2223 3965 2312 3998 nultra
2328 3968 2454 3999 maniere

1395 4015 1583 4053 quelconque.
2406 4043 2432 4074 Ε

2435 4050 2462 4077 t‘

2449 4070 2462 4086 2
