2561 4251
190 153 271 195 τη
641 131 1448 186 CONVENTIONEQ

45 222 122 258 Ᾱῐτη.
132 226 173 257 D.
229 225 319 257 Teste
339 226 480 257 Edmmsdo
497 227 571 254 Duce
592 223 713 254 Eborum
725 248 735 262 ,
754 223 884 255 Custode
901 223 1032 261 Angliae‚
1049 222 1122 262 apud
1137 224 1252 251 Haver-

66 276 78 311 ¹.
84 276 151 306 394.
186 263 270 305 ford,
289 268 384 303 primo
399 267 444 295 die
459 264 605 293 Ostobris.

1507 129 1898 186 L1TERAE,

1289 219 1535 258 Supplicationem
1550 220 1664 251 Decani
1680 221 1714 252 ὃ(
1729 219 1855 257 Capituli
1869 219 2005 251 Ecclefiae
2020 220 2194 253 Cathedralis
2209 221 2355 253 Exonien-
2366 217 2439 249 Ann-
2453 212 2498 250 D.

1290 258 1322 288 sis
1337 283 1346 297 ,
1371 258 1471 289 Nobis
1490 259 1711 297 Suggerentium
1735 258 1892 289 Ecclesiam
1913 258 1988 288 illam
2004 281 2014 297 ,
2057 270 2086 290 er
2107 270 2249 298 mortem,
2267 261 2354 291 bonae
2385 266 2469 298 1395.

50 309 101 333 ωε.
120 315 146 332 2.
1292 299 1460 335 memoriae,
1479 297 1604 336 Thomae,
1624 306 1713 334 nuper
1728 299 1781 335 Epi
1794 301 1846 335 copi
1861 295 1909 326 loci
1924 295 2012 334 illius,
2055 297 2152 329 astoris
2164 300 2263 330 solatio
2271 299 2354 330 fuisse
2366 299 2419 326 Ric.
2437 307 2463 327 ι..

1292 334 1453 366 destitutam
1465 358 1474 373 ,
1498 336 1584 366 aliurn
1606 335 1655 365 fibi
1670 335 1761 374 eligen
1784 345 1791 364 ι
1806 337 1836 364 in
1851 334 2026 372 Episcopum
2040 336 2074 366 &
2088 336 2234 368 Pastorem
2249 337 2354 369 Licen-

290 390 339 420 De
355 385 456 432 Officio
465 385 673 418 Maresscalciae
687 389 717 416 in
736 381 870 429 absentia
882 386 967 416 Rea-is
981 382 1170 417 excercenda.
1293 374 1362 403 tiam
1382 373 1542 418 duxssrimus
1556 373 1793 418 concedendum,
1810 373 1879 427 fiCPt
1891 382 1941 411 pes
1955 373 2158 411 inspefflonem
2173 375 2354 408 R0t010fflm

557 418 569 431 ³
918 417 939 430 0
1294 411 1480 443 Cancellanae
1497 412 1599 443 nostrae
1612 412 1714 442 Nobis
1728 411 1852 456 constat.
1953 450 1959 456 ι
2059 451 2065 456 .
2160 451 2166 457 ·

49 483 177 516 Anno-
201 475 256 528 R
268 468 763 540 {genfffiegcagg,gemm-fescam
778 467 905 508 How
926 469 984 507 sui,
1002 468 1048 500 νει
1060 479 1162 499 eorum
1177 468 1258 498 Loca
1295 449 1526 520 ΜΠ,
1534 448 2356 532 ffiffiffluffissffinssffffigssffi*efflant5331,ss

70 533 155 569 1392..
236 548 334 578 Sciatis
346 548 427 586 quod
444 533 453 548 ²
599 531 605 537 ·
1295 526 1327 556 fit
1344 536 1507 571 intimatum
1529 529 1610 566 quod
1631 527 1748 572 quidam
1766 526 1918 565 Malivoli,
1935 526 2052 572 liberam
2067 526 2247 559 Electionem
2259 529 2355 568 hujus-

45 563 163 629 {Zfb'
237 586 318 617 Cstm
340 571 555 631 Nosjpmpoer
576 585 686 615 bonum
708 583 852 629 Regimen
873 593 906 615 20
921 584 1081 628 testeiam
1096 584 1135 627 &.
1144 583 1258 614 felicem
1294 565 1737 642 ιᾞᾞὲῑέωὲἓέἰὲῗῑῗξῗὲὲῖἓέἓ
1750 567 1983 634 afflinem
1993 565 2359 643 ἕιῗέρῗηῖῖιῗᾞιῗὲῗ

45 639 151 705 {fal-'rm‘
199 623 1260 701 §Okffgfflgffsffig‘ffl‘f'efiffi133¹st&oggeggffigffioffeogl¹23¹chglssffieg‘tffg‘j
1294 651 1346 671 nus
1360 642 1446 672 iidem
1461 641 1604 672 Canonici
1620 642 1654 672 ad
1671 641 1851 672 Electionem
1867 642 1954 673 futuri
1969 641 2101 681 Episcopi
2112 628 2281 675 Exoni’enfis
2288 654 2356 689 pro-

200 712 269 732 nem
292 703 522 732 lnobedientium
544 701 577 731 ὃς
599 700 766 730 Rebellium
781 723 791 738 ,
807 710 907 730 contra
922 701 1098 739 Ligeantiam
1114 700 1209 736 suam,
1222 701 1258 740 jn

200 739 293 772 Terra
313 740 407 770 nostri:
422 739 555 777 praedieta
564 762 574 778 ,
601 739 620 769 si
635 740 684 777 qui
697 739 818 777 fuerint,
836 739 930 769 sumus
945 739 978 768 ad
995 747 1081 776 partes
1094 737 1151 767 illas
1165 740 1259 776 perio-

197 779 296 809 naliter
306 781 364 817 jam
380 778 516 816 profecti,
535 779 568 809 &
583 777 690 807 ibidem
708 776 827 807 Moram
839 777 956 808 facimus
971 777 1161 815 personalem,

237 817 275 848 Et
298 818 424 848 volentes
446 818 532 853 igitur
553 815 633 854 quod
656 814 714 845 Pax
736 815 832 846 nostra
845 817 952 854 ubique
967 816 1037 846 infra
1055 815 1189 854 Regnum
1204 824 1261 845 no-

198 855 287 886 strum
304 856 433 893 Angli-ae,
451 857 485 886 δε
500 855 624 885 maxime
637 854 706 885 infra
720 853 839 894 Virgam
854 854 994 892 Hospitii,
1012 853 1143 885 carissimi
1160 853 1260 883 Avun-

197 894 254 925 culi
275 894 364 925 nostri
386 895 524 924 Edmundi
545 896 629 922 Ducis
647 893 766 922 Eborum
781 916 791 931 ,
814 892 948 924 Custodis
965 893 1075 931 Angliae
1100 892 1258 929 (videlicet)

197 942 248 971 per
268 933 349 964 Duas
371 933 477 964 Leucas
499 934 529 962 in
548 932 666 962 circuitu
681 931 804 969 ejusdem
819 931 961 970 Hospitii,
979 931 1050 961 dt‘tm
1065 941 1118 961 nos
1130 939 1206 961 extra
1219 931 1262 968 ip-

199 971 261 1002 sum
274 972 413 1010 Regnum
429 970 559 1001 nostrum
574 970 677 1000 morari
689 972 850 1008 contingat,
869 970 1064 1000 inviolabiliter
1077 968 1261 1007 custodiatur,

200 1012 235 1041 &
248 1012 328 1048 quod
343 1010 450 1041 Officia
462 1009 641 1040 Senescalciae
654 1009 687 1038 &
704 1008 909 1047 Marescalciae,
927 1009 995 1038 dic‘ti
1012 1008 1135 1046 Hospitii
1156 1006 1263 1045 nostri,

200 1048 272 1079 infra
296 1049 322 1079 V
325 1051 410 1088 irgam
431 1047 559 1085 Hospitii
576 1047 704 1085 praedicti
725 1046 861 1077 Custodis
875 1072 884 1085 ,
909 1057 944 1077 eo
960 1048 1051 1077 modo
1066 1048 1094 1076 in
1110 1047 1264 1083 omnibus,

202 1096 265 1125 quo
283 1098 332 1126 ea,
349 1089 418 1118 infra
440 1086 557 1125 Virgam
576 1085 700 1124 Hospitii
721 1085 826 1124 nostri,
845 1086 915 1117 dum
929 1086 999 1115 infra
1019 1085 1109 1124 ipsum
1122 1086 1261 1123 Regnum

203 1125 334 1156 nostrum
358 1125 470 1163 Angliae
490 1134 600 1155 eramus
619 1124 798 1165 personaliter
807 1133 1019 1155 commorantes
1032 1147 1042 1163 ‚
1065 1123 1262 1155 rationabiliter

202 1163 264 1194 fieri
277 1164 438 1202 consuevit,
452 1172 665 1199 excerceantur,
680 1172 867 1202 exequantur,
884 1163 967 1202 fiant,
981 1163 1014 1194 &
1029 1163 1191 1202 expleantur
1203 1164 1265 1194 abs-

201 1211 258 1241 que
269 1204 358 1241 aliqua
372 1203 485 1233 laelione
506 1202 552 1233 seu
564 1203 753 1232 diminutione
765 1202 934 1232 eorumdem
943 1224 953 1239 ,

242 1241 311 1271 Nos
333 1243 415 1281 igitur
431 1266 441 1280 ,
466 1240 500 1270 ad
522 1241 595 1271 dieta
617 1239 724 1269 Officia
738 1263 748 1278 ,
765 1240 834 1270 infra
852 1240 970 1278 Virgam
985 1239 1112 1278 Hospitii
1125 1239 1265 1272 Custodis

202 1280 332 1316 praedicti
347 1304 356 1318 ,
380 1279 533 1317 videlicet,
559 1289 609 1316 per
624 1278 788 1309 Duodecim
805 1279 913 1309 Leucas
935 1281 963 1309 in
985 1277 1118 1309 Circuitu
1141 1279 1264 1318 ejusdem

203 1318 343 1356 Hospitii,
359 1318 593 1353 Excercendum,
611 1318 827 1356 exequendum,
845 1318 1026 1355 faciendum,
1044 1319 1077 1348 &
1093 1319 1265 1355 explendum

203 1358 287 1388 vobis
301 1357 429 1396 plenam,
447 1357 567 1387 Tenore
582 1356 781 1394 Praei'entium,
798 1356 985 1386 concedimus
999 1355 1189 1396 potestatem,

242 1395 280 1426 Et
301 1396 367 1427 ideo
387 1397 470 1427 vobis
483 1395 652 1426 Mandamus
664 1395 745 1432 quod
759 1396 834 1425 circa
850 1394 996 1426 Praemiffa
1011 1395 1158 1435 diligenter
1172 1397 1265 1426 inten-

204 1433 291 1472 datis,
308 1436 342 1466 δε
357 1435 535 1473 exequamini
548 1435 578 1464 in
593 1433 683 1463 forma
696 1434 846 1472 praedic‘ta3

242 1473 390 1504 Universis
406 1473 515 1511 insuper
528 1474 561 1504 ὃς
580 1471 689 1511 lingulis
708 1472 889 1510 Archiepisco
911 1473 948 1510 is,
965 1471 1126 1511 Episcopis‚
1146 1471 1266 1502 Abbati-

205 1512 256 1542 bus
273 1535 282 1550 ,
304 1511 448 1542 Prioribus
461 1534 471 1550 ,
487 1511 670 1549 Comitibus,
687 1510 859 1549 Baronibus,
909 1511 1124 1549 icecomitibus,
1145 1510 1265 1549 Maiori-

204 1551 258 1581 bus
272 1573 282 1589 ,
298 1550 425 1588 Ballivis,
444 1549 603 1588 Ministris‚
621 1550 654 1580 &
674 1550 732 1580 aliis
754 1549 893 1580 Fidelibus
916 1549 1032 1587 nostris,
1051 1550 1110 1579 tam
1126 1549 1195 1579 infra
1213 1549 1265 1579 Li-

206 1589 324 1620 bertates
337 1613 346 1627 ,
371 1599 457 1627 quam
480 1599 572 1627 exrra,
589 1589 709 1618 Tenore
729 1588 912 1618 Praesentium
927 1612 936 1626 ,
964 1587 1075 1617 Damus
1096 1587 1213 1618 firmiter
1236 1589 1266 1617 in

207 1627 352 1658 Mandatis
370 1628 450 1666 quod
470 1628 550 1658 vobis
563 1651 573 1664 ,
595 1628 623 1656 in
640 1626 791 1657 Praemiffis
805 1627 939 1657 omnibus
955 1626 987 1657 &
1004 1626 1134 1664 lingulis,
1152 1635 1264 1664 pareant

206 1666 240 1697 ὃ(
262 1667 426 1704 intendant,
453 1675 539 1704 prout
559 1665 607 1704 ipsi
629 1675 677 1702 per
697 1675 748 1694 vos
769 1665 848 1705 super
869 1667 926 1694 hoc
943 1664 1045 1695 fuerint
1058 1666 1218 1703 praemuniti
1233 1674 1268 1694 ex

206 1713 284 1742 parte
305 1705 399 1735 nostra
413 1728 422 1743 ,
447 1706 480 1736 &
501 1714 584 1743 prout
605 1704 673 1733 infra
688 1703 809 1739 Virgam
823 1703 892 1734 dieti
907 1702 1031 1741 Hospitii
1046 1703 1135 1733 nostri
1149 1704 1178 1733 in
1195 1713 1267 1742 prae-

206 1743 291 1773 sentia
308 1744 400 1774 nostra
415 1745 547 1774 hacteuus
563 1742 621 1772 fieri
634 1741 788 1772 consuevit.

247 1781 279 1811 In
293 1784 385 1820 cujus,
404 1783 463 1812 &c.

245 1820 333 1850 Teste
354 1821 496 1849 Emundo
515 1822 590 1849 Duce
612 1818 747 1856 Eborum,
767 1817 899 1850 Custode
911 1819 1046 1859 Anghae,
1065 1819 1139 1859 apud
1157 1819 1265 1860 Wstm.

206 1857 332 1889 secundo
346 1859 392 1889 die
408 1859 596 1890 Novembris.

1297 679 1398 710 cedere
1421 691 1480 711 non
1502 681 1563 711 sunt
1585 680 1639 711 ausi
1653 705 1663 718 ,
1695 682 1729 712 &
1751 681 1903 718 praesertim
1924 690 1978 718 pro
2002 680 2143 719 Dampnis
2159 682 2192 713 &
2206 682 2357 722 Pericula,

1296 728 1360 756 quae
1374 719 1556 749 verisimiliter
1572 729 1605 749 ex
1621 720 1674 749 h‘ac
1686 719 1763 750 causa
1777 719 1889 749 evenire
1904 718 2092 750 formidantur
2106 719 2199 751 Manu
2213 721 2298 759 forti,
2315 722 2360 752 ni-

1295 758 1315 787 si
1335 766 1434 788 contra
1458 757 1598 788 Malitiam
1620 757 1829 789 Malivolorum
1850 756 2056 795 praedictorum
2079 757 2171 789 celere
2181 759 2358 791 Remedium

1296 805 1470 834 apponatur,

1333 834 1402 865 Nos
1409 857 1418 873 ,

1335 873 1354 892 *
1373 873 1479 904 Statura
1494 873 1627 912 praedic‘ta
1643 872 1842 910 inviolabiliter
1856 873 2059 913 observari,ac
2075 875 2165 911 quieti
2180 875 2215 906 &
2228 876 2362 915 tranquil·
2376 892 2390 908 a·
2412 894 2480 924 VH⁸

1296 910 1368 942 litati
1382 910 1601 943 Canonicorum
1615 912 1820 950 praedieiorum
1833 913 2051 952 prospicere‚&
2064 912 2150 943 Delin
2174 922 2270 944 nentes
2276 924 2362 953 quos-

1296 959 1421 989 cumque
1436 960 1536 982 contra
1549 951 1656 982 Statuta
1670 950 1821 989 praedieta,
1840 951 1886 982 seu
1893 950 2073 982 Electionem
2089 923 2176 989 praegi

1296 987 1355 1056 {iire
1374 989 1419 1020 seu
1440 988 1596 1021 disturbare
1617 990 1736 1021 nitentes
1750 1012 1760 1028 ‚
1779 990 1859 1028 juxta
1873 999 1978 1021 eorum
1991 989 2145 1030 demerita,
2163 990 2289 1031 castigari
2303 1002 2360 1024 vo-

1308 1036 1384 1057 entes

1333 1051 1404 1096 Tib'i
1419 1067 1614 1105 praecipimus,
1630 1066 1785 1097 districtius
1799 1076 1859 1104 quo
1872 1067 2029 1104 poterimus
2040 1065 2158 1098 firmiter
2169 1068 2362 1109 injungentes,

1300 1104 1380 1172 {uod
1396 1105 1424 1134 in
1440 1104 1542 1136 Balliva
1556 1114 1617 1144 tua,
1636 1106 1665 1135 in
1680 1105 1750 1136 locis
1765 1105 1814 1136 ubi
1829 1105 1930 1136 melitis
1943 1105 2073 1143 expedire
2084 1106 2202 1145 videris,
2219 1116 2277 1139 tarn
2292 1109 2363 1139 infra

1331 1143 1456 1173 ibertates
1473 1168 1482 1181 ,
1508 1154 1595 1182 quam
1615 1153 1691 1175 extra
1705 1167 1715 1182 ‚
1733 1152 1767 1174 ex
1790 1152 1867 1182 parte
1882 1142 1993 1183 nostra,
2011 1144 2126 1181 publice
2138 1144 2313 1177 Proclamari
2327 1147 2361 1178 ὃ(

1300 1179 1425 1211 Inhiberi
1449 1182 1530 1213 facias
1544 1208 1554 1220 ,
1579 1183 1660 1222 qued
1683 1182 1774 1213 nullus
1788 1206 1798 1220 ,
1824 1182 2026 1221 cujuscumque
2046 1181 2139 1214 Status
2153 1207 2163 1222 ,
2181 1183 2299 1228 gradfis,
2315 1185 2362 1216 seu

1300 1219 1472 1250 conditionis
1488 1221 1587 1259 fuerit,
1603 1222 1653 1252 sub
1668 1221 1852 1252 Forisfactura
1866 1220 2010 1252 Omnium
2023 1231 2088 1260 quae
2104 1221 2203 1253 Nobis
2215 1223 2363 1254 forisface-

1301 1267 1331 1287 re
1353 1260 1455 1296 poterit
1470 1282 1479 1297 ,
1497 1261 1668 1298 quicquam,
1686 1259 1766 1298 quod
1783 1260 1812 1289 in
1826 1259 2066 1298 Enervationem‚
2085 1259 2296 1300 violationem,
2315 1261 2362 1293 seu

1301 1295 1532 1334 Derogationem
1549 1299 1724 1330 Statutorum
1747 1297 1951 1336 praedictorum
1965 1321 1975 1337 ‚
1999 1299 2046 1330 seu
2060 1298 2303 1339 Impedimentum
2317 1309 2365 1332 aut

1299 1334 1546 1367 Perturbationem
1564 1337 1676 1368 Liberae
1695 1337 1851 1368 Eletfi'tionis
1875 1337 2019 1375 praedietae
2060 1338 2237 1377 Terrorem,
2255 1339 2365 1377 inquie-

1301 1375 1457 1414 tationem,
1474 1375 1528 1406 sive
1544 1375 1703 1406 molestiam
1726 1374 1946 1406 Canonicorum
1961 1360 2166 1413 praed'ietorum
2182 1399 2193 1415 ‚
2217 1376 2293 1407 clam
2313 1377 2362 1408 vel

1302 1413 1395 1451 palam
1409 1438 1417 1450 ,
1443 1414 1544 1445 cedere
1564 1415 1653 1445 valeat
1666 1438 1676 1454 ,
1702 1424 1763 1444 non
1775 1422 1940 1452 attemptare
1952 1414 2034 1446 faciat
2048 1416 2095 1446 seu
2107 1415 2302 1454 prosequatur,
2318 1424 2366 1447 aut

1301 1454 1478 1491 attemptari,
1497 1453 1555 1483 fieri
1565 1478 1574 1491 ,
1593 1453 1637 1484 seu
1652 1453 1782 1492 prosequi
1797 1452 1879 1483 faciat
1893 1454 1996 1491 quovis
2009 1454 2116 1493 modo,

1340 1489 1378 1520 Et
1398 1489 1510 1522 Omnes
1530 1492 1563 1522 δε
1586 1492 1719 1530 Singulos
1734 1515 1744 1530 ,
1763 1501 1835 1529 quos
1847 1493 1876 1521 in
1889 1492 1942 1522 hac
1959 1501 2035 1529 parte
2049 1491 2215 1524 Contrarios
2227 1492 2367 1524 inveneris

1303 1527 1347 1558 seu
1373 1527 1506 1560 Rebelloe
1522 1554 1531 1568 ,
1555 1529 1591 1560 de
1604 1539 1735 1569 tempore
1749 1530 1778 1559 in
1793 1539 1852 1560 tem
1874 1540 1922 1569 us,
1940 1529 2068 1569 arestari,
2083 1531 2117 1563 &
2132 1531 2209 1562 salvo
2222 1531 2256 1562 &
2268 1531 2366 1562 secure

1302 1565 1438 1597 custodiri
1451 1568 1548 1606 facias,
1567 1569 1660 1600 donec
1673 1579 1726 1607 pro
1741 1578 1842 1598 eorum
1888 1569 2072 1601 eliberatione
2086 1569 2160 1601 aliud
2181 1569 2198 1600 a
2216 1570 2300 1601 nobis
2315 1570 2367 1600 ha-

1303 1605 1396 1635 bueris
1409 1607 1436 1635 in
1453 1606 1604 1638 Mandatis.

1341 1643 1431 1674 Teste
1447 1646 1590 1675 Edmundo
1606 1648 1681 1675 Dure
1692 1644 1827 1684 Eborum,
1843 1644 1974 1677 Custode
1986 1646 2099 1686 Angliae
2112 1670 2122 1686 ,
2143 1645 2218 1685 apud
2236 1645 2365 1687 Wstmo-

1303 1682 1465 1724 nasterium,
1483 1684 1590 1716 οίὶεινο
1605 1684 1650 1716 die
1666 1683 1818 1716 Februarii.

1787 1763 1841 1792 Per
1854 1762 2015 1791 Petitionem
2028 1762 2057 1790 in
2070 1759 2264 1792 Parliamento.

1438 1838 1575 1879 Confimile
1589 1842 1682 1870 Breve
1695 1839 1822 1877 dirigitur
1835 1837 1942 1877 Majori
1957 1836 1996 1874 ὀ·
2011 1836 2132 1869 Ballivis
2146 1841 2281 1869 Civitatis
2289 1840 2367 1869 Exo-

1467 1890 1534 1917 mae,
1553 1882 1668 1909 mutatis
1681 1878 1831 1909 mutandis.

2178 952 2255 982 &am
2270 953 2362 997 irnpe-
2375 939 2441 988 793-

59 1987 77 2006 *
99 1988 166 2016 vn.
469 1985 490 2007 *
519 1987 566 2018 De
585 1988 796 2018 Convocatione
812 1989 849 2024 (ῥ’
872 1983 1016 2030 Substdio.
1346 1954 1438 1986 Teste
1451 1964 1482 1987 ut
1495 1955 1582 1994 supra·

58 2036 192 2141 339¹I³¹¹94p¹
274 2071 329 2118 EX
341 2096 349 2111 ι
368 2069 704 2149 ἵγὲηθΓίὗῑξῐ-Ῑΰρρὴΐῑέῗθ
719 2072 820 2139 lnam?
846 2073 899 2140 7²17(
909 2071 1132 2143 eadssmsqsafifis
1149 2075 1269 2106 Archle·
1461 2082 1510 2113 De
1529 2083 1722 2115 Sacramento
1741 2082 1926 2128 Adverfhrii
1945 2084 2045 2115 Scotiae
2061 2080 2232 2128 recipiendo.

58 2125 171 2208 ἕτιίιδ.
247 2112 571 2194 (ὲῇῗζὶοίςὲυῐῖἱῑίζαςὶζὶῖἷ
583 2120 711 2187 Γὲἰῑῐὲ,1ἓὲ
722 2120 1179 2198 [υὲἕέῐῗάυῐὲῐὲἓῐὲἇΡΡέἓῐέἳὶἜυω
1196 2153 1271 2198 sum-
1312 2165 1430 2224 REX
1448 2165 1569 2198 Dilestjs
1582 2168 1616 2199 &
1633 2168 1774 2199 Fidelibus
1790 2169 1841 2199 suis
1872 2168 1980 2198 noma,
1995 2170 2066 2205 ΟΥΕ]
2083 2165 2219 2198 Chivaler
2261 2171 2366 2198 Gerar-
2386 2167 2461 2199 Arm
2472 2164 2515 2200 D·

58 2202 193 2255 ἀπήιε).
209 2193 305 2257 {maia
319 2190 351 2256 {C
366 2187 882 2257 gssgffrefflgssffizeffl‚Iglffiffefflgsgfflffff
897 2188 1072 2256 szenflone
1086 2191 1118 2222 &
1135 2190 1272 2260 salvsfflo·
1375 2206 1422 2250 ⁴do
1436 2208 1529 2249 Heron
1545 2204 1695 2245 Chivaler,
1716 2192 1859 2245 Magistrc’)
1874 2206 2168 2251 Thognae'Walkyftgton
2184 2191 2295 2236 Le'um
2303 2205 2370 2237 Do-
2410 2215 2493 2246 1395.

58 2261 87 2284 R·
114 2268 139 2285 χ,
158 2267 196 2286 m·
212 2236 327 2296 Reeoigffi
330 2238 364 2295 1116
385 2266 418 2296 &
440 2236 746 2296 felicinGuggmaffizne
766 2237 1187 2297 Τεπχξόῆξὲΰὲῗῂξξὲἰμῡ
1198 2241 1268 2298 ῡῗῗ
1307 2243 1398 2282 Croti,
1409 2243 1560 2290 *Magistro
1573 2244 1672 2275 Alana
1684 2248 1811 2293 Newerk.
1823 2245 1962 2291 Bacalario
1978 2255 2006 2275 m
2023 2245 2164 2289 Legibus,
2177 2247 2218 2274 Ro
2235 2251 2293 2274 erto
2301 2247 2368 2274 Um·
2385 2250 2436 2275 An.
2455 2248 2499 2275 18.

61 2304 106 2324 ²0⁴
125 2298 186 2333 dors.
209 2292 326 2335 t’ersr’um
345 2303 509 2334 nostrorum
528 2304 634 2334 ibidem
683 2304 776 2334 facere
791 2305 935 2342 oportebit
983 2305 1020 2336 de
1043 2278 1255 2338 Bonisaengffffisi
1297 2282 1436 2327 framwll
1448 2283 1616 2330 Arrxmgero’
1635 2286 1668 2316 ἃ
1681 2284 1810 2324 J⁰ha⁷¹m
1821 2286 1855 2315 de
1871 2283 1996 2324 Mnfhrd
2006 2283 2177 2323 Arrmgero’
2194 2283 2329 2314 samem
2383 2289 2413 2312 R.
2431 2295 2456 2313 ι’

208 2328 226 2343 t·
649 2328 658 2342 ³
947 2329 957 2342 ²
1260 2331 1270 2346 ²
1345 2320 1442 2352 Sciatis
1455 2322 1535 2360 quod
1550 2322 1636 2361 Nos,
2384 2328 2451 2351 Scor.
2470 2322 2513 2351 18.

207 2343 466 2412 absquelFidelium
483 2343 639 2382 Ligeorum
653 2341 818 2372 nostrorum
831 2342 1022 2383 adminiculo,
1040 2354 1102 2375 non
1115 2344 1270 2377 sufficimus

209 2391 263 2411 nec
279 2394 311 2412 va
323 2392 419 2418 emus,

245 2419 352 2457 Vobis,
371 2423 398 2450 in
421 2419 488 2450 Fide
511 2420 545 2452 &
567 2419 734 2450 Dilestione
757 2420 857 2457 quibus
878 2420 961 2450 nobis
975 2422 1110 2452 tenemini
1123 2423 1269 2462 rogando,

1344 2358 1395 2389 De
1408 2360 1431 2390 F
1433 2359 1552 2391 idelitate
1566 2362 1700 2401 probata,
1717 2372 1750 2393 ac
1765 2360 2032 2399 Circumspeffione
2045 2383 2055 2399 ‚
2073 2359 2106 2392 &
2121 2359 2257 2391 Industria
2269 2359 2366 2392 vestris
2384 2366 2415 2389 R.
2435 2372 2462 2391 2.
2476 2371 2514 2392 m.

1306 2397 1431 2435 providis
1443 2399 1553 2435 plenam
1566 2400 1599 2431 &
1611 2400 1728 2432 solidam
1743 2400 1876 2431 fiduciam
1890 2407 2078 2443 reportantes,
2387 2409 2416 2440 3.

73 3745 149 3775 Ann.
165 3744 203 3774 D.

209 2458 380 2488 Mandatum
396 2460 540 2497 quatinus,
560 2457 711 2487 Praemiilis
725 2458 822 2489 debito
838 2460 940 2490 intuitu
955 2461 1064 2490 attentis
1081 2461 1113 2491 ὃς
1128 2461 1267 2499 pondera-

207 2498 258 2535 tis,
276 2497 470 2537 Suffraganeos
493 2497 599 2527 vestros
613 2519 623 2534 ,
652 2497 785 2527 Decanos
796 2520 806 2534 ,
832 2498 864 2527 &
879 2497 991 2528 Priores
1006 2498 1193 2530 Eccleliarum
1209 2499 1267 2531 Ca-

206 2535 374 2566 thedralium
391 2560 400 2573 ,
428 2536 548 2566 Abbates
564 2560 573 2574 ,
593 2535 625 2566 &
642 2535 768 2572 Priores,
787 2538 821 2566 δε
844 2536 911 2566 alios
926 2535 1073 2568 ΕΙεὲὶίνοε
1083 2560 1093 2575 ,
1112 2537 1267 2576 Eri-emptos

207 2576 241 2606 ἃ
257 2584 315 2604 non
330 2574 502 2612 Εκεαπρῑοε,
519 2584 634 2604 necnon
653 2574 876 2605 Archidiaconos
913 2574 1058 2614 Capitula,
1077 2576 1247 2608 Conventus
1258 2600 1268 2616 ,

208 2613 242 2643 ἃ
257 2613 402 2651 Collcgra,
422 2621 569 2650 totumque
585 2611 704 2642 Clerum
718 2613 863 2649 cujussibet
878 2600 1018 2644 1⁷)ioecelis
1033 2615 1135 2646 vestrae
1148 2615 1270 2647 Provin-

208 2653 278 2689 ciae,
296 2652 329 2680 ad
344 2651 568 2688 comparendum
583 2660 679 2680 coram
694 2652 793 2688 vobis,
812 2652 841 2680 in
858 2651 979 2682 Ecclesia
993 2653 1089 2684 Saneti
1098 2653 1178 2685 Pauli
1188 2654 1269 2686 Lon-

209 2689 303 2720 domm
316 2714 325 2727 ,
351 2690 396 2720 vel
416 2690 480 2719 alibi
494 2711 503 2726 ‚
528 2697 611 2726 prout
628 2689 757 2726 expedire
769 2690 905 2728 videritis,
923 2692 950 2720 in
968 2691 1052 2722 Festo
1069 2692 1180 2723 Sanetae
1195 2693 1270 2732 Aga-

209 2729 266 2758 thaz
283 2728 404 2766 Virginis
422 2730 555 2766 proximo
570 2727 686 2764 futuro,
704 2737 784 2756 more
799 2727 895 2765 solito,
915 2732 1070 2760 convocari
1086 2730 1204 2769 faciatis,

250 2767 286 2798 Et
301 2766 386 2805 ipsos,
405 2768 432 2796 in
447 2766 500 2797 hac
516 2774 609 2803 parte,
627 2776 659 2795 ex·
675 2766 753 2795 causa
769 2766 916 2803 prxcdidia,
935 2767 968 2796 ad
982 2768 1197 2807 Subsidium,in
1212 2771 1269 2801 hoc

209 2805 271 2836 casu
293 2814 462 2842 competens
483 2806 515 2836 δε
538 2804 736 2841 neceflarium,
755 2805 782 2833 in
797 2804 1047 2842 Supportationem
1064 2806 1209 2838 dictorum
1225 2808 1270 2838 O-

209 2853 326 2882 nerum,
347 2845 429 2874 nobis
441 2843 676 2880 concedendum,
696 2854 732 2872 eo
744 2843 884 2879 specialius
899 2844 931 2873 δε
945 2843 1089 2874 efficacius
1105 2870 1114 2883 ,
1135 2855 1194 2883 quo
1209 2857 1270 2877 ma-

209 2884 250 2921 gis
273 2883 406 2913 sciveritis
425 2892 471 2912 aut
492 2882 615 2919 poteritis
631 2904 640 2920 ,
667 2882 773 2912 solicite
791 2881 926 2912 inducatis
941 2904 951 2920 ,
966 2883 999 2913 &
1013 2891 1102 2921 partes
1118 2883 1222 2915 vestras
1235 2885 1268 2916 ad

210 2922 269 2950 hoc
283 2921 428 2959 diligenter
442 2922 474 2952 ὅ(
493 2919 675 2950 effectualiter
689 2920 851 2958 apponatis,

249 2959 331 2996 Nos,
350 2961 377 2989 in
394 2959 565 2989 Cancellaria
578 2958 687 2994 nostra,
707 2958 743 2988 de
760 2959 925 2996 Qantitate
941 2958 1061 2990 Subsidii
1076 2959 1148 2991 illius
1161 2983 1171 2999 ,
1189 2961 1223 2992 &
1234 2961 1271 2992 de

211 2997 357 3028 Terminis
373 2998 525 3028 Solutionis
538 2996 678 3035 ejusdem,
695 2996 744 3027 sub
758 2997 855 3036 sigillo
871 2998 982 3036 vestro,
1001 2998 1133 3030 distincte
1146 3001 1180 3031 &
1194 3010 1273 3038 aper-

215 3038 267 3073 t‘c,
280 3036 478 3066 certificantes:

253 3074 290 3104 Et
312 3075 369 3104 hoc
383 3098 392 3112 ,
417 3074 485 3104 sicut
501 3074 569 3104 Nos
584 3097 592 3111 ‚
608 3075 641 3105 ὃ(
655 3073 808 3104 Honorem
823 3074 969 3112 nostrum,
987 3085 1021 3106 ac
1034 3075 1224 3107 salvationem
1239 3078 1271 3108 &

217 3112 422 3143 Dcsenlionem
439 3112 571 3142 Ecclciiae
585 3114 619 3142 ἃ
637 3113 727 3150 Regni
742 3112 940 3150 praedictorum
957 3138 966 3151 ,
985 3124 1097 3144 necnon
1111 3115 1272 3154 prosperum

215 3151 358 3190 Regimen
378 3154 411 3183 ὃ(
433 3151 544 3181 felicem
561 3151 806 3181 Gubernationem
823 3151 922 3182 Terrae
939 3152 1043 3183 nostrie
1060 3153 1220 3191 praedici-ae,
1238 3155 1271 3184 &

217 3190 373 3228 Ligeorum
389 3189 551 3220 nostrorum
567 3189 672 3218 ibidem
684 3189 812 3226 diligitis,
831 3190 986 3221 nullatenus
1002 3193 1143 3221 omittatis.

254 3229 342 3259 Teste
359 3228 497 3258 Edmundo
511 3231 585 3257 Duce
597 3227 735 3265 Eborum,
754 3227 884 3258 Custode
899 3229 1011 3269 Angliae
1026 3252 1036 3268 ‚
1054 3229 1128 3268 apud
1146 3228 1273 3269 Westmo-

216 3267 375 3307 naslei-ium,
397 3267 532 3298 vicesimo
545 3266 620 3296 sexto
635 3266 679 3296 die
694 3265 882 3296 Novembris.

255 3343 410 3374 Consimile
424 3343 514 3374 Breve
527 3341 654 3378 dirigitur
667 3341 773 3370 Thomae
788 3341 956 3384 Arrlgicpisco
974 3355 987 3373 o
1008 3344 1143 3381 Eborum,
1162 3344 1272 3383 Angliae

216 3382 352 3419 Primati,
369 3382 405 3412 de
425 3381 585 3418 hujusmodi
609 3380 830 3410 Convocatione
851 3383 939 3411 racieu
961 3393 975 3412 a
991 3405 1000 3419 ‚
1018 3384 1047 3412 in
1060 3382 1183 3413 Ecclesia
1199 3385 1271 3414 beati

216 3421 291 3452 Petri
305 3420 452 3458 Eburum,
468 3421 495 3449 in
511 3419 644 3450 Crastino
658 3418 754 3449 Sanfft
768 3417 889 3449 Mathiae.
905 3420 1043 3460 Apostoli.

256 3460 347 3490 Teste
365 3469 393 3489 ut
408 3459 495 3496 supra.

266 3607 323 3636 Pro
345 3600 439 3635 libem
461 3602 609 3634 Elcffiione
631 3628 640 3643 ‚
671 3612 775 3634 contra
804 3601 982 3644 Provffi'ones
1009 3603 1133 3649 Papales
1150 3627 1161 3643 ,
1195 3601 1231 3635 de

622 3651 870 3682 Proclamatmne.

225 3735 340 3790 REX
350 3760 359 3773 ,
376 3735 551 3767 Vicecomiti
564 3733 724 3772 Devoniae,
741 3733 874 3764 Salutem.

320 3774 418 3812 Cum,
440 3785 487 3812 per
501 3774 604 3803 diversa
618 3773 725 3803 Statura
737 3795 747 3811 ,
771 3774 829 3802 t'am
853 3782 982 3810 tempore
998 3773 1119 3804 Domini
1134 3776 1170 3803 E.
1189 3783 1279 3811 nuper

1344 2435 1571 2476 Constituimus,
1586 2438 1635 2470 De
1655 2441 1811 2478 uravimus,
1828 2439 1861 2470 &
1874 2437 2081 2478 Assignavimus
2096 2436 2158 2469 Vos
2171 2461 2182 2475 ,
2208 2436 2369 2477 Qinque,

1306 2474 1454 2513 Qiatuor,
1472 2476 1562 2515 Tres,
1583 2478 1617 2508 &
1667 2488 1717 2509 uos
1732 2476 1876 2516 vestrum,
1893 2477 1926 2507 ad
1942 2475 2179 2515 proficiscendum
2200 2476 2293 2507 versus
2304 2486 2370 2514 par-

1306 2522 1347 2544 tes
1363 2514 1486 2553 Scotiae,
1503 2515 1538 2545 ad
1552 2515 1766 2548 Sacramentum
1782 2514 1951 2555 Adverfiarii
1963 2514 2046 2555 nostri
2064 2517 2158 2545 Scotiae
2171 2514 2368 2552 petendum&

1308 2553 1518 2591 recipiendum,
1532 2554 1609 2592 juxta
1623 2555 1746 2586 formam
1759 2555 1949 2593 quorumdam
1967 2554 2160 2584 Articulorum
2171 2553 2369 2592 Treugarum,

1307 2591 1378 2622 inter
1393 2593 1452 2620 Nos
1466 2592 1499 2623 ὃ(
1514 2593 1718 2633 Adverfiarium
1731 2592 1849 2633 nestrum
1863 2595 1984 2622 Franciae
1997 2592 2101 2622 ultimo
2115 2599 2277 2630 captarum,
2295 2600 2369 2629 prae-

1305 2630 1394 2660 fatum
1419 2630 1616 2662 Adversarium
1639 2631 1769 2662 nostrum
1790 2631 1896 2662 Scotiae
1911 2653 1921 2670 ,
1949 2639 2082 2668 tanquam
2104 2629 2256 2668 Alligatum
2285 2629 2369 2667 ipsius

1307 2668 1463 2699 Adversarii
1486 2669 1576 2700 nostri
1599 2669 1742 2709 Franciae,
1759 2669 1792 2701 &
1809 2668 1942 2700 Subditos
1954 2668 2016 2699 suos
2030 2668 2181 2706 specialiter
2194 2668 2370 2708 tangentium

1306 2707 1352 2737 seu
1368 2709 1622 2745 concernentium,

1346 2746 1423 2784 Qiae
1438 2747 1556 2784 quidem
1576 2747 1702 2785 Treugae
1725 2746 1772 2777 die
1791 2745 1886 2777 Sancti
1906 2745 2055 2776 Michaelis
2071 2767 2082 2784 ,
2099 2745 2234 2783 proxime>
2251 2743 2346 2775 futuro
2360 2768 2371 2784 ‚

1306 2794 1372 2814 orto
1389 2785 1460 2823 sole,
1480 2795 1529 2823 per
1541 2785 1664 2815 Terram
1679 2785 1712 2816 &
1729 2795 1779 2823 per
1794 2784 1877 2815 Mare
1891 2785 2062 2822 incipiebant
2076 2807 2087 2822 ,
2103 2783 2208 2814 abinde
2223 2793 2272 2822 per
2287 2783 2370 2822 Qa-

1308 2831 1371 2853 tuor
1388 2823 1488 2854 Annos
1503 2823 1660 2861 completos
1676 2823 1830 2861 duraturae,

1343 2861 1473 2892 Necnon
1487 2862 1520 2892 ad
1535 2861 1734 2900 requirendum
1748 2862 1872 2892 eundem
1890 2860 2086 2893 Adversarium
2098 2860 2230 2891 nostrum
2245 2859 2369 2899 Scotiae,

1308 2901 1426 2931 nomine
1439 2900 1555 2939 nostro,
1575 2910 1631 2931 tam
1646 2901 1680 2931 ad
1695 2909 1737 2932 tot
1752 2901 1784 2931 ὅ(
1798 2901 1864 2931 tales
1877 2899 2040 2937 Dominos,
2058 2899 2238 2936 Officiarios,
2256 2899 2290 2929 &
2302 2897 2371 2928 alios

1307 2938 1440 2969 Subditos
1454 2939 1536 2977 ipsius
1551 2939 1704 2970 Adversarii
1719 2938 1809 2969 nostri
1825 2938 1930 2970 Scotiae
1945 2938 2046 2969 Terrae
2061 2937 2206 2975 praedietae
2217 2960 2228 2974 ,
2246 2944 2317 2974 quot
2333 2935 2367 2966 &

1307 2977 1398 3013 quales
1414 2976 1492 3016 Vos,
1511 2978 1667 3017 Qinque,
1686 2977 1836 3017 Qatuor,
1853 2977 1943 3015 Tres,
1961 2977 1995 3008 &
2007 2974 2228 3012 Duovestrfim,
2245 2982 2364 3012 exparte

1309 3014 1402 3045 nostra
1417 3038 1426 3054 ,
1451 3018 1599 3047 nominare
1621 3017 1765 3048 volueritis
1779 3038 1789 3054 ,
1814 3025 1912 3046 coram
1940 3013 2058 3053 praefato
2084 3012 2251 3044 Adversario
2267 3011 2368 3042 nostro

1308 3054 1430 3090 Scotiae,
1449 3055 1479 3084 in
1502 3055 1644 3092 praesentia
1666 3054 1776 3092 vestra,
1792 3062 1837 3083 aut
1859 3062 1957 3084 coram
1978 3052 2062 3082 vobis
2080 3075 2091 3091 ,
2111 3051 2269 3089 Quinque,
2287 3050 2370 3090 Qa-

1309 3101 1391 3128 tuor,
1410 3093 1531 3130 Tribus,
1550 3094 1595 3124 vel
1607 3093 1731 3123 Duobus
1745 3091 1872 3122 vestrum
1888 3114 1897 3128 ,
1916 3091 1944 3120 in
1959 3090 2079 3120 absentia
2092 3087 2214 3128 ejuidem
2229 3088 2369 3119 Adversa-

1310 3132 1342 3160 rii
1357 3130 1445 3161 nostri
1460 3155 1469 3168 ,
1489 3132 1585 3161 venire
1598 3155 1608 3168 ,
1628 3132 1661 3162 &
1675 3131 1748 3168 ipsos
1759 3129 1793 3159 ad
1805 3127 1966 3167 hujusmodi
1978 3128 2104 3165 Treugas
2113 3152 2123 3164 ,
2140 3129 2170 3158 in
2185 3127 2320 3158 omnibus
2333 3128 2368 3159 &

1309 3169 1421 3208 singulis
1433 3169 1485 3199 suis
1501 3169 1632 3199 Articulis
1645 3191 1655 3205 ,
1678 3178 1731 3206 pro
1751 3177 1829 3207 parte
1841 3167 1903 3206 sua,
1919 3165 2036 3197 firmiter
2051 3167 2084 3197 &
2098 3165 2297 3197 inviolabiliter
2312 3167 2368 3196 ob-

1308 3206 1468 3243 servandas,
1485 3207 1578 3244 jurare
1598 3206 1777 3244 faciendum,
1817 3206 1883 3236 uam
1898 3204 1932 3235 ad
1949 3205 2056 3236 Literas
2066 3203 2304 3243 Testimoniales‚
2316 3205 2368 3235 sub

1310 3243 1422 3283 Magno
1437 3244 1536 3283 Sigillo
1549 3245 1676 3283 praedicti
1692 3216 1848 3276 Adverifizirii
1862 3243 1949 3275 nostri
1965 3243 2071 3274 Scotiae
2087 3266 2098 3282 ,
2111 3242 2288 3274 Sacramenta
2301 3241 2370 3273 Do-

1307 3284 1454 3313 minorum
1463 3282 1695 3321 ‚Officiariotum
1704 3284 1755 3322 ‚&
1769 3283 1889 3314 aliorum
1901 3281 2088 3313 Subditorum
2102 3281 2373 3322 praedietorumTe-

1309 3320 1456 3351 stificantes
1469 3345 1477 3360 ,
1503 3323 1586 3352 vobis
1598 3347 1607 3360 ,
1628 3322 1788 3362 Qinque,
1807 3321 1959 3360 Qatuor,
1976 3320 2100 3358 Tribus,
2119 3319 2164 3350 vel
2178 3318 2305 3350 Duobus
2318 3330 2368 3351 ve-

1310 3359 1586 3397 strfim,immediate
1600 3361 1664 3400 post
1679 3360 1869 3399 praestationes
1882 3358 2051 3391 eorumdem
2062 3358 2369 3397 sacramentorum,1i-

1308 3399 1463 3428 berandum

1347 3436 1384 3467 Et
1403 3436 1438 3467 ad
1458 3422 1556 3468 o'mnia
1577 3438 1628 3468 alia
1641 3462 1652 3476 ,
1677 3438 1707 3468 in
1724 3437 1782 3468 boc
1805 3436 1867 3467 casu
1886 3435 2035 3467 necessaria
2050 3459 2060 3473 ,
2083 3434 2130 3466 seu
2145 3434 2367 3473 quomodolibet

1309 3485 1469 3514 oportuna,
1490 3475 1649 3506 faciendum
1664 3477 1698 3508 &
1714 3475 1931 3513 exequendum,
2294 3494 2297 3497 -

1348 3513 1384 3544 Et
1399 3514 1467 3545 ideo
1480 3515 1563 3545 vobis
1578 3513 1855 3551 Mandamus‚quod
1870 3514 1944 3543 circa
1960 3511 2104 3543 Praemiffa
2118 3510 2244 3543 facienda
2257 3511 2292 3543 &
2305 3519 2370 3554 exe-

1311 3552 1421 3590 quenda
1435 3562 1525 3590 partes
1539 3552 1656 3590 vestras,
1673 3562 1739 3582 cum
1751 3552 1834 3582 omni
1849 3550 1990 3591 diligentia
2006 3552 2040 3582 δε
2053 3549 2180 3581 efficacia
2194 3573 2206 3589 ,
2221 3548 2371 3580 adhibeatis

1314 3591 1433 3621 solicitas
1447 3592 1480 3622 &
1493 3591 1636 3629 discretas,

1352 3629 1421 3660 Nos
1443 3628 1652 3660 &Concilium
1672 3628 1801 3659 nostrum
1820 3627 1857 3658 de
1877 3628 2011 3658 omnibus
2030 3628 2063 3658 &
2085 3626 2194 3666 singulis
2208 3650 2218 3664 ,
2241 3633 2307 3663 quae
2317 3633 2370 3666 per

1310 3667 1372 3698 Vos
1385 3691 1394 3706 ,
1420 3668 1558 3706 Qinque
1571 3691 1581 3705 ,
1609 3667 1742 3706 Qatuor
1755 3690 1766 3705 ,
1790 3666 1882 3703 Tres,
1900 3666 1945 3696 vel
1966 3666 2050 3696 Duos
2063 3662 2206 3702 vestrum,
2223 3662 2369 3707 Acraxiive

1312 3705 1402 3736 Gesta
1425 3707 1529 3737 fuerint
1549 3707 1577 3735 in
1598 3704 1747 3736 Praemiffis
1760 3728 1770 3744 ,
1795 3705 1979 3736 certificantes
1993 3727 2004 3742 ‚
2026 3713 2059 3734 ac
2073 3704 2102 3733 in
2113 3702 2219 3740 scriptis
2234 3699 2318 3738 plene
2334 3701 2368 3732 δι’.

1314 3744 1439 3782 expresse
1455 3744 1619 3783 redigentes.

72 3793 298 3852 A172>9153'Reg1‘5
314 3813 424 3849 Angliae
437 3814 494 3842 Avi
509 3811 614 3849 nostri,
631 3813 718 3848 quarn
734 3811 854 3854 afiorum
870 3811 1089 3849 Progenitorum
1111 3811 1276 3842 nostrorum
1349 3783 1595 3851 Ψεῆἓμὲἦηῗξέὼ
1611 3823 1686 3850 Duce
1700 3820 1820 3850 Ehmm,
1858 3817 1990 3851 Custode
2012 3817 2139 3857 Angliae,
2155 3813 2229 3853 apud
2244 3814 2370 3856 Wstmo.

73 3867 102 3889 R.
126 3872 151 3889 Ζ·
224 3847 258 3876 &
279 3850 375 3892 nostro
390 3873 399 3888 ,
424 3850 605 3893 Ordinatum‘
619 3849 650 3879 sit
673 3850 706 3880 &
730 3849 886 3892 stabilitum·
897 3851 977 3886 quod
994 3851 1107 3881 Liberae
1119 3849 1282 3881 Eleffiones
1315 3859 1460 3900 „asterium
1495 3861 1540 3890 gii·
1558 3859 1603 3890 die
1620 3859 1773 3890 Februarii·
1833 3842 1844 3858 '

72 3901 137 3928 Jbid.
224 3884 535 3929 Archiepiicopatuum,
554 3887 785 3930 Episcopatuum,
807 3897 840 3916 ac
855 3888 974 3918 aliorum
991 3889 1170 3927 Dignitatum
1186 3887 1284 3918 &Be-
1465 3883 1477 3899 ’

74 3949 111 3967 m·
131 3948 172 3975 ¹4-
181 3938 208 3966 d·
225 3922 394 3954 neficiorum
408 3926 619 3962 Eieetivorum,
637 3927 665 3955 in
682 3926 785 3963 Anglia
800 3924 866 3955 fiant
878 3926 912 3955 &
925 3926 951 3955 se
966 3936 1078 3957 teneant
1093 3926 1201 3956 eodem
1213 3936 1281 3956 mo-

225 3960 282 3998 do,
303 3971 362 3998 quo
376 3963 420 3992 illa
434 3974 482 4000 per
497 3964 695 4002 progenitores
708 3963 857 4000 praedictos
873 3986 883 4000 ,
908 3965 941 3994 δε
955 3965 1151 3996 Antecessores
1161 3965 1282 3995 aliorum

228 3999 429 4030 Domitiorum
444 4002 654 4039 Fundatorum,
672 4001 805 4032 concesfii
820 4002 946 4032 fuerunt:

264 4037 311 4069 Ac
332 4037 400 4069 Nos
412 4062 422 4076 ,
445 4039 589 4071 vicesimo
610 4040 697 4071 Sexto
717 4040 776 4071 Die
792 4040 915 4078 Januarii
935 4040 1038 4072 ultimo
1059 4041 1200 4079 praeterito
1212 4063 1222 4078 ,
1247 4040 1283 4071 ad
