2561 4251
75 555 179 585 Ibidem.

44 1704 123 1736 Anii.
138 1703 179 1734 D.

66 1751 154 1782 1393·

46 1786 100 1811 An.
119 1784 161 1810 16.

46 1825 76 1850 R.
98 1831 124 1849 2.

43 1863 103 1888 Par.
129 1861 169 1887 16.

45 1902 176 1934 R.2.p.2.

42 1945 81 1965 m.
98 1946 125 1973 3.

43 2042 60 2060 ⁰
72 2043 140 2072 v11.

45 2089 109 2118 7402

45 2686 121 2718 Ann.
137 2685 179 2716 D.

46 2734 160 2793 5¹32}

47 2806 77 2831 R.
99 2812 113 2829 2

46 2845 105 2868 rat.
124 2842 155 2868 16

48 2883 78 2906 R.
96 2888 122 2907 2.
139 2886 163 2916 p.

51 2918 180 2954 3.m.26-

317 265 351 284 en
367 253 474 282 serrons
482 273 492 287 ,

210 333 272 364 Seal
287 341 315 361 as
330 338 377 360 ces
392 326 532 364 presentes
548 325 665 356 Lettres.

247 371 356 400 Donne
368 375 383 394 a
399 364 496 394 nostre
512 363 612 402 Palays
623 364 654 392 de
671 360 777 402 lVestm.
797 362 823 392 le
836 362 901 391 xxii.
915 361 980 399 jour
995 360 1031 390 de
1045 359 1185 398 Feverer,
1203 358 1271 391 1’An

206 409 245 439 du
260 407 355 437 Grace
368 401 453 433 Mille
467 426 477 442 ‚
494 402 652 440 Troiscen,
670 401 851 441 Qatrevyns
872 401 906 432 &
924 399 1059 437 Dousze,
1077 400 1110 431 &
1125 398 1162 430 de
1176 397 1273 429 nostre

210 447 311 485 Regne
323 441 469 475 Seszisme.

770 479 830 507 Par
843 475 867 507 lc
877 479 928 508 Roi
942 474 980 512 ὠ
986 474 1039 516 Ji‘m
1054 474 1166 515 Conseil.

207 558 287 622 LE
312 558 342 589 R
353 567 396 590 01
421 568 438 588 a
458 564 529 587 touz
549 563 622 586 ceux
634 577 644 594 ,
663 552 724 590 &c.
740 553 871 594 utsupra
885 552 964 594 usque
976 552 1030 591 ibi,
1047 552 1148 591 Jahan
1160 555 1222 582 Duc
1240 551 1272 582 de

284 600 377 634 Guyen
391 595 429 631 ῤ’
446 596 477 625 de
488 592 656 634 Lancastre,
673 591 711 629 &⁴
726 592 850 661 tuncfii:f

240 636 356 667 Thomas
381 638 442 665 Duc
461 634 493 663 de
514 631 662 673 Glaucestre
676 654 687 671 ,
711 631 865 662 l'onurabe
877 630 959 661 Piere
980 640 1015 660 en
1030 629 1126 667 Dieu,
1145 631 1271 659 Wautier

204 677 270 706 Evc
283 686 333 716 que
353 675 384 704 de
404 671 535 712 Durefine
547 694 558 710 ,
576 670 673 701 nostre
687 669 825 701 treschere
839 669 936 709 Cosyn
945 692 954 708 ,
971 668 1086 699 Thomas
1100 672 1187 697 count
1201 670 1270 697 Ma-

203 714 257 754 rqfc
277 713 309 742 al
343 711 471 751 Capitain
488 710 524 741 de
546 709 643 740 nostre
666 708 740 739 Ville
756 708 793 738 de
807 708 879 739 Cale
897 719 927 746 s,
947 707 1043 738 nostre
1056 706 1195 737 treschete
1208 706 1271 737 Co-

205 753 254 794 syn
270 736 384 782 Thimas
400 751 464 780 Perc
496 748 643 780 Seneschal
653 747 690 777 de
702 746 801 778 nostre
815 747 866 778 Ho
894 747 947 784 iel,
965 750 1066 785 Lowys
1074 744 1269 814 cffirdegi-

1118 794 1144 815 ei
1172 794 1199 815 re
1245 795 1270 813 ι-

203 792 280 822 valer
293 791 330 821 de
343 788 439 820 nostre
485 789 637 824 haumbre,
655 787 689 818 &
703 785 799 817 nostre
813 786 882 816 bien
894 795 959 816 ame
973 784 1062 816 Clerk

203 829 294 860 chard
302 827 421 859 Rouhale
437 826 572 857 DoCtour
586 835 622 857 en
637 825 682 855 Lo
701 835 732 864 s,

240 869 280 900 As
294 875 406 906 queux,
424 865 508 903 Sept,
528 864 595 903 Sys,
614 862 681 903 Cyn
710 887 720 902 ,
737 864 771 894 &
787 863 898 902 Qatre
910 862 946 893 de
961 871 1033 900 eux,
1051 871 1140 893 avons
1159 861 1270 893 Donne

203 908 237 939 &
260 907 404 945 Commys
419 928 428 944 ,
454 902 513 939 dyc.
533 911 564 932 ut
573 903 659 944 fiapra
679 904 759 943 usque
777 901 835 941 ibi,
851 901 996 941 Commys
1010 903 1043 933 δε
1057 901 1210 939 Deputez,
1228 899 1267 936 &-

200 952 267 977 tunc
274 945 329 986 fic,

239 984 295 1015 Les
316 984 385 1021 Sept
399 1005 409 1020 ,
433 981 471 1013 les
491 980 560 1020 Sys,
578 979 616 1010 les
629 978 736 1020 Cynk,
753 980 787 1012 &
803 979 915 1018 Qiatre
929 978 964 1010 de
979 987 1034 1009 eux
1045 977 1114 1010 serra
1125 976 1268 1016 Traiffle,

202 1021 314 1094 &1555
324 1022 448 1098 {tatia

762 1098 821 1126 Par
834 1094 858 1126 le
874 1098 924 1126 Roi
941 1093 979 1131 όν
987 1092 1039 1134 son
1052 1092 1161 1133 Conseil.

199 1176 281 1239 LE
305 1176 364 1207 Ro
376 1185 393 1206 γ
421 1186 436 1206 a
451 1183 523 1207 touz
545 1182 633 1212 ceux,
651 1172 712 1209 ὠς.
732 1179 763 1202 ut
776 1172 862 1212 μβφνα
883 1171 962 1213 usque
984 1171 1022 1202 ihi
1036 1195 1046 1210 ,
1061 1171 1094 1202 ὃ(
1109 1170 1219 1209 Quatre
1231 1169 1267 1201 de

272 1225 345 1253 emt,
363 1213 401 1249 ὠ
415 1221 479 1244 tunc
487 1213 544 1254 fic,

238 1253 297 1284 Des
312 1262 405 1291 queux
420 1253 522 1284 volons
537 1261 592 1288 que
608 1258 668 1281 noz
683 1250 744 1282 ditz
758 1249 867 1281 Oncles
882 1249 970 1281 soient
985 1248 1075 1286 deux,

237 1292 337 1322 Avons
359 1292 467 1322 Donne
486 1292 519 1322 &
541 1289 701 1330 Commys,
718 1288 779 1326 &c.
797 1296 828 1318 ut
836 1289 922 1328 fitpra
937 1288 1016 1329 usque
1031 1287 1088 1327 ibi,
1105 1288 1138 1319 &
1155 1287 1265 1326 Qatre

197 1330 235 1361 de
250 1341 321 1370 eux,
338 1328 375 1365 ὠ
392 1338 457 1360 tunc
464 1329 521 1399 lfic,

238 1368 299 1400 Des
315 1378 407 1407 queux
425 1379 464 1399 vo
475 1377 527 1399 ons
541 1377 596 1406 que
609 1374 667 1397 noz
681 1366 741 1398 ditz
755 1365 864 1397 Oncles
878 1365 968 1396 soient
977 1364 1062 1396 Deux
1071 1389 1081 1403 ,
1099 1365 1171 1396 serra
1178 1363 1265 1396 Trai-

198 1408 255 1438 ‹stie
269 1409 302 1439 &
317 1407 470 1445 Accorde,
489 1407 550 1444 &a
566 1413 597 1436 ut
606 1404 702 1446 stapra.

234 1445 314 1477 Don.
334 1455 366 1477 nt
381 1446 467 1488 supra·
752 1485 811 1514 Par
826 1481 851 1512 le
865 1485 917 1513 Roi
932 1481 970 1518 ὠ·
979 1480 1031 1521 fim
1046 1479 1157 1521 Conseil.

413 1614 471 1646 Pro
491 1608 618 1644 Civibus
635 1607 786 1641 Londoniae
806 1609 1035 1654 Aequietanria.

203 1695 321 1766 RE}
340 1696 510 1763 Ὀιτιηίὶξυάε,
527 1694 562 1726 ad
576 1704 664 1734 qum,
683 1694 744 1725 &c.
762 1693 895 1723 Salutem.

320 1744 396 1765 cratis
430 1744 469 1764 UO

235 1773 315 1806 Cum
329 1745 443 1811 Majocrl,
463 1758 675 1809 Vi'cecomites,
693 1768 894 1807 Aldermanni‚
912 1769 946 1799 &
960 1767 1162 1800 Communitas
1177 1768 1261 1800 Civi-

199 1815 260 1843 tatis
283 1812 384 1842 nostrae
407 1809 567 1841 Londonice
582 1833 591 1847 ,
618 1818 708 1848 nuper
729 1818 781 1846 pro
796 1807 961 1846 quibusdam
976 1807 1208 1846 Mesprifionibus
1225 1811 1259 1840 δε

198 1850 412 1881 Offensionibus
427 1874 436 1887 ,
460 1859 509 1889 per
532 1848 604 1886 ipsos
619 1857 683 1887 erga
697 1846 822 1877 nostram
832 1845 955 1885 Regiam
972 1845 1163 1883 Magestatem
1182 1847 1261 1878 saetis

196 1890 229 1920 δε
251 1890 410 1928 perpetratis
424 1912 433 1926 ,
458 1887 535 1918 unde
557 1896 657 1918 coram
679 1885 779 1916 Nobis
799 1886 831 1916 &
852 1884 991 1915 Concilio
1013 1884 1111 1916 nostro
1134 1886 1261 1922 Imperiti

195 1927 324 1968 fuerunt,
343 1927 481 1966 quandam
496 1926 646 1956 Summam
662 1923 778 1956 Decem
794 1923 913 1954 Milium
929 1923 1098 1963 Librarum,
1113 1934 1166 1963 pro
1175 1924 1258 1956 Beni-

196 1967 319 1998 volentia
334 1965 427 1997 nostra
441 1964 597 2005 optinenda
608 1987 618 2004 ,
634 1965 717 1994 nobis
731 1962 863 1994 solverint
879 1971 960 2003 grato
974 1962 1078 2000 corde,

227 2006 444 2076 §ggiutionem
453 2042 582 2074 Summae
597 2039 864 2086 praedi&ae‚Nobis
878 2040 916 2073 sic
930 2040 1013 2071 factae
1022 2041 1261 2081 ,cognoscentes,

193 2083 228 2115 &
242 2083 278 2114 de
294 2083 392 2114 eadem
408 2082 531 2120 plenarie
548 2089 691 2118 contenti,

230 2121 307 2161 Ipsos
321 2145 331 2162 ,
354 2121 497 2159 Majorem
507 2144 517 2160 ,
533 2120 746 2157 Vicecomites,
763 2118 972 2149 Aldermannos
1008 2119 1041 2149 &
1054 2117 1259 2150 Communita-

192 2168 253 2192 tem
270 2186 279 2198 ,
305 2171 338 2192 ac
359 2159 498 2190 Haeredes
518 2160 551 2191 &
572 2159 745 2189 Executores
767 2157 829 2188 suos
844 2180 853 2194 ,
879 2156 914 2186 de
939 2141 1037 2188 eadem
1051 2157 1188 2195 Summa,
1206 2168 1258 2196 pro

193 2199 292 2231 Nobis
308 2201 341 2231 &
356 2198 526 2230 Haeredibus
541 2197 655 2234 nostris,
675 2196 795 2227 Tenore
809 2194 1013 2234 Parentium,
1032 2195 1148 2227 finaliter
1165 2196 1259 2236 Qie-

191 2246 284 2269 tamus
298 2239 331 2270 &
345 2236 555 2275 imperpetuum
571 2236 783 2272 Exoneramu53

230 2277 268 2307 Et
289 2277 346 2308 hoc
366 2276 501 2307 omnibus
517 2299 526 2313 ,
545 2284 669 2315 quorum
684 2273 813 2312 interest,
831 2273 877 2305 vel
892 2273 1022 2305 interesse
1035 2275 1155 2314 poterit,
1174 2276 1258 2306 inno-

191 2314 323 2349 tescimus
338 2325 388 2355 per
402 2314 563 2345 Praesentes.

232 2354 266 2385 In
282 2356 375 2392 cujus,
395 2354 456 2384 &c.

194 2392 319 2462 bTeste
342 2392 422 2432 Rege
444 2390 518 2428 apud
538 2388 796 2431 Wstmonasterium
811 2411 821 2427 ,
852 2389 990 2420 vicesimo
1010 2390 1117 2421 octavo
1138 2389 1184 2421 die
1204 2390 1258 2421 Fe-

218 2441 307 2463 ruaru.

882 2468 936 2496 Per
949 2466 1032 2506 ipsum
1046 2469 1152 2504 Regem.

451 2596 508 2627 Pro
527 2591 661 2626 Subditis
678 2595 802 2626 Comitis
821 2592 998 2625 Virtutum.

199 2678 318 2738 REX
343 2678 494 2716 omnibus,
512 2677 546 2708 ad
561 2688 631 2716 quos
666 2679 725 2708 &c.
744 2676 877 2707 Salutem.

300 2718 406 2756 Licet,
430 2727 468 2747 nu
489 2727 538 2754 er,
565 2726 613 2753 per
636 2699 739 2746 Literas
761 2715 868 2744 nostras
888 2714 1030 2755 Patentes‚
1047 2719 1257 2758 concessimus,

197 2757 303 2788 dilecto
323 2757 412 2795 Ligeo
425 2765 464 2785 no
493 2765 542 2792 ro,
562 2753 695 2784 Nicholao
711 2752 819 2793 Collyng
837 2753 872 2783 de
887 2753 1060 2793 Chapstowe
1076 2755 1257 2795 Reprisaliam

199 2795 278 2834 super
293 2794 378 2826 Bonis
395 2793 592 2824 Mercatorum
606 2794 639 2824 ὃ(
659 2792 845 2823 Subditorum
863 2794 972 2820 Comitir
991 2795 1150 2834 Virtutum,
1171 2807 1258 2828 0003-

199 2835 276 2865 sione
290 2843 373 2865 certae
387 2832 611 2871 Depraedationis
627 2830 773 2861 Bonorum
787 2830 856 2860 diei-i
868 2828 1009 2860 Nicholai
1023 2832 1055 2861 &
1071 2832 1189 2864 aliorum
1210 2836 1259 2866 Li-

202 2883 324 2910 georum
341 2871 505 2903 nostrorum
520 2893 530 2906 ,
548 2879 638 2907 nuper
652 2869 733 2900 saetae
749 2878 796 2906 per
813 2868 942 2897 nomam
958 2868 1093 2907 Cupalata
1109 2873 1141 2901 &
1157 2873 1258 2905 Socios

199 2913 262 2943 suos
276 2910 453 2942 Mercatores
465 2910 501 2940 de
517 2908 661 2939 Dominio
679 2907 845 2943 Plasenciae,
864 2906 998 2937 Subditos
1015 2907 1141 2945 praedieti
1156 2910 1261 2944 Comi-

198 2951 249 2987 tis,
269 2958 352 2988 prout
367 2950 395 2979 in
412 2948 512 2979 Literis
528 2946 629 2977 nostris
642 2945 781 2985 praediffis
795 2945 903 2983 plenius
918 2947 1099 2985 continetur,

238 2989 307 3020 Nos
321 2997 415 3018 tamen

241 3027 288 3058 Ad
302 3011 530 3063 Requisiiionem
546 3023 615 3054 dicii
627 3021 764 3059 Comitis,
783 3021 989 3064 considerantes
1003 3032 1133 3062 magnam
1150 3024 1261 3058 Amici-

200 3065 270 3097 tiam
291 3074 355 3103 quae
377 3073 440 3094 ante
454 3063 517 3093 haec
533 3071 661 3100 tempora
678 3063 749 3092 inter
763 3071 814 3092 nos
829 3062 861 3092 ὃς
875 3061 965 3099 ipium
981 3062 1048 3100 fuit,
1068 3063 1100 3094 &
1117 3065 1169 3095 erit
1188 3074 1263 3096 tem-

200 3114 270 3143 pore
282 3103 379 3134 futuro
396 3101 465 3133 Deo
479 3101 580 3139 dante,

241 3142 290 3173 De
309 3141 407 3172 Gratia
427 3139 518 3170 nostra
537 3139 664 3177 speciali,
682 3139 715 3169 &
735 3137 770 3168 de
786 3136 890 3168 assensu
906 3136 1033 3169 Concilii
1055 3138 1162 3178 nostri,
1179 3143 1262 3173 certis

203 3181 239 3212 de
261 3179 358 3211 Causis
371 3203 381 3218 ,
397 3178 465 3210 Nos
479 3179 511 3209 ὅ(
528 3179 603 3208 idem
619 3176 784 3207 Concilium
801 3175 930 3206 nostrum
944 3177 977 3206 ad
991 3178 1048 3208 hoc
1063 3179 1261 3218 moventibus,

203 3218 395 3250 concessimus
409 3217 488 3256 qu'od
502 3226 601 3247 omnes
609 3215 719 3246 Subditi
731 3214 855 3252 ejusdem
869 3214 1013 3253 Comitis,
1032 3217 1080 3254 qui
1094 3217 1122 3246 in
1137 3215 1261 3248 Civitate

204 3258 301 3289 nostra
315 3256 493 3293 Londoniae,
512 3254 557 3286 vel
568 3254 651 3291 alibi,
669 3253 738 3282 infra
754 3252 893 3290 Regnum
909 3254 1038 3284 nostrum
1051 3278 1060 3292 ‚
1086 3254 1262 3292 [mprisonati

204 3296 324 3328 existunt
345 3294 379 3325 ad
399 3294 512 3325 Sectam
532 3293 602 3323 dieii
624 3291 780 3328 Nicholai,
801 3291 949 3323 occasione
971 3301 1078 3323 tanturn
1102 3293 1262 3331 Reprisaliae

204 3335 349 3374 praediCiae
362 3357 371 3372 ,
396 3342 469 3364 eXtra
491 3331 638 3362 Prisonam
659 3330 846 3361 deliberentur
861 3354 870 3367 ,
889 3331 921 3361 δε
935 3331 967 3361 ad
984 3341 1084 3362 eorum
1097 3331 1205 3369 largum
1218 3333 1263 3363 di-

205 3382 353 3406 mittantur

245 3395 444 3442 Reiaxav’imus
466 3410 549 3439 etiam
563 3407 728 3445 praedictam
740 3405 925 3444 Repriffiliam
939 3408 1024 3445 usque
1039 3407 1154 3439 Festum
1167 3409 1263 3440 Sanffi

206 3449 358 3482 Michaelis
370 3449 503 3486 proximo
516 3448 641 3478 futurum
653 3470 662 3485 ,
681 3445 714 3475 ad
730 3445 830 3475 Finem
844 3445 923 3482 quod
939 3446 1022 3484 Nos,
1041 3447 1135 3477 medio
1150 3457 1261 3487 tempo-

207 3500 238 3520 re
251 3513 261 3527 ‚
283 3489 351 3519 scire
366 3487 504 3516 valeamus
523 3485 542 3515 si
557 3494 724 3522 competens
737 3483 897 3514 satisfactio
909 3486 1027 3521 praefato
1042 3485 1209 3525 Nicholao,
1228 3489 1260 3518 ὃς

205 3528 263 3559 aliis
281 3526 373 3556 Lioeis
385 3524 486 3554 nostris
498 3524 700 3562 dampnificatis
713 3522 785 3552 faeta
800 3521 899 3559 fuerit,
918 3531 946 3552 ut
962 3523 1130 3560 praedictum
1141 3523 1184 3554 est
1200 3526 1265 3561 (iic-

207 3575 238 3596 ut
253 3575 301 3602 per
317 3550 424 3594 Literas
439 3562 544 3593 nostras
558 3586 568 3601 ,
586 3562 621 3592 de
645 3561 760 3591 Privato
773 3560 870 3598 Sigillo
886 3560 1000 3599 nostro,
1020 3563 1136 3599 praefato
1151 3561 1265 3594 Comiti

208 3603 378 3641 scripsimus)
392 3611 498 3638 necne,
517 3602 545 3630 in
560 3610 618 3638 quo
630 3598 704 3630 Casu
718 3598 910 3629 ordinabimus
924 3599 1002 3638 super
1018 3602 1074 3631 hoc
1089 3601 1140 3632 tale
1156 3601 1264 3633 Reme—

209 3641 287 3671 dium
303 3665 312 3680 ,
333 3649 417 3678 prout
440 3639 535 3669 Nobis
550 3661 560 3677 ,
584 3639 617 3670 &
634 3637 771 3668 Concilio
792 3636 890 3667 nostro
905 3637 1042 3675 praeditfto
1054 3639 1115 3670 fore
1127 3638 1266 3672 videbitur

210 3679 368 3709 consonum
382 3679 493 3708 rationi.

251 3717 283 3746 In
298 3718 394 3755 cujus,
413 3718 473 3747 &c¹

248 3754 338 3800 Teste
353 3755 435 3794 Rege
450 3752 523 3792 apud
539 3751 810 3794 {Wstmonasterium
825 3751 930 3783 ofilavo
943 3751 988 3782 die
1003 3753 1109 3785 Martii.

717 3829 770 3858 Per
782 3829 874 3857 Breve
884 3827 916 3857 de
930 3829 1048 3860 Privato
1063 3829 1160 3868 Sigillo.

241 265 537 327 ffisrresmoignance
557 286 593 317 de
613 296 647 318 ce
667 286 755 318 Nous
775 296 864 318 avons
875 285 934 319 ,fait
948 291 1050 314 mettre
1063 282 1161 314 nostre
1177 282 1273 314 Grati:

637 119 1444 166 CONVENTIONES,
1501 117 1892 169 LITERAE,

52 208 189 247 anmi).
207 216 284 248 ceste
303 215 390 254 partie
402 236 413 251 ,
439 214 472 244 &
494 212 532 242 les
551 209 777 242 Confermerons
797 219 845 248 pai·
861 217 921 240 noz
936 209 1046 239 Lettres
1060 205 1203 237 toutefoiz
1217 215 1275 245 que

81 261 168 294 ⁸1393-
208 266 239 286 re

106 314 112 321 .
130 302 157 321 2-

1527 244 1582 247 -’
1596 244 1599 247 ·
1889 240 1909 242 ”
1945 238 1980 244 ”’
2092 258 2094 260 »
2402 228 2531 277 Ann.D¹.

1516 299 1576 330 Pro
1597 296 1727 331 Ricardo
1743 297 1780 332 de
1798 296 1936 332 Ebormn
1954 299 2060 332 Filiolo
2073 303 2176 349 Regis.
2401 288 2534 350 32³2&ss-

1312 380 1429 439 REX
1448 379 1612 422 Omnibus,
1629 382 1665 414 ad
1679 393 1769 423 quos,
1788 383 1850 415 διε.
1868 383 2004 416 Salutem.
2398 397 2453 423 An,
2471 399 2523 437 ις,Ἰ

1406 421 1505 451 Sciatis
1519 421 1600 459 quod

1349 457 1449 497 Cum,
1465 446 1712 492 cariffima’Amita
1733 460 1847 500 nostra,
1864 460 1982 501 Isabvlla
2015 470 2105 500 nuper
2124 463 2199 493 Duc·
2219 475 2242 494 a*
2257 463 2378 496 ahor-um
2396 436 2490 501 Zmin»
2530 492 2533 494 .

1312 494 1447 528 defuneta
1462 497 1564 529 Nobis
1574 501 1602 530 in
1618 499 1807 531 Testamento
1819 500 1869 531 suo
1882 500 1926 532 Le
1948 484 2018 532 asset
2030 508 2125 531 toturn
2141 500 2172 531 R
2199 503 2297 535 iduum
2319 504 2376 535 Bo·
2396 518 2434 539 m.
2447 495 2500 547 ²4:
2520 504 2522 506 ’

1312 544 1419 566 norum
1435 536 1566 574 suorum,
1590 538 1742 576 postquam
1757 540 1856 569 omnia
1870 540 1919 569 alia
1964 547 2042 579 egata
2056 539 2102 570 sua
2138 539 2168 569 in
2181 540 2261 572 dieto
2273 542 2376 574 Testa-

1313 583 1413 618 mento
1428 575 1478 605 suo
1492 584 1646 615 contenta,
1662 576 1856 615 perficiantur,
1873 578 1903 608 in
1917 577 1991 609 Casu
2006 588 2066 616 quo
2080 562 2180 608 N²obis
2194 580 2313 616 placeret
2328 582 2377 612 Fi-

1313 611 1413 643 liolum
1429 612 1559 643 nostrum
1574 616 1720 644 Ricardum
1734 615 1767 645 de
1779 615 1914 655 Ebomm,
1932 616 2038 647 Filium
2049 616 2147 654 suum,
2166 617 2251 656 usque
2267 619 2302 649 ad
2315 619 2377 651 Va-

1311 650 1402 682 iorem
1417 651 1648 692 Qiingentarum
1663 651 1831 684 Maiarum
1843 664 1895 693 per
1910 655 2028 686 Annum
2037 678 2046 693 ‚
2065 665 2118 693 pro
2137 655 2281 687 Termino
2301 657 2377 690 Vitae

1311 690 1385 729 suae,
1404 700 1590 730 promovere,
1608 701 1694 730 prout
1707 693 1736 722 in
1750 692 1940 724 Testamento
1954 693 2095 731 praedicto
2111 693 2222 733 plenius
2244 696 2377 728 contine*

1311 737 1356 760 tur
1392 728 1463 759 sicut
1477 730 1707 761 certitudinaliter
1722 730 1929 770 informamur,

1347 751 1386 811 Et
1397 767 1477 806 super
1489 768 1547 799 hoc
1563 768 1736 800 Executores
1751 768 1931 801 Testamenti
1946 768 2074 808 praediciti
2086 779 2162 802 certa
2176 770 2256 803 Bona
2271 773 2306 804 ὃς
2321 772 2377 811 Jo-

1310 805 1380 836 calia
1423 815 1558 845 tanquam
1582 807 1738 839 Parcellam
1760 807 1877 838 Residui
1899 807 2028 847 praedicti
2041 833 2051 846 ,
2069 807 2257 842 Thesaurario
2276 812 2376 843 nostro

1310 844 1346 874 de
1402 845 1506 876 andato
1521 845 1621 877 nostro
1634 847 1833 885 liberaverint,
1852 856 1937 885 prout
1950 856 2000 884 per
2015 846 2156 886 quandam
2175 847 2356 881 Indenturam
2366 876 2376 890 ,

1310 883 1381 914 inter
1405 883 1527 929 eundem
1550 884 1770 917 Thesaiirarium
1791 885 1925 918 nostrum
1942 886 1975 918 &
2000 885 2132 926 praefatos
2145 884 2319 921 Exeo-:tores
2331 890 2375 921 fa-

1311 922 1407 991 &ssdn'
1425 932 1529 961 poterit
1543 934 1693 964 apparere,

1386 971 1435 1001 os,
2282 977 2297 981 ··

1348 999 1428 1045 Tam
1443 1000 1476 1031 ad
1489 1002 1627 1039 praemissa
1643 1001 1900 1042 considerationem
1916 1003 2162 1042 habentes,qu*am
2179 1003 2214 1035 ad
2230 1004 2374 1043 integrum

1309 1037 1493 1083 desiderium,
1514 1041 1592 1078 quod
1607 1041 1683 1072 dieta
1699 1042 1796 1072 Amica
1812 1041 1906 1073 nostra
1918 1041 1954 1073 ad
1966 1043 2174 1074 incrementum
2195 1041 2290 1074 Status
2313 1044 2376 1074 Filii

1309 1075 1349 1106 sui
1363 1078 1491 1115 praedicti
1507 1079 1622 1118 habuit,
1638 1081 1711 1111 dum
1726 1081 1814 1119 vixit,

1311 1154 1317 1159 ᾗ
1348 1115 1393 1161 Ac
1408 1118 1492 1147 etiam
1506 1119 1731 1150 consideratione
1745 1128 1857 1158 magnae
1873 1118 2017 1158 Fiduciae,
2035 1129 2122 1158 quam
2140 1119 2194 1157 ipsa
2214 1129 2281 1159 erga
2303 1118 2374 1150 Nos

1309 1163 1338 1184 in
1357 1154 1422 1201 Vita
1435 1156 1479 1187 sua
1493 1159 1629 1200 gerebat,
1648 1157 1728 1196 quod
1742 1156 1811 1188 Nos
1825 1158 1936 1189 dictum
1952 1157 2086 1189 Filiolum
2103 1159 2251 1198 nostrum,
2268 1158 2302 1189 ad
2311 1158 2375 1188 Re-

1309 1203 1463 1264 verenxtliaff
1478 1196 1602 1234 ejuldem
1616 1196 1722 1228 Amitae
1737 1196 1842 1227 nostrae
1857 1197 1890 1229 ὅ(
1905 1207 1958 1235 pro
1974 1196 2095 1228 Honore
2115 1197 2232 1236 nostro,
2253 1207 2373 1236 promo-

1308 1241 1375 1262 vere
1417 1244 1433 1264 e
1453 1244 1550 1274 emus,

1345 1270 1431 1303 Ultra
1451 1272 1579 1305 Centum
1605 1274 1719 1314 Libras,
1738 1285 1804 1313 quas
1827 1274 1884 1312 ipse
1901 1274 1938 1306 de
1959 1273 2058 1306 Nobis
2079 1275 2156 1313 perci
2178 1275 2198 1305 it
2209 1276 2371 1314 annuatim,

1305 1319 1359 1378 pro
1372 1311 1518 1356 Termino
1538 1312 1614 1344 Vitae
1631 1314 1705 1352 suae,
1723 1314 1761 1344 de
1783 1313 1912 1345 Exitibus
1931 1313 2097 1344 Comitatus
2116 1313 2135 1333 ²*
2180 1313 2304 1352 borum,
2322 1323 2372 1352 per
2393 1310 2409 1326 ⁴
2421 1311 2489 1340 Vll·

1324 1348 1415 1394 janus
1431 1350 1618 1382 Vicecomitis
1632 1353 1722 1383 nostri
1737 1352 1842 1384 ibidem
1860 1362 1915 1390 pro
1937 1361 2068 1391 tempore
2091 1352 2250 1391 existentis,
2268 1353 2371 1383 virtute
2394 1357 2461 1385 74¹·
2507 1353 2509 1355 ’

1305 1386 1508 1433 Conceffionis
1524 1390 1646 1428 nostrae,
1664 1392 1715 1422 sibi
1729 1390 1794 1429 post
1811 1389 1943 1422 Mortem
1957 1391 2080 1430 praefatae
2093 1392 2200 1423 Amitae
2212 1389 2318 1422 nostrae
2337 1399 2372 1422 ex

1305 1424 1395 1456 eausa
1413 1428 1566 1467 praedic‘ia,
1585 1430 1653 1460 inde
1670 1431 1771 1468 faciae,

1327 1464 1501 1509 Dedimus,
1521 1468 1554 1498 &
1569 1467 1772 1500 Concessimus
1787 1468 1882 1500 eidem
1897 1467 2000 1499 Filiolo
2016 1466 2117 1499 nostro
2134 1467 2282 1500 Ducentas
2301 1468 2372 1499 Tri-

1304 1512 1383 1547 ginta
1401 1506 1435 1536 δε
1457 1506 1531 1549 Tres
1555 1506 1671 1545 Libras,
1691 1507 1747 1538 Sex
1769 1506 1901 1545 Solidos,
1919 1508 1952 1538 &
1967 1506 2052 1538 Οᾶο
2067 1505 2226 1546 Denarios,
2243 1507 2278 1538 ad
2293 1506 2370 1538 Ter-

1303 1551 1418 1572 minum
1434 1543 1509 1574 Vitae
1523 1545 1577 1575 suae
1586 1568 1596 1584 ,
1615 1545 1807 1585 percipiendas
1819 1547 1963 1576 annuatim
1977 1545 2012 1576 ad
2025 1545 2204 1576 Scaccarium
2219 1545 2369 1584 nostrum,

1302 1580 1336 1625 ad
1360 1580 1518 1626 Terminos
1542 1585 1692 1615 consuetos
1704 1607 1713 1622 ,
1733 1593 1782 1622 per
1803 1584 1923 1622 aequales
1942 1583 2091 1615 Portiones
2105 1607 2115 1623 ,
2134 1584 2279 1623 quousque
2298 1584 2368 1615 Nos

1304 1618 1415 1663 dietum
1426 1620 1564 1663 ’Filiolum
1578 1622 1710 1653 nostrum
1724 1622 1758 1653 ad
1772 1622 1911 1653 summam
1927 1622 2161 1660 Qingentarum
2183 1621 2367 1662 Marcarum,

1303 1668 1333 1702 in
1346 1658 1462 1702 Terris,
1482 1658 1668 1698 Redditibus‚
1686 1660 1731 1691 seu
1748 1659 1900 1700 Maritagio
1914 1670 1967 1698 pro
1979 1660 2049 1691 statu
2064 1660 2113 1692 suo
2126 1661 2368 1699 competenti‚seu

1304 1707 1333 1727 in
1356 1696 1456 1727 Firmis
1478 1697 1572 1735 (dictis
1592 1698 1723 1730 Centum
1746 1698 1840 1729 Libris
1862 1700 1892 1728 in
1913 1699 2085 1739 Qiingeutis
2108 1699 2215 1730 Marcis
2227 1700 2367 1738 praedictis

1303 1737 1485 1773 computatis)
1501 1736 1661 1768 duxerimus
1675 1736 1923 1776 promovendum,

1342 1773 1478 1805 Volentes
1498 1775 1578 1813 quod
1598 1778 1689 1814 prima
1710 1776 1842 1814 Soluti0‚
1860 1775 1978 1813 praefato
1998 1774 2100 1807 Filiolo
2123 1775 2224 1807 nostro
2237 1800 2247 1814 ,
2264 1776 2301 1807 de
2322 1776 2368 1807 di-

1305 1812 1356 1844 Stis
1373 1811 1513 1844 Ducentis
1526 1813 1658 1854 Triginta
1673 1815 1706 1846 &
1720 1815 1826 1846 Tribus
1844 1813 1950 1851 Libris,
1970 1813 2025 1844 Sex
2038 1809 2195 1852 Solidis,&
2210 1814 2294 1846 ocio
2302 1815 2366 1846 De-

1303 1853 1401 1896 nariis,
1419 1852 1564 1897 facienda,
1582 1853 1646 1893 post
1660 1852 1744 1885 Duos
1766 1853 1885 1892 Annos,
1903 1853 2036 1891 proximo
2061 1853 2187 1891 futuros,
2203 1861 2313 1885 tanturn
2333 1854 2368 1885 fi-

1303 1900 1398 1929 nitos,
1417 1901 1538 1929 incipiat.

1340 1929 1373 1959 Iri
1388 1931 1483 1968 cujus,
1501 1931 1562 1961 &c.

1339 1967 1431 2000 Teste
1443 1968 1530 2008 Rege
1543 1968 1617 2010 apud
1633 1969 1890 2011 Wstmonasterium
1898 1993 1908 2008 ,
1925 1968 2044 2001 decimo
2058 1969 2137 2001 sexto
2150 1968 2197 2001 die
2209 1967 2320 2000 Martii.

1798 2049 1852 2077 Per
1866 2050 1959 2077 Breve
1974 2047 2006 2077 de
2021 2049 2142 2077 Privato
2159 2045 2257 2085 Sigillo.

1436 2177 1485 2209 De
1501 2176 1595 2210 Salvo
1615 2175 1788 2219 Conduc'iu,
1807 2175 1898 2222 fiaeper
1915 2175 2065 2208 Traaatu
2084 2178 2226 2209 Franciae.

1299 2261 1380 2324 LE
1400 2263 1469 2302 Roy
1483 2272 1498 2292 a
1511 2270 1581 2293 touz
1596 2272 1684 2302 ceux,
1703 2263 1751 2301 qui
1765 2272 1811 2293 ces
1829 2260 1940 2293 Lettroe
1953 2270 2084 2300 verront,
2102 2261 2187 2293 Salut.
2385 2263 2462 2296 Ann.
2473 2262 2517 2296 D.'

1394 2302 1564 2332 savoia
1583 2301 1762 2333 FAisons
1783 2310 1838 2339 que
1852 2299 1942 2330 Nous
1961 2310 2049 2331 avons
2072 2302 2126 2339 pris
2147 2301 2181 2332 ὃς
2200 2309 2281 2341 mys,
2299 2311 2364 2340 pre-
2407 2311 2492 2344 1393.

1301 2350 1374 2372 nons
1388 2341 1421 2371 &
1438 2349 1578 2377 mettonS,
1594 2350 1655 2371 noz
1667 2341 1764 2371 cheres
1777 2340 1810 2370 &
1833 2348 1916 2370 amez
1933 2337 2080 2379 Cousyns,
2098 2339 2123 2369 le
2142 2342 2206 2369 Duc
2223 2342 2255 2370 de
2276 2343 2362 2381 Berry
2382 2346 2435 2371 An.
2455 2344 2497 2371 ι6.

1299 2380 1333 2411 &
1346 2378 1525 2418 d'Avergne,
1543 2378 1567 2408 le
1588 2382 1649 2409 Duc
1671 2380 1702 2409 de
1725 2381 1890 2416 Bourgoigne
1909 2377 2009 2408 Conte
2029 2377 2066 2409 de
2081 2378 2212 2409 Flandres
2231 2381 2265 2411 &
2277 2379 2362 2410 d’Ar-
2380 2385 2410 2409 R.
2428 2389 2455 2409 2.

1299 2417 1710 2496 ieyizsszdeaffmzffi‘
1720 2417 2217 2487 553555‘3‘5552352052'12051‘·
2236 2416 2360 2488 Ἥ

1299 2496 1378 2526 Seint
1400 2480 1478 2534 1³61ss
1503 2469 1619 2526 Guillzm
1642 2498 1669 2525 V
1671 2467 1755 2525 ιὲοἴιιε
1776 2494 1807 2523 de
1828 2480 1956 2533 Mssleun,
1970 2493 2060 2524 Raoul
2071 2468 2140 2524 nSiere
2161 2502 2194 2525 de
2207 2467 2362 2536 Z'Znenvlff
2404 2463 2514 2494 ''mms-
2559 2486 2561 2490 Α

1302 2534 1418 2603 Εέιὶὲεω
1433 2535 1464 2603 {le
1485 2534 1514 2563 la
1533 2533 1689 2573 Tremellle,
1707 2532 1824 2564 Guillem
1844 2532 1877 2562 de
1897 2533 2032 2571 Neelhac,
2050 2534 2084 2565 &
2108 2537 2162 2564 Yve
2178 2535 2306 2574 Deryan,
2324 2537 2359 2568 &-

1302 2583 1318 2604 c
1341 2583 1423 2604 acun
1459 2573 1536 2610 ’eux‚

1342 2612 1396 2643 Les
1411 2621 1505 2650 queux
1518 2610 1613 2642 nostre
1626 2611 1666 2641 dit
1682 2609 1845 2641 Adversaire
1865 2609 1967 2639 envoie
1990 2609 2194 2646 presentement
2216 2620 2244 2641 es
2260 2613 2362 2650 parties

1302 2650 1337 2680 de
1354 2649 1578 2688 Picardie,pour
1593 2650 1619 2680 le
1634 2649 1693 2680 Fait
1705 2649 1743 2679 du
1758 2647 1887 2679 Traiffie
1902 2647 1938 2677 de
1952 2648 1977 2678 la
1993 2647 2162 2685 Pau-‚preca
2178 2648 2274 2680 Parlee
2281 2651 2362 2682 d’en,

1300 2699 1343 2719 tre
1360 2689 1448 2720 Nous
1461 2690 1494 2720 &
1508 2688 1593 2727 nostre
1606 2689 1647 2718 dit
1661 2686 1834 2726 Adversaire
1844 2709 1854 2725 ,
1868 2686 1902 2717 &
1917 2687 1963 2716 lez
1983 2685 2110 2725 Subgiz,
2125 2687 2232 2727 Alliez,
2251 2688 2362 2722 Roiau-

1301 2738 1376 2766 men
1396 2728 1429 2758 &
1442 2727 1614 2766 Seigneuries
1626 2726 1662 2756 de
1675 2727 1748 2757 l'une
1763 2729 1795 2757 ὅ(
1810 2725 1846 2755 de
1860 2725 1971 2762 l’autre,

1342 2767 1492 2804 Avecques
1509 2766 1545 2796 les
1561 2765 1652 2796 dessus
1665 2773 1807 2795 nommez
1820 2763 1978 2802 lweffages,
1996 2762 2067 2793 leurs
2083 2763 2197 2803 Gemz,
2215 2765 2249 2796 &
2271 2766 2365 2798 Fami-

1303 2805 1356 2837 lers
1373 2806 1474 2844 (soient
1489 2803 1660 2842 Chevalers,
1680 2803 1825 2841 Esquiers,
1840 2802 1937 2840 Clers,
1957 2805 1989 2833 ὅ(
2006 2801 2116 2839 Vallez)
2134 2812 2235 2835 venans
2249 2815 2286 2834 en
2306 2806 2365 2837 leur

1303 2845 1512 2882 Compaignie‚
1529 2853 1568 2873 ou
1583 2851 1758 2879 aunemenr,
1777 2851 1829 2879 pur
1845 2841 1923 2872 cause
1945 2840 1983 2871 du
2003 2840 2045 2871 dit
2058 2841 2203 2880 TraiCtie‚
2215 2843 2307 2882 jusqes
2329 2855 2364 2876 au

1305 2884 1424 2914 Nombre
1441 2882 1472 2911 de
1488 2884 1560 2911 Huit
1574 2885 1664 2911 Centz
1679 2880 1844 2919 Parsbnnes’,
1862 2890 1877 2910 a
1891 2879 1992 2910 Chival
2003 2903 2012 2917 ,
2029 2889 2069 2910 ou
2083 2890 2099 2910 a
2113 2879 2199 2918 Pice,
2218 2881 2276 2911 leur
2290 2880 2364 2913 Chi-

1303 2923 1382 2960 valx,
1402 2922 1520 2952 Morino
1539 2931 1584 2957 es,
1600 2920 1790 2959 Harnoys,&
1806 2928 1896 2949 autres
1911 2917 1991 2948 Biens
2004 2919 2234 2957 quelxconques,
2252 2929 2287 2948 en
2303 2930 2362 2952 noz

1305 2961 1367 2990 saus
1378 2962 1411 2992 ὃς
1432 2961 1492 2990 seur
1545 2958 1662 2996 ondiiit,
1680 2957 1863 2994 Pr0te<stion‚
1880 2957 2022 2994 Tuition,
2039 2955 2227 2996 Sauvegarde,
2248 2958 2281 2988 &
2301 2957 2365 2990 De-

1303 2999 1377 3029 fense
1391 2998 1562 3036 especiaulx,
1578 3007 1612 3026 en
1627 3005 1731 3027 venant
1745 3005 1794 3034 par
1809 2995 1876 3026 Mer
1908 3005 1937 3025 es
1952 2994 2022 3025 dites
2042 2996 2140 3032 parties
2160 2994 2196 3025 de
2216 2995 2359 3036 Picardie‚

1305 3048 1378 3075 pour
1395 3038 1420 3068 le
1437 3037 1496 3066 fait
1512 3036 1549 3066 du
1564 3035 1606 3065 dit
1617 3035 1760 3073 Traiffle,
1778 3035 1812 3064 ὃ(
1827 3034 1852 3063 la
1893 3042 2034 3070 emorant,
2053 3033 2085 3063 &
2104 3041 2280 3072 retournant,
2299 3045 2364 3067 vers

1305 3076 1343 3106 les
1359 3077 1458 3114 parties
1472 3074 1508 3104 de
1521 3074 1644 3110 France,
1663 3083 1710 3110 par
1728 3072 1813 3101 Meer
1826 3072 1858 3101 &
1874 3081 1922 3110 par
1935 3071 2040 3108 Terre,
2059 3079 2129 3101 touz
2142 3069 2309 3111 Enseinble,
2324 3085 2364 3105 ou

1304 3124 1351 3151 par
1374 3115 1492 3150 parties,
1509 3112 1614 3142 sicome
1636 3112 1715 3140 bone
1734 3110 1793 3139 leur
1812 3109 1963 3147 semblera,
1981 3110 2014 3139 &
2039 3108 2058 3138 si
2080 3108 2196 3140 souvant
2210 3120 2330 3142 comme
2342 3112 2363 3143 il

1304 3153 1364 3183 leur
1379 3153 1462 3190 plaira
1476 3160 1549 3187 pour
1564 3150 1588 3179 la
1603 3149 1682 3179 cause
1695 3147 1827 3178 desusdite
1846 3147 1932 3186 jusqes
1953 3157 1987 3178 au
2009 3149 2115 3186 primer
2129 3148 2196 3186 jour
2217 3148 2253 3180 de
2271 3150 2362 3190 Juing

1326 3192 1443 3221 rochein
1459 3196 1562 3218 venant
1571 3210 1581 3226 ,

1304 3201 1324 3228 p
1349 3228 1379 3258 Si
1401 3228 1533 3258 donnons
1556 3235 1591 3256 en
1617 3224 1807 3255 Mandement
1834 3224 1867 3255 &
1891 3221 2111 3255 Commandons
2135 3224 2330 3259 estroitement
2349 3237 2365 3259 a

1305 3274 1376 3297 touz
1397 3274 1456 3297 noz
1477 3265 1698 3302 Lieuxtenantz,
1717 3262 1776 3298 &a
1789 3270 1871 3302 prout
1891 3266 1920 3293 in
1937 3264 2060 3304 ejusmodi
2082 3264 2114 3293 de
2129 3264 2265 3294 Conduau
2280 3268 2364 3298 ιρις.

1305 3316 1350 3335 715.
1376 3322 1385 3331 s

1306 3382 1325 3413 S
1343 3343 1389 3412 Fin
1412 3343 1641 3412 Tesgioignance
1660 3341 1696 3372 de
1714 3349 1748 3372 ce
1770 3340 1858 3371 Nous
1878 3349 1966 3372 avons
1980 3340 2029 3371 fait
2042 3348 2144 3370 mettre
2155 3339 2251 3372 nostre
2263 3341 2365 3375 Grand

1327 3393 1358 3412 ea
1382 3392 1397 3412 a
1412 3391 1458 3412 ces
1501 3390 1588 3412 ettres.

1343 3421 1424 3450 Don.
1439 3430 1454 3450 a
1467 3419 1562 3450 nostre
1578 3418 1672 3448 Palais
1685 3418 1717 3448 de
1731 3415 1836 3457 Wstm.
1850 3417 1876 3447 le
1891 3416 2025 3447 Siziesme
2042 3417 2107 3454 jour
2128 3416 2164 3447 de
2182 3415 2278 3457 Mars,
2297 3418 2363 3450 l'Au

1305 3459 1341 3489 de
1355 3459 1451 3489 Grace
1466 3457 1565 3496 Mille,
1583 3457 1753 3495 TroiscenS,
1772 3456 1946 3494 Quatrevins
1967 3456 2000 3486 &
2017 3455 2141 3494 Douze,
2158 3457 2192 3487 &
2213 3457 2250 3487 de
2269 3457 2365 3491 nostre

1306 3498 1410 3535 Regne
1423 3497 1572 3528 Seziesme.
1869 3533 1926 3562 Par
1941 3530 1964 3561 le
1977 3534 2027 3561 Καὶ
2039 3530 2077 3567 ὠ,
2089 3531 2136 3570 [⁰²¹
2151 3532 2260 3572 Consta,

1511 3662 1560 3694 De
1574 3658 1709 3705 praedifbo
1727 3659 1820 3692 Salvo
1847 3656 1999 3690 condutta
2018 3657 2159 3704 elongato.

1306 3747 1493 3816 LEdRoi’
1513 3755 1529 3775 a
1543 3753 1613 3775 touz
1627 3753 1716 3782 ceux,
1733 3740 1795 3788 &a
1819 3750 1850 3772 ut
1883 3751 1950 3811 upra
1973 3742 2058 3786 usque·
2075 3742 2215 3810 ibffipour
2238 3740 2263 3770 la
2284 3741 2365 3787 cause
2385 3749 2460 3781 Am,
2472 3747 2514 3782 1),

1401 3785 1532 3823 esusdite,
1544 3781 1582 3819 ὠ·
1598 3791 1661 3813 tunc
1668 3783 1725 3824 fic,
1739 3782 1831 3821 Jusqes
1843 3793 1878 3813 au
1916 3780 1956 3812 est
1968 3782 2004 3811 de
2013 3781 2091 3811 Seint
2147 3779 2210 3810 chel
2225 3781 2365 3817 prochein
2408 3795 2492 3827 1393,

1310 3834 1414 3862 veant,
2383 3831 2435 3855 An.
2455 3826 2516 3858 16..

1348 3863 1377 3893 Si
1391 3863 1540 3898 donnons,
1559 3858 1619 3894 &c.
1635 3867 1666 3889 ut
1674 3858 1758 3898 ficpra
1774 3858 1812 3898 us
1822 3870 1854 3889 ue
1866 3858 1920 3895 ibi,
1999 3894 2004 3899 .
2381 3870 2410 3894 R,
2431 3874 2457 3892 2,

1347 3901 1450 3931 Donn.
1469 3898 1507 3934 &¹
1521 3906 1585 3927 tunc
1594 3898 1650 3937 fic,
1666 3910 1684 3927 a
1699 3903 1800 3928 Canter
1819 3902 1857 3927 irs
1870 3897 1896 3926 le
1911 3895 1983 3924 xxiv.
1993 3902 2058 3930 jour
2072 3891 2108 3923 de
2126 3891 2213 3933 May,
2233 3894 2299 3926 l'An
2323 3892 2362 3926 du
2385 3903 2486 3932 Ibidem.

1311 3940 1406 3970 Giace
1421 3938 1495 3976 Mil,
1511 3937 1678 3975 Troiscens,
1698 3937 1869 3976 Quatrevins
1884 3936 1917 3965 &
1930 3931 2051 3970 Tresze,
2067 3933 2101 3963 &
2112 3932 2148 3962 de
2159 3933 2256 3964 nostre
2263 3932 2367 3974 Regne

1314 3977 1463 4008 Se'u'esme.

1873 4010 1931 4038 Par
1946 4005 1970 4036 Ie
1981 4009 2031 4037 Καὶ
2045 4007 2082 4043 &0
2088 4007 2139 4047 son
2154 4007 2266 4048 Confiil.

2254 4055 2277 4090 *ἶ
2292 4072 2376 4101 Ducis
