<?xml version="1.0" encoding="UTF-8"?>
<!DOCTYPE html PUBLIC "-//W3C//DTD XHTML 1.0 Transitional//EN"
    "http://www.w3.org/TR/xhtml1/DTD/xhtml1-transitional.dtd">
<html xmlns="http://www.w3.org/1999/xhtml" xml:lang="en" lang="en">
 <head>
  <title>
</title>
<meta http-equiv="Content-Type" content="text/html;charset=utf-8" />
  <meta name='ocr-system' content='tesseract 3.04.00' />
  <meta name='ocr-capabilities' content='ocr_page ocr_carea ocr_par ocr_line ocrx_word'/>
</head>
<body>
  <div class='ocr_page' id='page_1' title='image "./fderaconventione03ryme/fderaconventione03ryme_0848.png"; bbox 0 0 2561 4251; ppageno 0'>
   <div class='ocr_carea' id='block_1_1' title="bbox 21 244 154 278">
    <p class='ocr_par' dir='ltr' id='par_1_1' title="bbox 21 244 154 278">
     <span class='ocr_line' id='line_1_1' title="bbox 21 244 154 278; baseline -0.015 0"><span class='ocrx_word' id='word_1_1' title='bbox 21 246 97 278; x_wconf 85' lang='lat' dir='ltr'><strong>Ann.</strong></span> <span class='ocrx_word' id='word_1_2' title='bbox 111 244 154 276; x_wconf 92' lang='lat' dir='ltr'><strong>D.</strong></span> 
     </span>
    </p>
   </div>
   <div class='ocr_carea' id='block_1_2' title="bbox 21 294 128 353">
    <p class='ocr_par' dir='ltr' id='par_1_2' title="bbox 21 294 128 353">
     <span class='ocr_line' id='line_1_2' title="bbox 44 294 128 330; baseline -0.024 -5"><span class='ocrx_word' id='word_1_3' title='bbox 44 294 128 330; x_wconf 61' lang='lat'>3399-</span> 
     </span>
     <span class='ocr_line' id='line_1_3' title="bbox 21 329 118 353; baseline -0.01 -2"><span class='ocrx_word' id='word_1_4' title='bbox 21 329 72 353; x_wconf 72' lang='lat' dir='ltr'><strong>Ric.</strong></span> <span class='ocrx_word' id='word_1_5' title='bbox 94 333 118 353; x_wconf 86' lang='lat'><strong>2.</strong></span> 
     </span>
    </p>
   </div>
   <div class='ocr_carea' id='block_1_3' title="bbox 21 407 115 436">
    <p class='ocr_par' dir='ltr' id='par_1_3' title="bbox 21 407 115 436">
     <span class='ocr_line' id='line_1_4' title="bbox 21 407 115 436; baseline -0.043 -8"><span class='ocrx_word' id='word_1_6' title='bbox 21 407 115 436; x_wconf 86' lang='lat' dir='ltr'><strong>m.39.</strong></span> 
     </span>
    </p>
   </div>
   <div class='ocr_carea' id='block_1_4' title="bbox 174 165 252 202">
    <p class='ocr_par' dir='ltr' id='par_1_4' title="bbox 174 165 252 202">
     <span class='ocr_line' id='line_1_5' title="bbox 174 165 252 202; baseline 0 0"><span class='ocrx_word' id='word_1_7' title='bbox 174 165 252 202; x_wconf 79' lang='lat'>1&lt;30</span> 
     </span>
    </p>
   </div>
   <div class='ocr_carea' id='block_1_5' title="bbox 206 241 468 274">
    <p class='ocr_par' dir='ltr' id='par_1_5' title="bbox 206 241 468 274">
     <span class='ocr_line' id='line_1_6' title="bbox 206 241 468 274; baseline -0.015 -1"><span class='ocrx_word' id='word_1_8' title='bbox 206 242 338 274; x_wconf 78' lang='lat' dir='ltr'><strong>Robertus</strong></span> <span class='ocrx_word' id='word_1_9' title='bbox 355 241 468 273; x_wconf 76' lang='lat' dir='ltr'><strong>Halum.</strong></span> 
     </span>
    </p>
   </div>
   <div class='ocr_carea' id='block_1_6' title="bbox 207 280 488 360">
    <p class='ocr_par' dir='ltr' id='par_1_6' title="bbox 207 280 488 360">
     <span class='ocr_line' id='line_1_7' title="bbox 236 280 475 312; baseline -0.033 1"><span class='ocrx_word' id='word_1_10' title='bbox 236 283 353 312; x_wconf 69' lang='lat' dir='ltr'><strong>ohannes</strong></span> <span class='ocrx_word' id='word_1_11' title='bbox 372 280 475 311; x_wconf 75' lang='lat' dir='ltr'><strong>Hoker.</strong></span> 
     </span>
     <span class='ocr_line' id='line_1_8' title="bbox 207 283 488 360; baseline -0.018 -9"><span class='ocrx_word' id='word_1_12' title='bbox 207 283 355 360; x_wconf 51' lang='lat' dir='ltr'><strong>{ohannes</strong></span> <span class='ocrx_word' id='word_1_13' title='bbox 370 323 488 355; x_wconf 75' lang='lat' dir='ltr'><strong>Draper.</strong></span> 
     </span>
    </p>
   </div>
   <div class='ocr_carea' id='block_1_7' title="bbox 234 382 1237 473">
    <p class='ocr_par' dir='ltr' id='par_1_7' title="bbox 234 382 1237 473">
     <span class='ocr_line' id='line_1_9' title="bbox 234 382 1236 435; baseline -0.012 -8"><span class='ocrx_word' id='word_1_14' title='bbox 234 401 335 435; x_wconf 80' lang='lat' dir='ltr'><strong>Ogerus</strong></span> <span class='ocrx_word' id='word_1_15' title='bbox 349 397 378 425; x_wconf 80' lang='lat' dir='ltr'><strong>de</strong></span> <span class='ocrx_word' id='word_1_16' title='bbox 393 393 493 433; x_wconf 84' lang='lat' dir='ltr'><strong>Beston</strong></span> <span class='ocrx_word' id='word_1_17' title='bbox 510 391 547 423; x_wconf 90' lang='lat' dir='ltr'><strong>de</strong></span> <span class='ocrx_word' id='word_1_18' title='bbox 561 388 725 431; x_wconf 74' lang='lat' dir='ltr'><strong>principatu</strong></span> <span class='ocrx_word' id='word_1_19' title='bbox 749 387 842 426; x_wconf 86' lang='lat' dir='ltr'><strong>Regis</strong></span> <span class='ocrx_word' id='word_1_20' title='bbox 865 385 1004 424; x_wconf 83' lang='lat' dir='ltr'><strong>Cestriae,</strong></span> <span class='ocrx_word' id='word_1_21' title='bbox 1022 385 1091 424; x_wconf 83' lang='lat' dir='ltr'><strong>qui,</strong></span> <span class='ocrx_word' id='word_1_22' title='bbox 1106 385 1136 430; x_wconf 79' lang='lat' dir='ltr'><strong>in</strong></span> <span class='ocrx_word' id='word_1_23' title='bbox 1153 382 1236 429; x_wconf 68' lang='lat' dir='ltr'><strong>obse-</strong></span> 
     </span>
     <span class='ocr_line' id='line_1_10' title="bbox 251 424 1237 473; baseline -0.012 -8"><span class='ocrx_word' id='word_1_24' title='bbox 251 437 349 473; x_wconf 83' lang='lat' dir='ltr'>quium</span> <span class='ocrx_word' id='word_1_25' title='bbox 377 434 485 470; x_wconf 85' lang='lat' dir='ltr'><strong>Regis,</strong></span> <span class='ocrx_word' id='word_1_26' title='bbox 503 433 531 461; x_wconf 91' lang='lat' dir='ltr'><strong>in</strong></span> <span class='ocrx_word' id='word_1_27' title='bbox 553 430 701 461; x_wconf 80' lang='lat' dir='ltr'><strong>Comitiva</strong></span> <span class='ocrx_word' id='word_1_28' title='bbox 720 428 826 467; x_wconf 79' lang='lat' dir='ltr'><strong>Regis,</strong></span> <span class='ocrx_word' id='word_1_29' title='bbox 844 426 936 457; x_wconf 89' lang='lat' dir='ltr'><strong>versus</strong></span> <span class='ocrx_word' id='word_1_30' title='bbox 958 434 1048 464; x_wconf 87' lang='lat' dir='ltr'><strong>partes</strong></span> <span class='ocrx_word' id='word_1_31' title='bbox 1072 424 1237 461; x_wconf 81' lang='lat' dir='ltr'><strong>Hiberniae,</strong></span> 
     </span>
    </p>
   </div>
   <div class='ocr_carea' id='block_1_8' title="bbox 169 462 1237 588">
    <p class='ocr_par' dir='ltr' id='par_1_8' title="bbox 169 462 1237 588">
     <span class='ocr_line' id='line_1_11' title="bbox 169 462 1236 512; baseline -0.011 -8"><span class='ocrx_word' id='word_1_32' title='bbox 169 474 347 512; x_wconf 66' lang='lat' dir='ltr'><strong>profecturus</strong></span> <span class='ocrx_word' id='word_1_33' title='bbox 368 471 428 509; x_wconf 80' lang='lat' dir='ltr'><strong>est,</strong></span> <span class='ocrx_word' id='word_1_34' title='bbox 444 470 552 501; x_wconf 87' lang='lat' dir='ltr'>ibidem</span> <span class='ocrx_word' id='word_1_35' title='bbox 567 471 646 507; x_wconf 84' lang='lat' dir='ltr'><strong>super</strong></span> <span class='ocrx_word' id='word_1_36' title='bbox 659 467 729 498; x_wconf 80' lang='lat' dir='ltr'><strong>salva</strong></span> <span class='ocrx_word' id='word_1_37' title='bbox 743 465 880 497; x_wconf 85' lang='lat' dir='ltr'><strong>Custodia</strong></span> <span class='ocrx_word' id='word_1_38' title='bbox 894 465 1021 495; x_wconf 90' lang='lat' dir='ltr'><strong>Partium</strong></span> <span class='ocrx_word' id='word_1_39' title='bbox 1034 462 1236 502; x_wconf 61' lang='lat' dir='ltr'><strong>praedictarum</strong></span> 
     </span>
     <span class='ocr_line' id='line_1_12' title="bbox 171 500 1237 549; baseline -0.01 -7"><span class='ocrx_word' id='word_1_40' title='bbox 171 521 330 542; x_wconf 84' lang='lat' dir='ltr'><strong>moraturus</strong></span> <span class='ocrx_word' id='word_1_41' title='bbox 343 534 352 549; x_wconf 91' lang='lat'><strong>,</strong></span> <span class='ocrx_word' id='word_1_42' title='bbox 376 511 461 540; x_wconf 80' lang='lat' dir='ltr'><strong>habet</strong></span> <span class='ocrx_word' id='word_1_43' title='bbox 489 509 596 539; x_wconf 81' lang='lat' dir='ltr'><strong>Literas</strong></span> <span class='ocrx_word' id='word_1_44' title='bbox 617 507 705 545; x_wconf 87' lang='lat' dir='ltr'><strong>Regis</strong></span> <span class='ocrx_word' id='word_1_45' title='bbox 723 505 760 536; x_wconf 89' lang='lat' dir='ltr'><strong>de</strong></span> <span class='ocrx_word' id='word_1_46' title='bbox 782 504 969 536; x_wconf 64' lang='lat' dir='ltr'><strong>protectione</strong></span> <span class='ocrx_word' id='word_1_47' title='bbox 982 527 992 541; x_wconf 87' lang='lat'><strong>,</strong></span> <span class='ocrx_word' id='word_1_48' title='bbox 1016 511 1086 534; x_wconf 90' lang='lat' dir='ltr'><strong>cum</strong></span> <span class='ocrx_word' id='word_1_49' title='bbox 1107 500 1237 532; x_wconf 88' lang='lat' dir='ltr'><strong>Clausula</strong></span> 
     </span>
     <span class='ocr_line' id='line_1_13' title="bbox 169 545 796 588; baseline -0.013 -6"><span class='ocrx_word' id='word_1_50' title='bbox 169 550 328 588; x_wconf 75' lang='lat' dir='ltr'><strong>Volumus,</strong></span> <span class='ocrx_word' id='word_1_51' title='bbox 344 559 393 587; x_wconf 88' lang='lat' dir='ltr'><strong>per</strong></span> <span class='ocrx_word' id='word_1_52' title='bbox 408 557 499 579; x_wconf 89' lang='lat' dir='ltr'><strong>unum</strong></span> <span class='ocrx_word' id='word_1_53' title='bbox 513 546 632 577; x_wconf 88' lang='lat' dir='ltr'><strong>Annum</strong></span> <span class='ocrx_word' id='word_1_54' title='bbox 645 545 796 576; x_wconf 86' lang='lat' dir='ltr'><strong>duraturas.</strong></span> 
     </span>
    </p>
   </div>
   <div class='ocr_carea' id='block_1_9' title="bbox 206 589 1129 665">
    <p class='ocr_par' dir='ltr' id='par_1_9' title="bbox 206 589 1129 665">
     <span class='ocr_line' id='line_1_14' title="bbox 206 589 1129 665; baseline -0.012 -7"><span class='ocrx_word' id='word_1_55' title='bbox 206 589 334 658; x_wconf 54' lang='grc' dir='ltr'><strong>ΡΓΤὲίζὶςὲ</strong></span> <span class='ocrx_word' id='word_1_56' title='bbox 347 625 430 665; x_wconf 86' lang='lat' dir='ltr'><strong>Rege</strong></span> <span class='ocrx_word' id='word_1_57' title='bbox 445 623 519 663; x_wconf 87' lang='lat' dir='ltr'><strong>apud</strong></span> <span class='ocrx_word' id='word_1_58' title='bbox 534 620 810 663; x_wconf 77' lang='lat' dir='ltr'><strong>Wstmonasterium,</strong></span> <span class='ocrx_word' id='word_1_59' title='bbox 831 620 947 660; x_wconf 84' lang='lat' dir='ltr'><strong>Qinto</strong></span> <span class='ocrx_word' id='word_1_60' title='bbox 959 618 1005 650; x_wconf 87' lang='lat' dir='ltr'><strong>die</strong></span> <span class='ocrx_word' id='word_1_61' title='bbox 1019 617 1129 658; x_wconf 81' lang='lat' dir='ltr'>Aprilis.</span> 
     </span>
    </p>
   </div>
   <div class='ocr_carea' id='block_1_10' title="bbox 651 692 1131 731">
    <p class='ocr_par' dir='ltr' id='par_1_10' title="bbox 651 692 1131 731">
     <span class='ocr_line' id='line_1_15' title="bbox 651 692 1131 731; baseline -0.01 -2"><span class='ocrx_word' id='word_1_62' title='bbox 651 701 703 729; x_wconf 87' lang='lat' dir='ltr'><strong>Per</strong></span> <span class='ocrx_word' id='word_1_63' title='bbox 721 697 824 728; x_wconf 84' lang='lat' dir='ltr'><strong>Billam</strong></span> <span class='ocrx_word' id='word_1_64' title='bbox 843 696 876 726; x_wconf 81' lang='lat' dir='ltr'><strong>de</strong></span> <span class='ocrx_word' id='word_1_65' title='bbox 895 698 1014 726; x_wconf 86' lang='lat' dir='ltr'><strong>Privato</strong></span> <span class='ocrx_word' id='word_1_66' title='bbox 1029 692 1131 731; x_wconf 78' lang='lat' dir='ltr'><strong>sigillo.</strong></span> 
     </span>
    </p>
   </div>
   <div class='ocr_carea' id='block_1_11' title="bbox 205 770 1196 852">
    <p class='ocr_par' dir='ltr' id='par_1_11' title="bbox 205 770 1196 852">
     <span class='ocr_line' id='line_1_16' title="bbox 205 770 1196 845; baseline -0.012 -33"><span class='ocrx_word' id='word_1_67' title='bbox 205 779 376 812; x_wconf 83' lang='lat' dir='ltr'><strong>Confimiles</strong></span> <span class='ocrx_word' id='word_1_68' title='bbox 399 778 508 810; x_wconf 85' lang='lat' dir='ltr'><strong>Literas</strong></span> <span class='ocrx_word' id='word_1_69' title='bbox 528 778 616 818; x_wconf 86' lang='lat' dir='ltr'><strong>Regis</strong></span> <span class='ocrx_word' id='word_1_70' title='bbox 637 776 674 845; x_wconf 56' lang='lat' dir='ltr'><strong>dg</strong></span> <span class='ocrx_word' id='word_1_71' title='bbox 693 775 882 844; x_wconf 61' lang='lat' dir='ltr'><strong>lProtectione</strong></span> <span class='ocrx_word' id='word_1_72' title='bbox 903 772 1009 804; x_wconf 87' lang='lat' dir='ltr'><strong>habent</strong></span> <span class='ocrx_word' id='word_1_73' title='bbox 1032 770 1196 808; x_wconf 76' lang='lat' dir='ltr'><strong>subscripti3</strong></span> 
     </span>
     <span class='ocr_line' id='line_1_17' title="bbox 624 824 774 852; baseline -0.013 -5"><span class='ocrx_word' id='word_1_74' title='bbox 624 826 654 847; x_wconf 85' lang='lat' dir='ltr'><strong>vi</strong></span> <span class='ocrx_word' id='word_1_75' title='bbox 675 824 774 852; x_wconf 77' lang='lat' dir='ltr'><strong>ercet,</strong></span> 
     </span>
    </p>
   </div>
   <div class='ocr_carea' id='block_1_12' title="bbox 204 892 1238 1320">
    <p class='ocr_par' dir='ltr' id='par_1_12' title="bbox 205 892 787 1004">
     <span class='ocr_line' id='line_1_18' title="bbox 208 892 764 934; baseline -0.009 -8"><span class='ocrx_word' id='word_1_76' title='bbox 208 895 371 926; x_wconf 64' lang='lat' dir='ltr'><strong>Wilhelmus</strong></span> <span class='ocrx_word' id='word_1_77' title='bbox 386 896 503 927; x_wconf 83' lang='lat' dir='ltr'><strong>Stoudon</strong></span> <span class='ocrx_word' id='word_1_78' title='bbox 522 892 666 930; x_wconf 81' lang='lat' dir='ltr'>Armiger.</span> <span class='ocrx_word' id='word_1_79' title='bbox 760 930 764 934; x_wconf 92' lang='lat'><strong>.</strong></span> 
     </span>
     <span class='ocr_line' id='line_1_19' title="bbox 206 930 787 970; baseline -0.009 -6"><span class='ocrx_word' id='word_1_80' title='bbox 206 937 336 965; x_wconf 83' lang='lat' dir='ltr'><strong>Ricardus</strong></span> <span class='ocrx_word' id='word_1_81' title='bbox 354 935 431 965; x_wconf 82' lang='lat' dir='ltr'><strong>Felde</strong></span> <span class='ocrx_word' id='word_1_82' title='bbox 448 932 674 970; x_wconf 75' lang='lat' dir='ltr'><strong>Elemosynarius</strong></span> <span class='ocrx_word' id='word_1_83' title='bbox 692 930 787 969; x_wconf 83' lang='lat' dir='ltr'><strong>Regis.</strong></span> 
     </span>
     <span class='ocr_line' id='line_1_20' title="bbox 205 972 574 1004; baseline -0.008 0"><span class='ocrx_word' id='word_1_84' title='bbox 205 974 320 1004; x_wconf 80' lang='lat' dir='ltr'><strong>Thomas</strong></span> <span class='ocrx_word' id='word_1_85' title='bbox 339 977 419 1003; x_wconf 81' lang='lat' dir='ltr'><strong>More</strong></span> <span class='ocrx_word' id='word_1_86' title='bbox 436 972 574 1003; x_wconf 83' lang='lat' dir='ltr'>Clericus.</span> 
     </span>
    </p>

    <p class='ocr_par' dir='ltr' id='par_1_13' title="bbox 207 1012 545 1042">
     <span class='ocr_line' id='line_1_21' title="bbox 207 1012 545 1042; baseline -0.009 0"><span class='ocrx_word' id='word_1_87' title='bbox 207 1016 296 1042; x_wconf 80' lang='lat' dir='ltr'><em>Simon</em></span> <span class='ocrx_word' id='word_1_88' title='bbox 315 1013 392 1042; x_wconf 79' lang='lat' dir='ltr'><strong>Hoke</strong></span> <span class='ocrx_word' id='word_1_89' title='bbox 409 1012 545 1042; x_wconf 87' lang='lat' dir='ltr'><strong>Clericus.</strong></span> 
     </span>
    </p>

    <p class='ocr_par' dir='ltr' id='par_1_14' title="bbox 206 1048 628 1081">
     <span class='ocr_line' id='line_1_22' title="bbox 206 1048 628 1081; baseline -0.012 0"><span class='ocrx_word' id='word_1_90' title='bbox 206 1053 250 1081; x_wconf 91' lang='lat' dir='ltr'><em>W</em></span> <span class='ocrx_word' id='word_1_91' title='bbox 250 1050 372 1080; x_wconf 77' lang='lat' dir='ltr'><strong>illielmus</strong></span> <span class='ocrx_word' id='word_1_92' title='bbox 390 1053 469 1080; x_wconf 77' lang='lat' dir='ltr'><strong>Lam·</strong></span> <span class='ocrx_word' id='word_1_93' title='bbox 489 1048 628 1078; x_wconf 78' lang='lat' dir='ltr'><strong>Clericus.</strong></span> 
     </span>
    </p>

    <p class='ocr_par' dir='ltr' id='par_1_15' title="bbox 206 1086 667 1167">
     <span class='ocr_line' id='line_1_23' title="bbox 208 1086 667 1119; baseline -0.007 0"><span class='ocrx_word' id='word_1_94' title='bbox 208 1091 253 1119; x_wconf 87' lang='lat' dir='ltr'><em>W</em></span> <span class='ocrx_word' id='word_1_95' title='bbox 251 1089 372 1119; x_wconf 79' lang='lat' dir='ltr'><strong>illielmus</strong></span> <span class='ocrx_word' id='word_1_96' title='bbox 394 1086 509 1118; x_wconf 75' lang='lat' dir='ltr'><strong>Yoxhale</strong></span> <span class='ocrx_word' id='word_1_97' title='bbox 527 1086 667 1117; x_wconf 81' lang='lat' dir='ltr'><strong>Clericus.</strong></span> 
     </span>
     <span class='ocr_line' id='line_1_24' title="bbox 206 1127 573 1167; baseline -0.005 -10"><span class='ocrx_word' id='word_1_98' title='bbox 206 1127 351 1167; x_wconf 82' lang='lat' dir='ltr'><strong>Johannes</strong></span> <span class='ocrx_word' id='word_1_99' title='bbox 370 1127 449 1156; x_wconf 81' lang='lat' dir='ltr'><strong>Felde</strong></span> <span class='ocrx_word' id='word_1_100' title='bbox 461 1127 573 1164; x_wconf 86' lang='lat' dir='ltr'><strong>Junior.</strong></span> 
     </span>
    </p>

    <p class='ocr_par' dir='ltr' id='par_1_16' title="bbox 206 1162 679 1242">
     <span class='ocr_line' id='line_1_25' title="bbox 206 1162 679 1196; baseline -0.011 0"><span class='ocrx_word' id='word_1_101' title='bbox 206 1166 338 1196; x_wconf 83' lang='lat' dir='ltr'><strong>Robertus</strong></span> <span class='ocrx_word' id='word_1_102' title='bbox 359 1167 424 1195; x_wconf 86' lang='lat' dir='ltr'><strong>York</strong></span> <span class='ocrx_word' id='word_1_103' title='bbox 441 1164 522 1196; x_wconf 86' lang='lat' dir='ltr'><strong>Civis</strong></span> <span class='ocrx_word' id='word_1_104' title='bbox 541 1162 679 1195; x_wconf 88' lang='lat' dir='ltr'><strong>London.</strong></span> 
     </span>
     <span class='ocr_line' id='line_1_26' title="bbox 206 1205 468 1242; baseline -0.004 -8"><span class='ocrx_word' id='word_1_105' title='bbox 206 1205 321 1234; x_wconf 80' lang='lat' dir='ltr'><em>Thomas</em></span> <span class='ocrx_word' id='word_1_106' title='bbox 337 1206 468 1242; x_wconf 86' lang='lat' dir='ltr'><strong>Herneys.</strong></span> 
     </span>
    </p>

    <p class='ocr_par' dir='ltr' id='par_1_17' title="bbox 204 1239 1238 1320">
     <span class='ocr_line' id='line_1_27' title="bbox 205 1239 692 1284; baseline -0.008 -11"><span class='ocrx_word' id='word_1_107' title='bbox 205 1242 369 1273; x_wconf 39' lang='lat' dir='ltr'><strong>lvVillielmus</strong></span> <span class='ocrx_word' id='word_1_108' title='bbox 387 1242 455 1284; x_wconf 84' lang='lat' dir='ltr'><strong>Lyle</strong></span> <span class='ocrx_word' id='word_1_109' title='bbox 475 1241 577 1273; x_wconf 81' lang='lat' dir='ltr'>Senior</span> <span class='ocrx_word' id='word_1_110' title='bbox 597 1239 692 1271; x_wconf 80' lang='lat' dir='ltr'><strong>Miles.</strong></span> 
     </span>
     <span class='ocr_line' id='line_1_28' title="bbox 204 1269 1238 1320; baseline -0.011 -9"><span class='ocrx_word' id='word_1_111' title='bbox 204 1282 349 1320; x_wconf 64' lang='lat' dir='ltr'><strong>Johanner</strong></span> <span class='ocrx_word' id='word_1_112' title='bbox 368 1282 400 1311; x_wconf 83' lang='lat' dir='ltr'><strong>de</strong></span> <span class='ocrx_word' id='word_1_113' title='bbox 420 1284 556 1319; x_wconf 81' lang='lat' dir='ltr'><strong>Montagu</strong></span> <span class='ocrx_word' id='word_1_114' title='bbox 573 1279 683 1310; x_wconf 86' lang='lat' dir='ltr'><strong>Comes</strong></span> <span class='ocrx_word' id='word_1_115' title='bbox 701 1277 820 1314; x_wconf 88' lang='lat' dir='ltr'><strong>Sarum,</strong></span> <span class='ocrx_word' id='word_1_116' title='bbox 847 1275 931 1307; x_wconf 88' lang='lat' dir='ltr'><strong>Filius</strong></span> <span class='ocrx_word' id='word_1_117' title='bbox 949 1274 982 1306; x_wconf 84' lang='lat'>&amp;</span> <span class='ocrx_word' id='word_1_118' title='bbox 1003 1272 1105 1318; x_wconf 62' lang='lat' dir='ltr'><strong>Haeres</strong></span> <span class='ocrx_word' id='word_1_119' title='bbox 1123 1269 1238 1311; x_wconf 83' lang='lat' dir='ltr'><strong>Johan-</strong></span> 
     </span>
    </p>
   </div>
   <div class='ocr_carea' id='block_1_13' title="bbox 167 1315 860 1357">
    <p class='ocr_par' dir='ltr' id='par_1_18' title="bbox 167 1315 860 1357">
     <span class='ocr_line' id='line_1_29' title="bbox 167 1315 860 1357; baseline -0.007 -7"><span class='ocrx_word' id='word_1_120' title='bbox 167 1322 208 1350; x_wconf 73' lang='lat' dir='ltr'><strong>nir</strong></span> <span class='ocrx_word' id='word_1_121' title='bbox 223 1321 255 1349; x_wconf 81' lang='lat' dir='ltr'><strong>de</strong></span> <span class='ocrx_word' id='word_1_122' title='bbox 276 1324 410 1357; x_wconf 68' lang='lat' dir='ltr'><strong>Montagu</strong></span> <span class='ocrx_word' id='word_1_123' title='bbox 429 1321 461 1350; x_wconf 66' lang='grc' dir='ltr'><strong>ὃς</strong></span> <span class='ocrx_word' id='word_1_124' title='bbox 480 1323 653 1355; x_wconf 82' lang='lat' dir='ltr'><strong>Margaretae</strong></span> <span class='ocrx_word' id='word_1_125' title='bbox 670 1315 778 1347; x_wconf 85' lang='lat' dir='ltr'>Uxoris</span> <span class='ocrx_word' id='word_1_126' title='bbox 796 1316 860 1346; x_wconf 82' lang='lat' dir='ltr'><strong>suae.</strong></span> 
     </span>
    </p>
   </div>
   <div class='ocr_carea' id='block_1_14' title="bbox 49 1519 121 1546">
    <p class='ocr_par' dir='ltr' id='par_1_19' title="bbox 49 1519 121 1546">
     <span class='ocr_line' id='line_1_30' title="bbox 49 1519 121 1546; baseline 0 -8"><span class='ocrx_word' id='word_1_127' title='bbox 49 1531 57 1539; x_wconf 92' lang='lat'><strong>.</strong></span> <span class='ocrx_word' id='word_1_128' title='bbox 77 1519 121 1546; x_wconf 88' lang='lat'><strong>29.</strong></span> 
     </span>
    </p>
   </div>
   <div class='ocr_carea' id='block_1_15' title="bbox 202 1351 1005 2473">
    <p class='ocr_par' dir='ltr' id='par_1_20' title="bbox 202 1351 1005 1435">
     <span class='ocr_line' id='line_1_31' title="bbox 202 1351 1005 1397; baseline -0.007 -9"><span class='ocrx_word' id='word_1_129' title='bbox 202 1358 348 1397; x_wconf 81' lang='lat' dir='ltr'><strong>Johannes</strong></span> <span class='ocrx_word' id='word_1_130' title='bbox 366 1359 449 1388; x_wconf 79' lang='lat' dir='ltr'><strong>Filius</strong></span> <span class='ocrx_word' id='word_1_131' title='bbox 466 1357 601 1395; x_wconf 83' lang='lat' dir='ltr'><strong>Radulphi</strong></span> <span class='ocrx_word' id='word_1_132' title='bbox 621 1353 784 1396; x_wconf 82' lang='lat' dir='ltr'><strong>Bykerstaff</strong></span> <span class='ocrx_word' id='word_1_133' title='bbox 787 1355 824 1384; x_wconf 92' lang='lat' dir='ltr'><strong>de</strong></span> <span class='ocrx_word' id='word_1_134' title='bbox 843 1351 1005 1385; x_wconf 85' lang='lat' dir='ltr'><strong>Kirkedale.</strong></span> 
     </span>
     <span class='ocr_line' id='line_1_32' title="bbox 205 1396 597 1435; baseline -0.005 -8"><span class='ocrx_word' id='word_1_135' title='bbox 205 1396 346 1428; x_wconf 70' lang='lat' dir='ltr'><strong>Walterus</strong></span> <span class='ocrx_word' id='word_1_136' title='bbox 361 1396 480 1435; x_wconf 78' lang='lat' dir='ltr'><strong>B:tterly</strong></span> <span class='ocrx_word' id='word_1_137' title='bbox 501 1396 597 1427; x_wconf 81' lang='lat' dir='ltr'><strong>Miles.</strong></span> 
     </span>
    </p>

    <p class='ocr_par' dir='ltr' id='par_1_21' title="bbox 205 1431 813 1514">
     <span class='ocr_line' id='line_1_33' title="bbox 205 1431 813 1474; baseline -0.005 -10"><span class='ocrx_word' id='word_1_138' title='bbox 205 1435 328 1474; x_wconf 67' lang='lat' dir='ltr'><strong>Jacobus</strong></span> <span class='ocrx_word' id='word_1_139' title='bbox 347 1437 378 1466; x_wconf 85' lang='lat' dir='ltr'><strong>de</strong></span> <span class='ocrx_word' id='word_1_140' title='bbox 398 1434 516 1465; x_wconf 81' lang='lat' dir='ltr'><strong>Botiller</strong></span> <span class='ocrx_word' id='word_1_141' title='bbox 533 1434 644 1466; x_wconf 86' lang='lat' dir='ltr'><strong>Comes</strong></span> <span class='ocrx_word' id='word_1_142' title='bbox 664 1431 813 1463; x_wconf 90' lang='lat' dir='ltr'><strong>Ormond.</strong></span> 
     </span>
     <span class='ocr_line' id='line_1_34' title="bbox 205 1473 535 1514; baseline -0.003 -10"><span class='ocrx_word' id='word_1_143' title='bbox 205 1474 351 1514; x_wconf 72' lang='lat' dir='ltr'><strong>Johannes</strong></span> <span class='ocrx_word' id='word_1_144' title='bbox 370 1473 535 1513; x_wconf 65' lang='lat' dir='ltr'><strong>Hakkesizlt.</strong></span> 
     </span>
    </p>

    <p class='ocr_par' dir='ltr' id='par_1_22' title="bbox 204 1507 932 1583">
     <span class='ocr_line' id='line_1_35' title="bbox 204 1507 932 1553; baseline -0.005 -10"><span class='ocrx_word' id='word_1_145' title='bbox 204 1513 349 1553; x_wconf 76' lang='lat' dir='ltr'><strong>Johannes</strong></span> <span class='ocrx_word' id='word_1_146' title='bbox 365 1513 498 1553; x_wconf 41' lang='lat' dir='ltr'><strong>‘Quynton</strong></span> <span class='ocrx_word' id='word_1_147' title='bbox 520 1512 650 1551; x_wconf 81' lang='lat' dir='ltr'><strong>Armiger</strong></span> <span class='ocrx_word' id='word_1_148' title='bbox 669 1509 705 1542; x_wconf 86' lang='lat' dir='ltr'><strong>de</strong></span> <span class='ocrx_word' id='word_1_149' title='bbox 724 1508 818 1541; x_wconf 85' lang='lat' dir='ltr'><strong>Com.</strong></span> <span class='ocrx_word' id='word_1_150' title='bbox 836 1507 932 1544; x_wconf 81' lang='lat' dir='ltr'><strong>Effex.</strong></span> 
     </span>
     <span class='ocr_line' id='line_1_36' title="bbox 208 1552 462 1583; baseline 0 -1"><span class='ocrx_word' id='word_1_151' title='bbox 208 1552 338 1583; x_wconf 77' lang='lat' dir='ltr'><strong>Rohertus</strong></span> <span class='ocrx_word' id='word_1_152' title='bbox 357 1557 462 1583; x_wconf 79' lang='lat' dir='ltr'><strong>stanes.</strong></span> 
     </span>
    </p>

    <p class='ocr_par' dir='ltr' id='par_1_23' title="bbox 207 1588 550 1630">
     <span class='ocr_line' id='line_1_37' title="bbox 207 1588 550 1630; baseline -0.003 -10"><span class='ocrx_word' id='word_1_153' title='bbox 207 1592 353 1630; x_wconf 73' lang='lat' dir='ltr'><strong>Johannes</strong></span> <span class='ocrx_word' id='word_1_154' title='bbox 373 1592 404 1621; x_wconf 83' lang='lat' dir='ltr'><strong>de</strong></span> <span class='ocrx_word' id='word_1_155' title='bbox 421 1588 550 1628; x_wconf 74' lang='lat' dir='ltr'><strong>Staffbrd.</strong></span> 
     </span>
    </p>

    <p class='ocr_par' dir='ltr' id='par_1_24' title="bbox 208 1625 665 1660">
     <span class='ocr_line' id='line_1_38' title="bbox 208 1625 665 1660; baseline -0.007 -1"><span class='ocrx_word' id='word_1_156' title='bbox 208 1630 372 1660; x_wconf 64' lang='lat' dir='ltr'><strong>willielmus</strong></span> <span class='ocrx_word' id='word_1_157' title='bbox 389 1630 455 1659; x_wconf 87' lang='lat' dir='ltr'><strong>York</strong></span> <span class='ocrx_word' id='word_1_158' title='bbox 473 1625 665 1659; x_wconf 85' lang='lat' dir='ltr'><strong>Ministrallus.</strong></span> 
     </span>
    </p>

    <p class='ocr_par' dir='ltr' id='par_1_25' title="bbox 208 1665 725 1706">
     <span class='ocr_line' id='line_1_39' title="bbox 208 1665 725 1706; baseline -0.006 -7"><span class='ocrx_word' id='word_1_159' title='bbox 208 1669 347 1699; x_wconf 71' lang='lat' dir='ltr'><strong>lValterus</strong></span> <span class='ocrx_word' id='word_1_160' title='bbox 365 1668 397 1697; x_wconf 85' lang='lat' dir='ltr'><strong>de</strong></span> <span class='ocrx_word' id='word_1_161' title='bbox 417 1670 513 1706; x_wconf 76' lang='lat' dir='ltr'><strong>Lynne</strong></span> <span class='ocrx_word' id='word_1_162' title='bbox 532 1665 725 1696; x_wconf 80' lang='lat' dir='ltr'><strong>Ministrallus.</strong></span> 
     </span>
    </p>

    <p class='ocr_par' dir='ltr' id='par_1_26' title="bbox 206 1705 639 1746">
     <span class='ocr_line' id='line_1_40' title="bbox 206 1705 639 1746; baseline -0.007 -11"><span class='ocrx_word' id='word_1_163' title='bbox 206 1708 352 1746; x_wconf 73' lang='lat' dir='ltr'><strong>Jnhannes</strong></span> <span class='ocrx_word' id='word_1_164' title='bbox 371 1705 478 1736; x_wconf 86' lang='lat' dir='ltr'><strong>Halton</strong></span> <span class='ocrx_word' id='word_1_165' title='bbox 496 1706 639 1741; x_wconf 82' lang='lat' dir='ltr'><strong>Armiger.</strong></span> 
     </span>
    </p>

    <p class='ocr_par' dir='ltr' id='par_1_27' title="bbox 209 1743 687 1780">
     <span class='ocr_line' id='line_1_41' title="bbox 209 1743 687 1780; baseline -0.01 -4"><span class='ocrx_word' id='word_1_166' title='bbox 209 1746 373 1776; x_wconf 64' lang='lat' dir='ltr'><strong>lsVillielmus</strong></span> <span class='ocrx_word' id='word_1_167' title='bbox 392 1744 523 1780; x_wconf 82' lang='lat' dir='ltr'><strong>Harpden</strong></span> <span class='ocrx_word' id='word_1_168' title='bbox 543 1743 687 1780; x_wconf 80' lang='lat' dir='ltr'><strong>Armiger.</strong></span> 
     </span>
    </p>

    <p class='ocr_par' dir='ltr' id='par_1_28' title="bbox 206 1782 513 1821">
     <span class='ocr_line' id='line_1_42' title="bbox 206 1782 513 1821; baseline -0.01 -7"><span class='ocrx_word' id='word_1_169' title='bbox 206 1785 320 1814; x_wconf 74' lang='lat' dir='ltr'><strong>Thomas</strong></span> <span class='ocrx_word' id='word_1_170' title='bbox 337 1785 368 1814; x_wconf 87' lang='lat' dir='ltr'><strong>de</strong></span> <span class='ocrx_word' id='word_1_171' title='bbox 384 1782 513 1821; x_wconf 68' lang='lat' dir='ltr'><strong>Staffizrd.</strong></span> 
     </span>
    </p>

    <p class='ocr_par' dir='ltr' id='par_1_29' title="bbox 207 1822 562 1859">
     <span class='ocr_line' id='line_1_43' title="bbox 207 1822 562 1859; baseline -0.008 -7"><span class='ocrx_word' id='word_1_172' title='bbox 207 1823 320 1853; x_wconf 77' lang='lat' dir='ltr'><strong>Thomas</strong></span> <span class='ocrx_word' id='word_1_173' title='bbox 337 1826 403 1852; x_wconf 83' lang='lat' dir='ltr'><strong>Fort</strong></span> <span class='ocrx_word' id='word_1_174' title='bbox 420 1822 562 1859; x_wconf 79' lang='lat' dir='ltr'><strong>Armiger.</strong></span> 
     </span>
    </p>

    <p class='ocr_par' dir='ltr' id='par_1_30' title="bbox 207 1857 669 1899">
     <span class='ocr_line' id='line_1_44' title="bbox 207 1857 669 1899; baseline -0.009 -8"><span class='ocrx_word' id='word_1_175' title='bbox 207 1862 323 1892; x_wconf 79' lang='lat' dir='ltr'><em>Thomas</em></span> <span class='ocrx_word' id='word_1_176' title='bbox 340 1864 472 1899; x_wconf 69' lang='lat' dir='ltr'><strong>Dominus</strong></span> <span class='ocrx_word' id='word_1_177' title='bbox 491 1859 522 1889; x_wconf 84' lang='lat' dir='ltr'><strong>de</strong></span> <span class='ocrx_word' id='word_1_178' title='bbox 541 1857 669 1898; x_wconf 68' lang='lat' dir='ltr'><strong>Bardoff.</strong></span> 
     </span>
    </p>

    <p class='ocr_par' dir='ltr' id='par_1_31' title="bbox 209 1896 647 1940">
     <span class='ocr_line' id='line_1_45' title="bbox 209 1896 647 1940; baseline -0.011 -10"><span class='ocrx_word' id='word_1_179' title='bbox 209 1900 323 1931; x_wconf 62' lang='lat' dir='ltr'><strong>Thomas</strong></span> <span class='ocrx_word' id='word_1_180' title='bbox 343 1898 483 1940; x_wconf 64' lang='lat' dir='ltr'><strong>Epissfopus</strong></span> <span class='ocrx_word' id='word_1_181' title='bbox 503 1896 647 1927; x_wconf 78' lang='lat' dir='ltr'><strong>Carliolen.</strong></span> 
     </span>
    </p>

    <p class='ocr_par' dir='ltr' id='par_1_32' title="bbox 210 1936 570 1969">
     <span class='ocr_line' id='line_1_46' title="bbox 210 1936 570 1969; baseline -0.008 -1"><span class='ocrx_word' id='word_1_182' title='bbox 210 1938 376 1969; x_wconf 46' lang='lat' dir='ltr'><strong>lsVillielmus</strong></span> <span class='ocrx_word' id='word_1_183' title='bbox 396 1941 439 1968; x_wconf 86' lang='lat' dir='ltr'><em>W</em></span> <span class='ocrx_word' id='word_1_184' title='bbox 442 1936 570 1967; x_wconf 58' lang='lat' dir='ltr'><strong>&#39;ncelowa</strong></span> 
     </span>
    </p>

    <p class='ocr_par' dir='ltr' id='par_1_33' title="bbox 210 1971 850 2047">
     <span class='ocr_line' id='line_1_47' title="bbox 210 1971 850 2017; baseline -0.009 -10"><span class='ocrx_word' id='word_1_185' title='bbox 210 1978 339 2007; x_wconf 74' lang='lat' dir='ltr'><strong>Ricardus</strong></span> <span class='ocrx_word' id='word_1_186' title='bbox 360 1981 438 2017; x_wconf 71' lang='lat' dir='ltr'><strong>Dany</strong></span> <span class='ocrx_word' id='word_1_187' title='bbox 459 1976 583 2006; x_wconf 66' lang='lat' dir='ltr'><strong>Valettus</strong></span> <span class='ocrx_word' id='word_1_188' title='bbox 602 1973 734 2004; x_wconf 78' lang='lat' dir='ltr'><strong>Coronae</strong></span> <span class='ocrx_word' id='word_1_189' title='bbox 753 1971 850 2012; x_wconf 81' lang='lat' dir='ltr'><strong>Regis.</strong></span> 
     </span>
     <span class='ocr_line' id='line_1_48' title="bbox 211 2014 546 2047; baseline -0.012 0"><span class='ocrx_word' id='word_1_190' title='bbox 211 2018 330 2047; x_wconf 69' lang='lat' dir='ltr'><strong>Andrea</strong></span> <span class='ocrx_word' id='word_1_191' title='bbox 350 2016 431 2045; x_wconf 70' lang='lat' dir='ltr'><strong>Hake</strong></span> <span class='ocrx_word' id='word_1_192' title='bbox 452 2014 546 2045; x_wconf 79' lang='lat' dir='ltr'><strong>Miles.</strong></span> 
     </span>
    </p>

    <p class='ocr_par' dir='ltr' id='par_1_34' title="bbox 211 2051 645 2093">
     <span class='ocr_line' id='line_1_49' title="bbox 211 2051 645 2093; baseline -0.009 -8"><span class='ocrx_word' id='word_1_193' title='bbox 211 2055 373 2091; x_wconf 57' lang='lat' dir='ltr'><strong>Rugivaldus</strong></span> <span class='ocrx_word' id='word_1_194' title='bbox 393 2053 533 2093; x_wconf 79' lang='lat' dir='ltr'><strong>Braybrok</strong></span> <span class='ocrx_word' id='word_1_195' title='bbox 551 2051 645 2082; x_wconf 81' lang='lat' dir='ltr'><strong>Miles.</strong></span> 
     </span>
    </p>

    <p class='ocr_par' dir='ltr' id='par_1_35' title="bbox 215 2092 526 2123">
     <span class='ocr_line' id='line_1_50' title="bbox 215 2092 526 2123; baseline -0.003 -1"><span class='ocrx_word' id='word_1_196' title='bbox 215 2093 378 2123; x_wconf 64' lang='lat' dir='ltr'><strong>lsVillielmus</strong></span> <span class='ocrx_word' id='word_1_197' title='bbox 398 2092 526 2123; x_wconf 79' lang='lat' dir='ltr'><strong>Cobham.</strong></span> 
     </span>
    </p>

    <p class='ocr_par' dir='ltr' id='par_1_36' title="bbox 206 2130 484 2171">
     <span class='ocr_line' id='line_1_51' title="bbox 206 2130 484 2171; baseline -0.007 -9"><span class='ocrx_word' id='word_1_198' title='bbox 206 2132 351 2171; x_wconf 80' lang='lat' dir='ltr'><strong>Johannes</strong></span> <span class='ocrx_word' id='word_1_199' title='bbox 372 2130 484 2171; x_wconf 73' lang='lat' dir='ltr'><strong>Roffale.</strong></span> 
     </span>
    </p>

    <p class='ocr_par' dir='ltr' id='par_1_37' title="bbox 207 2171 487 2202">
     <span class='ocr_line' id='line_1_52' title="bbox 207 2171 487 2202; baseline -0.011 0"><span class='ocrx_word' id='word_1_200' title='bbox 207 2171 339 2202; x_wconf 78' lang='lat' dir='ltr'><strong>Ricardus</strong></span> <span class='ocrx_word' id='word_1_201' title='bbox 358 2174 422 2200; x_wconf 83' lang='lat' dir='ltr'><strong>Mer</strong></span> <span class='ocrx_word' id='word_1_202' title='bbox 446 2182 487 2200; x_wconf 87' lang='lat' dir='ltr'><strong>on.</strong></span> 
     </span>
    </p>

    <p class='ocr_par' dir='ltr' id='par_1_38' title="bbox 209 2210 502 2248">
     <span class='ocr_line' id='line_1_53' title="bbox 209 2210 502 2248; baseline -0.003 -9"><span class='ocrx_word' id='word_1_203' title='bbox 209 2210 368 2248; x_wconf 79' lang='lat' dir='ltr'><strong>Ranulphus</strong></span> <span class='ocrx_word' id='word_1_204' title='bbox 385 2210 417 2239; x_wconf 86' lang='lat' dir='ltr'><strong>de</strong></span> <span class='ocrx_word' id='word_1_205' title='bbox 446 2213 502 2239; x_wconf 80' lang='lat' dir='ltr'><strong>See.</strong></span> 
     </span>
    </p>

    <p class='ocr_par' dir='ltr' id='par_1_39' title="bbox 211 2248 494 2287">
     <span class='ocr_line' id='line_1_54' title="bbox 211 2248 494 2287; baseline -0.004 -9"><span class='ocrx_word' id='word_1_206' title='bbox 211 2248 356 2287; x_wconf 80' lang='lat' dir='ltr'><strong>Johannes</strong></span> <span class='ocrx_word' id='word_1_207' title='bbox 377 2248 494 2278; x_wconf 84' lang='lat' dir='ltr'><strong>lVilton.</strong></span> 
     </span>
    </p>

    <p class='ocr_par' dir='ltr' id='par_1_40' title="bbox 210 2285 626 2325">
     <span class='ocr_line' id='line_1_55' title="bbox 210 2285 626 2325; baseline -0.007 -8"><span class='ocrx_word' id='word_1_208' title='bbox 210 2289 341 2317; x_wconf 72' lang='lat' dir='ltr'><strong>Ricardus</strong></span> <span class='ocrx_word' id='word_1_209' title='bbox 360 2290 465 2317; x_wconf 81' lang='lat' dir='ltr'><strong>Vernon</strong></span> <span class='ocrx_word' id='word_1_210' title='bbox 485 2285 626 2325; x_wconf 84' lang='lat' dir='ltr'><strong>Armiger.</strong></span> 
     </span>
    </p>

    <p class='ocr_par' dir='ltr' id='par_1_41' title="bbox 213 2325 484 2365">
     <span class='ocr_line' id='line_1_56' title="bbox 213 2325 484 2365; baseline -0.004 -9"><span class='ocrx_word' id='word_1_211' title='bbox 213 2325 327 2356; x_wconf 83' lang='lat' dir='ltr'><em>Thomas</em></span> <span class='ocrx_word' id='word_1_212' title='bbox 348 2325 484 2365; x_wconf 73' lang='lat' dir='ltr'><strong>Cristofre.</strong></span> 
     </span>
    </p>

    <p class='ocr_par' dir='ltr' id='par_1_42' title="bbox 214 2358 906 2441">
     <span class='ocr_line' id='line_1_57' title="bbox 214 2358 906 2401; baseline -0.009 -7"><span class='ocrx_word' id='word_1_213' title='bbox 214 2364 364 2394; x_wconf 76' lang='lat' dir='ltr'><strong>Nicholaus</strong></span> <span class='ocrx_word' id='word_1_214' title='bbox 384 2363 486 2394; x_wconf 87' lang='lat' dir='ltr'><strong>Darell</strong></span> <span class='ocrx_word' id='word_1_215' title='bbox 499 2363 630 2394; x_wconf 84' lang='lat' dir='ltr'><strong>Serviens</strong></span> <span class='ocrx_word' id='word_1_216' title='bbox 649 2361 738 2401; x_wconf 84' lang='lat' dir='ltr'><strong>Regis</strong></span> <span class='ocrx_word' id='word_1_217' title='bbox 755 2358 791 2390; x_wconf 92' lang='lat' dir='ltr'><strong>ad</strong></span> <span class='ocrx_word' id='word_1_218' title='bbox 811 2359 906 2389; x_wconf 77' lang='lat' dir='ltr'><strong>Arma.</strong></span> 
     </span>
     <span class='ocr_line' id='line_1_58' title="bbox 215 2401 629 2441; baseline -0.007 -8"><span class='ocrx_word' id='word_1_219' title='bbox 215 2405 345 2433; x_wconf 65' lang='lat' dir='ltr'><strong>Ricardus</strong></span> <span class='ocrx_word' id='word_1_220' title='bbox 362 2406 471 2441; x_wconf 80' lang='lat' dir='ltr'><strong>Savage</strong></span> <span class='ocrx_word' id='word_1_221' title='bbox 489 2401 629 2440; x_wconf 82' lang='lat' dir='ltr'><strong>Armiger.</strong></span> 
     </span>
    </p>

    <p class='ocr_par' dir='ltr' id='par_1_43' title="bbox 217 2436 921 2473">
     <span class='ocr_line' id='line_1_59' title="bbox 217 2436 921 2473; baseline -0.009 -2"><span class='ocrx_word' id='word_1_222' title='bbox 217 2442 383 2472; x_wconf 73' lang='lat' dir='ltr'><strong>lVili&#39;ielmus</strong></span> <span class='ocrx_word' id='word_1_223' title='bbox 400 2445 472 2472; x_wconf 84' lang='lat' dir='ltr'><strong>Hert</strong></span> <span class='ocrx_word' id='word_1_224' title='bbox 490 2439 653 2471; x_wconf 76' lang='lat' dir='ltr'><strong>Hosti-arius</strong></span> <span class='ocrx_word' id='word_1_225' title='bbox 671 2437 802 2469; x_wconf 81' lang='lat' dir='ltr'><strong>Camerae</strong></span> <span class='ocrx_word' id='word_1_226' title='bbox 822 2436 921 2473; x_wconf 81' lang='lat' dir='ltr'><strong>Regis.</strong></span> 
     </span>
    </p>
   </div>
   <div class='ocr_carea' id='block_1_16' title="bbox 335 2512 990 2526">
    <p class='ocr_par' dir='ltr' id='par_1_44' title="bbox 335 2512 990 2526">
     <span class='ocr_line' id='line_1_60' title="bbox 335 2512 990 2526; baseline 0 0"><span class='ocrx_word' id='word_1_227' title='bbox 335 2512 990 2526; x_wconf 95' lang='lat' dir='ltr'><strong> </strong></span> 
     </span>
    </p>
   </div>
   <div class='ocr_carea' id='block_1_17' title="bbox 407 2561 1032 2609">
    <p class='ocr_par' dir='ltr' id='par_1_45' title="bbox 407 2561 1032 2609">
     <span class='ocr_line' id='line_1_61' title="bbox 407 2561 1032 2609; baseline -0.011 -8"><span class='ocrx_word' id='word_1_228' title='bbox 407 2570 502 2601; x_wconf 74' lang='lat' dir='ltr'><strong>Dacis</strong></span> <span class='ocrx_word' id='word_1_229' title='bbox 521 2569 678 2600; x_wconf 67' lang='lat' dir='ltr'><strong>Britannia</strong></span> <span class='ocrx_word' id='word_1_230' title='bbox 698 2565 856 2598; x_wconf 66' lang='lat' dir='ltr'><strong>Relaxatm</strong></span> <span class='ocrx_word' id='word_1_231' title='bbox 870 2561 1032 2609; x_wconf 68' lang='lat' dir='ltr'><strong>generalis.</strong></span> 
     </span>
    </p>
   </div>
   <div class='ocr_carea' id='block_1_18' title="bbox 31 2646 1250 2728">
    <p class='ocr_par' dir='ltr' id='par_1_46' title="bbox 31 2646 1250 2728">
     <span class='ocr_line' id='line_1_62' title="bbox 31 2646 1250 2728; baseline -0.008 -42"><span class='ocrx_word' id='word_1_232' title='bbox 31 2673 108 2704; x_wconf 37' lang='lat' dir='ltr'><strong>Am·</strong></span> <span class='ocrx_word' id='word_1_233' title='bbox 122 2671 164 2703; x_wconf 49' lang='lat' dir='ltr'><strong>D.</strong></span> <span class='ocrx_word' id='word_1_234' title='bbox 180 2654 296 2728; x_wconf 77' lang='lat' dir='ltr'><strong>JEhan</strong></span> <span class='ocrx_word' id='word_1_235' title='bbox 321 2657 382 2684; x_wconf 86' lang='lat' dir='ltr'><strong>Duc</strong></span> <span class='ocrx_word' id='word_1_236' title='bbox 405 2653 437 2682; x_wconf 84' lang='lat' dir='ltr'><strong>de</strong></span> <span class='ocrx_word' id='word_1_237' title='bbox 456 2655 621 2689; x_wconf 82' lang='lat' dir='ltr'><strong>Bretaigne‚</strong></span> <span class='ocrx_word' id='word_1_238' title='bbox 640 2649 738 2680; x_wconf 88' lang='lat' dir='ltr'><strong>Conte</strong></span> <span class='ocrx_word' id='word_1_239' title='bbox 759 2649 795 2680; x_wconf 90' lang='lat' dir='ltr'><strong>de</strong></span> <span class='ocrx_word' id='word_1_240' title='bbox 820 2648 1017 2684; x_wconf 83' lang='lat' dir='ltr'><strong>Richcmont,</strong></span> <span class='ocrx_word' id='word_1_241' title='bbox 1036 2653 1132 2677; x_wconf 91' lang='lat' dir='ltr'><strong>atouz</strong></span> <span class='ocrx_word' id='word_1_242' title='bbox 1150 2646 1250 2685; x_wconf 84' lang='lat' dir='ltr'><strong>ceulx,</strong></span> 
     </span>
    </p>
   </div>
   <div class='ocr_carea' id='block_1_19' title="bbox 29 2720 149 2902">
    <p class='ocr_par' dir='ltr' id='par_1_47' title="bbox 29 2720 149 2902">
     <span class='ocr_line' id='line_1_63' title="bbox 61 2720 145 2750; baseline -0.036 0"><span class='ocrx_word' id='word_1_243' title='bbox 61 2720 145 2750; x_wconf 77' lang='lat'>1399·</span> 
     </span>
     <span class='ocr_line' id='line_1_64' title="bbox 29 2755 144 2778; baseline 0 0"><span class='ocrx_word' id='word_1_244' title='bbox 29 2755 83 2778; x_wconf 52' lang='lat' dir='ltr'><strong>Aa.</strong></span> <span class='ocrx_word' id='word_1_245' title='bbox 102 2760 144 2778; x_wconf 84' lang='lat'><strong>22.</strong></span> 
     </span>
     <span class='ocr_line' id='line_1_65' title="bbox 31 2794 107 2816; baseline -0.026 0"><span class='ocrx_word' id='word_1_246' title='bbox 31 2794 59 2816; x_wconf 82' lang='lat' dir='ltr'><strong>R.</strong></span> <span class='ocrx_word' id='word_1_247' title='bbox 82 2799 107 2815; x_wconf 72' lang='grc' dir='ltr'><strong>ι’..</strong></span> 
     </span>
     <span class='ocr_line' id='line_1_66' title="bbox 31 2830 149 2855; baseline 0.008 -1"><span class='ocrx_word' id='word_1_248' title='bbox 31 2831 72 2854; x_wconf 75' lang='lat' dir='ltr'><strong>Ex</strong></span> <span class='ocrx_word' id='word_1_249' title='bbox 91 2830 149 2855; x_wconf 78' lang='lat' dir='ltr'><strong>Au-</strong></span> 
     </span>
     <span class='ocr_line' id='line_1_67' title="bbox 30 2874 94 2902; baseline 0.016 -9"><span class='ocrx_word' id='word_1_250' title='bbox 30 2874 94 2902; x_wconf 75' lang='lat' dir='ltr'><strong>togr.</strong></span> 
     </span>
    </p>
   </div>
   <div class='ocr_carea' id='block_1_20' title="bbox 49 3643 189 3901">
    <p class='ocr_par' dir='ltr' id='par_1_48' title="bbox 49 3643 189 3901">
     <span class='ocr_line' id='line_1_68' title="bbox 49 3643 162 3672; baseline -0.018 0"><span class='ocrx_word' id='word_1_251' title='bbox 49 3646 66 3662; x_wconf 69' lang='lat'><em>⁰</em></span> <span class='ocrx_word' id='word_1_252' title='bbox 79 3643 162 3672; x_wconf 84' lang='lat' dir='ltr'><strong>vm.</strong></span> 
     </span>
     <span class='ocr_line' id='line_1_69' title="bbox 50 3683 99 3711; baseline 0.041 -2"><span class='ocrx_word' id='word_1_253' title='bbox 50 3683 99 3711; x_wconf 81' lang='lat'><strong>80.</strong></span> 
     </span>
     <span class='ocr_line' id='line_1_70' title="bbox 50 3717 185 3749; baseline -0.007 0"><span class='ocrx_word' id='word_1_254' title='bbox 50 3718 129 3749; x_wconf 78' lang='lat' dir='ltr'><strong>Arm.</strong></span> <span class='ocrx_word' id='word_1_255' title='bbox 144 3717 185 3749; x_wconf 94' lang='lat' dir='ltr'><strong>D.</strong></span> 
     </span>
     <span class='ocr_line' id='line_1_71' title="bbox 72 3766 157 3798; baseline -0.035 0"><span class='ocrx_word' id='word_1_256' title='bbox 72 3766 157 3798; x_wconf 81' lang='lat'>1399-</span> 
     </span>
     <span class='ocr_line' id='line_1_72' title="bbox 51 3801 167 3825; baseline -0.017 0"><span class='ocrx_word' id='word_1_257' title='bbox 51 3801 105 3825; x_wconf 81' lang='lat' dir='ltr'><strong>An.</strong></span> <span class='ocrx_word' id='word_1_258' title='bbox 122 3806 167 3824; x_wconf 85' lang='lat'><strong>22.</strong></span> 
     </span>
     <span class='ocr_line' id='line_1_73' title="bbox 50 3839 125 3863; baseline -0.027 0"><span class='ocrx_word' id='word_1_259' title='bbox 50 3839 81 3863; x_wconf 87' lang='lat' dir='ltr'><strong>R.</strong></span> <span class='ocrx_word' id='word_1_260' title='bbox 99 3844 125 3861; x_wconf 91' lang='lat'><strong>2.</strong></span> 
     </span>
     <span class='ocr_line' id='line_1_74' title="bbox 51 3877 189 3901; baseline 0 0"><span class='ocrx_word' id='word_1_261' title='bbox 51 3877 130 3901; x_wconf 78' lang='lat' dir='ltr'><strong>Franc</strong></span> <span class='ocrx_word' id='word_1_262' title='bbox 143 3881 189 3901; x_wconf 90' lang='lat'><strong>22.</strong></span> 
     </span>
    </p>
   </div>
   <div class='ocr_carea' id='block_1_21' title="bbox 52 3914 171 3976">
    <p class='ocr_par' dir='ltr' id='par_1_49' title="bbox 52 3914 171 3976">
     <span class='ocr_line' id='line_1_75' title="bbox 52 3914 171 3938; baseline 0.008 -1"><span class='ocrx_word' id='word_1_263' title='bbox 52 3914 82 3938; x_wconf 84' lang='lat' dir='ltr'><strong>R.</strong></span> <span class='ocrx_word' id='word_1_264' title='bbox 98 3920 171 3938; x_wconf 56' lang='grc' dir='ltr'><strong>πηγῇ.</strong></span> 
     </span>
     <span class='ocr_line' id='line_1_76' title="bbox 56 3957 83 3976; baseline 0.037 -1"><span class='ocrx_word' id='word_1_265' title='bbox 56 3957 83 3976; x_wconf 78' lang='lat'><strong>2.</strong></span> 
     </span>
    </p>
   </div>
   <div class='ocr_carea' id='block_1_22' title="bbox 186 2687 1257 3309">
    <p class='ocr_par' dir='ltr' id='par_1_50' title="bbox 229 2687 907 2731">
     <span class='ocr_line' id='line_1_77' title="bbox 229 2687 907 2731; baseline -0.01 -8"><span class='ocrx_word' id='word_1_266' title='bbox 229 2695 276 2731; x_wconf 84' lang='lat' dir='ltr'><strong>qui</strong></span> <span class='ocrx_word' id='word_1_267' title='bbox 292 2703 338 2724; x_wconf 88' lang='lat' dir='ltr'><strong>ces</strong></span> <span class='ocrx_word' id='word_1_268' title='bbox 352 2691 490 2731; x_wconf 69' lang='lat' dir='ltr'><strong>presentes</strong></span> <span class='ocrx_word' id='word_1_269' title='bbox 504 2698 620 2721; x_wconf 91' lang='lat' dir='ltr'><strong>verront</strong></span> <span class='ocrx_word' id='word_1_270' title='bbox 634 2699 673 2719; x_wconf 89' lang='lat' dir='ltr'><strong>ou</strong></span> <span class='ocrx_word' id='word_1_271' title='bbox 686 2697 785 2718; x_wconf 87' lang='lat' dir='ltr'><strong>orront</strong></span> <span class='ocrx_word' id='word_1_272' title='bbox 795 2710 803 2724; x_wconf 87' lang='lat'><strong>,</strong></span> <span class='ocrx_word' id='word_1_273' title='bbox 821 2687 907 2717; x_wconf 78' lang='lat' dir='ltr'><strong>Salut.</strong></span> 
     </span>
    </p>

    <p class='ocr_par' dir='ltr' id='par_1_51' title="bbox 186 2722 1253 3113">
     <span class='ocr_line' id='line_1_78' title="bbox 222 2722 1248 2763; baseline -0.008 -1"><span class='ocrx_word' id='word_1_274' title='bbox 222 2732 341 2762; x_wconf 79' lang='lat' dir='ltr'><strong>Saichcz</strong></span> <span class='ocrx_word' id='word_1_275' title='bbox 365 2731 453 2761; x_wconf 76' lang='lat' dir='ltr'><strong>Nous</strong></span> <span class='ocrx_word' id='word_1_276' title='bbox 472 2731 553 2760; x_wconf 88' lang='lat' dir='ltr'><strong>avoir</strong></span> <span class='ocrx_word' id='word_1_277' title='bbox 572 2728 726 2763; x_wconf 67' lang='lat' dir='ltr'><strong>Remis,</strong></span> <span class='ocrx_word' id='word_1_278' title='bbox 747 2726 921 2755; x_wconf 55' lang='lat' dir='ltr'><strong>Remea</strong></span> <span class='ocrx_word' id='word_1_279' title='bbox 934 2733 968 2759; x_wconf 74' lang='grc' dir='ltr'><strong>Ε,</strong></span> <span class='ocrx_word' id='word_1_280' title='bbox 992 2725 1026 2754; x_wconf 84' lang='lat'>&amp;</span> <span class='ocrx_word' id='word_1_281' title='bbox 1047 2722 1086 2754; x_wconf 91' lang='lat' dir='ltr'><strong>du</strong></span> <span class='ocrx_word' id='word_1_282' title='bbox 1105 2732 1185 2761; x_wconf 87' lang='lat' dir='ltr'><strong>tout,</strong></span> <span class='ocrx_word' id='word_1_283' title='bbox 1212 2724 1248 2755; x_wconf 90' lang='lat' dir='ltr'><strong>de</strong></span> 
     </span>
     <span class='ocr_line' id='line_1_79' title="bbox 186 2762 1249 2809; baseline -0.007 -9"><span class='ocrx_word' id='word_1_284' title='bbox 186 2770 290 2809; x_wconf 76' lang='lat' dir='ltr'><strong>Nous,</strong></span> <span class='ocrx_word' id='word_1_285' title='bbox 309 2771 341 2802; x_wconf 65' lang='grc' dir='ltr'><strong>ὃς</strong></span> <span class='ocrx_word' id='word_1_286' title='bbox 357 2770 393 2800; x_wconf 88' lang='lat' dir='ltr'><strong>de</strong></span> <span class='ocrx_word' id='word_1_287' title='bbox 409 2778 467 2799; x_wconf 89' lang='lat' dir='ltr'><strong>noz</strong></span> <span class='ocrx_word' id='word_1_288' title='bbox 482 2767 570 2798; x_wconf 85' lang='lat' dir='ltr'><strong>Hoirs</strong></span> <span class='ocrx_word' id='word_1_289' title='bbox 580 2790 589 2804; x_wconf 97' lang='lat'><strong>,</strong></span> <span class='ocrx_word' id='word_1_290' title='bbox 603 2766 636 2796; x_wconf 88' lang='lat'>&amp;</span> <span class='ocrx_word' id='word_1_291' title='bbox 651 2764 843 2800; x_wconf 76' lang='lat' dir='ltr'><strong>Executeurs,</strong></span> <span class='ocrx_word' id='word_1_292' title='bbox 858 2774 873 2794; x_wconf 90' lang='lat' dir='ltr'><strong>a</strong></span> <span class='ocrx_word' id='word_1_293' title='bbox 884 2764 980 2806; x_wconf 64' lang='lat' dir='ltr'><strong>jamais</strong></span> <span class='ocrx_word' id='word_1_294' title='bbox 1005 2762 1065 2800; x_wconf 84' lang='lat' dir='ltr'><strong>Qu</strong></span> <span class='ocrx_word' id='word_1_295' title='bbox 1077 2771 1087 2791; x_wconf 90' lang='lat'>1</span> <span class='ocrx_word' id='word_1_296' title='bbox 1099 2770 1122 2792; x_wconf 86' lang='grc' dir='ltr'><strong>Τ</strong></span> <span class='ocrx_word' id='word_1_297' title='bbox 1132 2773 1150 2793; x_wconf 79' lang='lat' dir='ltr'>E</span> <span class='ocrx_word' id='word_1_298' title='bbox 1160 2771 1205 2792; x_wconf 78' lang='lat' dir='ltr'><strong>ct.</strong></span> <span class='ocrx_word' id='word_1_299' title='bbox 1215 2774 1249 2793; x_wconf 77' lang='lat' dir='ltr'><strong>A-</strong></span> 
     </span>
     <span class='ocr_line' id='line_1_80' title="bbox 187 2801 1250 2846; baseline -0.009 -6"><span class='ocrx_word' id='word_1_300' title='bbox 187 2818 213 2839; x_wconf 85' lang='grc' dir='ltr'><strong>Μ</strong></span> <span class='ocrx_word' id='word_1_301' title='bbox 226 2820 243 2839; x_wconf 72' lang='lat' dir='ltr'>E</span> <span class='ocrx_word' id='word_1_302' title='bbox 275 2819 290 2838; x_wconf 91' lang='lat' dir='ltr'><strong>a</strong></span> <span class='ocrx_word' id='word_1_303' title='bbox 305 2834 314 2846; x_wconf 92' lang='lat'><strong>,</strong></span> <span class='ocrx_word' id='word_1_304' title='bbox 340 2808 531 2839; x_wconf 78' lang='lat' dir='ltr'><strong>tresexcellent</strong></span> <span class='ocrx_word' id='word_1_305' title='bbox 552 2805 656 2836; x_wconf 86' lang='lat' dir='ltr'><strong>Prince</strong></span> <span class='ocrx_word' id='word_1_306' title='bbox 670 2826 680 2841; x_wconf 90' lang='lat'><strong>,</strong></span> <span class='ocrx_word' id='word_1_307' title='bbox 705 2804 739 2834; x_wconf 65' lang='grc' dir='ltr'><strong>ἃ</strong></span> <span class='ocrx_word' id='word_1_308' title='bbox 762 2802 859 2832; x_wconf 88' lang='lat' dir='ltr'><strong>nostre</strong></span> <span class='ocrx_word' id='word_1_309' title='bbox 880 2801 1071 2832; x_wconf 73' lang='lat' dir='ltr'><strong>tresreuoubte</strong></span> <span class='ocrx_word' id='word_1_310' title='bbox 1091 2801 1227 2840; x_wconf 83' lang='lat' dir='ltr'><strong>Seigneur</strong></span> <span class='ocrx_word' id='word_1_311' title='bbox 1241 2825 1250 2840; x_wconf 93' lang='lat'><strong>,</strong></span> 
     </span>
     <span class='ocr_line' id='line_1_81' title="bbox 188 2838 1251 2884; baseline -0.01 -7"><span class='ocrx_word' id='word_1_312' title='bbox 188 2847 338 2878; x_wconf 84' lang='lat' dir='ltr'><strong>Mousicur</strong></span> <span class='ocrx_word' id='word_1_313' title='bbox 353 2846 468 2876; x_wconf 86' lang='lat' dir='ltr'><strong>Richart</strong></span> <span class='ocrx_word' id='word_1_314' title='bbox 478 2868 487 2884; x_wconf 87' lang='lat'><strong>,</strong></span> <span class='ocrx_word' id='word_1_315' title='bbox 503 2854 552 2883; x_wconf 83' lang='lat' dir='ltr'><strong>par</strong></span> <span class='ocrx_word' id='word_1_316' title='bbox 566 2844 591 2874; x_wconf 94' lang='lat' dir='ltr'><strong>la</strong></span> <span class='ocrx_word' id='word_1_317' title='bbox 605 2852 689 2882; x_wconf 81' lang='lat' dir='ltr'><strong>grace</strong></span> <span class='ocrx_word' id='word_1_318' title='bbox 704 2842 740 2872; x_wconf 88' lang='lat' dir='ltr'><strong>de</strong></span> <span class='ocrx_word' id='word_1_319' title='bbox 756 2841 848 2878; x_wconf 77' lang='lat' dir='ltr'><strong>Dieu,</strong></span> <span class='ocrx_word' id='word_1_320' title='bbox 866 2842 921 2879; x_wconf 85' lang='lat' dir='ltr'><strong>Roy</strong></span> <span class='ocrx_word' id='word_1_321' title='bbox 937 2838 1145 2877; x_wconf 69' lang='lat' dir='ltr'><strong>d⁸Engleterre,</strong></span> <span class='ocrx_word' id='word_1_322' title='bbox 1161 2841 1195 2870; x_wconf 90' lang='lat'>&amp;</span> <span class='ocrx_word' id='word_1_323' title='bbox 1212 2841 1251 2870; x_wconf 71' lang='lat' dir='ltr'><strong>ses</strong></span> 
     </span>
     <span class='ocr_line' id='line_1_82' title="bbox 188 2878 1252 2924; baseline -0.008 -7"><span class='ocrx_word' id='word_1_324' title='bbox 188 2886 290 2924; x_wconf 87' lang='lat' dir='ltr'><strong>l-loirs,</strong></span> <span class='ocrx_word' id='word_1_325' title='bbox 306 2895 399 2916; x_wconf 81' lang='lat' dir='ltr'><strong>tontes</strong></span> <span class='ocrx_word' id='word_1_326' title='bbox 421 2885 549 2915; x_wconf 86' lang='lat' dir='ltr'><strong>Accions</strong></span> <span class='ocrx_word' id='word_1_327' title='bbox 569 2882 605 2911; x_wconf 91' lang='lat' dir='ltr'><strong>de</strong></span> <span class='ocrx_word' id='word_1_328' title='bbox 626 2881 740 2918; x_wconf 79' lang='lat' dir='ltr'><strong>Debre,</strong></span> <span class='ocrx_word' id='word_1_329' title='bbox 760 2878 883 2921; x_wconf 62' lang='lat' dir='ltr'><strong>Prestz,⁴</strong></span> <span class='ocrx_word' id='word_1_330' title='bbox 895 2889 935 2909; x_wconf 92' lang='lat' dir='ltr'><strong>ou</strong></span> <span class='ocrx_word' id='word_1_331' title='bbox 955 2887 1043 2908; x_wconf 80' lang='lat' dir='ltr'><strong>autres</strong></span> <span class='ocrx_word' id='word_1_332' title='bbox 1059 2878 1252 2916; x_wconf 84' lang='lat' dir='ltr'><strong>quelconques</strong></span> 
     </span>
     <span class='ocr_line' id='line_1_83' title="bbox 189 2916 1253 2958; baseline -0.008 -3"><span class='ocrx_word' id='word_1_333' title='bbox 189 2925 310 2955; x_wconf 64' lang='lat' dir='ltr'><strong>Aciions</strong></span> <span class='ocrx_word' id='word_1_334' title='bbox 328 2925 360 2955; x_wconf 87' lang='lat'>&amp;</span> <span class='ocrx_word' id='word_1_335' title='bbox 384 2924 506 2954; x_wconf 88' lang='lat' dir='ltr'><strong>Somme</strong></span> <span class='ocrx_word' id='word_1_336' title='bbox 529 2921 565 2951; x_wconf 86' lang='lat' dir='ltr'><strong>de</strong></span> <span class='ocrx_word' id='word_1_337' title='bbox 577 2921 728 2958; x_wconf 80' lang='lat' dir='ltr'><strong>Peccune,</strong></span> <span class='ocrx_word' id='word_1_338' title='bbox 747 2929 794 2956; x_wconf 83' lang='lat' dir='ltr'><strong>par</strong></span> <span class='ocrx_word' id='word_1_339' title='bbox 810 2918 917 2947; x_wconf 86' lang='lat' dir='ltr'><strong>Railon</strong></span> <span class='ocrx_word' id='word_1_340' title='bbox 929 2916 977 2946; x_wconf 80' lang='lat' dir='ltr'><strong>des</strong></span> <span class='ocrx_word' id='word_1_341' title='bbox 990 2916 1092 2946; x_wconf 77' lang='lat' dir='ltr'><strong>Yll&#39;ues</strong></span> <span class='ocrx_word' id='word_1_342' title='bbox 1103 2927 1142 2947; x_wconf 94' lang='lat' dir='ltr'><strong>ou</strong></span> <span class='ocrx_word' id='word_1_343' title='bbox 1166 2917 1253 2948; x_wconf 87' lang='lat' dir='ltr'><strong>Arre-</strong></span> 
     </span>
     <span class='ocr_line' id='line_1_84' title="bbox 189 2955 1251 3002; baseline -0.006 -9"><span class='ocrx_word' id='word_1_344' title='bbox 189 2972 282 3002; x_wconf 83' lang='lat' dir='ltr'><strong>reages</strong></span> <span class='ocrx_word' id='word_1_345' title='bbox 305 2963 340 2993; x_wconf 90' lang='lat' dir='ltr'><strong>de</strong></span> <span class='ocrx_word' id='word_1_346' title='bbox 361 2964 386 2991; x_wconf 84' lang='lat' dir='ltr'><strong>la</strong></span> <span class='ocrx_word' id='word_1_347' title='bbox 410 2959 507 2991; x_wconf 89' lang='lat' dir='ltr'><strong>Conte</strong></span> <span class='ocrx_word' id='word_1_348' title='bbox 527 2959 564 2989; x_wconf 92' lang='lat' dir='ltr'><strong>de</strong></span> <span class='ocrx_word' id='word_1_349' title='bbox 589 2958 785 2994; x_wconf 77' lang='lat' dir='ltr'><strong>Richemont,</strong></span> <span class='ocrx_word' id='word_1_350' title='bbox 802 2966 841 2987; x_wconf 93' lang='lat' dir='ltr'><strong>ou</strong></span> <span class='ocrx_word' id='word_1_351' title='bbox 857 2965 947 2987; x_wconf 82' lang='lat' dir='ltr'><strong>autres</strong></span> <span class='ocrx_word' id='word_1_352' title='bbox 959 2955 1041 2985; x_wconf 84' lang='lat' dir='ltr'><strong>Biens</strong></span> <span class='ocrx_word' id='word_1_353' title='bbox 1055 2956 1199 2992; x_wconf 88' lang='lat' dir='ltr'><strong>meubles,</strong></span> <span class='ocrx_word' id='word_1_354' title='bbox 1217 2957 1251 2987; x_wconf 92' lang='lat'>&amp;</span> 
     </span>
     <span class='ocr_line' id='line_1_85' title="bbox 189 2993 1252 3038; baseline -0.006 -7"><span class='ocrx_word' id='word_1_355' title='bbox 189 3001 309 3032; x_wconf 84' lang='lat' dir='ltr'><strong>Chatalx</strong></span> <span class='ocrx_word' id='word_1_356' title='bbox 331 3000 557 3038; x_wconf 82' lang='lat' dir='ltr'><strong>queixconques,</strong></span> <span class='ocrx_word' id='word_1_357' title='bbox 580 3007 653 3036; x_wconf 87' lang='lat' dir='ltr'><strong>que,</strong></span> <span class='ocrx_word' id='word_1_358' title='bbox 677 3006 777 3027; x_wconf 87' lang='lat' dir='ltr'><strong>envers</strong></span> <span class='ocrx_word' id='word_1_359' title='bbox 799 2994 895 3024; x_wconf 87' lang='lat' dir='ltr'><strong>nostre</strong></span> <span class='ocrx_word' id='word_1_360' title='bbox 916 2995 957 3025; x_wconf 90' lang='lat' dir='ltr'><strong>dit</strong></span> <span class='ocrx_word' id='word_1_361' title='bbox 978 2993 1117 3031; x_wconf 76' lang='lat' dir='ltr'><strong>Seigneur</strong></span> <span class='ocrx_word' id='word_1_362' title='bbox 1138 2995 1163 3024; x_wconf 88' lang='lat' dir='ltr'><strong>le</strong></span> <span class='ocrx_word' id='word_1_363' title='bbox 1184 2994 1252 3035; x_wconf 84' lang='lat' dir='ltr'><strong>Roy</strong></span> 
     </span>
     <span class='ocr_line' id='line_1_86' title="bbox 187 3032 1253 3075; baseline -0.006 -5"><span class='ocrx_word' id='word_1_364' title='bbox 187 3049 276 3070; x_wconf 85' lang='lat' dir='ltr'><strong>avons</strong></span> <span class='ocrx_word' id='word_1_365' title='bbox 291 3041 324 3070; x_wconf 69' lang='grc' dir='ltr'><strong>ὃ(</strong></span> <span class='ocrx_word' id='word_1_366' title='bbox 339 3039 463 3075; x_wconf 88' lang='lat' dir='ltr'><strong>eusmes,</strong></span> <span class='ocrx_word' id='word_1_367' title='bbox 481 3038 513 3068; x_wconf 89' lang='lat'>&amp;</span> <span class='ocrx_word' id='word_1_368' title='bbox 529 3038 605 3066; x_wconf 89' lang='lat' dir='ltr'><strong>avoir</strong></span> <span class='ocrx_word' id='word_1_369' title='bbox 621 3035 752 3066; x_wconf 88' lang='lat' dir='ltr'><strong>Peusmes</strong></span> <span class='ocrx_word' id='word_1_370' title='bbox 769 3035 801 3065; x_wconf 88' lang='lat'>&amp;</span> <span class='ocrx_word' id='word_1_371' title='bbox 819 3034 950 3071; x_wconf 67' lang='lat' dir='ltr'><strong>potions,</strong></span> <span class='ocrx_word' id='word_1_372' title='bbox 970 3032 1018 3062; x_wconf 80' lang='lat' dir='ltr'><strong>des</strong></span> <span class='ocrx_word' id='word_1_373' title='bbox 1038 3033 1066 3062; x_wconf 88' lang='lat' dir='ltr'><strong>le</strong></span> <span class='ocrx_word' id='word_1_374' title='bbox 1086 3032 1253 3064; x_wconf 91' lang='lat' dir='ltr'><strong>Comance-</strong></span> 
     </span>
     <span class='ocr_line' id='line_1_87' title="bbox 188 3071 1120 3113; baseline -0.009 -4"><span class='ocrx_word' id='word_1_375' title='bbox 188 3086 304 3109; x_wconf 86' lang='lat' dir='ltr'><strong>cernent</strong></span> <span class='ocrx_word' id='word_1_376' title='bbox 317 3077 355 3108; x_wconf 86' lang='lat' dir='ltr'><strong>du</strong></span> <span class='ocrx_word' id='word_1_377' title='bbox 372 3075 503 3113; x_wconf 86' lang='lat' dir='ltr'><strong>Monde,</strong></span> <span class='ocrx_word' id='word_1_378' title='bbox 516 3075 624 3112; x_wconf 85' lang='lat' dir='ltr'><strong>jusques</strong></span> <span class='ocrx_word' id='word_1_379' title='bbox 636 3084 651 3104; x_wconf 88' lang='lat' dir='ltr'><strong>a</strong></span> <span class='ocrx_word' id='word_1_380' title='bbox 663 3074 688 3103; x_wconf 88' lang='lat' dir='ltr'><strong>la</strong></span> <span class='ocrx_word' id='word_1_381' title='bbox 706 3072 801 3103; x_wconf 79' lang='lat' dir='ltr'><strong>Dabte</strong></span> <span class='ocrx_word' id='word_1_382' title='bbox 815 3072 850 3102; x_wconf 91' lang='lat' dir='ltr'><strong>de</strong></span> <span class='ocrx_word' id='word_1_383' title='bbox 866 3071 953 3102; x_wconf 87' lang='lat' dir='ltr'><strong>cestes</strong></span> <span class='ocrx_word' id='word_1_384' title='bbox 968 3071 1120 3103; x_wconf 83' lang='lat' dir='ltr'><strong>Prescntes.</strong></span> 
     </span>
    </p>

    <p class='ocr_par' dir='ltr' id='par_1_52' title="bbox 187 3110 1253 3194">
     <span class='ocr_line' id='line_1_88' title="bbox 227 3110 1253 3154; baseline -0.004 -8"><span class='ocrx_word' id='word_1_385' title='bbox 227 3116 273 3146; x_wconf 89' lang='lat' dir='ltr'><strong>En</strong></span> <span class='ocrx_word' id='word_1_386' title='bbox 287 3115 517 3154; x_wconf 76' lang='lat' dir='ltr'><strong>Tei‘rnoignance</strong></span> <span class='ocrx_word' id='word_1_387' title='bbox 532 3113 579 3143; x_wconf 84' lang='lat' dir='ltr'><strong>des</strong></span> <span class='ocrx_word' id='word_1_388' title='bbox 594 3112 698 3150; x_wconf 88' lang='lat' dir='ltr'><strong>quelles</strong></span> <span class='ocrx_word' id='word_1_389' title='bbox 715 3110 824 3141; x_wconf 83' lang='lat' dir='ltr'><strong>Choses</strong></span> <span class='ocrx_word' id='word_1_390' title='bbox 837 3110 922 3140; x_wconf 90' lang='lat' dir='ltr'><strong>Nous</strong></span> <span class='ocrx_word' id='word_1_391' title='bbox 937 3120 1024 3140; x_wconf 88' lang='lat' dir='ltr'><strong>avons</strong></span> <span class='ocrx_word' id='word_1_392' title='bbox 1038 3111 1086 3142; x_wconf 79' lang='lat' dir='ltr'><strong>fait</strong></span> <span class='ocrx_word' id='word_1_393' title='bbox 1107 3119 1198 3142; x_wconf 91' lang='lat' dir='ltr'><strong>metre</strong></span> <span class='ocrx_word' id='word_1_394' title='bbox 1219 3111 1253 3142; x_wconf 94' lang='lat'>&amp;</span> 
     </span>
     <span class='ocr_line' id='line_1_89' title="bbox 187 3150 840 3194; baseline -0.009 -9"><span class='ocrx_word' id='word_1_395' title='bbox 187 3155 283 3194; x_wconf 79' lang='lat' dir='ltr'><strong>aposer</strong></span> <span class='ocrx_word' id='word_1_396' title='bbox 297 3154 392 3185; x_wconf 85' lang='lat' dir='ltr'><strong>nostre</strong></span> <span class='ocrx_word' id='word_1_397' title='bbox 407 3153 470 3184; x_wconf 87' lang='lat' dir='ltr'><strong>Seel</strong></span> <span class='ocrx_word' id='word_1_398' title='bbox 483 3152 582 3182; x_wconf 87' lang='lat' dir='ltr'><strong>Secret</strong></span> <span class='ocrx_word' id='word_1_399' title='bbox 595 3161 611 3180; x_wconf 89' lang='lat' dir='ltr'><strong>a</strong></span> <span class='ocrx_word' id='word_1_400' title='bbox 625 3161 672 3181; x_wconf 87' lang='lat' dir='ltr'><strong>ces</strong></span> <span class='ocrx_word' id='word_1_401' title='bbox 688 3150 840 3180; x_wconf 66' lang='lat' dir='ltr'><strong>presentes.</strong></span> 
     </span>
    </p>

    <p class='ocr_par' dir='ltr' id='par_1_53' title="bbox 188 3185 1257 3309">
     <span class='ocr_line' id='line_1_90' title="bbox 227 3185 1257 3230; baseline -0.004 -7"><span class='ocrx_word' id='word_1_402' title='bbox 227 3193 337 3223; x_wconf 87' lang='lat' dir='ltr'><strong>Donne</strong></span> <span class='ocrx_word' id='word_1_403' title='bbox 350 3204 365 3223; x_wconf 87' lang='lat' dir='ltr'><strong>a</strong></span> <span class='ocrx_word' id='word_1_404' title='bbox 378 3195 421 3222; x_wconf 87' lang='lat' dir='ltr'><em>W</em></span> <span class='ocrx_word' id='word_1_405' title='bbox 431 3188 554 3230; x_wconf 81' lang='lat' dir='ltr'><strong>ndesbre,</strong></span> <span class='ocrx_word' id='word_1_406' title='bbox 570 3189 596 3219; x_wconf 90' lang='lat' dir='ltr'><strong>le</strong></span> <span class='ocrx_word' id='word_1_407' title='bbox 609 3190 672 3226; x_wconf 76' lang='lat' dir='ltr'><strong>xxiij</strong></span> <span class='ocrx_word' id='word_1_408' title='bbox 685 3190 750 3227; x_wconf 86' lang='lat' dir='ltr'><strong>jour</strong></span> <span class='ocrx_word' id='word_1_409' title='bbox 764 3186 873 3218; x_wconf 88' lang='lat' dir='ltr'><strong>d&#39;Auril</strong></span> <span class='ocrx_word' id='word_1_410' title='bbox 891 3187 972 3217; x_wconf 85' lang='lat' dir='ltr'><strong>Feste</strong></span> <span class='ocrx_word' id='word_1_411' title='bbox 984 3185 1020 3217; x_wconf 90' lang='lat' dir='ltr'><strong>de</strong></span> <span class='ocrx_word' id='word_1_412' title='bbox 1034 3187 1112 3219; x_wconf 86' lang='lat' dir='ltr'><strong>Saint</strong></span> <span class='ocrx_word' id='word_1_413' title='bbox 1129 3187 1257 3229; x_wconf 84' lang='lat' dir='ltr'><strong>George‚</strong></span> 
     </span>
     <span class='ocr_line' id='line_1_91' title="bbox 188 3225 1036 3309; baseline -0.011 -47"><span class='ocrx_word' id='word_1_414' title='bbox 188 3231 259 3309; x_wconf 49' lang='lat' dir='ltr'><strong>l&#39;A}</strong></span> <span class='ocrx_word' id='word_1_415' title='bbox 271 3231 370 3299; x_wconf 50' lang='lat' dir='ltr'>Zmle&#39;</span> <span class='ocrx_word' id='word_1_416' title='bbox 419 3231 578 3267; x_wconf 61' lang='lat' dir='ltr'><strong>miscenti„</strong></span> <span class='ocrx_word' id='word_1_417' title='bbox 595 3228 811 3267; x_wconf 83' lang='lat' dir='ltr'><strong>Qatrevyntz,</strong></span> <span class='ocrx_word' id='word_1_418' title='bbox 829 3225 906 3256; x_wconf 86' lang='lat' dir='ltr'><strong>Deiz</strong></span> <span class='ocrx_word' id='word_1_419' title='bbox 919 3227 952 3257; x_wconf 66' lang='lat' dir='ltr'><strong>Sc</strong></span> <span class='ocrx_word' id='word_1_420' title='bbox 965 3226 1036 3257; x_wconf 89' lang='lat' dir='ltr'><strong>ouit.</strong></span> 
     </span>
    </p>

    <p class='ocr_par' dir='ltr' id='par_1_54' title="bbox 257 3281 338 3300">
     <span class='ocr_line' id='line_1_92' title="bbox 257 3281 338 3300; baseline 0 0"><span class='ocrx_word' id='word_1_421' title='bbox 257 3281 270 3300; x_wconf 82' lang='lat' dir='ltr'><strong>e</strong></span> <span class='ocrx_word' id='word_1_422' title='bbox 291 3281 338 3300; x_wconf 85' lang='lat' dir='ltr'><strong>an.</strong></span> 
     </span>
    </p>
   </div>
   <div class='ocr_carea' id='block_1_23' title="bbox 400 3342 1155 3458">
    <p class='ocr_par' dir='ltr' id='par_1_55' title="bbox 400 3342 1155 3458">
     <span class='ocr_line' id='line_1_93' title="bbox 400 3342 1126 3383; baseline -0.007 -7"><span class='ocrx_word' id='word_1_423' title='bbox 400 3345 454 3377; x_wconf 87' lang='lat' dir='ltr'><strong>Sub</strong></span> <span class='ocrx_word' id='word_1_424' title='bbox 468 3344 547 3375; x_wconf 83' lang='lat' dir='ltr'><strong>rubeo</strong></span> <span class='ocrx_word' id='word_1_425' title='bbox 562 3343 653 3383; x_wconf 76' lang='lat' dir='ltr'><strong>sigillo</strong></span> <span class='ocrx_word' id='word_1_426' title='bbox 662 3344 793 3383; x_wconf 84' lang='lat' dir='ltr'><strong>pendente</strong></span> <span class='ocrx_word' id='word_1_427' title='bbox 805 3354 823 3373; x_wconf 90' lang='lat' dir='ltr'><strong>a</strong></span> <span class='ocrx_word' id='word_1_428' title='bbox 837 3342 930 3372; x_wconf 78' lang='lat' dir='ltr'><strong>cauda</strong></span> <span class='ocrx_word' id='word_1_429' title='bbox 945 3344 1126 3380; x_wconf 82' lang='lat' dir='ltr'><strong>Pergan1enae.</strong></span> 
     </span>
     <span class='ocr_line' id='line_1_94' title="bbox 645 3417 1155 3458; baseline -0.006 -7"><span class='ocrx_word' id='word_1_430' title='bbox 645 3422 704 3451; x_wconf 84' lang='lat' dir='ltr'><strong>Par</strong></span> <span class='ocrx_word' id='word_1_431' title='bbox 719 3419 743 3450; x_wconf 86' lang='lat' dir='ltr'><strong>le</strong></span> <span class='ocrx_word' id='word_1_432' title='bbox 758 3422 820 3450; x_wconf 82' lang='lat' dir='ltr'><strong>Duc</strong></span> <span class='ocrx_word' id='word_1_433' title='bbox 833 3419 866 3449; x_wconf 86' lang='lat' dir='ltr'><strong>de</strong></span> <span class='ocrx_word' id='word_1_434' title='bbox 873 3417 923 3458; x_wconf 75' lang='lat' dir='ltr'><strong>son</strong></span> <span class='ocrx_word' id='word_1_435' title='bbox 938 3420 1155 3449; x_wconf 85' lang='lat' dir='ltr'><strong>Comandement.</strong></span> 
     </span>
    </p>
   </div>
   <div class='ocr_carea' id='block_1_24' title="bbox 962 3495 1100 3526">
    <p class='ocr_par' dir='ltr' id='par_1_56' title="bbox 962 3495 1100 3526">
     <span class='ocr_line' id='line_1_95' title="bbox 962 3495 1100 3526; baseline -0.007 0"><span class='ocrx_word' id='word_1_436' title='bbox 962 3495 1100 3526; x_wconf 82' lang='lat' dir='ltr'><strong>Mauleon.</strong></span> 
     </span>
    </p>
   </div>
   <div class='ocr_carea' id='block_1_25' title="bbox 201 3627 1263 3678">
    <p class='ocr_par' dir='ltr' id='par_1_57' title="bbox 201 3627 1263 3678">
     <span class='ocr_line' id='line_1_96' title="bbox 201 3627 1263 3678; baseline -0.008 -10"><span class='ocrx_word' id='word_1_437' title='bbox 201 3635 223 3657; x_wconf 87' lang='lat'><strong>*</strong></span> <span class='ocrx_word' id='word_1_438' title='bbox 248 3637 305 3668; x_wconf 91' lang='lat' dir='ltr'><strong>Pro</strong></span> <span class='ocrx_word' id='word_1_439' title='bbox 327 3635 413 3667; x_wconf 87' lang='lat' dir='ltr'><strong>Duce</strong></span> <span class='ocrx_word' id='word_1_440' title='bbox 431 3633 599 3675; x_wconf 81' lang='lat' dir='ltr'><strong>Montensi‚</strong></span> <span class='ocrx_word' id='word_1_441' title='bbox 624 3630 660 3664; x_wconf 87' lang='lat' dir='ltr'><strong>de</strong></span> <span class='ocrx_word' id='word_1_442' title='bbox 676 3632 845 3678; x_wconf 86' lang='lat' dir='ltr'><strong>Homagio‚</strong></span> <span class='ocrx_word' id='word_1_443' title='bbox 872 3628 1080 3676; x_wconf 76' lang='lat' dir='ltr'><strong>Juramento‚</strong></span> <span class='ocrx_word' id='word_1_444' title='bbox 1098 3632 1134 3667; x_wconf 65' lang='grc' dir='ltr'><strong>ώ-</strong></span> <span class='ocrx_word' id='word_1_445' title='bbox 1153 3627 1263 3662; x_wconf 80' lang='lat' dir='ltr'><strong>Feudo.</strong></span> 
     </span>
    </p>
   </div>
   <div class='ocr_carea' id='block_1_26' title="bbox 206 3712 1270 4098">
    <p class='ocr_par' dir='ltr' id='par_1_58' title="bbox 206 3712 1264 3833">
     <span class='ocr_line' id='line_1_97' title="bbox 206 3712 1264 3773; baseline -0.006 -25"><span class='ocrx_word' id='word_1_446' title='bbox 206 3716 334 3773; x_wconf 82' lang='lat' dir='ltr'><strong>REX,</strong></span> <span class='ocrx_word' id='word_1_447' title='bbox 350 3716 492 3748; x_wconf 82' lang='lat' dir='ltr'><strong>cariffimo</strong></span> <span class='ocrx_word' id='word_1_448' title='bbox 508 3714 728 3754; x_wconf 78' lang='lat' dir='ltr'><strong>Consanguineo</strong></span> <span class='ocrx_word' id='word_1_449' title='bbox 741 3713 858 3750; x_wconf 86' lang='lat' dir='ltr'><strong>nostro,</strong></span> <span class='ocrx_word' id='word_1_450' title='bbox 875 3713 977 3744; x_wconf 90' lang='lat' dir='ltr'><strong>Illustri</strong></span> <span class='ocrx_word' id='word_1_451' title='bbox 993 3713 1140 3743; x_wconf 50' lang='lat' dir='ltr'><strong>wilhelmo</strong></span> <span class='ocrx_word' id='word_1_452' title='bbox 1154 3713 1186 3743; x_wconf 84' lang='lat' dir='ltr'><strong>de</strong></span> <span class='ocrx_word' id='word_1_453' title='bbox 1204 3712 1264 3751; x_wconf 85' lang='lat' dir='ltr'><strong>Ju-</strong></span> 
     </span>
     <span class='ocr_line' id='line_1_98' title="bbox 208 3751 1264 3796; baseline -0.003 -12"><span class='ocrx_word' id='word_1_454' title='bbox 208 3791 213 3796; x_wconf 46' lang='grc'><strong>,</strong></span> <span class='ocrx_word' id='word_1_455' title='bbox 276 3755 357 3794; x_wconf 72' lang='lat' dir='ltr'><strong>liaeo,</strong></span> <span class='ocrx_word' id='word_1_456' title='bbox 374 3755 453 3786; x_wconf 87' lang='lat' dir='ltr'><strong>Duci</strong></span> <span class='ocrx_word' id='word_1_457' title='bbox 474 3754 640 3791; x_wconf 77' lang='lat' dir='ltr'><strong>Momenfi,</strong></span> <span class='ocrx_word' id='word_1_458' title='bbox 660 3754 775 3785; x_wconf 88' lang='lat' dir='ltr'><strong>Comiti</strong></span> <span class='ocrx_word' id='word_1_459' title='bbox 795 3754 823 3782; x_wconf 89' lang='lat' dir='ltr'><strong>in</strong></span> <span class='ocrx_word' id='word_1_460' title='bbox 839 3752 1063 3790; x_wconf 82' lang='lat' dir='ltr'><strong>Ravensbergh,</strong></span> <span class='ocrx_word' id='word_1_461' title='bbox 1079 3755 1113 3784; x_wconf 91' lang='lat'>&amp;</span> <span class='ocrx_word' id='word_1_462' title='bbox 1127 3751 1264 3782; x_wconf 88' lang='lat' dir='ltr'><strong>Domino</strong></span> 
     </span>
     <span class='ocr_line' id='line_1_99' title="bbox 206 3791 844 3833; baseline 0 -13"><span class='ocrx_word' id='word_1_463' title='bbox 206 3801 235 3820; x_wconf 84' lang='lat' dir='ltr'><strong>in</strong></span> <span class='ocrx_word' id='word_1_464' title='bbox 251 3791 459 3833; x_wconf 82' lang='lat' dir='ltr'><strong>Blankenberg‚</strong></span> <span class='ocrx_word' id='word_1_465' title='bbox 479 3793 602 3824; x_wconf 75' lang='lat' dir='ltr'><strong>Salutem</strong></span> <span class='ocrx_word' id='word_1_466' title='bbox 617 3792 650 3822; x_wconf 91' lang='lat'>&amp;</span> <span class='ocrx_word' id='word_1_467' title='bbox 668 3791 844 3822; x_wconf 85' lang='lat' dir='ltr'><strong>Amicitiam.</strong></span> 
     </span>
    </p>

    <p class='ocr_par' dir='ltr' id='par_1_59' title="bbox 246 3829 794 3869">
     <span class='ocr_line' id='line_1_100' title="bbox 246 3829 794 3869; baseline 0.002 -11"><span class='ocrx_word' id='word_1_468' title='bbox 246 3829 376 3868; x_wconf 76' lang='lat' dir='ltr'><strong>Pridem,</strong></span> <span class='ocrx_word' id='word_1_469' title='bbox 395 3843 443 3869; x_wconf 87' lang='lat' dir='ltr'><strong>per</strong></span> <span class='ocrx_word' id='word_1_470' title='bbox 456 3840 544 3862; x_wconf 89' lang='lat' dir='ltr'><strong>certas</strong></span> <span class='ocrx_word' id='word_1_471' title='bbox 557 3829 659 3860; x_wconf 90' lang='lat' dir='ltr'><strong>vestras</strong></span> <span class='ocrx_word' id='word_1_472' title='bbox 675 3830 794 3866; x_wconf 79' lang='lat' dir='ltr'><strong>Lireras,</strong></span> 
     </span>
    </p>

    <p class='ocr_par' dir='ltr' id='par_1_60' title="bbox 248 3867 896 3908">
     <span class='ocr_line' id='line_1_101' title="bbox 248 3867 896 3908; baseline -0.003 -10"><span class='ocrx_word' id='word_1_473' title='bbox 248 3867 346 3898; x_wconf 81' lang='lat' dir='ltr'><strong>Nobis</strong></span> <span class='ocrx_word' id='word_1_474' title='bbox 355 3892 364 3907; x_wconf 91' lang='lat'><strong>,</strong></span> <span class='ocrx_word' id='word_1_475' title='bbox 381 3871 408 3899; x_wconf 90' lang='lat' dir='ltr'><strong>in</strong></span> <span class='ocrx_word' id='word_1_476' title='bbox 423 3869 525 3900; x_wconf 89' lang='lat' dir='ltr'><strong>Castro</strong></span> <span class='ocrx_word' id='word_1_477' title='bbox 538 3867 637 3899; x_wconf 90' lang='lat' dir='ltr'><strong>nostro</strong></span> <span class='ocrx_word' id='word_1_478' title='bbox 649 3868 685 3899; x_wconf 89' lang='lat' dir='ltr'><strong>de</strong></span> <span class='ocrx_word' id='word_1_479' title='bbox 699 3867 896 3908; x_wconf 77' lang='lat' dir='ltr'><strong>Wyndesore,</strong></span> 
     </span>
    </p>

    <p class='ocr_par' dir='ltr' id='par_1_61' title="bbox 209 3902 1270 4098">
     <span class='ocr_line' id='line_1_102' title="bbox 247 3902 1266 3945; baseline -0.001 -10"><span class='ocrx_word' id='word_1_480' title='bbox 247 3905 303 3936; x_wconf 83' lang='lat' dir='ltr'><strong>Per</strong></span> <span class='ocrx_word' id='word_1_481' title='bbox 320 3906 424 3937; x_wconf 84' lang='lat' dir='ltr'><strong>Fideles</strong></span> <span class='ocrx_word' id='word_1_482' title='bbox 437 3907 566 3945; x_wconf 85' lang='lat' dir='ltr'><strong>vestros,</strong></span> <span class='ocrx_word' id='word_1_483' title='bbox 581 3906 758 3941; x_wconf 75' lang='lat' dir='ltr'><strong>Tylmannum</strong></span> <span class='ocrx_word' id='word_1_484' title='bbox 768 3907 800 3935; x_wconf 87' lang='lat' dir='ltr'><strong>de</strong></span> <span class='ocrx_word' id='word_1_485' title='bbox 819 3904 1015 3942; x_wconf 80' lang='lat' dir='ltr'><strong>Smalembourg</strong></span> <span class='ocrx_word' id='word_1_486' title='bbox 1036 3904 1187 3936; x_wconf 78' lang='lat' dir='ltr'><strong>Decanum</strong></span> <span class='ocrx_word' id='word_1_487' title='bbox 1207 3902 1266 3934; x_wconf 86' lang='lat' dir='ltr'><strong>Ec-</strong></span> 
     </span>
     <span class='ocr_line' id='line_1_103' title="bbox 211 3941 1270 3981; baseline -0.004 -6"><span class='ocrx_word' id='word_1_488' title='bbox 211 3944 302 3975; x_wconf 84' lang='lat' dir='ltr'><strong>clesiae</strong></span> <span class='ocrx_word' id='word_1_489' title='bbox 317 3945 404 3974; x_wconf 86' lang='lat' dir='ltr'><strong>beatae</strong></span> <span class='ocrx_word' id='word_1_490' title='bbox 419 3945 522 3975; x_wconf 82' lang='lat' dir='ltr'><strong>Mariae</strong></span> <span class='ocrx_word' id='word_1_491' title='bbox 534 3945 568 3974; x_wconf 93' lang='lat' dir='ltr'><strong>ad</strong></span> <span class='ocrx_word' id='word_1_492' title='bbox 583 3945 683 3979; x_wconf 67' lang='lat' dir='ltr'><strong>gradus</strong></span> <span class='ocrx_word' id='word_1_493' title='bbox 695 3945 832 3975; x_wconf 75' lang='lat' dir='ltr'><strong>Coloniae</strong></span> <span class='ocrx_word' id='word_1_494' title='bbox 841 3968 850 3981; x_wconf 88' lang='lat'><strong>,</strong></span> <span class='ocrx_word' id='word_1_495' title='bbox 863 3943 1024 3981; x_wconf 73' lang='lat' dir='ltr'><strong>Johannem</strong></span> <span class='ocrx_word' id='word_1_496' title='bbox 1035 3943 1066 3972; x_wconf 84' lang='lat' dir='ltr'><strong>de</strong></span> <span class='ocrx_word' id='word_1_497' title='bbox 1079 3947 1180 3973; x_wconf 80' lang='lat' dir='ltr'><strong>Arena</strong></span> <span class='ocrx_word' id='word_1_498' title='bbox 1191 3941 1270 3972; x_wconf 77' lang='lat' dir='ltr'><strong>Prae-</strong></span> 
     </span>
     <span class='ocr_line' id='line_1_104' title="bbox 211 3980 1268 4021; baseline -0.002 -9"><span class='ocrx_word' id='word_1_499' title='bbox 211 3983 334 4021; x_wconf 82' lang='lat' dir='ltr'><strong>positum</strong></span> <span class='ocrx_word' id='word_1_500' title='bbox 358 3982 643 4021; x_wconf 82' lang='lat' dir='ltr'><strong>Duffeldorpensem,</strong></span> <span class='ocrx_word' id='word_1_501' title='bbox 659 3982 835 4014; x_wconf 83' lang='lat' dir='ltr'><strong>Willielmum</strong></span> <span class='ocrx_word' id='word_1_502' title='bbox 857 3981 936 4011; x_wconf 86' lang='lat' dir='ltr'><strong>stae!</strong></span> <span class='ocrx_word' id='word_1_503' title='bbox 955 3981 1081 4011; x_wconf 82' lang='lat' dir='ltr'><strong>Militem</strong></span> <span class='ocrx_word' id='word_1_504' title='bbox 1097 3980 1268 4018; x_wconf 69' lang='lat' dir='ltr'><strong>Magistrum</strong></span> 
     </span>
     <span class='ocr_line' id='line_1_105' title="bbox 209 4019 1270 4061; baseline -0.003 -10"><span class='ocrx_word' id='word_1_505' title='bbox 209 4020 310 4052; x_wconf 86' lang='lat' dir='ltr'><strong>Curiae</strong></span> <span class='ocrx_word' id='word_1_506' title='bbox 330 4019 448 4057; x_wconf 87' lang='lat' dir='ltr'><strong>vestrae,</strong></span> <span class='ocrx_word' id='word_1_507' title='bbox 466 4022 499 4050; x_wconf 90' lang='lat'>&amp;</span> <span class='ocrx_word' id='word_1_508' title='bbox 520 4020 679 4058; x_wconf 85' lang='lat' dir='ltr'><strong>Johannem</strong></span> <span class='ocrx_word' id='word_1_509' title='bbox 702 4019 898 4061; x_wconf 64' lang='lat' dir='ltr'><strong>Wynkelbulen</strong></span> <span class='ocrx_word' id='word_1_510' title='bbox 915 4020 1115 4060; x_wconf 84' lang='lat' dir='ltr'><strong>Armigerum‚</strong></span> <span class='ocrx_word' id='word_1_511' title='bbox 1133 4019 1270 4052; x_wconf 83' lang='lat' dir='ltr'><strong>Nuncios</strong></span> 
     </span>
     <span class='ocr_line' id='line_1_106' title="bbox 210 4057 630 4098; baseline 0 -7"><span class='ocrx_word' id='word_1_512' title='bbox 210 4059 247 4091; x_wconf 83' lang='lat' dir='ltr'><strong>ad</strong></span> <span class='ocrx_word' id='word_1_513' title='bbox 260 4059 319 4091; x_wconf 90' lang='lat' dir='ltr'><strong>hoc</strong></span> <span class='ocrx_word' id='word_1_514' title='bbox 332 4068 383 4098; x_wconf 86' lang='lat' dir='ltr'><strong>per</strong></span> <span class='ocrx_word' id='word_1_515' title='bbox 397 4068 449 4091; x_wconf 84' lang='lat' dir='ltr'><strong>vos</strong></span> <span class='ocrx_word' id='word_1_516' title='bbox 463 4057 630 4098; x_wconf 82' lang='lat' dir='ltr'><strong>destinatos,</strong></span> 
     </span>
    </p>
   </div>
   <div class='ocr_carea' id='block_1_27' title="bbox 623 142 1435 194">
    <p class='ocr_par' dir='ltr' id='par_1_62' title="bbox 623 142 1435 194">
     <span class='ocr_line' id='line_1_107' title="bbox 623 142 1435 194; baseline -0.015 0"><span class='ocrx_word' id='word_1_517' title='bbox 623 152 662 194; x_wconf 79' lang='lat'><strong>(3</strong></span> <span class='ocrx_word' id='word_1_518' title='bbox 693 152 734 193; x_wconf 90' lang='lat'><strong>()</strong></span> <span class='ocrx_word' id='word_1_519' title='bbox 763 151 809 191; x_wconf 51' lang='lat' dir='ltr'><strong>DQ</strong></span> <span class='ocrx_word' id='word_1_520' title='bbox 839 149 878 192; x_wconf 66' lang='lat' dir='ltr'><strong>il</strong></span> <span class='ocrx_word' id='word_1_521' title='bbox 910 148 942 189; x_wconf 71' lang='lat'><strong>13</strong></span> <span class='ocrx_word' id='word_1_522' title='bbox 969 147 1016 190; x_wconf 61' lang='lat' dir='ltr'><strong>ti</strong></span> <span class='ocrx_word' id='word_1_523' title='bbox 1042 145 1083 188; x_wconf 70' lang='grc' dir='ltr'><strong>ἿΓ</strong></span> <span class='ocrx_word' id='word_1_524' title='bbox 1111 145 1129 186; x_wconf 88' lang='lat'>1</span> <span class='ocrx_word' id='word_1_525' title='bbox 1159 144 1201 185; x_wconf 70' lang='lat'><strong>(3</strong></span> <span class='ocrx_word' id='word_1_526' title='bbox 1231 143 1273 185; x_wconf 53' lang='lat' dir='ltr'><strong>t«</strong></span> <span class='ocrx_word' id='word_1_527' title='bbox 1306 143 1341 184; x_wconf 67' lang='lat'><strong>13</strong></span> <span class='ocrx_word' id='word_1_528' title='bbox 1370 142 1394 183; x_wconf 93' lang='lat' dir='ltr'>S</span> <span class='ocrx_word' id='word_1_529' title='bbox 1422 174 1435 194; x_wconf 95' lang='lat'><strong>,</strong></span> 
     </span>
    </p>
   </div>
   <div class='ocr_carea' id='block_1_28' title="bbox 1495 138 1883 191">
    <p class='ocr_par' dir='ltr' id='par_1_63' title="bbox 1495 138 1883 191">
     <span class='ocr_line' id='line_1_108' title="bbox 1495 138 1883 191; baseline -0.005 -8"><span class='ocrx_word' id='word_1_530' title='bbox 1495 142 1528 183; x_wconf 53' lang='lat'><strong>12</strong></span> <span class='ocrx_word' id='word_1_531' title='bbox 1557 141 1576 182; x_wconf 96' lang='lat' dir='ltr'>I</span> <span class='ocrx_word' id='word_1_532' title='bbox 1604 140 1643 183; x_wconf 62' lang='lat' dir='ltr'><strong>it·</strong></span> <span class='ocrx_word' id='word_1_533' title='bbox 1672 140 1707 183; x_wconf 71' lang='lat'><strong>13</strong></span> <span class='ocrx_word' id='word_1_534' title='bbox 1733 139 1777 182; x_wconf 66' lang='lat'><strong>1³.</strong></span> <span class='ocrx_word' id='word_1_535' title='bbox 1805 138 1883 191; x_wconf 64' lang='lat'><strong>243,</strong></span> 
     </span>
    </p>
   </div>
   <div class='ocr_carea' id='block_1_29' title="bbox 1311 228 1505 267">
    <p class='ocr_par' dir='ltr' id='par_1_64' title="bbox 1311 228 1505 267">
     <span class='ocr_line' id='line_1_109' title="bbox 1311 228 1505 267; baseline 0 -8"><span class='ocrx_word' id='word_1_536' title='bbox 1311 228 1505 267; x_wconf 78' lang='lat' dir='ltr'><strong>Praesentatas,</strong></span> 
     </span>
    </p>
   </div>
   <div class='ocr_carea' id='block_1_30' title="bbox 2360 226 2492 265">
    <p class='ocr_par' dir='ltr' id='par_1_65' title="bbox 2360 226 2492 265">
     <span class='ocr_line' id='line_1_110' title="bbox 2360 226 2492 265; baseline 0.008 -6"><span class='ocrx_word' id='word_1_537' title='bbox 2360 226 2437 260; x_wconf 84' lang='lat' dir='ltr'><strong>Ann.</strong></span> <span class='ocrx_word' id='word_1_538' title='bbox 2450 229 2492 265; x_wconf 73' lang='lat' dir='ltr'><strong>D.</strong></span> 
     </span>
    </p>
   </div>
   <div class='ocr_carea' id='block_1_31' title="bbox 1272 262 2489 344">
    <p class='ocr_par' dir='ltr' id='par_1_66' title="bbox 1272 262 2489 344">
     <span class='ocr_line' id='line_1_111' title="bbox 1311 262 2489 312; baseline 0 -13"><span class='ocrx_word' id='word_1_539' title='bbox 1311 267 1479 312; x_wconf 71' lang='lat' dir='ltr'><strong>significare</strong></span> <span class='ocrx_word' id='word_1_540' title='bbox 1499 265 1615 311; x_wconf 58' lang='lat' dir='ltr'><strong>curastis</strong></span> <span class='ocrx_word' id='word_1_541' title='bbox 1632 265 1750 310; x_wconf 66' lang='lat' dir='ltr'><strong>qualiter</strong></span> <span class='ocrx_word' id='word_1_542' title='bbox 1772 264 1922 295; x_wconf 88' lang='lat' dir='ltr'><strong>nobiscum</strong></span> <span class='ocrx_word' id='word_1_543' title='bbox 1941 262 2069 308; x_wconf 81' lang='lat' dir='ltr'><strong>colligari</strong></span> <span class='ocrx_word' id='word_1_544' title='bbox 2081 263 2283 305; x_wconf 75' lang='lat' dir='ltr'><strong>defideraretis,</strong></span> <span class='ocrx_word' id='word_1_545' title='bbox 2303 265 2336 298; x_wconf 76' lang='grc' dir='ltr'><strong>δε</strong></span> <span class='ocrx_word' id='word_1_546' title='bbox 2380 276 2464 308; x_wconf 85' lang='lat'><strong>1399.</strong></span> <span class='ocrx_word' id='word_1_547' title='bbox 2486 274 2489 278; x_wconf 74' lang='grc'><em>’</em></span> 
     </span>
     <span class='ocr_line' id='line_1_112' title="bbox 1272 301 2458 344; baseline -0.001 -7"><span class='ocrx_word' id='word_1_548' title='bbox 1272 305 1390 337; x_wconf 76' lang='lat' dir='ltr'><strong>Servitia</strong></span> <span class='ocrx_word' id='word_1_549' title='bbox 1404 305 1496 337; x_wconf 88' lang='lat' dir='ltr'><strong>vestra</strong></span> <span class='ocrx_word' id='word_1_550' title='bbox 1508 304 1626 343; x_wconf 85' lang='lat' dir='ltr'><strong>Nobis,</strong></span> <span class='ocrx_word' id='word_1_551' title='bbox 1643 313 1693 343; x_wconf 90' lang='lat' dir='ltr'><strong>per</strong></span> <span class='ocrx_word' id='word_1_552' title='bbox 1708 303 1804 335; x_wconf 60' lang='lat' dir='ltr'><strong>diuos</strong></span> <span class='ocrx_word' id='word_1_553' title='bbox 1821 302 1928 336; x_wconf 85' lang='lat' dir='ltr'><strong>vestros</strong></span> <span class='ocrx_word' id='word_1_554' title='bbox 1949 301 1984 333; x_wconf 93' lang='lat' dir='ltr'>N</span> <span class='ocrx_word' id='word_1_555' title='bbox 1986 312 2085 333; x_wconf 83' lang='lat' dir='ltr'><strong>uncios</strong></span> <span class='ocrx_word' id='word_1_556' title='bbox 2091 326 2102 342; x_wconf 88' lang='lat'>‚</span> <span class='ocrx_word' id='word_1_557' title='bbox 2121 304 2155 335; x_wconf 93' lang='lat' dir='ltr'><strong>ad</strong></span> <span class='ocrx_word' id='word_1_558' title='bbox 2175 305 2234 338; x_wconf 88' lang='lat' dir='ltr'><strong>hoc</strong></span> <span class='ocrx_word' id='word_1_559' title='bbox 2255 314 2339 344; x_wconf 87' lang='lat' dir='ltr'><strong>pote·</strong></span> <span class='ocrx_word' id='word_1_560' title='bbox 2358 309 2410 336; x_wconf 80' lang='lat' dir='ltr'><strong>Ric.</strong></span> <span class='ocrx_word' id='word_1_561' title='bbox 2431 317 2458 337; x_wconf 84' lang='lat'><strong>2.</strong></span> 
     </span>
    </p>
   </div>
   <div class='ocr_carea' id='block_1_32' title="bbox 1270 342 2349 1933">
    <p class='ocr_par' dir='ltr' id='par_1_67' title="bbox 1273 342 1660 422">
     <span class='ocr_line' id='line_1_113' title="bbox 1273 342 1660 414; baseline -0.008 -38"><span class='ocrx_word' id='word_1_562' title='bbox 1273 345 1346 414; x_wconf 50' lang='lat' dir='ltr'><strong>staffl</strong></span> <span class='ocrx_word' id='word_1_563' title='bbox 1356 344 1487 383; x_wconf 90' lang='lat' dir='ltr'><strong>fulcitos,</strong></span> <span class='ocrx_word' id='word_1_564' title='bbox 1505 342 1660 375; x_wconf 82' lang='lat' dir='ltr'><strong>obtulistis:</strong></span> 
     </span>
     <span class='ocr_line' id='line_1_114' title="bbox 1348 394 1399 422; baseline 0 -8"><span class='ocrx_word' id='word_1_565' title='bbox 1348 394 1399 422; x_wconf 82' lang='lat' dir='ltr'><strong>os,</strong></span> 
     </span>
    </p>

    <p class='ocr_par' dir='ltr' id='par_1_68' title="bbox 1310 419 2244 461">
     <span class='ocr_line' id='line_1_115' title="bbox 1310 419 2244 461; baseline -0.001 -8"><span class='ocrx_word' id='word_1_566' title='bbox 1310 422 1512 453; x_wconf 86' lang='lat' dir='ltr'><strong>Devotionern</strong></span> <span class='ocrx_word' id='word_1_567' title='bbox 1530 420 1654 452; x_wconf 88' lang='lat' dir='ltr'><strong>vestram</strong></span> <span class='ocrx_word' id='word_1_568' title='bbox 1668 421 1697 450; x_wconf 90' lang='lat' dir='ltr'><strong>in</strong></span> <span class='ocrx_word' id='word_1_569' title='bbox 1711 430 1743 451; x_wconf 92' lang='lat' dir='ltr'><strong>ea</strong></span> <span class='ocrx_word' id='word_1_570' title='bbox 1757 427 1835 458; x_wconf 86' lang='lat' dir='ltr'><strong>parte</strong></span> <span class='ocrx_word' id='word_1_571' title='bbox 1849 419 1990 450; x_wconf 84' lang='lat' dir='ltr'><strong>laudantes</strong></span> <span class='ocrx_word' id='word_1_572' title='bbox 2004 420 2038 451; x_wconf 68' lang='grc' dir='ltr'><strong>ὃς</strong></span> <span class='ocrx_word' id='word_1_573' title='bbox 2052 427 2244 461; x_wconf 83' lang='lat' dir='ltr'><strong>acceptantes,</strong></span> 
     </span>
    </p>

    <p class='ocr_par' dir='ltr' id='par_1_69' title="bbox 1270 456 2344 761">
     <span class='ocr_line' id='line_1_116' title="bbox 1311 456 2338 500; baseline -0.001 -9"><span class='ocrx_word' id='word_1_574' title='bbox 1311 458 1391 492; x_wconf 88' lang='lat' dir='ltr'><strong>Cum</strong></span> <span class='ocrx_word' id='word_1_575' title='bbox 1406 461 1488 492; x_wconf 65' lang='lat' dir='ltr'><strong>dietis</strong></span> <span class='ocrx_word' id='word_1_576' title='bbox 1504 459 1601 491; x_wconf 85' lang='lat' dir='ltr'><strong>vestris</strong></span> <span class='ocrx_word' id='word_1_577' title='bbox 1616 459 1743 490; x_wconf 89' lang='lat' dir='ltr'><strong>Nunciis</strong></span> <span class='ocrx_word' id='word_1_578' title='bbox 1754 456 1991 490; x_wconf 87' lang='lat' dir='ltr'><strong>concordavimus</strong></span> <span class='ocrx_word' id='word_1_579' title='bbox 2009 458 2107 496; x_wconf 85' lang='lat' dir='ltr'><strong>quod,</strong></span> <span class='ocrx_word' id='word_1_580' title='bbox 2126 459 2160 489; x_wconf 90' lang='lat' dir='ltr'><strong>ad</strong></span> <span class='ocrx_word' id='word_1_581' title='bbox 2178 460 2280 500; x_wconf 86' lang='lat' dir='ltr'><strong>instar,</strong></span> <span class='ocrx_word' id='word_1_582' title='bbox 2293 461 2338 493; x_wconf 90' lang='lat' dir='ltr'><strong>di-</strong></span> 
     </span>
     <span class='ocr_line' id='line_1_117' title="bbox 1273 495 2339 538; baseline -0.005 -9"><span class='ocrx_word' id='word_1_583' title='bbox 1273 499 1340 530; x_wconf 69' lang='lat' dir='ltr'><strong>lec‘ti</strong></span> <span class='ocrx_word' id='word_1_584' title='bbox 1359 500 1444 530; x_wconf 88' lang='lat' dir='ltr'><strong>nobis</strong></span> <span class='ocrx_word' id='word_1_585' title='bbox 1460 523 1470 538; x_wconf 92' lang='lat'><strong>,</strong></span> <span class='ocrx_word' id='word_1_586' title='bbox 1496 497 1642 529; x_wconf 83' lang='lat' dir='ltr'><strong>Willielmi</strong></span> <span class='ocrx_word' id='word_1_587' title='bbox 1661 497 1760 528; x_wconf 77' lang='lat' dir='ltr'><strong>Gelriae</strong></span> <span class='ocrx_word' id='word_1_588' title='bbox 1781 496 1819 532; x_wconf 68' lang='lat'><strong>&amp;⁴</strong></span> <span class='ocrx_word' id='word_1_589' title='bbox 1835 495 1943 535; x_wconf 83' lang='lat' dir='ltr'><strong>Juliaci</strong></span> <span class='ocrx_word' id='word_1_590' title='bbox 1961 500 2045 527; x_wconf 84' lang='lat' dir='ltr'><strong>Ducis</strong></span> <span class='ocrx_word' id='word_1_591' title='bbox 2063 498 2096 528; x_wconf 74' lang='grc' dir='ltr'><strong>δε</strong></span> <span class='ocrx_word' id='word_1_592' title='bbox 2116 496 2226 530; x_wconf 88' lang='lat' dir='ltr'><strong>Comes</strong></span> <span class='ocrx_word' id='word_1_593' title='bbox 2245 499 2339 531; x_wconf 80' lang='lat' dir='ltr'><strong>Sutfa.</strong></span> 
     </span>
     <span class='ocr_line' id='line_1_118' title="bbox 1273 535 2340 577; baseline -0.002 -8"><span class='ocrx_word' id='word_1_594' title='bbox 1273 539 1345 577; x_wconf 82' lang='lat' dir='ltr'><strong>niae,</strong></span> <span class='ocrx_word' id='word_1_595' title='bbox 1364 537 1574 577; x_wconf 64' lang='lat' dir='ltr'><strong>Confinguinei</strong></span> <span class='ocrx_word' id='word_1_596' title='bbox 1592 536 1699 574; x_wconf 80' lang='lat' dir='ltr'><strong>nostri,</strong></span> <span class='ocrx_word' id='word_1_597' title='bbox 1717 536 1800 567; x_wconf 84' lang='lat' dir='ltr'><strong>nobis</strong></span> <span class='ocrx_word' id='word_1_598' title='bbox 1817 535 1955 566; x_wconf 83' lang='lat' dir='ltr'><strong>deberetis</strong></span> <span class='ocrx_word' id='word_1_599' title='bbox 1972 535 2116 574; x_wconf 87' lang='lat' dir='ltr'><strong>colligari,</strong></span> <span class='ocrx_word' id='word_1_600' title='bbox 2136 538 2170 569; x_wconf 92' lang='lat'>&amp;</span> <span class='ocrx_word' id='word_1_601' title='bbox 2186 547 2290 569; x_wconf 75' lang='lat' dir='ltr'><strong>eittunc</strong></span> <span class='ocrx_word' id='word_1_602' title='bbox 2304 538 2340 569; x_wconf 85' lang='lat' dir='ltr'><strong>ad</strong></span> 
     </span>
     <span class='ocr_line' id='line_1_119' title="bbox 1273 573 2341 616; baseline 0.001 -9"><span class='ocrx_word' id='word_1_603' title='bbox 1273 576 1460 607; x_wconf 89' lang='lat' dir='ltr'><strong>Serviendum</strong></span> <span class='ocrx_word' id='word_1_604' title='bbox 1480 577 1562 606; x_wconf 86' lang='lat' dir='ltr'><strong>nobis</strong></span> <span class='ocrx_word' id='word_1_605' title='bbox 1575 575 1696 614; x_wconf 87' lang='lat' dir='ltr'><strong>obligari</strong></span> <span class='ocrx_word' id='word_1_606' title='bbox 1712 599 1722 612; x_wconf 79' lang='lat'><strong>‚</strong></span> <span class='ocrx_word' id='word_1_607' title='bbox 1752 582 1836 614; x_wconf 87' lang='lat' dir='ltr'><strong>prout</strong></span> <span class='ocrx_word' id='word_1_608' title='bbox 1855 574 1964 612; x_wconf 86' lang='lat' dir='ltr'><strong>praefati</strong></span> <span class='ocrx_word' id='word_1_609' title='bbox 1982 573 2067 606; x_wconf 88' lang='lat' dir='ltr'><strong>vestri</strong></span> <span class='ocrx_word' id='word_1_610' title='bbox 2085 575 2119 605; x_wconf 92' lang='lat' dir='ltr'>N</span> <span class='ocrx_word' id='word_1_611' title='bbox 2123 577 2199 606; x_wconf 90' lang='lat' dir='ltr'><strong>uncii</strong></span> <span class='ocrx_word' id='word_1_612' title='bbox 2215 601 2224 616; x_wconf 83' lang='lat'><strong>,</strong></span> <span class='ocrx_word' id='word_1_613' title='bbox 2252 576 2286 606; x_wconf 87' lang='lat' dir='ltr'><strong>ad</strong></span> <span class='ocrx_word' id='word_1_614' title='bbox 2311 577 2341 608; x_wconf 88' lang='lat' dir='ltr'><strong>id</strong></span> 
     </span>
     <span class='ocr_line' id='line_1_120' title="bbox 1273 612 2344 652; baseline 0 -6"><span class='ocrx_word' id='word_1_615' title='bbox 1273 614 1448 647; x_wconf 87' lang='lat' dir='ltr'><strong>Potestatern</strong></span> <span class='ocrx_word' id='word_1_616' title='bbox 1473 615 1607 645; x_wconf 87' lang='lat' dir='ltr'><strong>habentes</strong></span> <span class='ocrx_word' id='word_1_617' title='bbox 1633 613 1897 652; x_wconf 87' lang='lat' dir='ltr'><strong>(quemadmodum</strong></span> <span class='ocrx_word' id='word_1_618' title='bbox 1922 612 2084 644; x_wconf 85' lang='lat' dir='ltr'><strong>Patentibus</strong></span> <span class='ocrx_word' id='word_1_619' title='bbox 2111 614 2211 645; x_wconf 86' lang='lat' dir='ltr'><strong>Literis</strong></span> <span class='ocrx_word' id='word_1_620' title='bbox 2241 614 2344 652; x_wconf 83' lang='lat' dir='ltr'><strong>sigilio</strong></span> 
     </span>
     <span class='ocr_line' id='line_1_121' title="bbox 1273 651 2343 694; baseline 0 -9"><span class='ocrx_word' id='word_1_621' title='bbox 1273 654 1370 685; x_wconf 89' lang='lat' dir='ltr'><strong>vestro</strong></span> <span class='ocrx_word' id='word_1_622' title='bbox 1386 654 1503 694; x_wconf 87' lang='lat' dir='ltr'><strong>sigillatis</strong></span> <span class='ocrx_word' id='word_1_623' title='bbox 1521 652 1626 691; x_wconf 88' lang='lat' dir='ltr'><strong>patuit)</strong></span> <span class='ocrx_word' id='word_1_624' title='bbox 1647 651 1799 682; x_wconf 87' lang='lat' dir='ltr'><strong>Personam</strong></span> <span class='ocrx_word' id='word_1_625' title='bbox 1816 651 1937 682; x_wconf 85' lang='lat' dir='ltr'><strong>vestram</strong></span> <span class='ocrx_word' id='word_1_626' title='bbox 1952 651 2128 692; x_wconf 67' lang='lat' dir='ltr'><strong>obligarunt,</strong></span> <span class='ocrx_word' id='word_1_627' title='bbox 2145 653 2242 685; x_wconf 87' lang='lat' dir='ltr'><strong>medio</strong></span> <span class='ocrx_word' id='word_1_628' title='bbox 2259 655 2343 685; x_wconf 81' lang='lat' dir='ltr'><strong>etiam</strong></span> 
     </span>
     <span class='ocr_line' id='line_1_122' title="bbox 1270 689 2344 761; baseline 0 -37"><span class='ocrx_word' id='word_1_629' title='bbox 1270 693 1457 761; x_wconf 54' lang='lat' dir='ltr'><strong>Jusafffflffl’</strong></span> <span class='ocrx_word' id='word_1_630' title='bbox 1477 702 1527 731; x_wconf 90' lang='lat' dir='ltr'><strong>per</strong></span> <span class='ocrx_word' id='word_1_631' title='bbox 1543 699 1739 722; x_wconf 86' lang='lat' dir='ltr'><strong>memoratum</strong></span> <span class='ocrx_word' id='word_1_632' title='bbox 1753 690 1942 722; x_wconf 87' lang='lat' dir='ltr'><strong>Tilmannum</strong></span> <span class='ocrx_word' id='word_1_633' title='bbox 1960 689 2114 722; x_wconf 86' lang='lat' dir='ltr'><strong>Decanum</strong></span> <span class='ocrx_word' id='word_1_634' title='bbox 2129 692 2212 723; x_wconf 83' lang='lat' dir='ltr'><strong>vestri</strong></span> <span class='ocrx_word' id='word_1_635' title='bbox 2223 693 2344 725; x_wconf 86' lang='lat' dir='ltr'><strong>nomine</strong></span> 
     </span>
    </p>

    <p class='ocr_par' dir='ltr' id='par_1_70' title="bbox 1272 741 2345 965">
     <span class='ocr_line' id='line_1_123' title="bbox 1296 741 1420 770; baseline 0.008 -9"><span class='ocrx_word' id='word_1_636' title='bbox 1296 741 1333 762; x_wconf 54' lang='lat' dir='ltr'><strong>rie</strong></span> <span class='ocrx_word' id='word_1_637' title='bbox 1361 741 1420 770; x_wconf 73' lang='grc' dir='ltr'><strong>ΠΟ,</strong></span> 
     </span>
     <span class='ocr_line' id='line_1_124' title="bbox 1274 742 2342 808; baseline 0.002 -7"><span class='ocrx_word' id='word_1_638' title='bbox 1274 742 1294 773; x_wconf 76' lang='grc' dir='ltr'>Ρ</span> <span class='ocrx_word' id='word_1_639' title='bbox 1313 770 1455 808; x_wconf 77' lang='lat' dir='ltr'><strong>Nosque,</strong></span> <span class='ocrx_word' id='word_1_640' title='bbox 1475 770 1575 807; x_wconf 86' lang='lat' dir='ltr'><strong>vobis,</strong></span> <span class='ocrx_word' id='word_1_641' title='bbox 1593 778 1624 799; x_wconf 86' lang='lat' dir='ltr'><strong>ea</strong></span> <span class='ocrx_word' id='word_1_642' title='bbox 1636 775 1769 807; x_wconf 77' lang='lat' dir='ltr'><strong>propter,</strong></span> <span class='ocrx_word' id='word_1_643' title='bbox 1785 767 1814 798; x_wconf 92' lang='lat' dir='ltr'><strong>in</strong></span> <span class='ocrx_word' id='word_1_644' title='bbox 1830 767 1977 806; x_wconf 84' lang='lat' dir='ltr'><strong>Feudum,</strong></span> <span class='ocrx_word' id='word_1_645' title='bbox 1996 767 2208 805; x_wconf 63' lang='lat' dir='ltr'><strong>Affiqnavimus</strong></span> <span class='ocrx_word' id='word_1_646' title='bbox 2225 771 2342 803; x_wconf 86' lang='lat' dir='ltr'><strong>Annua-</strong></span> 
     </span>
     <span class='ocr_line' id='line_1_125' title="bbox 1272 805 2345 846; baseline 0.001 -6"><span class='ocrx_word' id='word_1_647' title='bbox 1272 809 1328 840; x_wconf 88' lang='lat' dir='ltr'><strong>tim</strong></span> <span class='ocrx_word' id='word_1_648' title='bbox 1346 809 1428 839; x_wconf 89' lang='lat' dir='ltr'><strong>Mille</strong></span> <span class='ocrx_word' id='word_1_649' title='bbox 1450 809 1549 839; x_wconf 84' lang='lat' dir='ltr'><strong>Libras</strong></span> <span class='ocrx_word' id='word_1_650' title='bbox 1567 808 1796 845; x_wconf 75' lang='lat' dir='ltr'><strong>sterlingorum,</strong></span> <span class='ocrx_word' id='word_1_651' title='bbox 1816 807 1844 836; x_wconf 92' lang='lat' dir='ltr'><strong>in</strong></span> <span class='ocrx_word' id='word_1_652' title='bbox 1863 805 1988 836; x_wconf 89' lang='lat' dir='ltr'><strong>Duobus</strong></span> <span class='ocrx_word' id='word_1_653' title='bbox 2009 807 2150 838; x_wconf 85' lang='lat' dir='ltr'><strong>Terminis</strong></span> <span class='ocrx_word' id='word_1_654' title='bbox 2171 808 2297 846; x_wconf 84' lang='lat' dir='ltr'><strong>(scilicet)</strong></span> <span class='ocrx_word' id='word_1_655' title='bbox 2312 812 2345 840; x_wconf 87' lang='lat' dir='ltr'><strong>in</strong></span> 
     </span>
     <span class='ocr_line' id='line_1_126' title="bbox 1276 844 2344 882; baseline 0 -3"><span class='ocrx_word' id='word_1_656' title='bbox 1276 847 1363 879; x_wconf 86' lang='lat' dir='ltr'><strong>Festis</strong></span> <span class='ocrx_word' id='word_1_657' title='bbox 1378 847 1475 878; x_wconf 59' lang='lat' dir='ltr'><strong>saneti</strong></span> <span class='ocrx_word' id='word_1_658' title='bbox 1489 846 1638 878; x_wconf 86' lang='lat' dir='ltr'><strong>Michaelis</strong></span> <span class='ocrx_word' id='word_1_659' title='bbox 1652 847 1685 878; x_wconf 90' lang='lat'>&amp;</span> <span class='ocrx_word' id='word_1_660' title='bbox 1705 845 1838 882; x_wconf 81' lang='lat' dir='ltr'><strong>Paschae,</strong></span> <span class='ocrx_word' id='word_1_661' title='bbox 1854 855 1903 882; x_wconf 84' lang='lat' dir='ltr'><strong>per</strong></span> <span class='ocrx_word' id='word_1_662' title='bbox 1915 844 2034 882; x_wconf 85' lang='lat' dir='ltr'><strong>aequales</strong></span> <span class='ocrx_word' id='word_1_663' title='bbox 2049 845 2198 877; x_wconf 83' lang='lat' dir='ltr'><strong>Portiones</strong></span> <span class='ocrx_word' id='word_1_664' title='bbox 2233 847 2344 879; x_wconf 78' lang='lat' dir='ltr'><strong>solven-</strong></span> 
     </span>
     <span class='ocr_line' id='line_1_127' title="bbox 1274 870 2345 923; baseline 0.001 -6"><span class='ocrx_word' id='word_1_665' title='bbox 1274 886 1322 917; x_wconf 89' lang='lat' dir='ltr'><strong>das</strong></span> <span class='ocrx_word' id='word_1_666' title='bbox 1348 886 1381 918; x_wconf 88' lang='lat' dir='ltr'><strong>ad</strong></span> <span class='ocrx_word' id='word_1_667' title='bbox 1408 885 1505 917; x_wconf 81' lang='lat' dir='ltr'><strong>Vitam</strong></span> <span class='ocrx_word' id='word_1_668' title='bbox 1529 887 1652 917; x_wconf 90' lang='lat' dir='ltr'><strong>vestram</strong></span> <span class='ocrx_word' id='word_1_669' title='bbox 1669 907 1679 923; x_wconf 92' lang='lat'><strong>,</strong></span> <span class='ocrx_word' id='word_1_670' title='bbox 1710 883 1790 914; x_wconf 83' lang='lat' dir='ltr'><strong>sicuti</strong></span> <span class='ocrx_word' id='word_1_671' title='bbox 1805 883 1886 914; x_wconf 62' lang='lat' dir='ltr'><strong>dieto</strong></span> <span class='ocrx_word' id='word_1_672' title='bbox 1906 883 2066 915; x_wconf 88' lang='lat' dir='ltr'><strong>Willielmo</strong></span> <span class='ocrx_word' id='word_1_673' title='bbox 2085 884 2166 915; x_wconf 91' lang='lat' dir='ltr'><strong>Duci</strong></span> <span class='ocrx_word' id='word_1_674' title='bbox 2185 870 2295 917; x_wconf 62' lang='lat' dir='ltr'><strong>delriae</strong></span> <span class='ocrx_word' id='word_1_675' title='bbox 2310 888 2345 918; x_wconf 72' lang='grc' dir='ltr'><strong>δε</strong></span> 
     </span>
     <span class='ocr_line' id='line_1_128' title="bbox 1272 921 2207 965; baseline -0.002 -9"><span class='ocrx_word' id='word_1_676' title='bbox 1272 925 1375 965; x_wconf 86' lang='lat' dir='ltr'><strong>Juliaci</strong></span> <span class='ocrx_word' id='word_1_677' title='bbox 1394 935 1427 956; x_wconf 88' lang='lat' dir='ltr'><strong>ac</strong></span> <span class='ocrx_word' id='word_1_678' title='bbox 1443 924 1558 955; x_wconf 89' lang='lat' dir='ltr'><strong>Comiti</strong></span> <span class='ocrx_word' id='word_1_679' title='bbox 1577 924 1711 955; x_wconf 83' lang='lat' dir='ltr'><strong>Sutfaniae</strong></span> <span class='ocrx_word' id='word_1_680' title='bbox 1731 921 1922 953; x_wconf 81' lang='lat' dir='ltr'><strong>conceffimus</strong></span> <span class='ocrx_word' id='word_1_681' title='bbox 1940 924 1974 953; x_wconf 88' lang='lat'>&amp;</span> <span class='ocrx_word' id='word_1_682' title='bbox 1993 922 2207 963; x_wconf 85' lang='lat' dir='ltr'><strong>affignavimus,</strong></span> 
     </span>
    </p>

    <p class='ocr_par' dir='ltr' id='par_1_71' title="bbox 1279 960 2343 1042">
     <span class='ocr_line' id='line_1_129' title="bbox 1314 960 2343 1004; baseline 0 -9"><span class='ocrx_word' id='word_1_683' title='bbox 1314 964 1404 995; x_wconf 86' lang='lat' dir='ltr'><strong>Prout</strong></span> <span class='ocrx_word' id='word_1_684' title='bbox 1423 964 1451 994; x_wconf 94' lang='lat' dir='ltr'><strong>id</strong></span> <span class='ocrx_word' id='word_1_685' title='bbox 1461 987 1470 1002; x_wconf 93' lang='lat'><strong>,</strong></span> <span class='ocrx_word' id='word_1_686' title='bbox 1487 965 1516 993; x_wconf 89' lang='lat' dir='ltr'><strong>in</strong></span> <span class='ocrx_word' id='word_1_687' title='bbox 1537 964 1636 994; x_wconf 88' lang='lat' dir='ltr'><strong>Litcris</strong></span> <span class='ocrx_word' id='word_1_688' title='bbox 1649 960 1768 1000; x_wconf 87' lang='lat' dir='ltr'><strong>nostris,</strong></span> <span class='ocrx_word' id='word_1_689' title='bbox 1786 961 1898 999; x_wconf 90' lang='lat' dir='ltr'><strong>utrique</strong></span> <span class='ocrx_word' id='word_1_690' title='bbox 1914 960 2043 993; x_wconf 71' lang='lat' dir='ltr'><strong>vestrum</strong></span> <span class='ocrx_word' id='word_1_691' title='bbox 2056 962 2195 994; x_wconf 84' lang='lat' dir='ltr'><strong>conceffis</strong></span> <span class='ocrx_word' id='word_1_692' title='bbox 2208 973 2259 1002; x_wconf 81' lang='lat' dir='ltr'><strong>per</strong></span> <span class='ocrx_word' id='word_1_693' title='bbox 2272 974 2343 1004; x_wconf 80' lang='lat' dir='ltr'><strong>nos,</strong></span> 
     </span>
     <span class='ocr_line' id='line_1_130' title="bbox 1279 1003 1601 1042; baseline -0.006 -7"><span class='ocrx_word' id='word_1_694' title='bbox 1279 1003 1421 1035; x_wconf 89' lang='lat' dir='ltr'><strong>credimus</strong></span> <span class='ocrx_word' id='word_1_695' title='bbox 1441 1004 1601 1042; x_wconf 78' lang='lat' dir='ltr'><strong>contineri,</strong></span> 
     </span>
    </p>

    <p class='ocr_par' dir='ltr' id='par_1_72' title="bbox 1316 1041 1497 1079">
     <span class='ocr_line' id='line_1_131' title="bbox 1316 1041 1497 1079; baseline 0 -7"><span class='ocrx_word' id='word_1_696' title='bbox 1316 1041 1386 1072; x_wconf 92' lang='lat' dir='ltr'><strong>Nos</strong></span> <span class='ocrx_word' id='word_1_697' title='bbox 1408 1043 1497 1079; x_wconf 80' lang='lat' dir='ltr'><strong>vero,</strong></span> 
     </span>
    </p>

    <p class='ocr_par' dir='ltr' id='par_1_73' title="bbox 1278 1077 2349 1235">
     <span class='ocr_line' id='line_1_132' title="bbox 1316 1077 2348 1119; baseline 0.002 -8"><span class='ocrx_word' id='word_1_698' title='bbox 1316 1080 1502 1112; x_wconf 82' lang='lat' dir='ltr'><strong>Attendentes</strong></span> <span class='ocrx_word' id='word_1_699' title='bbox 1523 1079 1604 1119; x_wconf 80' lang='lat' dir='ltr'><strong>quod</strong></span> <span class='ocrx_word' id='word_1_700' title='bbox 1630 1078 1762 1119; x_wconf 80' lang='lat' dir='ltr'><strong>praefatus</strong></span> <span class='ocrx_word' id='word_1_701' title='bbox 1790 1077 1898 1109; x_wconf 86' lang='lat' dir='ltr'><strong>Gelriae</strong></span> <span class='ocrx_word' id='word_1_702' title='bbox 1922 1078 1956 1110; x_wconf 91' lang='lat'>&amp;</span> <span class='ocrx_word' id='word_1_703' title='bbox 1971 1077 2074 1118; x_wconf 87' lang='lat' dir='ltr'><strong>Juliaci</strong></span> <span class='ocrx_word' id='word_1_704' title='bbox 2094 1077 2166 1111; x_wconf 86' lang='lat' dir='ltr'><strong>Dux</strong></span> <span class='ocrx_word' id='word_1_705' title='bbox 2183 1089 2216 1111; x_wconf 89' lang='lat' dir='ltr'><strong>ac</strong></span> <span class='ocrx_word' id='word_1_706' title='bbox 2235 1079 2348 1113; x_wconf 87' lang='lat' dir='ltr'><strong>Comes</strong></span> 
     </span>
     <span class='ocr_line' id='line_1_133' title="bbox 1278 1117 2348 1157; baseline 0.001 -7"><span class='ocrx_word' id='word_1_707' title='bbox 1278 1118 1412 1150; x_wconf 82' lang='lat' dir='ltr'><strong>Sutfaniae</strong></span> <span class='ocrx_word' id='word_1_708' title='bbox 1425 1144 1434 1157; x_wconf 88' lang='lat'>‚</span> <span class='ocrx_word' id='word_1_709' title='bbox 1465 1120 1529 1150; x_wconf 75' lang='lat' dir='ltr'><strong>alias</strong></span> <span class='ocrx_word' id='word_1_710' title='bbox 1547 1129 1647 1150; x_wconf 85' lang='lat' dir='ltr'><strong>coram</strong></span> <span class='ocrx_word' id='word_1_711' title='bbox 1664 1118 1748 1149; x_wconf 86' lang='lat' dir='ltr'><strong>nobis</strong></span> <span class='ocrx_word' id='word_1_712' title='bbox 1766 1117 1942 1156; x_wconf 87' lang='lat' dir='ltr'><strong>personaliter</strong></span> <span class='ocrx_word' id='word_1_713' title='bbox 1960 1117 2130 1148; x_wconf 89' lang='lat' dir='ltr'><strong>constitutus</strong></span> <span class='ocrx_word' id='word_1_714' title='bbox 2143 1141 2154 1157; x_wconf 88' lang='lat'><strong>,</strong></span> <span class='ocrx_word' id='word_1_715' title='bbox 2181 1117 2348 1151; x_wconf 85' lang='lat' dir='ltr'><strong>Hominem</strong></span> 
     </span>
     <span class='ocr_line' id='line_1_134' title="bbox 1279 1155 2349 1196; baseline 0.002 -8"><span class='ocrx_word' id='word_1_716' title='bbox 1279 1157 1404 1196; x_wconf 84' lang='lat' dir='ltr'><strong>Ligeum</strong></span> <span class='ocrx_word' id='word_1_717' title='bbox 1424 1158 1554 1188; x_wconf 90' lang='lat' dir='ltr'><strong>nostrum</strong></span> <span class='ocrx_word' id='word_1_718' title='bbox 1574 1158 1599 1188; x_wconf 87' lang='lat' dir='ltr'><strong>se</strong></span> <span class='ocrx_word' id='word_1_719' title='bbox 1615 1158 1684 1189; x_wconf 89' lang='lat' dir='ltr'><strong>fecit</strong></span> <span class='ocrx_word' id='word_1_720' title='bbox 1703 1158 1736 1188; x_wconf 92' lang='lat'>&amp;</span> <span class='ocrx_word' id='word_1_721' title='bbox 1756 1155 1920 1194; x_wconf 86' lang='lat' dir='ltr'><strong>constituit,</strong></span> <span class='ocrx_word' id='word_1_722' title='bbox 1944 1166 1978 1187; x_wconf 85' lang='lat' dir='ltr'><strong>ac</strong></span> <span class='ocrx_word' id='word_1_723' title='bbox 1992 1155 2193 1195; x_wconf 89' lang='lat' dir='ltr'><strong>Juramentum</strong></span> <span class='ocrx_word' id='word_1_724' title='bbox 2211 1156 2349 1190; x_wconf 77' lang='lat' dir='ltr'><strong>Hominis</strong></span> 
     </span>
     <span class='ocr_line' id='line_1_135' title="bbox 1281 1194 2225 1235; baseline -0.002 -8"><span class='ocrx_word' id='word_1_725' title='bbox 1281 1196 1365 1234; x_wconf 82' lang='lat' dir='ltr'><strong>Ligei</strong></span> <span class='ocrx_word' id='word_1_726' title='bbox 1381 1197 1465 1228; x_wconf 90' lang='lat' dir='ltr'><strong>nobis</strong></span> <span class='ocrx_word' id='word_1_727' title='bbox 1483 1196 1610 1235; x_wconf 85' lang='lat' dir='ltr'><strong>praestitit</strong></span> <span class='ocrx_word' id='word_1_728' title='bbox 1631 1197 1742 1234; x_wconf 86' lang='lat' dir='ltr'><strong>propria</strong></span> <span class='ocrx_word' id='word_1_729' title='bbox 1762 1196 1790 1225; x_wconf 90' lang='lat' dir='ltr'><strong>in</strong></span> <span class='ocrx_word' id='word_1_730' title='bbox 1809 1194 1950 1232; x_wconf 83' lang='lat' dir='ltr'><strong>Persona,</strong></span> <span class='ocrx_word' id='word_1_731' title='bbox 1968 1204 1999 1226; x_wconf 86' lang='lat' dir='ltr'><strong>ut</strong></span> <span class='ocrx_word' id='word_1_732' title='bbox 2020 1195 2062 1225; x_wconf 90' lang='lat' dir='ltr'><strong>est</strong></span> <span class='ocrx_word' id='word_1_733' title='bbox 2079 1197 2182 1235; x_wconf 88' lang='lat' dir='ltr'><strong>moris,</strong></span> <span class='ocrx_word' id='word_1_734' title='bbox 2220 1200 2225 1206; x_wconf 87' lang='lat'>&#39;</span> 
     </span>
    </p>

    <p class='ocr_par' dir='ltr' id='par_1_74' title="bbox 1276 1232 2349 1430">
     <span class='ocr_line' id='line_1_136' title="bbox 1316 1232 2349 1275; baseline 0 -8"><span class='ocrx_word' id='word_1_735' title='bbox 1316 1235 1528 1274; x_wconf 84' lang='lat' dir='ltr'><strong>Decrevimus,</strong></span> <span class='ocrx_word' id='word_1_736' title='bbox 1547 1237 1576 1265; x_wconf 87' lang='lat' dir='ltr'><strong>in</strong></span> <span class='ocrx_word' id='word_1_737' title='bbox 1593 1234 1727 1265; x_wconf 86' lang='lat' dir='ltr'><strong>Generali</strong></span> <span class='ocrx_word' id='word_1_738' title='bbox 1746 1233 1845 1264; x_wconf 82' lang='lat' dir='ltr'><strong>nostro</strong></span> <span class='ocrx_word' id='word_1_739' title='bbox 1866 1232 2021 1272; x_wconf 77' lang='lat' dir='ltr'><strong>Concilio,</strong></span> <span class='ocrx_word' id='word_1_740' title='bbox 2040 1234 2122 1271; x_wconf 79' lang='lat' dir='ltr'><strong>quod</strong></span> <span class='ocrx_word' id='word_1_741' title='bbox 2140 1235 2173 1266; x_wconf 94' lang='lat'>&amp;</span> <span class='ocrx_word' id='word_1_742' title='bbox 2193 1245 2262 1274; x_wconf 87' lang='lat' dir='ltr'><strong>vos,</strong></span> <span class='ocrx_word' id='word_1_743' title='bbox 2280 1237 2349 1275; x_wconf 88' lang='lat' dir='ltr'><strong>qui,</strong></span> 
     </span>
     <span class='ocr_line' id='line_1_137' title="bbox 1277 1272 2347 1314; baseline 0 -9"><span class='ocrx_word' id='word_1_744' title='bbox 1277 1285 1332 1314; x_wconf 87' lang='lat' dir='ltr'><strong>pro</strong></span> <span class='ocrx_word' id='word_1_745' title='bbox 1352 1274 1452 1305; x_wconf 90' lang='lat' dir='ltr'><strong>Feudo</strong></span> <span class='ocrx_word' id='word_1_746' title='bbox 1466 1298 1476 1313; x_wconf 84' lang='lat'><strong>,</strong></span> <span class='ocrx_word' id='word_1_747' title='bbox 1501 1276 1529 1304; x_wconf 91' lang='lat' dir='ltr'><strong>in</strong></span> <span class='ocrx_word' id='word_1_748' title='bbox 1547 1274 1664 1305; x_wconf 88' lang='lat' dir='ltr'><strong>Summa</strong></span> <span class='ocrx_word' id='word_1_749' title='bbox 1682 1272 1766 1304; x_wconf 90' lang='lat' dir='ltr'><strong>Mille</strong></span> <span class='ocrx_word' id='word_1_750' title='bbox 1786 1272 1934 1303; x_wconf 86' lang='lat' dir='ltr'><strong>Librarum</strong></span> <span class='ocrx_word' id='word_1_751' title='bbox 1947 1296 1957 1310; x_wconf 88' lang='lat'><strong>,</strong></span> <span class='ocrx_word' id='word_1_752' title='bbox 1981 1282 2030 1310; x_wconf 89' lang='lat' dir='ltr'><strong>per</strong></span> <span class='ocrx_word' id='word_1_753' title='bbox 2045 1272 2114 1303; x_wconf 87' lang='lat' dir='ltr'><strong>Nos</strong></span> <span class='ocrx_word' id='word_1_754' title='bbox 2128 1275 2272 1304; x_wconf 88' lang='lat' dir='ltr'><strong>annuatim</strong></span> <span class='ocrx_word' id='word_1_755' title='bbox 2291 1275 2347 1305; x_wconf 89' lang='lat' dir='ltr'><strong>sol-</strong></span> 
     </span>
     <span class='ocr_line' id='line_1_138' title="bbox 1278 1310 2348 1350; baseline 0 -6"><span class='ocrx_word' id='word_1_756' title='bbox 1278 1313 1438 1344; x_wconf 88' lang='lat' dir='ltr'><strong>vendarum</strong></span> <span class='ocrx_word' id='word_1_757' title='bbox 1454 1335 1464 1350; x_wconf 86' lang='lat'>‚</span> <span class='ocrx_word' id='word_1_758' title='bbox 1493 1323 1561 1344; x_wconf 88' lang='lat' dir='ltr'><strong>cum</strong></span> <span class='ocrx_word' id='word_1_759' title='bbox 1588 1320 1750 1343; x_wconf 86' lang='lat' dir='ltr'><strong>memorato</strong></span> <span class='ocrx_word' id='word_1_760' title='bbox 1771 1310 1879 1341; x_wconf 78' lang='lat' dir='ltr'><strong>Gelriae</strong></span> <span class='ocrx_word' id='word_1_761' title='bbox 1903 1310 2053 1350; x_wconf 79' lang='lat' dir='ltr'><strong>&amp;juliaci</strong></span> <span class='ocrx_word' id='word_1_762' title='bbox 2073 1310 2161 1343; x_wconf 86' lang='lat' dir='ltr'><strong>Duce</strong></span> <span class='ocrx_word' id='word_1_763' title='bbox 2177 1322 2210 1343; x_wconf 90' lang='lat' dir='ltr'><strong>ac</strong></span> <span class='ocrx_word' id='word_1_764' title='bbox 2227 1312 2348 1345; x_wconf 88' lang='lat' dir='ltr'><strong>Comite</strong></span> 
     </span>
     <span class='ocr_line' id='line_1_139' title="bbox 1279 1349 2348 1392; baseline 0 -9"><span class='ocrx_word' id='word_1_765' title='bbox 1279 1352 1415 1384; x_wconf 74' lang='lat' dir='ltr'><strong>Sutfanioe</strong></span> <span class='ocrx_word' id='word_1_766' title='bbox 1440 1352 1609 1383; x_wconf 88' lang='lat' dir='ltr'><strong>concurritis</strong></span> <span class='ocrx_word' id='word_1_767' title='bbox 1623 1375 1633 1389; x_wconf 94' lang='lat'><strong>,</strong></span> <span class='ocrx_word' id='word_1_768' title='bbox 1664 1350 1750 1382; x_wconf 83' lang='lat' dir='ltr'><strong>simile</strong></span> <span class='ocrx_word' id='word_1_769' title='bbox 1773 1349 1877 1380; x_wconf 87' lang='lat' dir='ltr'><strong>faciatis</strong></span> <span class='ocrx_word' id='word_1_770' title='bbox 1898 1349 2097 1389; x_wconf 87' lang='lat' dir='ltr'><strong>Juramentum</strong></span> <span class='ocrx_word' id='word_1_771' title='bbox 2115 1351 2149 1382; x_wconf 88' lang='lat'>&amp;</span> <span class='ocrx_word' id='word_1_772' title='bbox 2166 1349 2348 1392; x_wconf 86' lang='lat' dir='ltr'><strong>Homagium</strong></span> 
     </span>
     <span class='ocr_line' id='line_1_140' title="bbox 1276 1388 1846 1430; baseline -0.007 -8"><span class='ocrx_word' id='word_1_773' title='bbox 1276 1392 1374 1430; x_wconf 90' lang='lat' dir='ltr'><strong>juretis</strong></span> <span class='ocrx_word' id='word_1_774' title='bbox 1393 1401 1441 1430; x_wconf 87' lang='lat' dir='ltr'><strong>per</strong></span> <span class='ocrx_word' id='word_1_775' title='bbox 1461 1401 1513 1421; x_wconf 82' lang='lat' dir='ltr'><strong>vos</strong></span> <span class='ocrx_word' id='word_1_776' title='bbox 1532 1393 1559 1420; x_wconf 87' lang='lat' dir='ltr'><strong>in</strong></span> <span class='ocrx_word' id='word_1_777' title='bbox 1580 1391 1691 1430; x_wconf 88' lang='lat' dir='ltr'><strong>propria</strong></span> <span class='ocrx_word' id='word_1_778' title='bbox 1708 1388 1846 1420; x_wconf 87' lang='lat' dir='ltr'><strong>Persona:</strong></span> 
     </span>
    </p>

    <p class='ocr_par' dir='ltr' id='par_1_75' title="bbox 1277 1427 2349 1661">
     <span class='ocr_line' id='line_1_141' title="bbox 1321 1427 2349 1468; baseline 0.001 -8"><span class='ocrx_word' id='word_1_779' title='bbox 1321 1429 1359 1460; x_wconf 88' lang='lat' dir='ltr'><strong>Et</strong></span> <span class='ocrx_word' id='word_1_780' title='bbox 1373 1452 1382 1468; x_wconf 86' lang='lat'>‚</span> <span class='ocrx_word' id='word_1_781' title='bbox 1410 1430 1475 1468; x_wconf 84' lang='lat' dir='ltr'><strong>quia</strong></span> <span class='ocrx_word' id='word_1_782' title='bbox 1495 1429 1569 1460; x_wconf 83' lang='lat' dir='ltr'><strong>forte</strong></span> <span class='ocrx_word' id='word_1_783' title='bbox 1587 1430 1670 1460; x_wconf 90' lang='lat' dir='ltr'><strong>vobis</strong></span> <span class='ocrx_word' id='word_1_784' title='bbox 1687 1427 1897 1467; x_wconf 84' lang='lat' dir='ltr'><strong>dispendiosum</strong></span> <span class='ocrx_word' id='word_1_785' title='bbox 1916 1427 1950 1458; x_wconf 88' lang='lat'>&amp;</span> <span class='ocrx_word' id='word_1_786' title='bbox 1965 1435 2049 1464; x_wconf 83' lang='lat' dir='ltr'><strong>grave</strong></span> <span class='ocrx_word' id='word_1_787' title='bbox 2064 1427 2134 1460; x_wconf 84' lang='lat' dir='ltr'><strong>esset</strong></span> <span class='ocrx_word' id='word_1_788' title='bbox 2149 1429 2349 1467; x_wconf 66' lang='lat' dir='ltr'><strong>impraesentia-</strong></span> 
     </span>
     <span class='ocr_line' id='line_1_142' title="bbox 1281 1466 2348 1506; baseline 0.002 -8"><span class='ocrx_word' id='word_1_789' title='bbox 1281 1479 1347 1499; x_wconf 88' lang='lat' dir='ltr'><strong>rum</strong></span> <span class='ocrx_word' id='word_1_790' title='bbox 1365 1468 1399 1498; x_wconf 87' lang='lat' dir='ltr'><strong>ad</strong></span> <span class='ocrx_word' id='word_1_791' title='bbox 1417 1468 1543 1498; x_wconf 87' lang='lat' dir='ltr'><strong>nostram</strong></span> <span class='ocrx_word' id='word_1_792' title='bbox 1562 1469 1658 1499; x_wconf 86' lang='lat' dir='ltr'><strong>venire</strong></span> <span class='ocrx_word' id='word_1_793' title='bbox 1677 1467 1856 1498; x_wconf 79' lang='lat' dir='ltr'><strong>Praesentiam</strong></span> <span class='ocrx_word' id='word_1_794' title='bbox 1869 1489 1880 1505; x_wconf 88' lang='lat'>‚</span> <span class='ocrx_word' id='word_1_795' title='bbox 1904 1467 2043 1497; x_wconf 87' lang='lat' dir='ltr'><strong>mittimus</strong></span> <span class='ocrx_word' id='word_1_796' title='bbox 2061 1466 2096 1497; x_wconf 92' lang='lat' dir='ltr'><strong>ad</strong></span> <span class='ocrx_word' id='word_1_797' title='bbox 2115 1477 2184 1506; x_wconf 86' lang='lat' dir='ltr'><strong>vos,</strong></span> <span class='ocrx_word' id='word_1_798' title='bbox 2208 1467 2348 1500; x_wconf 65' lang='lat' dir='ltr'><strong>dilectum</strong></span> 
     </span>
     <span class='ocr_line' id='line_1_143' title="bbox 1282 1504 2347 1551; baseline 0.002 -14"><span class='ocrx_word' id='word_1_799' title='bbox 1282 1508 1383 1543; x_wconf 80' lang='lat' dir='ltr'><strong>nobis,</strong></span> <span class='ocrx_word' id='word_1_800' title='bbox 1401 1506 1561 1545; x_wconf 84' lang='lat' dir='ltr'><strong>Johannem</strong></span> <span class='ocrx_word' id='word_1_801' title='bbox 1579 1507 1611 1536; x_wconf 86' lang='lat' dir='ltr'><strong>de</strong></span> <span class='ocrx_word' id='word_1_802' title='bbox 1629 1506 1757 1551; x_wconf 65' lang='lat' dir='ltr'><strong>Palatio,</strong></span> <span class='ocrx_word' id='word_1_803' title='bbox 1777 1505 1880 1535; x_wconf 89' lang='lat' dir='ltr'><strong>Filium</strong></span> <span class='ocrx_word' id='word_1_804' title='bbox 1900 1504 2046 1543; x_wconf 85' lang='lat' dir='ltr'><strong>quondam</strong></span> <span class='ocrx_word' id='word_1_805' title='bbox 2059 1505 2198 1544; x_wconf 89' lang='lat' dir='ltr'><strong>Johannis</strong></span> <span class='ocrx_word' id='word_1_806' title='bbox 2212 1506 2249 1537; x_wconf 88' lang='lat' dir='ltr'><strong>de</strong></span> <span class='ocrx_word' id='word_1_807' title='bbox 2266 1506 2347 1539; x_wconf 87' lang='lat' dir='ltr'><strong>Pala-</strong></span> 
     </span>
     <span class='ocr_line' id='line_1_144' title="bbox 1279 1543 2347 1585; baseline 0.001 -9"><span class='ocrx_word' id='word_1_808' title='bbox 1279 1547 1327 1576; x_wconf 87' lang='lat' dir='ltr'><strong>cio</strong></span> <span class='ocrx_word' id='word_1_809' title='bbox 1347 1545 1462 1583; x_wconf 86' lang='lat' dir='ltr'><strong>Militis,</strong></span> <span class='ocrx_word' id='word_1_810' title='bbox 1483 1545 1655 1576; x_wconf 74' lang='lat' dir='ltr'><strong>Scutiferum</strong></span> <span class='ocrx_word' id='word_1_811' title='bbox 1675 1546 1709 1578; x_wconf 70' lang='grc' dir='ltr'><strong>ὃς</strong></span> <span class='ocrx_word' id='word_1_812' title='bbox 1729 1544 1906 1574; x_wconf 62' lang='lat' dir='ltr'><strong>familiarem</strong></span> <span class='ocrx_word' id='word_1_813' title='bbox 1923 1543 2071 1583; x_wconf 87' lang='lat' dir='ltr'><strong>nostrum,</strong></span> <span class='ocrx_word' id='word_1_814' title='bbox 2089 1544 2123 1576; x_wconf 79' lang='grc' dir='ltr'><strong>δε</strong></span> <span class='ocrx_word' id='word_1_815' title='bbox 2142 1545 2176 1576; x_wconf 91' lang='lat' dir='ltr'><strong>ad</strong></span> <span class='ocrx_word' id='word_1_816' title='bbox 2196 1544 2347 1585; x_wconf 86' lang='lat' dir='ltr'><strong>subscripta</strong></span> 
     </span>
     <span class='ocr_line' id='line_1_145' title="bbox 1277 1581 2348 1623; baseline 0.001 -9"><span class='ocrx_word' id='word_1_817' title='bbox 1277 1584 1426 1623; x_wconf 71' lang='lat' dir='ltr'><strong>juratum,</strong></span> <span class='ocrx_word' id='word_1_818' title='bbox 1445 1584 1526 1622; x_wconf 81' lang='lat' dir='ltr'><strong>quod</strong></span> <span class='ocrx_word' id='word_1_819' title='bbox 1541 1583 1741 1622; x_wconf 76' lang='lat' dir='ltr'><strong>juramentum</strong></span> <span class='ocrx_word' id='word_1_820' title='bbox 1760 1581 1938 1621; x_wconf 79' lang='lat' dir='ltr'><strong>hujusmodi,</strong></span> <span class='ocrx_word' id='word_1_821' title='bbox 1953 1583 2010 1613; x_wconf 73' lang='lat' dir='ltr'><strong>una</strong></span> <span class='ocrx_word' id='word_1_822' title='bbox 2026 1593 2095 1614; x_wconf 89' lang='lat' dir='ltr'><strong>cum</strong></span> <span class='ocrx_word' id='word_1_823' title='bbox 2112 1582 2260 1622; x_wconf 78' lang='lat' dir='ltr'><strong>Homagio</strong></span> <span class='ocrx_word' id='word_1_824' title='bbox 2274 1594 2348 1623; x_wconf 87' lang='lat' dir='ltr'><strong>prae-</strong></span> 
     </span>
     <span class='ocr_line' id='line_1_146' title="bbox 1282 1620 2238 1661; baseline 0.001 -8"><span class='ocrx_word' id='word_1_825' title='bbox 1282 1623 1363 1654; x_wconf 63' lang='lat' dir='ltr'><strong>dicio</strong></span> <span class='ocrx_word' id='word_1_826' title='bbox 1396 1622 1485 1653; x_wconf 89' lang='lat' dir='ltr'><strong>nostri</strong></span> <span class='ocrx_word' id='word_1_827' title='bbox 1504 1624 1569 1653; x_wconf 91' lang='lat' dir='ltr'><strong>vice</strong></span> <span class='ocrx_word' id='word_1_828' title='bbox 1587 1632 1619 1653; x_wconf 89' lang='lat' dir='ltr'><strong>ac</strong></span> <span class='ocrx_word' id='word_1_829' title='bbox 1639 1623 1774 1660; x_wconf 90' lang='lat' dir='ltr'><strong>nomine,</strong></span> <span class='ocrx_word' id='word_1_830' title='bbox 1793 1620 1971 1659; x_wconf 83' lang='lat' dir='ltr'><strong>personaliter</strong></span> <span class='ocrx_word' id='word_1_831' title='bbox 1986 1632 2002 1652; x_wconf 90' lang='lat' dir='ltr'><strong>a</strong></span> <span class='ocrx_word' id='word_1_832' title='bbox 2020 1622 2105 1652; x_wconf 88' lang='lat' dir='ltr'><strong>vobis</strong></span> <span class='ocrx_word' id='word_1_833' title='bbox 2123 1624 2238 1661; x_wconf 84' lang='lat' dir='ltr'><strong>recipiat</strong></span> 
     </span>
    </p>

    <p class='ocr_par' dir='ltr' id='par_1_76' title="bbox 1281 1647 2347 1777">
     <span class='ocr_line' id='line_1_147' title="bbox 1321 1647 2347 1699; baseline 0.001 -7"><span class='ocrx_word' id='word_1_834' title='bbox 1321 1647 1458 1692; x_wconf 89' lang='lat' dir='ltr'><strong>Volentes</strong></span> <span class='ocrx_word' id='word_1_835' title='bbox 1483 1662 1570 1692; x_wconf 89' lang='lat' dir='ltr'><strong>etiam</strong></span> <span class='ocrx_word' id='word_1_836' title='bbox 1595 1660 1677 1699; x_wconf 82' lang='lat' dir='ltr'><strong>quod</strong></span> <span class='ocrx_word' id='word_1_837' title='bbox 1696 1670 1748 1690; x_wconf 87' lang='lat' dir='ltr'><strong>vos</strong></span> <span class='ocrx_word' id='word_1_838' title='bbox 1764 1682 1774 1698; x_wconf 86' lang='lat'>‚</span> <span class='ocrx_word' id='word_1_839' title='bbox 1800 1669 1848 1698; x_wconf 89' lang='lat' dir='ltr'><strong>per</strong></span> <span class='ocrx_word' id='word_1_840' title='bbox 1865 1657 1968 1690; x_wconf 85' lang='lat' dir='ltr'><strong>vestras</strong></span> <span class='ocrx_word' id='word_1_841' title='bbox 1985 1669 2071 1691; x_wconf 88' lang='lat' dir='ltr'><strong>certas</strong></span> <span class='ocrx_word' id='word_1_842' title='bbox 2090 1660 2197 1692; x_wconf 87' lang='lat' dir='ltr'><strong>Literas</strong></span> <span class='ocrx_word' id='word_1_843' title='bbox 2211 1684 2220 1699; x_wconf 90' lang='lat'>‚</span> <span class='ocrx_word' id='word_1_844' title='bbox 2245 1648 2274 1693; x_wconf 64' lang='lat' dir='ltr'><strong>&#39;Si</strong></span> <span class='ocrx_word' id='word_1_845' title='bbox 2297 1662 2347 1693; x_wconf 86' lang='lat' dir='ltr'><strong>&#39;llo</strong></span> 
     </span>
     <span class='ocr_line' id='line_1_148' title="bbox 1281 1698 2346 1739; baseline 0.002 -9"><span class='ocrx_word' id='word_1_846' title='bbox 1281 1700 1379 1731; x_wconf 88' lang='lat' dir='ltr'><strong>vestro</strong></span> <span class='ocrx_word' id='word_1_847' title='bbox 1393 1724 1402 1738; x_wconf 96' lang='lat'><strong>,</strong></span> <span class='ocrx_word' id='word_1_848' title='bbox 1427 1700 1482 1730; x_wconf 67' lang='lat' dir='ltr'><strong>unii</strong></span> <span class='ocrx_word' id='word_1_849' title='bbox 1498 1709 1567 1731; x_wconf 88' lang='lat' dir='ltr'><strong>cum</strong></span> <span class='ocrx_word' id='word_1_850' title='bbox 1582 1698 1795 1736; x_wconf 86' lang='lat' dir='ltr'><strong>Subscriptione</strong></span> <span class='ocrx_word' id='word_1_851' title='bbox 1813 1698 1959 1737; x_wconf 80' lang='lat' dir='ltr'><strong>signoque</strong></span> <span class='ocrx_word' id='word_1_852' title='bbox 1977 1698 2094 1730; x_wconf 86' lang='lat' dir='ltr'><strong>Notarii</strong></span> <span class='ocrx_word' id='word_1_853' title='bbox 2111 1698 2241 1739; x_wconf 88' lang='lat' dir='ltr'><strong>Publici,</strong></span> <span class='ocrx_word' id='word_1_854' title='bbox 2295 1701 2346 1732; x_wconf 91' lang='lat' dir='ltr'><strong>lci-</strong></span> 
     </span>
     <span class='ocr_line' id='line_1_149' title="bbox 1282 1736 2256 1777; baseline 0 -8"><span class='ocrx_word' id='word_1_855' title='bbox 1282 1748 1322 1770; x_wconf 81' lang='lat' dir='ltr'><strong>tas</strong></span> <span class='ocrx_word' id='word_1_856' title='bbox 1357 1739 1393 1769; x_wconf 90' lang='lat' dir='ltr'><strong>de</strong></span> <span class='ocrx_word' id='word_1_857' title='bbox 1413 1738 1591 1777; x_wconf 80' lang='lat' dir='ltr'><strong>praestatione</strong></span> <span class='ocrx_word' id='word_1_858' title='bbox 1608 1737 1823 1768; x_wconf 82' lang='lat' dir='ltr'><strong>Praemissorum</strong></span> <span class='ocrx_word' id='word_1_859' title='bbox 1841 1746 1894 1766; x_wconf 84' lang='lat' dir='ltr'><strong>nos</strong></span> <span class='ocrx_word' id='word_1_860' title='bbox 1909 1736 2067 1768; x_wconf 85' lang='lat' dir='ltr'><strong>certificetis</strong></span> <span class='ocrx_word' id='word_1_861' title='bbox 2085 1737 2143 1768; x_wconf 77' lang='lat' dir='ltr'><strong>sine</strong></span> <span class='ocrx_word' id='word_1_862' title='bbox 2158 1747 2256 1777; x_wconf 87' lang='lat' dir='ltr'><strong>mora,</strong></span> 
     </span>
    </p>

    <p class='ocr_par' dir='ltr' id='par_1_77' title="bbox 1277 1763 2348 1925">
     <span class='ocr_line' id='line_1_150' title="bbox 1321 1763 2348 1816; baseline 0.002 -8"><span class='ocrx_word' id='word_1_863' title='bbox 1321 1763 1358 1808; x_wconf 59' lang='lat' dir='ltr'><strong>fit</strong></span> <span class='ocrx_word' id='word_1_864' title='bbox 1376 1788 1407 1809; x_wconf 85' lang='lat' dir='ltr'><strong>ut</strong></span> <span class='ocrx_word' id='word_1_865' title='bbox 1423 1788 1475 1809; x_wconf 85' lang='lat' dir='ltr'><strong>vos</strong></span> <span class='ocrx_word' id='word_1_866' title='bbox 1494 1777 1670 1816; x_wconf 81' lang='lat' dir='ltr'><strong>lingularium</strong></span> <span class='ocrx_word' id='word_1_867' title='bbox 1685 1775 1887 1813; x_wconf 88' lang='lat' dir='ltr'><strong>Capitulorum</strong></span> <span class='ocrx_word' id='word_1_868' title='bbox 1903 1774 2060 1813; x_wconf 86' lang='lat' dir='ltr'><strong>Juramenti</strong></span> <span class='ocrx_word' id='word_1_869' title='bbox 2075 1776 2202 1814; x_wconf 71' lang='lat' dir='ltr'><strong>praedic&#39;ti</strong></span> <span class='ocrx_word' id='word_1_870' title='bbox 2216 1778 2348 1810; x_wconf 84' lang='lat' dir='ltr'><strong>recorda-</strong></span> 
     </span>
     <span class='ocr_line' id='line_1_151' title="bbox 1284 1814 2347 1854; baseline 0 -6"><span class='ocrx_word' id='word_1_871' title='bbox 1284 1817 1388 1848; x_wconf 87' lang='lat' dir='ltr'><strong>remini</strong></span> <span class='ocrx_word' id='word_1_872' title='bbox 1408 1816 1543 1847; x_wconf 82' lang='lat' dir='ltr'><strong>intentius</strong></span> <span class='ocrx_word' id='word_1_873' title='bbox 1561 1838 1571 1854; x_wconf 88' lang='lat'><strong>,</strong></span> <span class='ocrx_word' id='word_1_874' title='bbox 1597 1817 1630 1847; x_wconf 90' lang='lat'>&amp;</span> <span class='ocrx_word' id='word_1_875' title='bbox 1645 1815 1771 1854; x_wconf 86' lang='lat' dir='ltr'><strong>juraretis</strong></span> <span class='ocrx_word' id='word_1_876' title='bbox 1789 1815 1942 1845; x_wconf 84' lang='lat' dir='ltr'><strong>ferventius</strong></span> <span class='ocrx_word' id='word_1_877' title='bbox 1957 1814 2060 1845; x_wconf 83' lang='lat' dir='ltr'><strong>eisdem</strong></span> <span class='ocrx_word' id='word_1_878' title='bbox 2075 1837 2086 1852; x_wconf 83' lang='lat'>‚</span> <span class='ocrx_word' id='word_1_879' title='bbox 2108 1815 2258 1847; x_wconf 81' lang='lat' dir='ltr'><strong>Tenorem</strong></span> <span class='ocrx_word' id='word_1_880' title='bbox 2277 1818 2347 1848; x_wconf 65' lang='lat' dir='ltr'><strong>dieti</strong></span> 
     </span>
     <span class='ocr_line' id='line_1_152' title="bbox 1277 1852 2347 1925; baseline 0 -39"><span class='ocrx_word' id='word_1_881' title='bbox 1277 1855 1437 1925; x_wconf 54' lang='lat' dir='ltr'><strong>‘i&#39;umffemi</strong></span> <span class='ocrx_word' id='word_1_882' title='bbox 1455 1855 1635 1894; x_wconf 74' lang='lat' dir='ltr'><strong>praesentibus</strong></span> <span class='ocrx_word' id='word_1_883' title='bbox 1652 1854 1784 1885; x_wconf 85' lang='lat' dir='ltr'><strong>duximus</strong></span> <span class='ocrx_word' id='word_1_884' title='bbox 1802 1852 2005 1884; x_wconf 85' lang='lat' dir='ltr'><strong>nichilominus</strong></span> <span class='ocrx_word' id='word_1_885' title='bbox 2024 1853 2222 1894; x_wconf 73' lang='lat' dir='ltr'><strong>inserendum,</strong></span> <span class='ocrx_word' id='word_1_886' title='bbox 2241 1856 2290 1894; x_wconf 90' lang='lat' dir='ltr'><strong>qui</strong></span> <span class='ocrx_word' id='word_1_887' title='bbox 2306 1864 2347 1889; x_wconf 71' lang='lat' dir='ltr'><strong>m-</strong></span> 
     </span>
    </p>

    <p class='ocr_par' dir='ltr' id='par_1_78' title="bbox 1294 1896 2319 1933">
     <span class='ocr_line' id='line_1_153' title="bbox 1294 1896 2319 1933; baseline 0 -8"><span class='ocrx_word' id='word_1_888' title='bbox 1294 1905 1313 1925; x_wconf 85' lang='lat' dir='ltr'><strong>is</strong></span> <span class='ocrx_word' id='word_1_889' title='bbox 1331 1905 1347 1925; x_wconf 89' lang='lat' dir='ltr'><strong>e</strong></span> <span class='ocrx_word' id='word_1_890' title='bbox 1380 1917 1391 1933; x_wconf 90' lang='lat'>‚</span> <span class='ocrx_word' id='word_1_891' title='bbox 2303 1896 2319 1912; x_wconf 81' lang='lat'>&#39;</span> 
     </span>
    </p>
   </div>
   <div class='ocr_carea' id='block_1_33' title="bbox 1278 1969 2354 2636">
    <p class='ocr_par' dir='ltr' id='par_1_79' title="bbox 1278 1969 2354 2401">
     <span class='ocr_line' id='line_1_154' title="bbox 1322 1969 2349 2012; baseline -0.003 -7"><span class='ocrx_word' id='word_1_892' title='bbox 1322 1973 1397 2011; x_wconf 73' lang='lat' dir='ltr'><strong>Ego,</strong></span> <span class='ocrx_word' id='word_1_893' title='bbox 1417 1973 1589 2006; x_wconf 86' lang='lat' dir='ltr'><strong>Willielmus</strong></span> <span class='ocrx_word' id='word_1_894' title='bbox 1606 1973 1643 2004; x_wconf 88' lang='lat' dir='ltr'><strong>de</strong></span> <span class='ocrx_word' id='word_1_895' title='bbox 1657 1972 1770 2012; x_wconf 88' lang='lat' dir='ltr'><strong>Juliaco</strong></span> <span class='ocrx_word' id='word_1_896' title='bbox 1788 1973 1858 2001; x_wconf 81' lang='lat' dir='ltr'><strong>Dux</strong></span> <span class='ocrx_word' id='word_1_897' title='bbox 1876 1969 2040 2011; x_wconf 73' lang='lat' dir='ltr'><strong>Montensis,</strong></span> <span class='ocrx_word' id='word_1_898' title='bbox 2065 1975 2155 2002; x_wconf 77' lang='lat' dir='ltr'><strong>Comes</strong></span> <span class='ocrx_word' id='word_1_899' title='bbox 2170 1974 2203 2004; x_wconf 85' lang='lat' dir='ltr'><strong>de</strong></span> <span class='ocrx_word' id='word_1_900' title='bbox 2221 1974 2349 2003; x_wconf 69' lang='lat' dir='ltr'><strong>navens-</strong></span> 
     </span>
     <span class='ocr_line' id='line_1_155' title="bbox 1283 2010 2347 2051; baseline 0 -10"><span class='ocrx_word' id='word_1_901' title='bbox 1283 2012 1366 2049; x_wconf 77' lang='lat' dir='ltr'><strong>bergh</strong></span> <span class='ocrx_word' id='word_1_902' title='bbox 1385 2012 1423 2047; x_wconf 64' lang='lat'><strong>&lt;²9-</strong></span> <span class='ocrx_word' id='word_1_903' title='bbox 1440 2016 1572 2043; x_wconf 84' lang='lat' dir='ltr'><strong>Dominus</strong></span> <span class='ocrx_word' id='word_1_904' title='bbox 1587 2013 1619 2043; x_wconf 90' lang='lat' dir='ltr'><strong>de</strong></span> <span class='ocrx_word' id='word_1_905' title='bbox 1639 2010 1846 2051; x_wconf 83' lang='lat' dir='ltr'><strong>Blankenbergh</strong></span> <span class='ocrx_word' id='word_1_906' title='bbox 1861 2010 1998 2050; x_wconf 85' lang='lat' dir='ltr'><strong>agnoscens</strong></span> <span class='ocrx_word' id='word_1_907' title='bbox 2005 2011 2196 2051; x_wconf 82' lang='lat' dir='ltr'><strong>Sereniffimam</strong></span> <span class='ocrx_word' id='word_1_908' title='bbox 2203 2011 2347 2042; x_wconf 84' lang='lat' dir='ltr'><strong>Nobilita-</strong></span> 
     </span>
     <span class='ocr_line' id='line_1_156' title="bbox 1284 2049 2349 2092; baseline 0.001 -12"><span class='ocrx_word' id='word_1_909' title='bbox 1284 2057 1339 2080; x_wconf 84' lang='lat' dir='ltr'><strong>tem</strong></span> <span class='ocrx_word' id='word_1_910' title='bbox 1358 2051 1577 2092; x_wconf 70' lang='lat' dir='ltr'><strong>Excellentzffimi</strong></span> <span class='ocrx_word' id='word_1_911' title='bbox 1595 2054 1706 2081; x_wconf 82' lang='lat' dir='ltr'><strong>Domini</strong></span> <span class='ocrx_word' id='word_1_912' title='bbox 1725 2053 1775 2079; x_wconf 81' lang='lat' dir='ltr'><strong>mei</strong></span> <span class='ocrx_word' id='word_1_913' title='bbox 1792 2049 1908 2080; x_wconf 79' lang='lat' dir='ltr'><strong>Ricardi</strong></span> <span class='ocrx_word' id='word_1_914' title='bbox 1927 2049 2019 2087; x_wconf 86' lang='lat' dir='ltr'><strong>Regis</strong></span> <span class='ocrx_word' id='word_1_915' title='bbox 2037 2050 2083 2080; x_wconf 88' lang='lat' dir='ltr'><strong>An</strong></span> <span class='ocrx_word' id='word_1_916' title='bbox 2105 2051 2148 2081; x_wconf 87' lang='lat' dir='ltr'><strong>liae</strong></span> <span class='ocrx_word' id='word_1_917' title='bbox 2163 2052 2196 2082; x_wconf 69' lang='grc' dir='ltr'><strong>ὃς</strong></span> <span class='ocrx_word' id='word_1_918' title='bbox 2221 2050 2349 2081; x_wconf 79' lang='lat' dir='ltr'><strong>Franciae</strong></span> 
     </span>
     <span class='ocr_line' id='line_1_157' title="bbox 1285 2060 2348 2129; baseline 0.001 -11"><span class='ocrx_word' id='word_1_919' title='bbox 1285 2088 1324 2123; x_wconf 60' lang='grc' dir='ltr'><strong><em>ὠ</em></strong></span> <span class='ocrx_word' id='word_1_920' title='bbox 1344 2092 1456 2120; x_wconf 69' lang='lat' dir='ltr'><strong>Domini</strong></span> <span class='ocrx_word' id='word_1_921' title='bbox 1476 2092 1636 2128; x_wconf 58' lang='lat' dir='ltr'><strong>Hibernia,</strong></span> <span class='ocrx_word' id='word_1_922' title='bbox 1655 2088 1764 2126; x_wconf 83' lang='lat' dir='ltr'><strong>volens,</strong></span> <span class='ocrx_word' id='word_1_923' title='bbox 1783 2087 1949 2127; x_wconf 79' lang='lat' dir='ltr'><strong>defiderans,</strong></span> <span class='ocrx_word' id='word_1_924' title='bbox 1968 2087 2007 2124; x_wconf 64' lang='grc' dir='ltr'><strong>ώ-</strong></span> <span class='ocrx_word' id='word_1_925' title='bbox 2065 2060 2157 2119; x_wconf 47' lang='lat' dir='ltr'><strong>egam·</strong></span> <span class='ocrx_word' id='word_1_926' title='bbox 2175 2088 2288 2129; x_wconf 82' lang='lat' dir='ltr'><strong>ejusdem</strong></span> <span class='ocrx_word' id='word_1_927' title='bbox 2296 2088 2348 2128; x_wconf 76' lang='lat' dir='ltr'><strong>fie-</strong></span> 
     </span>
     <span class='ocr_line' id='line_1_158' title="bbox 1278 2125 2349 2170; baseline 0.002 -14"><span class='ocrx_word' id='word_1_928' title='bbox 1278 2137 1330 2167; x_wconf 87' lang='lat' dir='ltr'><strong>per</strong></span> <span class='ocrx_word' id='word_1_929' title='bbox 1349 2128 1519 2170; x_wconf 77' lang='lat' dir='ltr'><strong>Illustrrffimi</strong></span> <span class='ocrx_word' id='word_1_930' title='bbox 1538 2132 1651 2159; x_wconf 80' lang='lat' dir='ltr'><strong>Domini</strong></span> <span class='ocrx_word' id='word_1_931' title='bbox 1666 2130 1822 2166; x_wconf 80' lang='lat' dir='ltr'><strong>Ligeantiae</strong></span> <span class='ocrx_word' id='word_1_932' title='bbox 1840 2126 1926 2166; x_wconf 73' lang='lat' dir='ltr'><strong>stabici</strong></span> <span class='ocrx_word' id='word_1_933' title='bbox 1945 2125 1983 2162; x_wconf 65' lang='grc' dir='ltr'><strong>ὠ·</strong></span> <span class='ocrx_word' id='word_1_934' title='bbox 1999 2140 2016 2157; x_wconf 93' lang='lat' dir='ltr'><strong>a</strong></span> <span class='ocrx_word' id='word_1_935' title='bbox 2038 2131 2107 2165; x_wconf 77' lang='lat' dir='ltr'><strong>igari</strong></span> <span class='ocrx_word' id='word_1_936' title='bbox 2120 2151 2131 2167; x_wconf 87' lang='lat'><strong>,</strong></span> <span class='ocrx_word' id='word_1_937' title='bbox 2160 2139 2195 2158; x_wconf 82' lang='lat' dir='ltr'><strong>ex</strong></span> <span class='ocrx_word' id='word_1_938' title='bbox 2213 2139 2289 2158; x_wconf 83' lang='lat' dir='ltr'><strong>mera</strong></span> <span class='ocrx_word' id='word_1_939' title='bbox 2307 2127 2349 2163; x_wconf 62' lang='grc' dir='ltr'><strong>ῤ’</strong></span> 
     </span>
     <span class='ocr_line' id='line_1_159' title="bbox 1284 2165 2348 2207; baseline 0 -11"><span class='ocrx_word' id='word_1_940' title='bbox 1284 2166 1372 2197; x_wconf 78' lang='lat' dir='ltr'><strong>libera</strong></span> <span class='ocrx_word' id='word_1_941' title='bbox 1390 2168 1537 2198; x_wconf 77' lang='lat' dir='ltr'><strong>voluntate</strong></span> <span class='ocrx_word' id='word_1_942' title='bbox 1551 2179 1625 2206; x_wconf 88' lang='lat' dir='ltr'><strong>mea,</strong></span> <span class='ocrx_word' id='word_1_943' title='bbox 1640 2178 1681 2196; x_wconf 85' lang='lat' dir='ltr'><strong>me</strong></span> <span class='ocrx_word' id='word_1_944' title='bbox 1698 2165 1774 2206; x_wconf 73' lang='lat' dir='ltr'><strong>ipfius</strong></span> <span class='ocrx_word' id='word_1_945' title='bbox 1790 2169 1901 2196; x_wconf 84' lang='lat' dir='ltr'><strong>Domini</strong></span> <span class='ocrx_word' id='word_1_946' title='bbox 1920 2168 1996 2203; x_wconf 84' lang='lat' dir='ltr'><strong>Regis</strong></span> <span class='ocrx_word' id='word_1_947' title='bbox 2008 2169 2149 2196; x_wconf 86' lang='lat' dir='ltr'><strong>Hominem</strong></span> <span class='ocrx_word' id='word_1_948' title='bbox 2164 2169 2278 2203; x_wconf 87' lang='lat' dir='ltr'><strong>Ligeum</strong></span> <span class='ocrx_word' id='word_1_949' title='bbox 2293 2166 2348 2207; x_wconf 86' lang='lat' dir='ltr'><strong>fa-</strong></span> 
     </span>
     <span class='ocr_line' id='line_1_160' title="bbox 1286 2205 2348 2247; baseline 0.001 -12"><span class='ocrx_word' id='word_1_950' title='bbox 1286 2209 1324 2235; x_wconf 87' lang='lat' dir='ltr'><strong>cio</strong></span> <span class='ocrx_word' id='word_1_951' title='bbox 1345 2205 1383 2240; x_wconf 56' lang='grc' dir='ltr'><strong>ὅ]</strong></span> <span class='ocrx_word' id='word_1_952' title='bbox 1407 2207 1549 2247; x_wconf 86' lang='lat' dir='ltr'><strong>constituo,</strong></span> <span class='ocrx_word' id='word_1_953' title='bbox 1568 2218 1600 2236; x_wconf 83' lang='lat' dir='ltr'><strong>ac</strong></span> <span class='ocrx_word' id='word_1_954' title='bbox 1615 2208 1792 2243; x_wconf 83' lang='lat' dir='ltr'><strong>Homagium,</strong></span> <span class='ocrx_word' id='word_1_955' title='bbox 1810 2215 1866 2234; x_wconf 86' lang='lat' dir='ltr'><strong>cum</strong></span> <span class='ocrx_word' id='word_1_956' title='bbox 1879 2205 2012 2244; x_wconf 68' lang='lat' dir='ltr'><strong>Juribus,</strong></span> <span class='ocrx_word' id='word_1_957' title='bbox 2029 2209 2172 2244; x_wconf 81' lang='lat' dir='ltr'><strong>Servitiis,</strong></span> <span class='ocrx_word' id='word_1_958' title='bbox 2190 2205 2228 2241; x_wconf 60' lang='grc' dir='ltr'><strong>(θ’</strong></span> <span class='ocrx_word' id='word_1_959' title='bbox 2247 2206 2348 2245; x_wconf 75' lang='lat' dir='ltr'><strong>Obser-</strong></span> 
     </span>
     <span class='ocr_line' id='line_1_161' title="bbox 1285 2243 2348 2286; baseline -0.001 -11"><span class='ocrx_word' id='word_1_960' title='bbox 1285 2248 1414 2284; x_wconf 74' lang='lat' dir='ltr'><strong>vantiis,</strong></span> <span class='ocrx_word' id='word_1_961' title='bbox 1427 2257 1506 2286; x_wconf 81' lang='lat' dir='ltr'><strong>quae,</strong></span> <span class='ocrx_word' id='word_1_962' title='bbox 1520 2254 1570 2285; x_wconf 80' lang='lat' dir='ltr'><strong>per</strong></span> <span class='ocrx_word' id='word_1_963' title='bbox 1585 2247 1727 2275; x_wconf 85' lang='lat' dir='ltr'><strong>Hominem</strong></span> <span class='ocrx_word' id='word_1_964' title='bbox 1743 2247 1856 2281; x_wconf 83' lang='lat' dir='ltr'><strong>Ligeum</strong></span> <span class='ocrx_word' id='word_1_965' title='bbox 1871 2244 1902 2273; x_wconf 86' lang='lat' dir='ltr'><strong>de</strong></span> <span class='ocrx_word' id='word_1_966' title='bbox 1914 2243 1989 2282; x_wconf 85' lang='lat' dir='ltr'><strong>Jure</strong></span> <span class='ocrx_word' id='word_1_967' title='bbox 2012 2244 2063 2274; x_wconf 80' lang='lat' dir='ltr'><strong>vel</strong></span> <span class='ocrx_word' id='word_1_968' title='bbox 2077 2244 2268 2284; x_wconf 66' lang='lat' dir='ltr'><strong>Consuetudine</strong></span> <span class='ocrx_word' id='word_1_969' title='bbox 2280 2244 2348 2286; x_wconf 77' lang='lat' dir='ltr'><strong>fieri</strong></span> 
     </span>
     <span class='ocr_line' id='line_1_162' title="bbox 1286 2282 2354 2324; baseline 0 -12"><span class='ocrx_word' id='word_1_970' title='bbox 1286 2282 1325 2317; x_wconf 59' lang='grc' dir='ltr'><strong><em>ὠ</em></strong></span> <span class='ocrx_word' id='word_1_971' title='bbox 1344 2284 1483 2322; x_wconf 83' lang='lat' dir='ltr'><strong>observari</strong></span> <span class='ocrx_word' id='word_1_972' title='bbox 1503 2287 1629 2314; x_wconf 83' lang='lat' dir='ltr'><strong>convenit</strong></span> <span class='ocrx_word' id='word_1_973' title='bbox 1642 2307 1652 2323; x_wconf 82' lang='lat'>‚</span> <span class='ocrx_word' id='word_1_974' title='bbox 1672 2283 1755 2312; x_wconf 74' lang='lat' dir='ltr'><strong>eidem</strong></span> <span class='ocrx_word' id='word_1_975' title='bbox 1771 2285 1886 2312; x_wconf 87' lang='lat' dir='ltr'><strong>Domino</strong></span> <span class='ocrx_word' id='word_1_976' title='bbox 1901 2293 1956 2312; x_wconf 88' lang='lat' dir='ltr'><strong>meo</strong></span> <span class='ocrx_word' id='word_1_977' title='bbox 1977 2285 2077 2322; x_wconf 83' lang='lat' dir='ltr'><strong>Ligeo,</strong></span> <span class='ocrx_word' id='word_1_978' title='bbox 2099 2286 2128 2313; x_wconf 91' lang='lat' dir='ltr'><strong>in</strong></span> <span class='ocrx_word' id='word_1_979' title='bbox 2141 2282 2290 2324; x_wconf 84' lang='lat' dir='ltr'><strong>praesentia</strong></span> <span class='ocrx_word' id='word_1_980' title='bbox 2309 2285 2354 2313; x_wconf 73' lang='lat' dir='ltr'><strong>tui</strong></span> 
     </span>
     <span class='ocr_line' id='line_1_163' title="bbox 1283 2321 2351 2361; baseline 0.001 -9"><span class='ocrx_word' id='word_1_981' title='bbox 1283 2322 1423 2361; x_wconf 80' lang='lat' dir='ltr'><strong>Johannis</strong></span> <span class='ocrx_word' id='word_1_982' title='bbox 1447 2323 1483 2354; x_wconf 88' lang='lat' dir='ltr'><strong>de</strong></span> <span class='ocrx_word' id='word_1_983' title='bbox 1499 2323 1613 2354; x_wconf 83' lang='lat' dir='ltr'><strong>Palacio</strong></span> <span class='ocrx_word' id='word_1_984' title='bbox 1627 2347 1638 2360; x_wconf 87' lang='lat'><strong>,</strong></span> <span class='ocrx_word' id='word_1_985' title='bbox 1661 2321 1699 2357; x_wconf 61' lang='grc' dir='ltr'><strong>ἐγ</strong></span> <span class='ocrx_word' id='word_1_986' title='bbox 1718 2321 1802 2359; x_wconf 78' lang='lat' dir='ltr'><strong>Tibi,</strong></span> <span class='ocrx_word' id='word_1_987' title='bbox 1823 2321 1880 2359; x_wconf 81' lang='lat' dir='ltr'><strong>ejus</strong></span> <span class='ocrx_word' id='word_1_988' title='bbox 1896 2325 2001 2351; x_wconf 87' lang='lat' dir='ltr'><strong>nomine</strong></span> <span class='ocrx_word' id='word_1_989' title='bbox 2012 2344 2022 2360; x_wconf 92' lang='lat'><strong>,</strong></span> <span class='ocrx_word' id='word_1_990' title='bbox 2047 2322 2087 2351; x_wconf 88' lang='lat' dir='ltr'><strong>ad</strong></span> <span class='ocrx_word' id='word_1_991' title='bbox 2099 2321 2155 2352; x_wconf 84' lang='lat' dir='ltr'><strong>haec</strong></span> <span class='ocrx_word' id='word_1_992' title='bbox 2172 2323 2274 2353; x_wconf 66' lang='lat' dir='ltr'><strong>Sanlta</strong></span> <span class='ocrx_word' id='word_1_993' title='bbox 2294 2325 2351 2353; x_wconf 82' lang='lat' dir='ltr'><strong>Dei</strong></span> 
     </span>
     <span class='ocr_line' id='line_1_164' title="bbox 1286 2359 2156 2401; baseline 0 -11"><span class='ocrx_word' id='word_1_994' title='bbox 1286 2362 1463 2401; x_wconf 79' lang='lat' dir='ltr'><strong>Evangelia,</strong></span> <span class='ocrx_word' id='word_1_995' title='bbox 1480 2362 1555 2401; x_wconf 89' lang='lat' dir='ltr'><strong>Juro</strong></span> <span class='ocrx_word' id='word_1_996' title='bbox 1573 2361 1612 2395; x_wconf 69' lang='grc' dir='ltr'><strong>ὠ·</strong></span> <span class='ocrx_word' id='word_1_997' title='bbox 1630 2371 1686 2391; x_wconf 87' lang='lat' dir='ltr'><strong>meo</strong></span> <span class='ocrx_word' id='word_1_998' title='bbox 1705 2363 1881 2390; x_wconf 79' lang='lat' dir='ltr'><strong>Sacramenta</strong></span> <span class='ocrx_word' id='word_1_999' title='bbox 1892 2359 2021 2399; x_wconf 79' lang='lat' dir='ltr'><strong>solempni</strong></span> <span class='ocrx_word' id='word_1_1000' title='bbox 2035 2359 2156 2399; x_wconf 78' lang='lat' dir='ltr'><strong>affirmo,</strong></span> 
     </span>
    </p>

    <p class='ocr_par' dir='ltr' id='par_1_80' title="bbox 1284 2398 2353 2557">
     <span class='ocr_line' id='line_1_165' title="bbox 1323 2398 2351 2441; baseline 0.002 -13"><span class='ocrx_word' id='word_1_1001' title='bbox 1323 2401 1383 2438; x_wconf 86' lang='lat' dir='ltr'><strong>Et,</strong></span> <span class='ocrx_word' id='word_1_1002' title='bbox 1407 2401 1430 2440; x_wconf 83' lang='lat' dir='ltr'><strong><em>fi</em></strong></span> <span class='ocrx_word' id='word_1_1003' title='bbox 1446 2400 1540 2441; x_wconf 72' lang='lat' dir='ltr'><strong>aliqua</strong></span> <span class='ocrx_word' id='word_1_1004' title='bbox 1556 2407 1652 2430; x_wconf 86' lang='lat' dir='ltr'><strong>contra</strong></span> <span class='ocrx_word' id='word_1_1005' title='bbox 1669 2400 1726 2438; x_wconf 63' lang='lat' dir='ltr'><strong>ejus</strong></span> <span class='ocrx_word' id='word_1_1006' title='bbox 1743 2398 1838 2438; x_wconf 83' lang='lat' dir='ltr'><strong>Jura,</strong></span> <span class='ocrx_word' id='word_1_1007' title='bbox 1858 2401 1984 2438; x_wconf 82' lang='lat' dir='ltr'><strong>Statum,</strong></span> <span class='ocrx_word' id='word_1_1008' title='bbox 2001 2401 2153 2438; x_wconf 84' lang='lat' dir='ltr'><strong>Honorem,</strong></span> <span class='ocrx_word' id='word_1_1009' title='bbox 2172 2403 2285 2439; x_wconf 85' lang='lat' dir='ltr'><strong>Vitam,</strong></span> <span class='ocrx_word' id='word_1_1010' title='bbox 2310 2398 2351 2435; x_wconf 67' lang='lat'><strong>&amp;-</strong></span> 
     </span>
     <span class='ocr_line' id='line_1_166' title="bbox 1285 2436 2351 2478; baseline 0.001 -10"><span class='ocrx_word' id='word_1_1011' title='bbox 1285 2441 1406 2476; x_wconf 81' lang='lat' dir='ltr'><strong>Regnum</strong></span> <span class='ocrx_word' id='word_1_1012' title='bbox 1421 2464 1430 2477; x_wconf 80' lang='lat'><strong>,</strong></span> <span class='ocrx_word' id='word_1_1013' title='bbox 1454 2444 1483 2470; x_wconf 89' lang='lat' dir='ltr'><strong>in</strong></span> <span class='ocrx_word' id='word_1_1014' title='bbox 1494 2439 1625 2478; x_wconf 89' lang='lat' dir='ltr'><strong>futurum</strong></span> <span class='ocrx_word' id='word_1_1015' title='bbox 1640 2440 1804 2476; x_wconf 81' lang='lat' dir='ltr'><strong>attemptari</strong></span> <span class='ocrx_word' id='word_1_1016' title='bbox 1819 2436 1868 2467; x_wconf 85' lang='lat' dir='ltr'><strong>vel</strong></span> <span class='ocrx_word' id='word_1_1017' title='bbox 1881 2440 2027 2475; x_wconf 79' lang='lat' dir='ltr'><strong>imaginari</strong></span> <span class='ocrx_word' id='word_1_1018' title='bbox 2035 2441 2168 2477; x_wconf 83' lang='lat' dir='ltr'><strong>percipere</strong></span> <span class='ocrx_word' id='word_1_1019' title='bbox 2182 2446 2275 2478; x_wconf 82' lang='lat' dir='ltr'><strong>potero</strong></span> <span class='ocrx_word' id='word_1_1020' title='bbox 2288 2461 2299 2476; x_wconf 91' lang='lat'><strong>,</strong></span> <span class='ocrx_word' id='word_1_1021' title='bbox 2320 2443 2351 2469; x_wconf 80' lang='lat' dir='ltr'><strong>in</strong></span> 
     </span>
     <span class='ocr_line' id='line_1_167' title="bbox 1284 2475 2353 2518; baseline 0.002 -12"><span class='ocrx_word' id='word_1_1022' title='bbox 1284 2485 1418 2517; x_wconf 86' lang='lat' dir='ltr'><strong>quantum</strong></span> <span class='ocrx_word' id='word_1_1023' title='bbox 1437 2483 1466 2508; x_wconf 83' lang='lat' dir='ltr'><strong>in</strong></span> <span class='ocrx_word' id='word_1_1024' title='bbox 1482 2490 1523 2507; x_wconf 85' lang='lat' dir='ltr'><strong>me</strong></span> <span class='ocrx_word' id='word_1_1025' title='bbox 1540 2477 1594 2518; x_wconf 75' lang='lat' dir='ltr'><strong>est,</strong></span> <span class='ocrx_word' id='word_1_1026' title='bbox 1612 2477 1753 2516; x_wconf 80' lang='lat' dir='ltr'><strong>impediam</strong></span> <span class='ocrx_word' id='word_1_1027' title='bbox 1773 2475 1812 2510; x_wconf 66' lang='grc' dir='ltr'><strong>ὀ·</strong></span> <span class='ocrx_word' id='word_1_1028' title='bbox 1829 2475 2003 2516; x_wconf 77' lang='lat' dir='ltr'><strong>desturbabo,</strong></span> <span class='ocrx_word' id='word_1_1029' title='bbox 2026 2487 2058 2506; x_wconf 85' lang='lat' dir='ltr'><strong>ac</strong></span> <span class='ocrx_word' id='word_1_1030' title='bbox 2074 2477 2185 2508; x_wconf 79' lang='lat' dir='ltr'><strong>eundem</strong></span> <span class='ocrx_word' id='word_1_1031' title='bbox 2204 2480 2353 2508; x_wconf 81' lang='lat' dir='ltr'><strong>Dominum</strong></span> 
     </span>
     <span class='ocr_line' id='line_1_168' title="bbox 1285 2514 1835 2557; baseline -0.004 -11"><span class='ocrx_word' id='word_1_1032' title='bbox 1285 2527 1372 2546; x_wconf 87' lang='lat' dir='ltr'><strong>meum</strong></span> <span class='ocrx_word' id='word_1_1033' title='bbox 1389 2521 1549 2557; x_wconf 79' lang='lat' dir='ltr'><strong>quamcitius</strong></span> <span class='ocrx_word' id='word_1_1034' title='bbox 1563 2522 1655 2554; x_wconf 85' lang='lat' dir='ltr'><strong>potero</strong></span> <span class='ocrx_word' id='word_1_1035' title='bbox 1673 2514 1835 2545; x_wconf 83' lang='lat' dir='ltr'><strong>certiorabo.</strong></span> 
     </span>
    </p>

    <p class='ocr_par' dir='ltr' id='par_1_81' title="bbox 1287 2553 2352 2636">
     <span class='ocr_line' id='line_1_169' title="bbox 1324 2553 2352 2595; baseline 0.001 -11"><span class='ocrx_word' id='word_1_1036' title='bbox 1324 2558 1372 2584; x_wconf 83' lang='lat' dir='ltr'><strong>Ac</strong></span> <span class='ocrx_word' id='word_1_1037' title='bbox 1390 2555 1467 2595; x_wconf 69' lang='lat' dir='ltr'><strong>ipsius</strong></span> <span class='ocrx_word' id='word_1_1038' title='bbox 1484 2558 1596 2586; x_wconf 84' lang='lat' dir='ltr'><strong>Domini</strong></span> <span class='ocrx_word' id='word_1_1039' title='bbox 1614 2558 1665 2584; x_wconf 87' lang='lat' dir='ltr'><strong>mei</strong></span> <span class='ocrx_word' id='word_1_1040' title='bbox 1682 2557 1761 2590; x_wconf 87' lang='lat' dir='ltr'><strong>Ligei</strong></span> <span class='ocrx_word' id='word_1_1041' title='bbox 1779 2555 1930 2592; x_wconf 84' lang='lat' dir='ltr'><strong>Honorem,</strong></span> <span class='ocrx_word' id='word_1_1042' title='bbox 1950 2554 2106 2593; x_wconf 76' lang='lat' dir='ltr'><strong>Comodom,</strong></span> <span class='ocrx_word' id='word_1_1043' title='bbox 2121 2553 2160 2590; x_wconf 60' lang='grc' dir='ltr'><em>ὠ</em></span> <span class='ocrx_word' id='word_1_1044' title='bbox 2176 2554 2352 2594; x_wconf 82' lang='lat' dir='ltr'><strong>Utilitatem,</strong></span> 
     </span>
     <span class='ocr_line' id='line_1_170' title="bbox 1287 2591 2066 2636; baseline -0.001 -13"><span class='ocrx_word' id='word_1_1045' title='bbox 1287 2597 1317 2623; x_wconf 83' lang='lat' dir='ltr'><strong>in</strong></span> <span class='ocrx_word' id='word_1_1046' title='bbox 1333 2602 1469 2633; x_wconf 84' lang='lat' dir='ltr'><strong>quantum</strong></span> <span class='ocrx_word' id='word_1_1047' title='bbox 1483 2601 1593 2632; x_wconf 79' lang='lat' dir='ltr'><strong>potero,</strong></span> <span class='ocrx_word' id='word_1_1048' title='bbox 1607 2593 1751 2636; x_wconf 69' lang='lat' dir='ltr'><strong>profurabo</strong></span> <span class='ocrx_word' id='word_1_1049' title='bbox 1764 2595 1872 2630; x_wconf 84' lang='lat' dir='ltr'><strong>pariter</strong></span> <span class='ocrx_word' id='word_1_1050' title='bbox 1891 2591 1928 2626; x_wconf 66' lang='grc' dir='ltr'><strong>ὠ·</strong></span> <span class='ocrx_word' id='word_1_1051' title='bbox 1946 2592 2066 2630; x_wconf 81' lang='lat' dir='ltr'><strong>favebo,</strong></span> 
     </span>
    </p>
   </div>
   <div class='ocr_carea' id='block_1_34' title="bbox 1282 2626 2482 2714">
    <p class='ocr_par' dir='ltr' id='par_1_82' title="bbox 1282 2626 2482 2714">
     <span class='ocr_line' id='line_1_171' title="bbox 1326 2626 2482 2670; baseline -0.003 -7"><span class='ocrx_word' id='word_1_1052' title='bbox 1326 2633 1344 2652; x_wconf 64' lang='lat'><strong>²*</strong></span> <span class='ocrx_word' id='word_1_1053' title='bbox 1373 2636 1420 2663; x_wconf 85' lang='lat' dir='ltr'><strong>Ac</strong></span> <span class='ocrx_word' id='word_1_1054' title='bbox 1444 2644 1501 2662; x_wconf 84' lang='lat' dir='ltr'><strong>cum</strong></span> <span class='ocrx_word' id='word_1_1055' title='bbox 1516 2632 1563 2662; x_wconf 81' lang='lat' dir='ltr'><strong>illo</strong></span> <span class='ocrx_word' id='word_1_1056' title='bbox 1583 2630 1621 2667; x_wconf 50' lang='grc' dir='ltr'><strong>(ἂι</strong></span> <span class='ocrx_word' id='word_1_1057' title='bbox 1639 2641 1694 2669; x_wconf 78' lang='lat' dir='ltr'><strong>eJus</strong></span> <span class='ocrx_word' id='word_1_1058' title='bbox 1713 2633 1823 2660; x_wconf 82' lang='lat' dir='ltr'><strong>Honore</strong></span> <span class='ocrx_word' id='word_1_1059' title='bbox 1841 2629 1879 2665; x_wconf 78' lang='lat'><em>&amp;</em></span> <span class='ocrx_word' id='word_1_1060' title='bbox 1899 2631 2036 2659; x_wconf 81' lang='lat' dir='ltr'><strong>Commodo</strong></span> <span class='ocrx_word' id='word_1_1061' title='bbox 2045 2629 2195 2670; x_wconf 75' lang='lat' dir='ltr'><strong>servandis</strong></span> <span class='ocrx_word' id='word_1_1062' title='bbox 2210 2630 2248 2668; x_wconf 55' lang='grc' dir='ltr'><strong>ὦ,</strong></span> <span class='ocrx_word' id='word_1_1063' title='bbox 2259 2638 2352 2670; x_wconf 74' lang='lat' dir='ltr'><strong>prete·</strong></span> <span class='ocrx_word' id='word_1_1064' title='bbox 2371 2626 2387 2644; x_wconf 44' lang='grc' dir='ltr'><strong><em>ὓ</em></strong></span> <span class='ocrx_word' id='word_1_1065' title='bbox 2399 2628 2482 2656; x_wconf 71' lang='grc' dir='ltr'><strong>νῙῙῘ·</strong></span> 
     </span>
     <span class='ocr_line' id='line_1_172' title="bbox 1282 2665 2417 2714; baseline 0.002 -15"><span class='ocrx_word' id='word_1_1066' title='bbox 1282 2672 1374 2710; x_wconf 66' lang='lat' dir='ltr'><strong>gend-‘s</strong></span> <span class='ocrx_word' id='word_1_1067' title='bbox 1386 2671 1527 2714; x_wconf 80' lang='lat' dir='ltr'><strong>fideliter,</strong></span> <span class='ocrx_word' id='word_1_1068' title='bbox 1546 2682 1604 2700; x_wconf 82' lang='lat' dir='ltr'><strong>cum</strong></span> <span class='ocrx_word' id='word_1_1069' title='bbox 1618 2673 1689 2700; x_wconf 85' lang='lat' dir='ltr'><strong>omni</strong></span> <span class='ocrx_word' id='word_1_1070' title='bbox 1701 2672 1826 2709; x_wconf 84' lang='lat' dir='ltr'><strong>potentia</strong></span> <span class='ocrx_word' id='word_1_1071' title='bbox 1842 2679 1918 2707; x_wconf 83' lang='lat' dir='ltr'><strong>mea,</strong></span> <span class='ocrx_word' id='word_1_1072' title='bbox 1936 2668 2046 2709; x_wconf 84' lang='lat' dir='ltr'><strong>Confilio</strong></span> <span class='ocrx_word' id='word_1_1073' title='bbox 2058 2673 2166 2708; x_wconf 85' lang='lat' dir='ltr'><strong>pariter</strong></span> <span class='ocrx_word' id='word_1_1074' title='bbox 2180 2668 2219 2705; x_wconf 67' lang='grc' dir='ltr'><strong>ό·</strong></span> <span class='ocrx_word' id='word_1_1075' title='bbox 2233 2672 2353 2710; x_wconf 81' lang='lat' dir='ltr'><strong>Pavore,</strong></span> <span class='ocrx_word' id='word_1_1076' title='bbox 2371 2665 2417 2694; x_wconf 78' lang='lat'><strong>3¹·</strong></span> 
     </span>
    </p>
   </div>
   <div class='ocr_carea' id='block_1_35' title="bbox 1278 2711 2356 3326">
    <p class='ocr_par' dir='ltr' id='par_1_83' title="bbox 1295 2711 1359 2740">
     <span class='ocr_line' id='line_1_173' title="bbox 1295 2711 1359 2740; baseline 0.016 -1"><span class='ocrx_word' id='word_1_1077' title='bbox 1295 2711 1359 2740; x_wconf 77' lang='lat' dir='ltr'><strong>labo</strong></span> 
     </span>
    </p>

    <p class='ocr_par' dir='ltr' id='par_1_84' title="bbox 1278 2712 2354 2865">
     <span class='ocr_line' id='line_1_174' title="bbox 1278 2712 2354 2787; baseline -0.002 -7"><span class='ocrx_word' id='word_1_1078' title='bbox 1278 2712 1298 2751; x_wconf 73' lang='lat' dir='ltr'><em>J</em></span> <span class='ocrx_word' id='word_1_1079' title='bbox 1323 2735 1463 2786; x_wconf 70' lang='lat' dir='ltr'><strong>Ser’vitia‚</strong></span> <span class='ocrx_word' id='word_1_1080' title='bbox 1483 2753 1512 2779; x_wconf 87' lang='lat' dir='ltr'><strong>in</strong></span> <span class='ocrx_word' id='word_1_1081' title='bbox 1527 2748 1700 2784; x_wconf 71' lang='lat' dir='ltr'><strong>Indenturis,</strong></span> <span class='ocrx_word' id='word_1_1082' title='bbox 1718 2751 1790 2776; x_wconf 86' lang='lat' dir='ltr'><strong>inter</strong></span> <span class='ocrx_word' id='word_1_1083' title='bbox 1803 2745 1883 2785; x_wconf 86' lang='lat' dir='ltr'><strong>ipsum</strong></span> <span class='ocrx_word' id='word_1_1084' title='bbox 1897 2749 2044 2776; x_wconf 89' lang='lat' dir='ltr'><strong>Dominum</strong></span> <span class='ocrx_word' id='word_1_1085' title='bbox 2067 2749 2164 2785; x_wconf 82' lang='lat' dir='ltr'><strong>Regem</strong></span> <span class='ocrx_word' id='word_1_1086' title='bbox 2187 2746 2226 2782; x_wconf 65' lang='grc' dir='ltr'><strong>όν</strong></span> <span class='ocrx_word' id='word_1_1087' title='bbox 2247 2758 2288 2777; x_wconf 90' lang='lat' dir='ltr'><strong>me</strong></span> <span class='ocrx_word' id='word_1_1088' title='bbox 2299 2747 2354 2787; x_wconf 85' lang='lat' dir='ltr'><strong>fa-</strong></span> 
     </span>
     <span class='ocr_line' id='line_1_175' title="bbox 1287 2784 2354 2827; baseline -0.002 -9"><span class='ocrx_word' id='word_1_1089' title='bbox 1287 2790 1353 2827; x_wconf 70' lang='lat' dir='ltr'><strong>His,</strong></span> <span class='ocrx_word' id='word_1_1090' title='bbox 1373 2795 1517 2826; x_wconf 74' lang='lat' dir='ltr'><strong>contenta,</strong></span> <span class='ocrx_word' id='word_1_1091' title='bbox 1535 2789 1592 2817; x_wconf 76' lang='lat' dir='ltr'><strong>ciem</strong></span> <span class='ocrx_word' id='word_1_1092' title='bbox 1611 2787 1751 2827; x_wconf 71' lang='lat' dir='ltr'><strong>requisitus</strong></span> <span class='ocrx_word' id='word_1_1093' title='bbox 1766 2784 1867 2826; x_wconf 86' lang='lat' dir='ltr'><strong>fuero,</strong></span> <span class='ocrx_word' id='word_1_1094' title='bbox 1879 2785 1933 2824; x_wconf 81' lang='lat' dir='ltr'><strong>fibi</strong></span> <span class='ocrx_word' id='word_1_1095' title='bbox 1942 2785 2052 2825; x_wconf 87' lang='lat' dir='ltr'><strong>faciam</strong></span> <span class='ocrx_word' id='word_1_1096' title='bbox 2066 2785 2164 2826; x_wconf 64' lang='lat' dir='ltr'><strong>abffiue</strong></span> <span class='ocrx_word' id='word_1_1097' title='bbox 2177 2785 2301 2825; x_wconf 74' lang='lat' dir='ltr'><strong>dffigio,</strong></span> <span class='ocrx_word' id='word_1_1098' title='bbox 2316 2790 2354 2818; x_wconf 85' lang='lat' dir='ltr'><strong>ci-</strong></span> 
     </span>
     <span class='ocr_line' id='line_1_176' title="bbox 1288 2827 1926 2865; baseline -0.003 -9"><span class='ocrx_word' id='word_1_1099' title='bbox 1288 2835 1336 2856; x_wconf 77' lang='lat' dir='ltr'><strong>tra</strong></span> <span class='ocrx_word' id='word_1_1100' title='bbox 1351 2827 1389 2862; x_wconf 59' lang='grc' dir='ltr'><strong>(ἐν</strong></span> <span class='ocrx_word' id='word_1_1101' title='bbox 1405 2827 1481 2856; x_wconf 80' lang='lat' dir='ltr'><strong>ultra</strong></span> <span class='ocrx_word' id='word_1_1102' title='bbox 1498 2830 1599 2864; x_wconf 77' lang='lat' dir='ltr'><strong>Mare,</strong></span> <span class='ocrx_word' id='word_1_1103' title='bbox 1618 2833 1711 2854; x_wconf 84' lang='lat' dir='ltr'><strong>contra</strong></span> <span class='ocrx_word' id='word_1_1104' title='bbox 1724 2834 1926 2865; x_wconf 78' lang='lat' dir='ltr'><strong>quemcumque,</strong></span> 
     </span>
    </p>

    <p class='ocr_par' dir='ltr' id='par_1_85' title="bbox 1289 2863 2354 2980">
     <span class='ocr_line' id='line_1_177' title="bbox 1326 2863 2353 2906; baseline -0.003 -10"><span class='ocrx_word' id='word_1_1105' title='bbox 1326 2869 1514 2906; x_wconf 72' lang='lat' dir='ltr'><strong>Praeterquam</strong></span> <span class='ocrx_word' id='word_1_1106' title='bbox 1533 2864 1723 2903; x_wconf 64' lang='lat' dir='ltr'><strong>Serenilfimum</strong></span> <span class='ocrx_word' id='word_1_1107' title='bbox 1740 2864 1854 2901; x_wconf 74' lang='lat' dir='ltr'><strong>Regem</strong></span> <span class='ocrx_word' id='word_1_1108' title='bbox 1869 2863 2283 2901; x_wconf 81' lang='lat' dir='ltr'><strong>Romanorum,Reverendum</strong></span> <span class='ocrx_word' id='word_1_1109' title='bbox 2299 2865 2353 2893; x_wconf 83' lang='lat' dir='ltr'><strong>Pa·-</strong></span> 
     </span>
     <span class='ocr_line' id='line_1_178' title="bbox 1289 2900 2354 2945; baseline 0 -12"><span class='ocrx_word' id='word_1_1110' title='bbox 1289 2912 1358 2933; x_wconf 80' lang='lat' dir='ltr'><strong>trem</strong></span> <span class='ocrx_word' id='word_1_1111' title='bbox 1382 2905 1571 2945; x_wconf 53' lang='lat' dir='ltr'><strong>fredericum⁸</strong></span> <span class='ocrx_word' id='word_1_1112' title='bbox 1586 2901 1840 2941; x_wconf 85' lang='lat' dir='ltr'><strong>Archiepiscopum</strong></span> <span class='ocrx_word' id='word_1_1113' title='bbox 1860 2900 2082 2940; x_wconf 84' lang='lat' dir='ltr'><strong>Coloniensem,</strong></span> <span class='ocrx_word' id='word_1_1114' title='bbox 2099 2900 2138 2937; x_wconf 66' lang='grc' dir='ltr'><strong>ὠ·</strong></span> <span class='ocrx_word' id='word_1_1115' title='bbox 2161 2901 2354 2933; x_wconf 88' lang='lat' dir='ltr'><strong>Willielmum</strong></span> 
     </span>
     <span class='ocr_line' id='line_1_179' title="bbox 1290 2942 1746 2980; baseline -0.009 -7"><span class='ocrx_word' id='word_1_1116' title='bbox 1290 2943 1408 2973; x_wconf 90' lang='lat' dir='ltr'><strong>Ducem</strong></span> <span class='ocrx_word' id='word_1_1117' title='bbox 1426 2943 1534 2973; x_wconf 83' lang='lat' dir='ltr'><strong>Gelriae</strong></span> <span class='ocrx_word' id='word_1_1118' title='bbox 1561 2942 1746 2980; x_wconf 54' lang='lat' dir='ltr'><strong>ammaum,</strong></span> 
     </span>
    </p>

    <p class='ocr_par' dir='ltr' id='par_1_86' title="bbox 1288 2977 2352 3057">
     <span class='ocr_line' id='line_1_180' title="bbox 1329 2977 2352 3017; baseline -0.002 -6"><span class='ocrx_word' id='word_1_1119' title='bbox 1329 2984 1382 3010; x_wconf 90' lang='lat' dir='ltr'><strong>Pro</strong></span> <span class='ocrx_word' id='word_1_1120' title='bbox 1394 2983 1481 3011; x_wconf 81' lang='lat' dir='ltr'><strong>Feudo</strong></span> <span class='ocrx_word' id='word_1_1121' title='bbox 1496 2984 1540 3010; x_wconf 77' lang='lat' dir='ltr'><strong>Mi</strong></span> <span class='ocrx_word' id='word_1_1122' title='bbox 1552 2980 1575 3010; x_wconf 87' lang='lat' dir='ltr'><strong>le</strong></span> <span class='ocrx_word' id='word_1_1123' title='bbox 1590 2981 1740 3009; x_wconf 84' lang='lat' dir='ltr'><strong>Librarum</strong></span> <span class='ocrx_word' id='word_1_1124' title='bbox 1749 2978 1895 3017; x_wconf 69' lang='lat' dir='ltr'><strong>praediHo,</strong></span> <span class='ocrx_word' id='word_1_1125' title='bbox 1911 2977 1991 3008; x_wconf 87' lang='lat' dir='ltr'><strong>michi</strong></span> <span class='ocrx_word' id='word_1_1126' title='bbox 2002 2986 2052 3017; x_wconf 85' lang='lat' dir='ltr'><strong>per</strong></span> <span class='ocrx_word' id='word_1_1127' title='bbox 2066 2977 2187 3008; x_wconf 80' lang='lat' dir='ltr'><strong>inclitum</strong></span> <span class='ocrx_word' id='word_1_1128' title='bbox 2205 2981 2352 3009; x_wconf 82' lang='lat' dir='ltr'><strong>Dominum</strong></span> 
     </span>
     <span class='ocr_line' id='line_1_181' title="bbox 1288 3016 2053 3057; baseline -0.004 -8"><span class='ocrx_word' id='word_1_1129' title='bbox 1288 3022 1384 3057; x_wconf 79' lang='lat' dir='ltr'><strong>Regem</strong></span> <span class='ocrx_word' id='word_1_1130' title='bbox 1398 3031 1483 3049; x_wconf 78' lang='lat' dir='ltr'><strong>meum</strong></span> <span class='ocrx_word' id='word_1_1131' title='bbox 1497 3018 1610 3055; x_wconf 78' lang='lat' dir='ltr'><strong>Angliae</strong></span> <span class='ocrx_word' id='word_1_1132' title='bbox 1621 3019 1781 3056; x_wconf 60' lang='lat' dir='ltr'><strong>praediolum</strong></span> <span class='ocrx_word' id='word_1_1133' title='bbox 1795 3016 1902 3056; x_wconf 76' lang='lat' dir='ltr'><strong>conceſjb</strong></span> <span class='ocrx_word' id='word_1_1134' title='bbox 1913 3016 2053 3054; x_wconf 66' lang='lat' dir='ltr'><strong>gratiose33</strong></span> 
     </span>
    </p>

    <p class='ocr_par' dir='ltr' id='par_1_87' title="bbox 1286 3055 2356 3137">
     <span class='ocr_line' id='line_1_182' title="bbox 1333 3055 2356 3098; baseline -0.001 -12"><span class='ocrx_word' id='word_1_1135' title='bbox 1333 3057 1402 3088; x_wconf 64' lang='lat' dir='ltr'><strong>5711ae</strong></span> <span class='ocrx_word' id='word_1_1136' title='bbox 1420 3062 1509 3088; x_wconf 85' lang='lat' dir='ltr'><strong>omnia</strong></span> <span class='ocrx_word' id='word_1_1137' title='bbox 1528 3057 1566 3092; x_wconf 55' lang='grc' dir='ltr'><strong>(ᾖν</strong></span> <span class='ocrx_word' id='word_1_1138' title='bbox 1574 3057 1682 3098; x_wconf 77' lang='lat' dir='ltr'><strong>fingula</strong></span> <span class='ocrx_word' id='word_1_1139' title='bbox 1696 3067 1737 3086; x_wconf 89' lang='lat' dir='ltr'><strong>me</strong></span> <span class='ocrx_word' id='word_1_1140' title='bbox 1749 3059 1929 3085; x_wconf 76' lang='lat' dir='ltr'><strong>Servaturum</strong></span> <span class='ocrx_word' id='word_1_1141' title='bbox 1936 3079 1946 3094; x_wconf 90' lang='lat'><strong>,</strong></span> <span class='ocrx_word' id='word_1_1142' title='bbox 1959 3056 2000 3085; x_wconf 84' lang='lat' dir='ltr'><strong>ad</strong></span> <span class='ocrx_word' id='word_1_1143' title='bbox 2009 3055 2065 3084; x_wconf 85' lang='lat' dir='ltr'><strong>haec</strong></span> <span class='ocrx_word' id='word_1_1144' title='bbox 2077 3056 2182 3085; x_wconf 65' lang='lat' dir='ltr'><strong>Sancta</strong></span> <span class='ocrx_word' id='word_1_1145' title='bbox 2194 3057 2249 3085; x_wconf 82' lang='lat' dir='ltr'><strong>Dei</strong></span> <span class='ocrx_word' id='word_1_1146' title='bbox 2253 3056 2356 3086; x_wconf 80' lang='lat' dir='ltr'><strong>Evan-</strong></span> 
     </span>
     <span class='ocr_line' id='line_1_183' title="bbox 1286 3085 2223 3137; baseline -0.006 -10"><span class='ocrx_word' id='word_1_1147' title='bbox 1286 3085 1374 3135; x_wconf 53' lang='lat' dir='ltr'><strong>gelfa,</strong></span> <span class='ocrx_word' id='word_1_1148' title='bbox 1391 3095 1492 3137; x_wconf 53' lang='lat' dir='ltr'><strong>absque</strong></span> <span class='ocrx_word' id='word_1_1149' title='bbox 1506 3097 1632 3131; x_wconf 66' lang='lat' dir='ltr'><strong>Fit‘litio,</strong></span> <span class='ocrx_word' id='word_1_1150' title='bbox 1650 3094 1738 3133; x_wconf 82' lang='lat' dir='ltr'><strong>Dolo,</strong></span> <span class='ocrx_word' id='word_1_1151' title='bbox 1754 3092 1792 3128; x_wconf 72' lang='lat'><strong>&amp;¹</strong></span> <span class='ocrx_word' id='word_1_1152' title='bbox 1802 3094 1924 3130; x_wconf 83' lang='lat' dir='ltr'><strong>Fraude,</strong></span> <span class='ocrx_word' id='word_1_1153' title='bbox 1941 3092 2017 3131; x_wconf 83' lang='lat' dir='ltr'><strong>Juro</strong></span> <span class='ocrx_word' id='word_1_1154' title='bbox 2032 3091 2070 3128; x_wconf 67' lang='grc' dir='ltr'><strong>ό·</strong></span> <span class='ocrx_word' id='word_1_1155' title='bbox 2086 3092 2223 3132; x_wconf 89' lang='lat' dir='ltr'><strong>Affirmo,</strong></span> 
     </span>
    </p>

    <p class='ocr_par' dir='ltr' id='par_1_88' title="bbox 1291 3130 2353 3211">
     <span class='ocr_line' id='line_1_184' title="bbox 1327 3130 2353 3174; baseline -0.004 -9"><span class='ocrx_word' id='word_1_1156' title='bbox 1327 3138 1384 3173; x_wconf 84' lang='lat' dir='ltr'><strong>Et,</strong></span> <span class='ocrx_word' id='word_1_1157' title='bbox 1402 3137 1442 3164; x_wconf 86' lang='lat' dir='ltr'><strong>ad</strong></span> <span class='ocrx_word' id='word_1_1158' title='bbox 1458 3136 1586 3173; x_wconf 80' lang='lat' dir='ltr'><strong>majorem</strong></span> <span class='ocrx_word' id='word_1_1159' title='bbox 1599 3134 1782 3174; x_wconf 73' lang='lat' dir='ltr'><strong>firmitatem,</strong></span> <span class='ocrx_word' id='word_1_1160' title='bbox 1797 3132 1874 3170; x_wconf 69' lang='lat' dir='ltr'><strong>fitper</strong></span> <span class='ocrx_word' id='word_1_1161' title='bbox 1895 3131 2015 3161; x_wconf 83' lang='lat' dir='ltr'><strong>omnibus</strong></span> <span class='ocrx_word' id='word_1_1162' title='bbox 2028 3130 2066 3166; x_wconf 67' lang='grc' dir='ltr'><strong>ό·</strong></span> <span class='ocrx_word' id='word_1_1163' title='bbox 2079 3130 2188 3172; x_wconf 78' lang='lat' dir='ltr'><strong>singulis</strong></span> <span class='ocrx_word' id='word_1_1164' title='bbox 2197 3131 2353 3172; x_wconf 62' lang='lat' dir='ltr'><strong>praedidlis,</strong></span> 
     </span>
     <span class='ocr_line' id='line_1_185' title="bbox 1291 3168 2285 3211; baseline -0.003 -8"><span class='ocrx_word' id='word_1_1165' title='bbox 1291 3177 1406 3203; x_wconf 74' lang='lat' dir='ltr'><strong>Literas</strong></span> <span class='ocrx_word' id='word_1_1166' title='bbox 1421 3185 1491 3203; x_wconf 78' lang='lat' dir='ltr'><strong>meas</strong></span> <span class='ocrx_word' id='word_1_1167' title='bbox 1508 3176 1654 3207; x_wconf 77' lang='lat' dir='ltr'><strong>Parentes,</strong></span> <span class='ocrx_word' id='word_1_1168' title='bbox 1669 3170 1758 3207; x_wconf 79' lang='lat' dir='ltr'><strong>Sigillo</strong></span> <span class='ocrx_word' id='word_1_1169' title='bbox 1771 3181 1825 3199; x_wconf 88' lang='lat' dir='ltr'><strong>meo</strong></span> <span class='ocrx_word' id='word_1_1170' title='bbox 1838 3169 1876 3204; x_wconf 59' lang='grc' dir='ltr'><strong><em>ὠ</em></strong></span> <span class='ocrx_word' id='word_1_1171' title='bbox 1894 3169 1966 3200; x_wconf 67' lang='grc' dir='ltr'><strong>αΙὶᾶε</strong></span> <span class='ocrx_word' id='word_1_1172' title='bbox 1972 3169 2123 3211; x_wconf 80' lang='lat' dir='ltr'><strong>firmatas,</strong></span> <span class='ocrx_word' id='word_1_1173' title='bbox 2140 3168 2285 3210; x_wconf 66' lang='lat' dir='ltr'><strong>destinabo.</strong></span> 
     </span>
    </p>

    <p class='ocr_par' dir='ltr' id='par_1_89' title="bbox 1292 3207 2354 3326">
     <span class='ocr_line' id='line_1_186' title="bbox 1292 3207 2354 3280; baseline -0.004 -37"><span class='ocrx_word' id='word_1_1174' title='bbox 1292 3249 1305 3280; x_wconf 72' lang='lat' dir='ltr'><em>I</em></span> <span class='ocrx_word' id='word_1_1175' title='bbox 1329 3212 1397 3243; x_wconf 86' lang='lat' dir='ltr'><strong>Dat.</strong></span> <span class='ocrx_word' id='word_1_1176' title='bbox 1417 3212 1489 3250; x_wconf 84' lang='lat' dir='ltr'><strong>apud</strong></span> <span class='ocrx_word' id='word_1_1177' title='bbox 1503 3209 1625 3251; x_wconf 85' lang='lat' dir='ltr'><strong>Castrum</strong></span> <span class='ocrx_word' id='word_1_1178' title='bbox 1641 3211 1718 3248; x_wconf 67' lang='lat' dir='ltr'><strong>Regis</strong></span> <span class='ocrx_word' id='word_1_1179' title='bbox 1733 3209 1765 3239; x_wconf 79' lang='lat' dir='ltr'><strong>de</strong></span> <span class='ocrx_word' id='word_1_1180' title='bbox 1780 3207 1951 3251; x_wconf 62' lang='lat' dir='ltr'><strong>Windesbre,</strong></span> <span class='ocrx_word' id='word_1_1181' title='bbox 1969 3208 2091 3248; x_wconf 81' lang='lat' dir='ltr'><strong>vicesimo</strong></span> <span class='ocrx_word' id='word_1_1182' title='bbox 2105 3213 2187 3239; x_wconf 84' lang='lat' dir='ltr'><strong>tertio</strong></span> <span class='ocrx_word' id='word_1_1183' title='bbox 2200 3209 2243 3239; x_wconf 85' lang='lat' dir='ltr'><strong>die</strong></span> <span class='ocrx_word' id='word_1_1184' title='bbox 2262 3211 2354 3248; x_wconf 79' lang='lat' dir='ltr'><strong>Apri-</strong></span> 
     </span>
     <span class='ocr_line' id='line_1_187' title="bbox 1303 3261 1333 3280; baseline 0 0"><span class='ocrx_word' id='word_1_1185' title='bbox 1303 3261 1333 3280; x_wconf 79' lang='lat' dir='ltr'><strong>ts.</strong></span> 
     </span>
     <span class='ocr_line' id='line_1_188' title="bbox 1984 3281 2250 3326; baseline -0.004 -10"><span class='ocrx_word' id='word_1_1186' title='bbox 1984 3288 2039 3316; x_wconf 88' lang='lat' dir='ltr'><strong>Per</strong></span> <span class='ocrx_word' id='word_1_1187' title='bbox 2051 3286 2134 3326; x_wconf 74' lang='lat' dir='ltr'><strong>ipficm</strong></span> <span class='ocrx_word' id='word_1_1188' title='bbox 2145 3281 2250 3324; x_wconf 62' lang='lat' dir='ltr'><strong>Regem}</strong></span> 
     </span>
    </p>
   </div>
   <div class='ocr_carea' id='block_1_36' title="bbox 1295 3366 2356 3383">
    <p class='ocr_par' dir='ltr' id='par_1_90' title="bbox 1295 3366 2356 3383">
     <span class='ocr_line' id='line_1_189' title="bbox 1295 3366 2356 3383; baseline 0 868"><span class='ocrx_word' id='word_1_1189' title='bbox 1295 3366 2356 3383; x_wconf 95' lang='lat' dir='ltr'><strong> </strong></span> 
     </span>
    </p>
   </div>
   <div class='ocr_carea' id='block_1_37' title="bbox 1436 3423 2214 3476">
    <p class='ocr_par' dir='ltr' id='par_1_91' title="bbox 1436 3423 2214 3476">
     <span class='ocr_line' id='line_1_190' title="bbox 1436 3423 2214 3476; baseline -0.006 -13"><span class='ocrx_word' id='word_1_1190' title='bbox 1436 3433 1495 3464; x_wconf 89' lang='lat' dir='ltr'><strong>Pro</strong></span> <span class='ocrx_word' id='word_1_1191' title='bbox 1514 3429 1642 3462; x_wconf 70' lang='lat' dir='ltr'><strong>Haltero</strong></span> <span class='ocrx_word' id='word_1_1192' title='bbox 1657 3425 1802 3476; x_wconf 80' lang='lat' dir='ltr'><strong>Styward</strong></span> <span class='ocrx_word' id='word_1_1193' title='bbox 1814 3429 1850 3466; x_wconf 70' lang='lat'><strong>&amp;¹</strong></span> <span class='ocrx_word' id='word_1_1194' title='bbox 1871 3423 2001 3472; x_wconf 73' lang='lat' dir='ltr'><strong>Ifizbella</strong></span> <span class='ocrx_word' id='word_1_1195' title='bbox 2020 3427 2126 3460; x_wconf 84' lang='lat' dir='ltr'><strong>Uxore</strong></span> <span class='ocrx_word' id='word_1_1196' title='bbox 2140 3425 2214 3469; x_wconf 84' lang='lat' dir='ltr'><strong>ejus.</strong></span> 
     </span>
    </p>
   </div>
   <div class='ocr_carea' id='block_1_38' title="bbox 1301 3510 1978 3592">
    <p class='ocr_par' dir='ltr' id='par_1_92' title="bbox 1301 3510 1978 3592">
     <span class='ocr_line' id='line_1_191' title="bbox 1301 3510 1978 3574; baseline -0.01 -26"><span class='ocrx_word' id='word_1_1197' title='bbox 1301 3515 1419 3574; x_wconf 78' lang='lat' dir='ltr'><strong>REX</strong></span> <span class='ocrx_word' id='word_1_1198' title='bbox 1435 3514 1595 3562; x_wconf 72' lang='lat' dir='ltr'><strong>Omnibus,</strong></span> <span class='ocrx_word' id='word_1_1199' title='bbox 1611 3513 1646 3544; x_wconf 90' lang='lat' dir='ltr'><strong>ad</strong></span> <span class='ocrx_word' id='word_1_1200' title='bbox 1660 3523 1749 3551; x_wconf 89' lang='lat' dir='ltr'><strong>quos,</strong></span> <span class='ocrx_word' id='word_1_1201' title='bbox 1765 3512 1826 3543; x_wconf 89' lang='lat' dir='ltr'><strong>&amp;c.</strong></span> <span class='ocrx_word' id='word_1_1202' title='bbox 1845 3510 1978 3542; x_wconf 89' lang='lat' dir='ltr'><strong>Salutem.</strong></span> 
     </span>
     <span class='ocr_line' id='line_1_192' title="bbox 1398 3553 1604 3592; baseline -0.01 -7"><span class='ocrx_word' id='word_1_1203' title='bbox 1398 3555 1496 3585; x_wconf 87' lang='lat' dir='ltr'><strong>Sciatis</strong></span> <span class='ocrx_word' id='word_1_1204' title='bbox 1506 3553 1586 3592; x_wconf 86' lang='lat' dir='ltr'><strong>quod</strong></span> <span class='ocrx_word' id='word_1_1205' title='bbox 1594 3575 1604 3590; x_wconf 87' lang='lat'>‚</span> 
     </span>
    </p>
   </div>
   <div class='ocr_carea' id='block_1_39' title="bbox 2381 3513 2506 3592">
    <p class='ocr_par' dir='ltr' id='par_1_93' title="bbox 2381 3513 2506 3592">
     <span class='ocr_line' id='line_1_193' title="bbox 2381 3513 2506 3547; baseline -0.024 0"><span class='ocrx_word' id='word_1_1206' title='bbox 2381 3516 2456 3547; x_wconf 88' lang='lat' dir='ltr'><strong>Ann.</strong></span> <span class='ocrx_word' id='word_1_1207' title='bbox 2465 3513 2506 3545; x_wconf 85' lang='lat' dir='ltr'><strong>D.</strong></span> 
     </span>
     <span class='ocr_line' id='line_1_194' title="bbox 2400 3561 2484 3592; baseline -0.012 0"><span class='ocrx_word' id='word_1_1208' title='bbox 2400 3563 2412 3584; x_wconf 84' lang='lat'><em>¹</em></span> <span class='ocrx_word' id='word_1_1209' title='bbox 2420 3561 2484 3592; x_wconf 89' lang='lat'>399·</span> 
     </span>
    </p>
   </div>
   <div class='ocr_carea' id='block_1_40' title="bbox 1297 3584 2492 3706">
    <p class='ocr_par' dir='ltr' id='par_1_94' title="bbox 1297 3584 2492 3706">
     <span class='ocr_line' id='line_1_195' title="bbox 1337 3584 2492 3628; baseline -0.007 -5"><span class='ocrx_word' id='word_1_1210' title='bbox 1337 3593 1385 3624; x_wconf 88' lang='lat' dir='ltr'><strong>De</strong></span> <span class='ocrx_word' id='word_1_1211' title='bbox 1399 3592 1500 3623; x_wconf 78' lang='lat' dir='ltr'><strong>Gratia</strong></span> <span class='ocrx_word' id='word_1_1212' title='bbox 1514 3592 1609 3622; x_wconf 82' lang='lat' dir='ltr'><strong>nostra</strong></span> <span class='ocrx_word' id='word_1_1213' title='bbox 1621 3589 1747 3628; x_wconf 86' lang='lat' dir='ltr'><strong>speciali,</strong></span> <span class='ocrx_word' id='word_1_1214' title='bbox 1764 3589 1798 3619; x_wconf 90' lang='lat'>&amp;</span> <span class='ocrx_word' id='word_1_1215' title='bbox 1810 3598 1862 3626; x_wconf 85' lang='lat' dir='ltr'><strong>pro</strong></span> <span class='ocrx_word' id='word_1_1216' title='bbox 1876 3598 1912 3619; x_wconf 90' lang='lat' dir='ltr'><strong>eo</strong></span> <span class='ocrx_word' id='word_1_1217' title='bbox 1933 3587 2031 3626; x_wconf 81' lang='lat' dir='ltr'><strong>quod,</strong></span> <span class='ocrx_word' id='word_1_1218' title='bbox 2049 3586 2182 3618; x_wconf 64' lang='lat' dir='ltr'><strong>Dilectus</strong></span> <span class='ocrx_word' id='word_1_1219' title='bbox 2203 3587 2238 3618; x_wconf 65' lang='grc' dir='ltr'><strong>ὃς</strong></span> <span class='ocrx_word' id='word_1_1220' title='bbox 2259 3584 2360 3616; x_wconf 88' lang='lat' dir='ltr'><strong>Fidelis</strong></span> <span class='ocrx_word' id='word_1_1221' title='bbox 2376 3596 2430 3620; x_wconf 84' lang='lat' dir='ltr'><strong>An.</strong></span> <span class='ocrx_word' id='word_1_1222' title='bbox 2446 3603 2492 3620; x_wconf 76' lang='lat'><strong>22,</strong></span> 
     </span>
     <span class='ocr_line' id='line_1_196' title="bbox 1297 3623 2454 3670; baseline -0.007 -8"><span class='ocrx_word' id='word_1_1223' title='bbox 1297 3632 1408 3670; x_wconf 75' lang='lat' dir='ltr'><strong>noster,</strong></span> <span class='ocrx_word' id='word_1_1224' title='bbox 1438 3630 1575 3661; x_wconf 80' lang='lat' dir='ltr'><strong>Walterus</strong></span> <span class='ocrx_word' id='word_1_1225' title='bbox 1593 3629 1727 3666; x_wconf 70' lang='lat' dir='ltr'><strong>Styward</strong></span> <span class='ocrx_word' id='word_1_1226' title='bbox 1742 3627 1778 3657; x_wconf 89' lang='lat' dir='ltr'><strong>de</strong></span> <span class='ocrx_word' id='word_1_1227' title='bbox 1800 3628 1896 3658; x_wconf 88' lang='lat' dir='ltr'><strong>Scotia</strong></span> <span class='ocrx_word' id='word_1_1228' title='bbox 1918 3626 2023 3663; x_wconf 79' lang='lat' dir='ltr'><strong>Miles,</strong></span> <span class='ocrx_word' id='word_1_1229' title='bbox 2048 3635 2133 3663; x_wconf 89' lang='lat' dir='ltr'><strong>penes</strong></span> <span class='ocrx_word' id='word_1_1230' title='bbox 2155 3624 2240 3663; x_wconf 86' lang='lat' dir='ltr'><strong>Nos,</strong></span> <span class='ocrx_word' id='word_1_1231' title='bbox 2265 3623 2357 3656; x_wconf 86' lang='lat' dir='ltr'><strong>versus</strong></span> <span class='ocrx_word' id='word_1_1232' title='bbox 2377 3636 2407 3659; x_wconf 86' lang='lat' dir='ltr'><strong>R.</strong></span> <span class='ocrx_word' id='word_1_1233' title='bbox 2428 3641 2454 3658; x_wconf 76' lang='lat'><strong>2,</strong></span> 
     </span>
     <span class='ocr_line' id='line_1_197' title="bbox 1299 3663 2491 3706; baseline -0.008 -5"><span class='ocrx_word' id='word_1_1234' title='bbox 1299 3680 1400 3701; x_wconf 86' lang='lat' dir='ltr'><strong>omnes</strong></span> <span class='ocrx_word' id='word_1_1235' title='bbox 1414 3669 1576 3706; x_wconf 86' lang='lat' dir='ltr'><strong>Homines,</strong></span> <span class='ocrx_word' id='word_1_1236' title='bbox 1595 3675 1695 3705; x_wconf 85' lang='lat' dir='ltr'><strong>praeter</strong></span> <span class='ocrx_word' id='word_1_1237' title='bbox 1708 3668 1803 3702; x_wconf 83' lang='lat' dir='ltr'><strong>Regem</strong></span> <span class='ocrx_word' id='word_1_1238' title='bbox 1815 3669 1928 3702; x_wconf 83' lang='lat' dir='ltr'><strong>Scotiae,</strong></span> <span class='ocrx_word' id='word_1_1239' title='bbox 1945 3667 1975 3695; x_wconf 92' lang='lat' dir='ltr'><strong>in</strong></span> <span class='ocrx_word' id='word_1_1240' title='bbox 1989 3664 2082 3694; x_wconf 91' lang='lat' dir='ltr'><strong>Terra</strong></span> <span class='ocrx_word' id='word_1_1241' title='bbox 2094 3663 2202 3695; x_wconf 84' lang='lat' dir='ltr'><strong>Scotiae</strong></span> <span class='ocrx_word' id='word_1_1242' title='bbox 2226 3670 2336 3694; x_wconf 86' lang='lat' dir='ltr'><strong>tantum</strong></span> <span class='ocrx_word' id='word_1_1243' title='bbox 2345 3683 2356 3699; x_wconf 89' lang='lat'><strong>,</strong></span> <span class='ocrx_word' id='word_1_1244' title='bbox 2377 3673 2435 3697; x_wconf 73' lang='lat' dir='ltr'><strong>Pae.</strong></span> <span class='ocrx_word' id='word_1_1245' title='bbox 2447 3678 2491 3697; x_wconf 77' lang='lat'><strong>22,</strong></span> 
     </span>
    </p>
   </div>
   <div class='ocr_carea' id='block_1_41' title="bbox 1297 3703 2367 4076">
    <p class='ocr_par' dir='ltr' id='par_1_95' title="bbox 1297 3703 2061 3749">
     <span class='ocr_line' id='line_1_198' title="bbox 1297 3703 2061 3749; baseline -0.008 -11"><span class='ocrx_word' id='word_1_1246' title='bbox 1297 3719 1350 3749; x_wconf 89' lang='lat' dir='ltr'><strong>pro</strong></span> <span class='ocrx_word' id='word_1_1247' title='bbox 1365 3709 1510 3738; x_wconf 91' lang='lat' dir='ltr'><strong>Termino</strong></span> <span class='ocrx_word' id='word_1_1248' title='bbox 1526 3706 1601 3737; x_wconf 88' lang='lat' dir='ltr'><strong>Vitae</strong></span> <span class='ocrx_word' id='word_1_1249' title='bbox 1615 3705 1695 3743; x_wconf 80' lang='lat' dir='ltr'><strong>ipsius</strong></span> <span class='ocrx_word' id='word_1_1250' title='bbox 1712 3704 1831 3735; x_wconf 89' lang='lat' dir='ltr'><strong>Walteri</strong></span> <span class='ocrx_word' id='word_1_1251' title='bbox 1847 3703 1888 3734; x_wconf 86' lang='lat' dir='ltr'><strong>est</strong></span> <span class='ocrx_word' id='word_1_1252' title='bbox 1903 3703 2061 3740; x_wconf 88' lang='lat' dir='ltr'><strong>Retentus,</strong></span> 
     </span>
    </p>

    <p class='ocr_par' dir='ltr' id='par_1_96' title="bbox 1300 3737 2363 3972">
     <span class='ocr_line' id='line_1_199' title="bbox 1338 3737 2356 3782; baseline -0.011 -4"><span class='ocrx_word' id='word_1_1253' title='bbox 1338 3745 1538 3778; x_wconf 82' lang='lat' dir='ltr'><strong>Concessimus</strong></span> <span class='ocrx_word' id='word_1_1254' title='bbox 1558 3744 1651 3775; x_wconf 89' lang='lat' dir='ltr'><strong>eidem</strong></span> <span class='ocrx_word' id='word_1_1255' title='bbox 1681 3742 1800 3773; x_wconf 83' lang='lat' dir='ltr'><strong>Waltero</strong></span> <span class='ocrx_word' id='word_1_1256' title='bbox 1822 3743 1855 3774; x_wconf 69' lang='grc' dir='ltr'><strong>ὃ(</strong></span> <span class='ocrx_word' id='word_1_1257' title='bbox 1883 3740 2007 3782; x_wconf 78' lang='lat' dir='ltr'><strong>Ifabellae</strong></span> <span class='ocrx_word' id='word_1_1258' title='bbox 2037 3743 2123 3770; x_wconf 78' lang='lat' dir='ltr'><strong>Uxori</strong></span> <span class='ocrx_word' id='word_1_1259' title='bbox 2145 3740 2202 3779; x_wconf 78' lang='lat' dir='ltr'><strong>ejus</strong></span> <span class='ocrx_word' id='word_1_1260' title='bbox 2228 3737 2356 3768; x_wconf 87' lang='lat' dir='ltr'><strong>Centum</strong></span> 
     </span>
     <span class='ocr_line' id='line_1_200' title="bbox 1301 3777 2359 3824; baseline -0.009 -8"><span class='ocrx_word' id='word_1_1261' title='bbox 1301 3785 1432 3824; x_wconf 73' lang='lat' dir='ltr'><strong>Marcas,</strong></span> <span class='ocrx_word' id='word_1_1262' title='bbox 1447 3783 1586 3815; x_wconf 80' lang='lat' dir='ltr'><strong>habendas</strong></span> <span class='ocrx_word' id='word_1_1263' title='bbox 1600 3785 1633 3814; x_wconf 91' lang='lat'>&amp;</span> <span class='ocrx_word' id='word_1_1264' title='bbox 1647 3781 1856 3820; x_wconf 69' lang='lat' dir='ltr'><strong>percipiendas,</strong></span> <span class='ocrx_word' id='word_1_1265' title='bbox 1874 3781 1984 3820; x_wconf 83' lang='lat' dir='ltr'><strong>singulis</strong></span> <span class='ocrx_word' id='word_1_1266' title='bbox 1997 3780 2105 3818; x_wconf 90' lang='lat' dir='ltr'><strong>Annis,</strong></span> <span class='ocrx_word' id='word_1_1267' title='bbox 2122 3779 2157 3809; x_wconf 84' lang='lat' dir='ltr'><strong>ad</strong></span> <span class='ocrx_word' id='word_1_1268' title='bbox 2177 3777 2359 3808; x_wconf 81' lang='lat' dir='ltr'><strong>scaccarium</strong></span> 
     </span>
     <span class='ocr_line' id='line_1_201' title="bbox 1300 3814 2362 3860; baseline -0.008 -6"><span class='ocrx_word' id='word_1_1269' title='bbox 1300 3824 1448 3860; x_wconf 78' lang='lat' dir='ltr'><strong>nostrum,</strong></span> <span class='ocrx_word' id='word_1_1270' title='bbox 1466 3823 1568 3853; x_wconf 87' lang='lat' dir='ltr'><strong>eisdem</strong></span> <span class='ocrx_word' id='word_1_1271' title='bbox 1585 3821 1705 3851; x_wconf 83' lang='lat' dir='ltr'><strong>Waltero</strong></span> <span class='ocrx_word' id='word_1_1272' title='bbox 1717 3821 1753 3851; x_wconf 88' lang='lat'>&amp;</span> <span class='ocrx_word' id='word_1_1273' title='bbox 1768 3818 1890 3858; x_wconf 79' lang='lat' dir='ltr'><strong>Isabellae</strong></span> <span class='ocrx_word' id='word_1_1274' title='bbox 1926 3820 1959 3850; x_wconf 90' lang='lat'>&amp;</span> <span class='ocrx_word' id='word_1_1275' title='bbox 1975 3817 2142 3849; x_wconf 81' lang='lat' dir='ltr'><strong>Haeredibus</strong></span> <span class='ocrx_word' id='word_1_1276' title='bbox 2161 3814 2310 3853; x_wconf 71' lang='lat' dir='ltr'><strong>Mascuhs,</strong></span> <span class='ocrx_word' id='word_1_1277' title='bbox 2325 3814 2362 3846; x_wconf 88' lang='lat' dir='ltr'><strong>de</strong></span> 
     </span>
     <span class='ocr_line' id='line_1_202' title="bbox 1301 3843 2363 3899; baseline -0.009 -7"><span class='ocrx_word' id='word_1_1278' title='bbox 1301 3862 1482 3899; x_wconf 86' lang='lat' dir='ltr'><strong>Corporibus</strong></span> <span class='ocrx_word' id='word_1_1279' title='bbox 1494 3861 1618 3899; x_wconf 91' lang='lat' dir='ltr'><strong>ipsorum</strong></span> <span class='ocrx_word' id='word_1_1280' title='bbox 1633 3858 1750 3889; x_wconf 85' lang='lat' dir='ltr'><strong>Walteri</strong></span> <span class='ocrx_word' id='word_1_1281' title='bbox 1765 3859 1798 3889; x_wconf 90' lang='lat'>&amp;</span> <span class='ocrx_word' id='word_1_1282' title='bbox 1813 3843 1936 3896; x_wconf 57' lang='lat' dir='ltr'><strong>Isabellae</strong></span> <span class='ocrx_word' id='word_1_1283' title='bbox 1951 3856 2134 3892; x_wconf 78' lang='lat' dir='ltr'><strong>exeuntibuS‚</strong></span> <span class='ocrx_word' id='word_1_1284' title='bbox 2152 3852 2186 3882; x_wconf 88' lang='lat' dir='ltr'><strong>ad</strong></span> <span class='ocrx_word' id='word_1_1285' title='bbox 2206 3852 2363 3883; x_wconf 87' lang='lat' dir='ltr'><strong>Terminos</strong></span> 
     </span>
     <span class='ocr_line' id='line_1_203' title="bbox 1302 3891 2363 3935; baseline -0.008 -4"><span class='ocrx_word' id='word_1_1286' title='bbox 1302 3900 1453 3931; x_wconf 84' lang='lat' dir='ltr'><strong>Michaelis</strong></span> <span class='ocrx_word' id='word_1_1287' title='bbox 1466 3901 1500 3931; x_wconf 69' lang='grc' dir='ltr'><strong>ὃς</strong></span> <span class='ocrx_word' id='word_1_1288' title='bbox 1515 3898 1646 3934; x_wconf 80' lang='lat' dir='ltr'><strong>Paschae,</strong></span> <span class='ocrx_word' id='word_1_1289' title='bbox 1666 3907 1715 3935; x_wconf 88' lang='lat' dir='ltr'><strong>per</strong></span> <span class='ocrx_word' id='word_1_1290' title='bbox 1729 3906 1754 3926; x_wconf 90' lang='lat' dir='ltr'>ae</span> <span class='ocrx_word' id='word_1_1291' title='bbox 1777 3896 1848 3926; x_wconf 86' lang='lat' dir='ltr'><strong>uales</strong></span> <span class='ocrx_word' id='word_1_1292' title='bbox 1868 3895 2034 3932; x_wconf 88' lang='lat' dir='ltr'><strong>Portiones,</strong></span> <span class='ocrx_word' id='word_1_1293' title='bbox 2052 3891 2194 3931; x_wconf 87' lang='lat' dir='ltr'><strong>quousque</strong></span> <span class='ocrx_word' id='word_1_1294' title='bbox 2217 3901 2270 3930; x_wconf 83' lang='lat' dir='ltr'><strong>pro</strong></span> <span class='ocrx_word' id='word_1_1295' title='bbox 2291 3891 2363 3924; x_wconf 81' lang='lat' dir='ltr'><strong>stam</strong></span> 
     </span>
     <span class='ocr_line' id='line_1_204' title="bbox 1302 3936 1839 3972; baseline -0.011 -3"><span class='ocrx_word' id='word_1_1296' title='bbox 1302 3940 1352 3969; x_wconf 88' lang='lat' dir='ltr'><strong>suo</strong></span> <span class='ocrx_word' id='word_1_1297' title='bbox 1365 3940 1443 3969; x_wconf 87' lang='lat' dir='ltr'><strong>aliter</strong></span> <span class='ocrx_word' id='word_1_1298' title='bbox 1457 3938 1619 3968; x_wconf 84' lang='lat' dir='ltr'><strong>duxerimus</strong></span> <span class='ocrx_word' id='word_1_1299' title='bbox 1634 3936 1751 3966; x_wconf 82' lang='lat' dir='ltr'><strong>ordinari</strong></span> <span class='ocrx_word' id='word_1_1300' title='bbox 1774 3944 1839 3972; x_wconf 77' lang='lat' dir='ltr'><strong>um3</strong></span> 
     </span>
    </p>

    <p class='ocr_par' dir='ltr' id='par_1_97' title="bbox 1303 3966 2367 4076">
     <span class='ocr_line' id='line_1_205' title="bbox 1342 3966 2365 4013; baseline -0.009 -7"><span class='ocrx_word' id='word_1_1301' title='bbox 1342 3976 1382 4006; x_wconf 83' lang='lat' dir='ltr'><strong>Ita</strong></span> <span class='ocrx_word' id='word_1_1302' title='bbox 1397 3978 1506 4013; x_wconf 84' lang='lat' dir='ltr'><strong>semper</strong></span> <span class='ocrx_word' id='word_1_1303' title='bbox 1521 3974 1601 4013; x_wconf 84' lang='lat' dir='ltr'><strong>quod</strong></span> <span class='ocrx_word' id='word_1_1304' title='bbox 1635 3974 1656 4004; x_wconf 85' lang='lat' dir='ltr'><strong>si</strong></span> <span class='ocrx_word' id='word_1_1305' title='bbox 1668 3972 1796 4011; x_wconf 75' lang='lat' dir='ltr'><strong>praediCti</strong></span> <span class='ocrx_word' id='word_1_1306' title='bbox 1834 3971 1970 4002; x_wconf 74' lang='lat' dir='ltr'><strong>Wlterus</strong></span> <span class='ocrx_word' id='word_1_1307' title='bbox 1984 3970 2017 4002; x_wconf 89' lang='lat'>&amp;</span> <span class='ocrx_word' id='word_1_1308' title='bbox 2033 3966 2168 4007; x_wconf 63' lang='lat' dir='ltr'><strong>Ifiibella,</strong></span> <span class='ocrx_word' id='word_1_1309' title='bbox 2184 3967 2240 3999; x_wconf 89' lang='lat' dir='ltr'><strong>fine</strong></span> <span class='ocrx_word' id='word_1_1310' title='bbox 2260 3967 2365 4000; x_wconf 80' lang='lat' dir='ltr'><strong>Haere-</strong></span> 
     </span>
     <span class='ocr_line' id='line_1_206' title="bbox 1303 3995 2367 4076; baseline -0.01 -31"><span class='ocrx_word' id='word_1_1311' title='bbox 1303 4014 1339 4044; x_wconf 92' lang='lat' dir='ltr'><strong>de</strong></span> <span class='ocrx_word' id='word_1_1312' title='bbox 1361 4014 1506 4052; x_wconf 83' lang='lat' dir='ltr'><strong>Malculo,</strong></span> <span class='ocrx_word' id='word_1_1313' title='bbox 1533 4012 1570 4042; x_wconf 91' lang='lat' dir='ltr'><strong>de</strong></span> <span class='ocrx_word' id='word_1_1314' title='bbox 1590 3997 1771 4051; x_wconf 67' lang='lat' dir='ltr'><strong>dorporibus</strong></span> <span class='ocrx_word' id='word_1_1315' title='bbox 1793 3995 1844 4042; x_wconf 67' lang='lat' dir='ltr'><strong>liris</strong></span> <span class='ocrx_word' id='word_1_1316' title='bbox 1866 4017 2002 4044; x_wconf 83' lang='lat' dir='ltr'><strong>exeunte,</strong></span> <span class='ocrx_word' id='word_1_1317' title='bbox 2026 4008 2167 4076; x_wconf 42' lang='lat' dir='ltr'><strong>obierint&amp;</strong></span> <span class='ocrx_word' id='word_1_1318' title='bbox 2187 4014 2275 4043; x_wconf 88' lang='lat' dir='ltr'><strong>tunc,</strong></span> <span class='ocrx_word' id='word_1_1319' title='bbox 2300 4005 2367 4044; x_wconf 84' lang='lat' dir='ltr'><strong>post</strong></span> 
     </span>
    </p>
   </div>
   <div class='ocr_carea' id='block_1_42' title="bbox 1306 4043 2371 4121">
    <p class='ocr_par' dir='ltr' id='par_1_98' title="bbox 1306 4043 2371 4121">
     <span class='ocr_line' id='line_1_207' title="bbox 1306 4043 2371 4121; baseline -0.01 -35"><span class='ocrx_word' id='word_1_1320' title='bbox 1306 4051 1441 4086; x_wconf 79' lang='lat' dir='ltr'><strong>Mortem</strong></span> <span class='ocrx_word' id='word_1_1321' title='bbox 1460 4051 1665 4092; x_wconf 66' lang='lat' dir='ltr'><strong>praedictorum</strong></span> <span class='ocrx_word' id='word_1_1322' title='bbox 1685 4048 1804 4082; x_wconf 81' lang='lat' dir='ltr'><strong>Waltm&#39;</strong></span> <span class='ocrx_word' id='word_1_1323' title='bbox 1823 4048 1856 4081; x_wconf 86' lang='lat'>&amp;</span> <span class='ocrx_word' id='word_1_1324' title='bbox 1877 4045 2019 4086; x_wconf 65' lang='lat' dir='ltr'><strong>Habellae,</strong></span> <span class='ocrx_word' id='word_1_1325' title='bbox 2036 4045 2083 4079; x_wconf 87' lang='lat' dir='ltr'><strong>vel</strong></span> <span class='ocrx_word' id='word_1_1326' title='bbox 2104 4045 2147 4077; x_wconf 79' lang='lat' dir='ltr'><strong>sii</strong></span> <span class='ocrx_word' id='word_1_1327' title='bbox 2167 4053 2215 4077; x_wconf 82' lang='lat' dir='ltr'><strong>em</strong></span> <span class='ocrx_word' id='word_1_1328' title='bbox 2229 4043 2371 4121; x_wconf 47' lang='lat' dir='ltr'><strong>Waltz-gs-</strong></span> 
     </span>
    </p>
   </div>
   <div class='ocr_carea' id='block_1_43' title="bbox 2374 3712 2515 3784">
    <p class='ocr_par' dir='ltr' id='par_1_99' title="bbox 2374 3712 2515 3784">
     <span class='ocr_line' id='line_1_208' title="bbox 2374 3712 2495 3743; baseline -0.008 -7"><span class='ocrx_word' id='word_1_1329' title='bbox 2374 3712 2404 3736; x_wconf 79' lang='lat' dir='ltr'><strong>R.</strong></span> <span class='ocrx_word' id='word_1_1330' title='bbox 2426 3717 2451 3736; x_wconf 89' lang='lat'><strong>2.</strong></span> <span class='ocrx_word' id='word_1_1331' title='bbox 2470 3713 2495 3743; x_wconf 83' lang='lat' dir='ltr'><strong>p.</strong></span> 
     </span>
     <span class='ocr_line' id='line_1_209' title="bbox 2377 3744 2515 3784; baseline -0.029 -9"><span class='ocrx_word' id='word_1_1332' title='bbox 2377 3756 2402 3784; x_wconf 82' lang='lat'><strong>3.</strong></span> <span class='ocrx_word' id='word_1_1333' title='bbox 2422 3744 2515 3780; x_wconf 74' lang='lat' dir='ltr'><strong>m.26,·</strong></span> 
     </span>
    </p>
   </div>
  </div>
 </body>
</html>
