2561 4251
724 145 833 186 ET
920 146 1189 186 ACTA
1273 148 1745 191 PUBLICA.
2256 166 2335 204 ης

15 236 143 283 Anas),
253 235 328 265 Ence
349 237 399 263 atis
412 255 422 271 ,
446 232 504 263 Dei
527 232 626 272 gratia,
646 235 826 262 Romanorum
837 234 916 270 Rex,
934 231 1041 270 semper
1058 231 1221 270 Augustus,
1264 233 1333 263 dit-‘ti
1358 233 1457 264 Fratris
1478 234 1565 265 nostri
1581 258 1590 272 ,
1611 235 1718 266 nedum
1732 246 1784 273 pro
1802 236 1881 273 Ligis
1897 237 1931 267 ἃ
1945 237 2086 267 Amicitiis
2101 236 2259 271 huiusmodi
2277 247 2326 274 ap·
2353 235 2475 268 Ann.D.

36 277 120 316 1381,
270 275 304 304 &
340 272 460 302 ohemiae
475 272 548 302 Rex.
1262 272 1464 313 punstuaudis,
1479 274 1517 304 set
1531 284 1583 311 pro
1596 274 1732 304 Tractatu
1745 273 1940 312 Matrimonii,
1956 278 2029 305 inter
2046 275 2114 306 Nos
2135 277 2168 306 δε
2184 276 2326 306 Screniffi-
2369 275 2450 313 1381.

16 321 65 343 rtis.
88 325 113 343 2.
198 311 317 342 Notum
330 311 466 347 facimus,
484 311 601 341 Tenore
614 310 816 348 Praesentium,
1264 320 1343 341 mam
1359 310 1533 349 Dominam,
1552 312 1710 342 Dominam
1734 316 1852 341 Annam
1876 312 1951 351 ῥίψω
1974 318 2083 350 Fratris
2102 312 2184 352 nostri
2206 317 2325 343 Sororem
2345 317 2387 342 iiic
2414 325 2442 344 2,

199 349 345 380 Univerfis
360 348 458 386 quod,
1206 385 1221 390 ..
1264 348 1392 378 Inclitam
1418 351 1566 386 praelocuti
1582 374 1591 388 ,
1617 351 1752 388 feliciter,
1773 350 1831 380 Dei
1846 351 1949 388 gratia,
1969 352 2184 389 concludendo,
2202 352 2233 382 in
2247 352 2327 391 Reg-

198 387 249 418 De
275 386 391 417 Illustris
417 386 572 426 Przimzflai
601 390 686 416 Ducis
710 384 885 425 Ti’schr'nenfis
905 384 1043 422 Principis
1063 385 1096 416 &
1114 385 1223 415 Sororn
1264 397 1334 417 num
1349 387 1497 426 nostrum,
1514 390 1548 418 ad
1564 389 1691 419 nostram
1708 389 1881 426 priesentiam
1895 388 2049 420 destinare:

162 426 251 457 nostri
264 424 420 462 Cariffimi,
439 435 471 455 ac
487 428 587 462 etiarn,
605 424 782 462 Nobilium,
801 424 939 453 chunradi
952 425 984 452 de
997 426 1110 459 Kreiger
1125 423 1219 461 Magi-
1299 426 1384 462 Nos,

161 464 210 495 stri
233 462 330 493 Curi-x
349 464 455 494 nostrae
470 488 479 502 ,
505 464 539 494 ὃ(
560 466 637 492 Petri
661 463 693 492 de
707 462 913 498 Wrtemberg,
933 461 1168 491 Confiliariorum
1187 462 1220 491 &
1303 464 1438 494 Volentes
1451 464 1562 494 ulterius
1577 464 1731 502 procedere
1744 466 1772 495 in
1788 464 1951 503 Praemissis,

161 502 284 532 fidelium
309 501 472 532 nostrorum
494 501 665 532 dilectorum
679 522 689 537 ,
712 500 852 538 legalitatis
867 522 876 536 ,
904 500 1028 541 virtutis,
1047 501 1083 542 &A
1096 500 1221 536 probatae
1305 503 1351 533 Ac
1364 502 1399 532 dc
1413 503 1668 540 circumspectione
1682 504 1714 533 ὃς
1729 504 1885 541 legalitate,
1900 504 2069 535 dilec‘iorurn
2086 504 2118 535 ἃ
2134 504 2257 536 fidelium
2273 516 2326 537 no-

160 540 421 577 circumspectionis
441 539 581 570 industriis
601 539 714 576 plenam
734 540 767 569 &
790 537 976 568 indubitatam
999 538 1132 568 fiduciam
1146 539 1220 569 obti—
1267 541 1390 571 strorum
1405 565 1414 577 ,
1444 542 1582 570 Edmundi
1603 545 1711 570 Comitis
1736 542 1913 579 cantebrigia·
1937 543 2032 573 Patr-ai
2061 544 2150 573 nostri
2171 544 2299 575 carissimi
2315 567 2326 584 ‚

160 586 275 616 nentes,
1267 581 1388 616 Hugom'r
1403 583 1520 615 Segrave
1533 579 1679 608 Senescalli
1693 578 1816 616 Hospitii
1829 580 1934 618 nostri,
1953 581 1986 612 ἃ
1999 580 2120 611 Albrea'i
2135 582 2167 611 de
2188 585 2253 612 Vcer
2266 583 2326 613 Ca-

196 615 291 654 Ipsos,
309 618 406 648 animo
418 616 589 653 deliberato,
607 614 644 645 de
657 623 732 645 certa
747 613 843 645 nostra
857 614 966 646 scientia
980 638 990 653 ,
1012 615 1045 645 &
1061 614 1128 645 sano
1141 615 1224 644 Prin-
1268 618 1378 648 merarii
1392 617 1496 655 nostri2
1516 617 1661 654 Militum,
1681 617 1788 654 plenius
1803 618 1995 657 confidentes³

163 655 263 692 cipum
294 655 435 686 Baronum
463 654 496 684 δε
520 653 679 683 Procerum
703 653 867 683 nostrorum
888 654 1040 684 accedente
1063 652 1200 683 Concilio
1215 675 1224 690 ,
1305 656 1350 686 Ad
1372 655 1586 693 Tractandum,
1601 654 1800 689 Ordinandum
1816 679 1825 694 ,
1843 658 1876 688 ὅ(
1897 656 2143 689 Concordandum
2163 669 2230 690 cum
2252 660 2326 692 Am.

160 692 260 723 nostro
273 695 306 725 &
321 692 432 727 ,Illustris
449 695 545 721 Annae
560 695 662 721 Sororts
677 691 772 731 nostrae
787 690 932 730 Carissimis»
948 691 1225 729 nominibus,C1·ea-
1267 695 1450 724 baii'atoribus
1465 717 1474 732 ,
1498 692 1732 724 procuratoribus
1746 717 1755 732 ,
1780 695 1907 725 Nunciis
1921 717 1931 732 ,
1961 696 2004 726 seu
2028 696 2176 735 Deputatis
2195 698 2330 736 praedirfti

160 732 274 769 vimus,
301 724 511 761 Censtituimus
523 755 533 768 ,
552 731 697 768 Fecimus,
717 729 873 766 Creamus,
893 730 1041 767 Facimus,
1062 728 1224 772 Constitui-
1268 733 1368 762 Fratris
1391 733 1493 769 nostri,
1511 731 1682 762 Potestatem
1705 732 1737 761 ad
1757 732 1924 770 infrascripta
1937 733 2116 773 habentibus,
2134 736 2212 774 super
2229 738 2305 777 Ligis
2319 761 2329 776 ,

160 780 225 800 mus
241 793 250 808 ,
275 771 309 800 δε
333 768 443 799 meliori
458 769 549 799 modo
565 770 598 800 ὅ(
612 769 707 799 forma
723 770 824 806 quibus
840 768 898 798 fieri
913 767 1021 805 potest,
1043 767 1223 798 Praetenubus
1269 770 1570 800 Confoederationibus
1585 794 1593 805 ,
1618 771 1651 800 ὃς
1672 770 1808 800 Amicitiis
1829 771 2030 802 fraternalibus
2046 796 2055 811 ,
2077 775 2109 804 ὃς
2130 775 2301 813 Specialibus
2315 799 2326 814 ,

161 808 334 838 Ordinamus
349 806 461 837 nostros
473 808 506 838 &
522 807 645 845 ejusdem
661 808 771 837 Sororis
785 805 889 836 nostrae
905 807 1135 844 Ambaxiatorcs,
1150 805 1224 835 Pro-
1267 809 1297 838 T
1299 810 1503 846 emporalibus,
1521 809 1567 838 vel
1582 808 1743 845 Perpetuis,

163 854 322 884 curatoreS,
337 844 539 881 Negetiorum
555 845 712 882 Gestores,
727 845 761 875 δε
773 844 807 873 N
811 845 909 887 uncios
921 844 1064 881 speciales,
1151 882 1156 887 .
1302 847 1378 877 Inter
1398 847 1520 877 eundem
1550 847 1675 876 Fratrem
1705 846 1833 877 nostrum
1849 870 1859 886 ,
1890 846 2024 879 Subditos
2048 849 2110 880 suos
2123 874 2133 888 ,
2165 849 2266 890 Regna
2288 850 2322 885 &c

195 884 304 913 Dantes
326 884 358 913 &
379 883 582 915 Concedentes
601 883 704 914 eisdem
725 884 856 924 plenam,
874 882 1009 920 liberam,
1028 883 1061 912 &
1076 892 1224 912 omnimo·
1266 885 1406 916 Dominia
1427 885 1471 915 sua
1493 894 1701 923 quaecumque,
1721 895 1754 914 ex
1776 896 1830 916 una
1844 909 1853 924 ,
1871 887 1903 916 ὅ(
1925 885 1992 917 Nos
2008 910 2018 926 ,
2034 888 2166 919 Subditos
2187 890 2298 921 nostros
2311 916 2322 930 ,

157 921 224 951 dam
234 921 404 952 Potestatem
412 920 860 959 Tractandi,nostro&eiu{dem
868 920 978 950 Sororis
992 920 1096 950 nostrae
1113 920 1224 950 Nomi-
1266 933 1299 953 ac
1320 923 1439 963 Regna,
1457 924 1490 954 &
1513 922 1653 954 Dominia
1675 922 1769 953 nostra
1792 934 1998 964 quaecumque,
2017 935 2050 956 ex
2070 928 2146 964 parte'
2161 926 2260 968 altera,
2277 931 2322 960 in.

159 960 260 997 nibus,
279 970 367 998 cum,
385 959 566 990 Sereniffimo
580 959 731 997 Principe,
750 959 885 989 Domino
900 959 1034 988 Richardo
1041 957 1224 1002 Arigliae'ile—
1265 962 1363 992 eundis
1375 985 1384 1001 ‚

154 1010 188 1036 ge
210 999 306 1029 Fratre
329 998 427 1028 nostro
447 997 601 1028 Carissimo
649 998 730 1035 iplius
746 998 994 1028 Ambaxiatoiibus
1015 999 1049 1028 δε
1065 995 1222 1034 Concllio,
1304 1001 1346 1030 Ac
1363 1001 1443 1032 etiam
1459 1000 1494 1031 de
1516 999 1630 1038 Modo,
1649 1000 1769 1038 Forma,
1788 1000 1967 1039 Qiantitate‚
1985 1002 2019 1032 ὃς
2041 1002 2185 1040 Qualitate
2202 1004 2322 1044 Auxisti,

159 1038 210 1067 suo
224 1037 358 1073 nomine,
376 1035 492 1074 Plenum
507 1037 543 1066 ab
557 1047 593 1066 eo
608 1020 779 1066 Mandatum
794 1036 976 1079 habentibus,
995 1037 1039 1074 in,
1057 1035 1110 1074 de,
1129 1036 1162 1065 δε
1178 1035 1221 1065 su-
1265 1039 1482 1077 Subventionis,
1501 1039 1545 1069 seu
1566 1039 1703 1078 Sublimi,
1722 1040 1789 1069 hinc
1810 1039 1890 1077 inde,
1906 1048 2033 1078 tempore
2054 1041 2219 1073 neceffitatis
2230 1065 2240 1081 ,
2256 1053 2321 1074 mu-

158 1085 209 1113 per
223 1074 432 1112 Sponsaliorum
448 1085 481 1105 ac
495 1074 649 1105 Parentelae
663 1073 882 1112 Contraehbus,
900 1075 972 1105 inter
987 1075 1133 1112 praefatam
1146 1078 1224 1103 Soro-
1265 1080 1317 1108 ωὸ
1332 1079 1522 1116 ministrandi,

158 1123 214 1142 rem
227 1112 343 1152 nostram
356 1113 389 1143 ὃς
406 1114 576 1149 praedictum
593 1113 758 1149 Dominum
773 1115 868 1150 Regem
883 1112 993 1150 Angliae
1007 1136 1016 1151 ,
1042 1113 1074 1142 ad
1091 1112 1224 1151 Requifi-
1302 1116 1340 1147 Et
1356 1116 1658 1154 Comunicationibus,
1676 1118 1747 1146 inter
1762 1115 1910 1153 sabditos,
1925 1115 1992 1146 hinc
2007 1113 2090 1156 inde,
2107 1119 2136 1149 in
2157 1118 2321 1151 Mercimoe

158 1152 268 1188 tiones,
286 1147 456 1181 Sanstiffimi
472 1154 502 1182 in
516 1151 634 1182 Christo
649 1151 735 1182 Patris
747 1174 757 1189 ‚
777 1151 901 1181 Domini
916 1150 1007 1193 ¹nostri
1022 1150 1143 1188 Urbani,
1164 1154 1221 1180 Pa-
1265 1156 1317 1184 niis
1332 1156 1364 1185 &
1378 1156 1434 1185 aliis
1449 1156 1564 1191 Licitis7
1583 1156 1680 1185 stetu-‘e
1693 1156 1726 1185 ὅς
1739 1151 1920 1185 fraternaliter
1932 1155 2081 1193 faciendis,

152 1197 198 1228 ΡΒ
213 1193 308 1225 Sexti,
326 1191 473 1228 conceptis
488 1190 567 1228 alifis>
585 1190 619 1221 &
632 1191 751 1220 nomine
764 1189 875 1220 3οΥοῑἰὸ
897 1189 1018 1224 eiusdem
1033 1189 1138 1219 nostrae
1153 1199 1221 1219 cum
1300 1193 1430 1224 Necnon
1444 1194 1523 1231 super
1539 1194 1714 1230 Sponsalibus
1726 1192 1994 1230 seulMatrimoniis,
2012 1195 2083 1224 inter
2097 1194 2165 1226 Nos
2185 1198 2219 1228 &
2238 1197 2318 1228 Sere-

157 1227 263 1258 eodem
286 1227 421 1259 Domino
441 1228 604 1269 Anglorum
624 1227 709 1266 Rege
731 1227 918 1259 contrahendi
936 1227 1158 1258 Matrimonium
1172 1237 1221 1265 per
1264 1231 1404 1262 niffimam
1418 1235 1535 1262 Annam
1551 1232 1732 1269 supradictam
1748 1231 1882 1269 feliciter,
1920 1241 1948 1261 er
1962 1231 2019 1262 Dei
2041 1232 2188 1272 Gratiam,
2203 1245 2318 1267 contra-

156 1267 244 1298 verba
257 1266 451 1310 depraesenti,
746 1300 749 1301 ⁷
898 1305 902 1310 ι
1009 1306 1013 1310 ¹
1117 1302 1122 1309 Δ
1203 1305 1208 1309 .
1242 1286 1244 1288 ·
1263 1270 1363 1300 heridis
1375 1294 1384 1309 ,
1402 1272 1435 1302 δε
1454 1270 1490 1301 de
1513 1271 1678 1308 Qantitate
1698 1271 1731 1301 &
1755 1270 1885 1309 qualitate
1939 1272 1991 1300 otis
2011 1271 2103 1301 eidem
2125 1272 2292 1312 affignandae
2306 1299 2318 1314 ,

195 1303 319 1342 Nosque
333 1315 386 1343 pro
401 1305 542 1336 Dotalitiis
555 1305 677 1344 ejusdem
690 1304 797 1336 nostrae
806 1304 916 1336 Sororis
932 1305 966 1336 &
981 1305 1038 1336 aliis
1053 1300 1220 1342 Obligandi,
1262 1309 1307 1338 seu
1323 1309 1399 1339 Arris
1414 1311 1442 1339 jn
1455 1309 1508 1339 hac
1522 1318 1598 1346 parte
1613 1308 1872 1346 constituendis,ac
1887 1310 1970 1338 etiam
1985 1309 2150 1347 Qiomodo
2164 1313 2198 1342 &
2216 1312 2317 1351 Qan-

158 1342 192 1375 &
209 1344 237 1372 in
253 1343 389 1380 Animam
401 1343 529 1375 nostram
537 1343 673 1382 Jurandi‚
1119 1381 1123 1386 ⁵
1263 1347 1302 1376 do
1317 1348 1448 1384 praedic-'ta
1464 1348 1608 1385 Domina,
1628 1358 1677 1386 per
1692 1347 1821 1377 Parentes
1839 1348 1871 1378 δε
1894 1348 2014 1377 Amicos
2036 1350 2113 1386 suos,
2129 1351 2211 1380 nobis
2231 1360 2317 1380 trans-

197 1381 243 1412 Ac
260 1383 343 1413 etiam
358 1382 459 1419 nostris
472 1382 652 1413 Nominibus
666 1393 682 1412 a
694 1381 776 1413 dic‘to
790 1381 923 1425 Domino
940 1381 1023 1421 Rege
1039 1378 1151 1420 Angliae
1166 1380 1183 1418 J
1189 1391 1219 1410 u·
1263 1387 1354 1424 mitti,
1373 1387 1405 1416 ὅ(
1429 1388 1457 1415 in
1478 1386 1611 1416 Domum
1634 1386 1761 1417 nostram
1782 1384 1905 1425 Regiam
1919 1386 2024 1416 traduci
2038 1386 2155 1426 debeat,
2174 1388 2318 1419 Ordinan-

157 1423 282 1450 ramenta
296 1420 463 1459 Recipiendi
478 1421 513 1451 de
526 1422 559 1452 &
575 1421 655 1458 super
667 1420 803 1451 servando
815 1420 977 1458 Praemiffa,
1261 1423 1330 1453 dum
1349 1426 1380 1455 ὅ(
1397 1424 1635 1462 Disponendum,

196 1458 235 1488 Et
248 1459 414 1489 nominibus
428 1459 529 1490 nostris
542 1461 665 1490 eundern
680 1459 845 1489 Dominum
859 1460 977 1501 Regem
992 1457 1122 1501 Angliae,
1137 1457 1219 1501 super
1301 1463 1319 1481 ³⁸<
1340 1462 1467 1493 Necnon
1488 1473 1520 1492 ea
1535 1484 1544 1500 ,
1563 1473 1628 1500 quae
1650 1463 1687 1493 fic
1710 1459 1841 1493 Tractata
1855 1487 1864 1500 ,
1884 1461 2054 1501 Conventa,
2079 1465 2112 1495 δε
2134 1464 2319 1497 Concordata
2339 1472 2352 1487 *⁸
2375 1471 2441 1501 VII,

159 1492 298 1535 Receptis
311 1498 482 1535 quibussibet
493 1498 607 1529 forsitan
623 1499 658 1528 ab
670 1497 792 1535 eodem,
809 1495 976 1535 Qittandi,
993 1496 1146 1526 Liberandi
1160 1520 1168 1534 ,
1187 1506 1220 1526 ac
1262 1500 1362 1531 fuerint
1378 1524 1387 1539 ‚
1409 1501 1467 1531 tam
1492 1501 1572 1538 super
1595 1500 1676 1544 Ligis
1689 1523 1699 1539 ,
1725 1501 1811 1538 quam
1832 1501 1910 1538 super
1929 1500 2089 1533 contractu
2111 1503 2290 1535 Matrimonii
2307 1529 2317 1544 ,
2339 1519 2403 1546 295,

2 2289 22 2309 ⁹
31 2291 99 2318 VH.

5 2337 70 2366 ²94·

160 1536 245 1566 etiam
261 1534 455 1574 Absolvendi,
707 1570 709 1572 v

197 1573 328 1604 Necnon
341 1573 377 1605 de
389 1573 525 1605 Concilio
539 1575 572 1606 &
586 1575 614 1604 in
623 1573 773 1605 Praesentia
782 1596 791 1612 ,
806 1571 1047 1603 Reverendissimi
1062 1574 1091 1603 in
1102 1570 1218 1604 Christo

157 1609 265 1650 Patris,
281 1612 412 1642 vDomini
432 1615 465 1642 Ρ.
480 1612 634 1643 Cardinalir
648 1616 812 1649 Ravennas,
831 1621 846 1642 a
859 1611 998 1649 praedicto
1013 1610 1149 1642 Domino
1164 1622 1219 1641 no-

157 1651 217 1680 stro
228 1655 333 1680 Summo
345 1650 476 1692 Pontzfice
490 1653 524 1683 &
536 1652 617 1689 ipfius
631 1651 767 1681 Nomine
780 1651 815 1681 ad
829 1651 886 1680 hoc
901 1650 1052 1688 specialiter
1064 1651 1215 1689 Deputati,

155 1699 210 1726 pro
224 1688 453 1728 Praemifforum,
473 1690 507 1720 &
523 1700 624 1720 eorum
637 1689 781 1728 quolibet,
798 1688 1055 1732 Consummatione
1077 1690 1109 1720 &
1133 1688 1218 1720 Con-

155 1727 312 1758 servatione
325 1729 450 1759 universa
463 1729 496 1760 ὃς
511 1728 615 1767 singula
629 1727 803 1766 Trac'tandi,
820 1727 968 1764 Faciendi,
987 1727 1161 1765 Ordinandi,
1182 1729 1215 1758 &

152 1763 347 1804 Disponendi,
355 1768 388 1798 &
397 1765 599 1797 Concludendi
607 1768 707 1805 quaein
715 1768 753 1796 eis
761 1765 910 1796 necessaria
920 1765 1023 1796 fuerint
1031 1766 1076 1797 seu
1086 1776 1214 1804 quomo-

153 1803 262 1835 dolibet
274 1815 432 1843 oportuna,
441 1806 473 1835 &
487 1815 552 1844 quae
566 1802 634 1836 Nos
647 1805 696 1842 ipsi
710 1804 862 1841 Traetare,
880 1803 1038 1842 Ordinare,
1058 1804 1217 1843 Disponere

151 1842 297 1880 poflemus
310 1845 343 1874 &
359 1843 560 1883 Concludere,
577 1844 596 1874 si
610 1844 786 1882 personaliter
801 1842 972 1881 adeffemuS,
992 1845 1074 1873 etiam
1092 1844 1112 1874 ii
1127 1842 1217 1874 Man-

152 1880 251 1912 datum
265 1883 376 1921 exigant
389 1882 519 1922 speciale,

193 1920 394 1951 Promittentes
412 1921 613 1952 nichilominus
627 1944 637 1959 ,
663 1920 779 1951 Nostro
801 1922 833 1952 &
847 1920 969 1958 praefatae
983 1919 1088 1950 nostrae
1105 1920 1216 1951 Sororis

153 1958 335 1989 Nominibus
354 1959 463 1990 Rarum
477 1982 486 1997 ,
512 1959 653 1998 Gratum,
669 1968 752 1998 atque
770 1959 900 1989 Firmum
913 1959 1058 1989 observare
1075 1969 1212 1997 perpetuo

154 1996 291 2035 quicquid
313 2007 361 2034 per
380 1999 509 2037 praefatos
524 2021 534 2036 ,
558 1998 709 2032 Sororium
727 1999 760 2030 &
781 1997 951 2028 Confiliaros
964 1997 1094 2035 nostros,
1113 2000 1216 2027 Ducem

153 2034 345 2075 fischinenfim
361 2060 370 2074 ,
395 2036 571 2066 chunradum
595 2038 625 2066 de
635 2040 771 2076 Kreyger,
790 2037 824 2067 «Sc
838 2038 949 2065 Petrum
964 2036 994 2065 de
1009 2036 1209 2074 Wartember&

151 2074 263 2104 Actium
276 2099 285 2112 ,
314 2074 432 2105 Factum
448 2098 458 2114 ,
484 2075 659 2106 Ordinatum
669 2099 679 2112 ,
706 2075 883 2112 Dispofitum
897 2098 907 2112 ,
930 2074 1105 2105 Conclusum
1120 2098 1129 2113 ,
1156 2076 1214 2105 sive

151 2111 278 2142 Gestum
293 2112 378 2144 fuerit
391 2116 419 2143 in
433 2113 864 2153 praemiffis,Praesentium,sub
879 2112 980 2152 Regiae
992 2112 1147 2151 Maiestatis
1161 2124 1215 2144 no-

151 2150 216 2181 strae
228 2151 344 2191 sigillo,
364 2151 549 2183 Testimonio
564 2153 732 2184 Literarum.

188 2224 299 2259 Datum
314 2229 521 2268 Nuremberg,
538 2229 625 2260 Anno
640 2229 766 2260 Domini
781 2226 939 2260 Millesimo
956 2252 965 2268 ,
982 2229 1213 2268 Trecentesimo,

149 2267 353 2307 octuagefimo
382 2267 481 2298 Primo
493 2291 503 2307 ,
527 2267 687 2299 Indictione
710 2268 821 2305 Quarta
836 2292 845 2307 ,
869 2268 972 2298 Kalen.
999 2269 1017 2287 ²¹²
1044 2269 1186 2299 Februarii
1201 2292 1212 2307 ,

150 2305 323 2384 Regngim
337 2306 501 2338 nostrorum
509 2306 599 2338 Anno
608 2307 735 2338 Boemiae
742 2307 868 2338 Decimo
876 2308 982 2338 octavo
989 2330 998 2346 ,
1007 2307 1212 2338 Romanorum

150 2355 222 2377 vero
274 2354 362 2377 uinto.

209 2421 388 2461 Lizabetha,
403 2422 511 2455 Divina
526 2423 638 2455 favente
653 2422 830 2462 Clementia,
847 2427 1027 2454 Romanorum
1045 2426 1212 2462 Imperatrix

219 2459 322 2500 semper
334 2461 478 2502 Augusta,
496 2465 529 2495 δε
544 2466 659 2492 Boemiae
671 2464 789 2501 Regina,

187 2497 460 2540 Recognoscimus,
478 2501 599 2531 Tenore
612 2501 811 2539 Praescntium‚
829 2501 962 2532 universis
975 2501 1072 2540 quod,

185 2535 235 2567 De
255 2539 517 2576 circumspectionis
536 2541 570 2571 ὃς
592 2540 734 2578 legalitatis
752 2539 887 2570 industria
901 2562 911 2578 ,
926 2539 1040 2570 illustris
1055 2540 1210 2579 Principis,

147 2568 275 2606 Domini
296 2577 454 2617 Przimiflai
474 2581 557 2608 Ducis
579 2577 754 2618 Tbfihinenfis
772 2578 984 2615 Consanguinei
1000 2578 1090 2609 nostri
1104 2579 1210 2610 kariffi-

148 2615 207 2651 mi,
225 2625 276 2654 ac,
294 2615 470 2655 Nobilium,
488 2617 605 2646 conradi
621 2620 738 2655 crayar,
756 2616 928 2647 Sereniffimi
943 2616 1083 2657 Principis
1100 2617 1210 2648 Domi-

146 2653 178 2681 ni
197 2655 299 2683 Wenze
321 2658 349 2683 ai
369 2657 447 2693 Regis
460 2657 639 2684 Romanorum
658 2654 696 2690 &
710 2657 824 2685 Boemiae
839 2679 848 2692 ,
874 2655 936 2685 Filii
957 2656 1046 2686 nostri
1061 2656 1209 2694 karissimi,

143 2688 244 2720 Curiae
299 2692 407 2731 agistri,
426 2692 459 2725 ὃς
474 2696 552 2723 Petri
568 2695 599 2723 de
615 2694 802 2724 Wartemherk
813 2693 877 2724 alifis
890 2694 927 2724 de
943 2695 1022 2725 Kost
1037 2720 1045 2733 ,
1064 2692 1132 2725 dicsti
1148 2696 1210 2725 Filii

146 2728 236 2758 nostri
257 2729 389 2761 Camerae
414 2731 568 2771 Magistri,
593 2733 708 2772 plenam
726 2733 760 2763 ὅτ.
781 2732 964 2765 indubitatam
989 2733 1121 2764 fiduciam
1134 2735 1212 2764 obti-

147 2775 261 2805 nentes,

183 2805 293 2836 Animo
305 2805 477 2845 deliberato,
495 2809 529 2839 &
545 2808 581 2838 de
597 2817 671 2840 certa
685 2809 778 2840 nostra
791 2809 929 2847 Scientia,

185 2842 219 2873 In
242 2845 387 2882 praesentia
402 2868 412 2884 ,
437 2845 593 2877 Nobilium
609 2871 619 2884 ,
644 2848 787 2877 Sdenkoms
814 2849 845 2877 de
868 2846 1054 2888 Wla'ensteyn
1078 2849 1209 2887 Magistri

149 2880 248 2912 Curiae
271 2883 373 2913 nostrae
389 2906 398 2922 ,
422 2886 560 2915 Hermant
573 2886 605 2915 de
621 2885 740 2924 Kuffuyk
755 2886 897 2926 Burgravii
911 2887 999 2917 nostri
1013 2888 1137 2927 Groten,
1156 2890 1208 2927 ὃς,

147 2920 334 2959 honorabilis,
351 2925 475 2952 Martini
488 2927 615 2953 Canonici
629 2925 821 2964 Olomacenfis,
840 2924 1014 2956 Thesaurarii
1026 2926 1131 2965 nostri,

185 2959 276 2990 Dicio
291 2959 425 2991 Domino
439 2964 511 2991 Duci
526 2963 559 2993 ὃ(
574 2961 717 2992 Nobilibus
733 2963 852 3000 praefatis
871 2964 982 3001 plenam
997 2987 1006 3001 ‚
1024 2965 1156 3004 liberam,
1175 2967 1209 2998 &

149 2998 350 3028 omnimodam
366 2999 496 3030 dedimus
508 3025 516 3038 ‚
538 3002 572 3032 δε
585 3002 683 3032 damus
698 3001 897 3040 Praesentibus,
916 3003 1107 3042 Facultatem,
1124 3005 1161 3035 de
1174 3006 1208 3036 ὃς

145 3037 226 3074 super
244 3037 387 3068 Parentela
403 3061 412 3076 ‚
436 3039 525 3078 inter,
541 3039 754 3070 Sereniffimum
770 3039 935 3078 Principem
950 3064 960 3080 ,
980 3041 1146 3073 Dominum
1159 3046 1208 3072 Ri-

145 3076 255 3105 cardum
277 3078 370 3113 Regem
395 3076 508 3114 Angliae
524 3100 534 3116 ,
561 3077 805 3110 &Excellentem
820 3079 989 3118 Virginem,
1010 3079 1206 3112 Domicellam

147 3116 266 3143 Annam
286 3116 399 3144 Natam
418 3115 535 3154 nostram
547 3139 556 3154 ,
577 3116 678 3147 nostro
689 3117 843 3155 Nomine,
857 3118 1030 3157 Tractandi,
1050 3118 1110 3154 &c.
1125 3127 1206 3159 prout

138 3154 225 3190 Jupra
238 3155 266 3181 in
279 3154 385 3182 Literis
397 3156 484 3183 Datis
498 3163 536 3194 30
547 3154 622 3193 Jan.
638 3154 716 3196 affine
726 3156 783 3186 haec
797 3155 885 3186 verba
892 3167 902 3195 ,·
922 3157 1065 3197 videlicet,

1261 1540 1420 1578 praedietis,
1438 1541 1519 1570 omni
1531 1539 1685 1570 Securitate
1700 1539 1819 1570 honesta
1832 1540 1865 1570 &
1879 1540 1973 1570 debita
1989 1540 2122 1572 Nomine
2136 1543 2234 1573 nostro
2257 1544 2318 1574 Fir-

1262 1579 1357 1608 mandi

1299 1601 1544 1654 Coniimilemque
1566 1615 1749 1646 Securitatem
1768 1625 1821 1654 pro
1842 1615 1940 1646 Nobis
1953 1639 1963 1653 ‚
1986 1617 2020 1647 δε
2045 1617 2179 1650 Nomine
2199 1620 2317 1660 nostro,

1262 1654 1396 1693 Petendi,
1414 1654 1582 1693 Stipulandi,
1600 1655 1633 1685 δε
1649 1654 1837 1692 Recipiendi,
1883 1663 1885 1665 ·

1295 1693 1469 1732 Jurandique
1482 1694 1509 1723 in
1524 1694 1660 1723 Animam
1675 1693 1799 1723 nostram
1823 1691 1903 1729 quod
1925 1692 2076 1732 Trac‘tata,
2093 1694 2244 1727 Conventa
2255 1721 2264 1735 ,
2281 1698 2315 1728 &

1260 1731 1444 1763 Concordata
1458 1732 1615 1770 hujusmodi
1631 1731 1702 1761 Rata
1718 1732 1883 1762 habebimus
1896 1740 1978 1769 atque
1991 1731 2093 1769 Grata,

1297 1771 1463 1809 Caeteraque
1481 1772 1579 1800 omnia
1599 1771 1631 1800 ὃς
1653 1769 1759 1807 singula
1778 1769 1909 1800 Faciendi
1919 1775 1932 1806 ¹,
1952 1770 2149 1810 Excercendi,
2168 1774 2201 1804 &
2221 1773 2316 1812 Expe-

1258 1809 1353 1840 diendi
1368 1820 1432 1848 quae
1449 1811 1476 1839 in
1491 1808 1641 1839 Praemissis
1654 1809 1687 1839 δ(
1705 1810 1780 1839 circa
1794 1818 1826 1838 ea
1838 1808 1986 1839 necessaria
2001 1809 2102 1840 fuerint
2122 1811 2166 1841 seu
2189 1822 2315 1849 quomo,-

1257 1847 1366 1878 dolibet
1387 1856 1542 1885 oportuna,
1561 1857 1593 1876 ac
1617 1857 1680 1884 quae
1704 1845 1815 1885 qualitas
1835 1847 1868 1877 ὃς
1891 1855 1988 1877 natura
2010 1848 2207 1887 Negotiorum
2222 1850 2316 1888 hujus-

1260 1887 1340 1917 modi
1361 1888 1480 1923 exigunt
1500 1888 1532 1917 ὃς
1555 1887 1698 1923 requirunt
1715 1909 1724 1923 ,
1751 1886 1783 1916 δε
1807 1895 1871 1923 quae
1894 1885 1961 1915 Nos
1980 1885 2134 1917 faceremus
2158 1888 2203 1918 seu
2223 1890 2315 1920 facere

1257 1925 1400 1962 possemus
1417 1925 1436 1954 si
1451 1923 1629 1962 personaliter
1641 1924 1788 1964 praesentes
1804 1923 1943 1961 essemus,
1961 1925 2044 1954 etiam
2058 1926 2076 1955 ii
2091 1926 2151 1956 talia
2174 1927 2226 1958 iint
2247 1938 2314 1966 quae

1260 1963 1429 1994 Mandatum
1447 1964 1560 2001 exigunt
1575 1972 1840 2000 quantumcumque
1857 1962 1990 2000 speciale,

1294 2002 1469 2039 Praedietos,
1488 2001 1678 2039 Edmundum,
1696 2002 1852 2039 Hugonem‚
1872 2001 1904 2030 &
1919 2000 2086 2040 Albredungg
2107 2004 2140 2034 &
2156 2002 2242 2035 Duos
2262 2015 2314 2036 eo-

1257 2041 1408 2079 rumdem,
1429 2039 1539 2070 nostros
1555 2049 1658 2078 veros,
1677 2040 1835 2081 legitimos,
1853 2039 1886 2070 &
1901 2039 2072 2071 indubitatos
2094 2040 2314 2083 Procuratores,

1257 2079 1459 2117 Negotiorum
1479 2078 1616 2108 Gestores
1630 2101 1640 2117 ,
1666 2077 1883 2108 Commissarios
1897 2100 1906 2114 ,
1924 2076 2082 2115 Deputatos
2095 2102 2105 2118 ,
2123 2081 2157 2112 δε
2178 2081 2211 2111 N
2215 2085 2316 2113 uncios

1255 2118 1403 2156 speciales,
1422 2117 1568 2155 Facimus,
1589 2116 1779 2155 Ordinamus,
1795 2118 1828 2147 δε
1844 2115 2083 2155 Constituimus,

1295 2157 1348 2187 Per
1363 2156 1513 2187 Praesentes
1526 2155 1743 2193 Promittentes,
1763 2157 1791 2185 in
1807 2153 1905 2184 Verbo
1929 2155 1974 2184 Re
1996 2156 2039 2194 io,
2059 2156 2128 2187 Nos
2147 2157 2255 2190 Rarum
2280 2161 2315 2191 &

1256 2194 1379 2226 Gratum
1400 2196 1537 2233 perpetuo
1558 2194 1700 2224 habituros
1721 2192 1872 2232 Qicquid
1893 2203 1942 2230 per
1997 2204 2174 2227 rocuratores
2203 2197 2315 2228 nostros

1255 2234 1424 2272 praedictos,
1442 2244 1474 2264 ac
1492 2232 1577 2263 Duos
1597 2232 1784 2271 eorumdem,
1804 2232 1928 2270 Aftum,
1945 2231 2088 2272 Gestum,
2104 2235 2150 2265 seu
2172 2234 2317 2267 Procura-‘

1256 2281 1317 2303 tum
1335 2273 1419 2304 fuerit
1437 2273 1467 2302 in
1486 2270 1645 2302 Praerniffis.
2314 2287 2315 2290 =

1290 2349 1357 2381 Dat.
1376 2351 1406 2380 in
1424 2349 1531 2381 Palatio
1550 2338 1656 2379 nostro
1675 2348 1801 2380 Westm.
1830 2348 1881 2379 sub
1905 2347 2006 2387 Magni
2031 2348 2121 2386 Sigilli
2140 2349 2229 2381 nostri
2247 2350 2310 2381 Te·

1254 2387 1575 2465 3}}noQtigca›r,ovicefimo
1592 2397 1672 2418 nono
1689 2387 1737 2418 die
1754 2387 1863 2418 Mensis
1881 2384 1981 2418 Martii
1996 2412 2006 2426 ,
2028 2387 2117 2418 Anno
2136 2388 2236 2427 Regni
2254 2400 2309 2421 no-

1253 2503 1323 2572 NIn
1336 2512 1462 2543 quorum
1473 2505 1604 2536 omnium
1618 2505 1652 2535 &
1673 2503 1847 2542 singulorum
1867 2502 2084 2534 Testimonium
2105 2512 2190 2544 atque
2209 2504 2313 2535 Fidem

1291 2553 1309 2572 o

1253 2620 1271 2650 h
1290 2553 1482 2649 Psrizirizissaus,
1497 2581 1635 2611 Conradus
1649 2581 1683 2611 &
1705 2583 1821 2618 Petrus,
1839 2579 1966 2617 praedicti
1989 2580 2192 2612 Rornanorum
2209 2582 2242 2613 &
2255 2581 2314 2612 Bo-

1291 2629 1355 2649 miae
1420 2629 1435 2643 ⁰

1252 2629 1333 2726 ReAc
1350 2631 1526 2697 Edriiaelrsui'us,
1546 2659 1641 2695 Hugo,
1659 2658 1691 2688 &
1707 2656 1864 2695 Albrea'ur,
1882 2657 1989 2695 praefati
2003 2657 2120 2695 Angliae
2133 2658 2166 2688 δί
2183 2657 2309 2689 Franciae

1273 2706 1487 2766 fgiir'nmissarii
1502 2735 1546 2765 seu
1560 2735 1760 2764 Procuratores
1770 2733 1932 2771 supradicti,
1949 2734 2093 2772 praesentes
2117 2734 2222 2765 Literas
2243 2735 2307 2766 Du-

1251 2773 1362 2811 plicatas
1385 2776 1515 2812 (quarum
1537 2783 1591 2803 una
1613 2783 1698 2811 penes
1718 2772 1807 2809 ipsum
1823 2775 2000 2802 Romanorum
2013 2771 2051 2806 ὠ
2066 2776 2183 2802 Boemiae
2195 2776 2310 2811 Regem,

1251 2812 1333 2842 altera
1353 2815 1424 2843 vero
1446 2822 1530 2849 penes
1553 2815 1646 2848 Regem
1664 2811 1776 2847 Angliae
1792 2810 1829 2845 (ἦ)
1844 2814 1965 2840 Franciae
1982 2811 2169 2848 supradictum
2184 2821 2312 2841 remane-

1251 2851 1308 2888 bit)
1329 2851 1411 2881 scribi
1432 2851 1465 2882 &
1484 2850 1646 2890 Sigillorum
1667 2852 1831 2880 nostrorum
1852 2850 2012 2878 munimine
2034 2849 2153 2879 fecimus
2175 2859 2310 2879 commu-

1249 2891 1310 2919 niti.

1287 2966 1355 2998 Dat.
1376 2965 1538 2997 Londoniae
1559 2966 1588 2994 in
1610 2963 1717 2994 Palatio
1738 2963 1836 3001 Regio
1857 2963 1983 2994 VVestm.
2003 2963 2122 2994 secunda
2142 2963 2188 2994 die
2207 2963 2280 2995 Maii
2297 2988 2307 3005 ,

1250 3006 1339 3037 Anno
1355 3005 1477 3036 Domini
1494 3002 1650 3034 Millesimo
1659 3026 1669 3042 ,
1684 3003 1890 3041 Trecensimo,
1909 3003 2098 3042 octogefimo
2113 3004 2216 3040 primo.

1330 3149 1480 3198 Obligatio
1498 3152 1691 3197 Imperatoris
1704 3161 1760 3197 pro
1779 3161 1821 3182 20
1843 3147 1991 3187 Millibus
2010 3150 2213 3183 Florenorum.

219 3229 331 3258 Icardus
346 3251 356 3267 ,
380 3228 440 3260 Dei
462 3229 548 3268 gratia
564 3254 574 3268 ,
597 3234 658 3261 Rex
671 3232 784 3269 Angliae
799 3233 837 3268 ὠ*
852 3237 992 3274 Franciae,
1010 3235 1044 3267 &
1058 3235 1207 3268 Dominus

266 3268 270 3272 ι
347 3270 350 3273 ι
1248 3235 1500 3300 WEnceflaur,
1523 3234 1581 3265 Dei
1604 3235 1709 3274 gratia,
1730 3239 1910 3265 Romanorum
1930 3238 1990 3265 Rex
2008 3234 2117 3273 semper
2140 3232 2287 3272 Augustus
2300 3225 2398 3273 ,A-‘m-
2412 3225 2455 3259 D·

228 3265 396 3306 Hiberniae,
421 3268 456 3298 ad
471 3278 543 3306 quos
554 3269 699 3306 praesentes
715 3271 820 3302 Literae
833 3276 1029 3312 pervenerint,
1049 3274 1184 3307 Salutem.

1359 3278 1390 3307 ὅ(
1409 3274 1532 3306 Boemiae
1553 3274 1635 3313 Rex,
2340 3267 2425 3305 1381.

1284 3315 1404 3346 Notum
1421 3316 1552 3349 facimus,
1572 3312 1691 3343 Tenore
1704 3312 1903 3350 Praesentium,
1922 3311 2070 3342 Universis
2082 3309 2179 3354 quod,
2320 3309 2373 3333 An.
2389 3316 2419 3341 4·

1286 3354 1383 3392 Cum,
1398 3363 1450 3391 pro
1472 3349 1635 3389 quibusdam
1651 3351 1752 3382 Arduis
1767 3352 1800 3383 &
1816 3351 1993 3388 Urgentibus
2005 3350 2160 3387 Negotiis,
2319 3347 2348 3371 R·
2371 3353 2396 3371 2-
2436 3385 2438 3388 y

1285 3393 1353 3423 Nos
1373 3394 1405 3423 δε
1418 3415 1427 3430 ,
1443 3388 1656 3420 Sereniffimum
1678 3390 1802 3420 Fratrem
1825 3389 1972 3425 nostrum,
1993 3387 2168 3418 Richardum
2202 3387 2301 3418 eadem
2320 3385 2360 3409 Ex
2376 3385 2438 3416 ΛΜ

1248 3431 1349 3470 gratia,
1367 3429 1478 3469 Regem
1501 3428 1611 3466 Angliae
1633 3428 1772 3458 illustrem
1787 3451 1796 3465 ,
1816 3428 1918 3464 Regna
1933 3449 1942 3464 ,
1960 3426 2064 3470 Terras
2079 3450 2088 3463 ,
2105 3427 2139 3457 δε
2161 3411 2302 3457 fiominia
2319 3428 2386 3457 ²⁰3&

1248 3469 1361 3506 nostra,
1378 3479 1410 3499 ac
1424 3469 1534 3499 Statum
1549 3464 1683 3498 Ecclesiae
1700 3468 1857 3503 Romanae,
1877 3465 2129 3508 concernentibus,

1285 3507 1423 3538 Illustrcm
1446 3505 1639 3574 Przengflaum
1661 3509 1763 3536 Ducem
1782 3501 1975 3542 fischinenfi’m
1998 3503 2146 3534 Sororium
2175 3502 2308 3534 nostrum

1247 3547 1436 3583 cariffimum,
1454 3555 1486 3574 ac
1501 3567 1511 3582 ‚
1565 3545 1655 3574 obiles
1671 3567 1680 3581 ,
1695 3543 1849 3574 conradum
1871 3545 1991 3582 Kreyger
2011 3541 2182 3581 Magistrum
2204 3541 2304 3573 Curiae

184 3341 262 3373 Inter
291 3343 424 3381 gloriosas
451 3343 630 3382 Reipublicae
655 3345 745 3377 Curas
762 3347 795 3378 &
814 3346 965 3388 Regalium
987 3349 1207 3383 Solicitudinum

145 3379 254 3411 fruetus
267 3382 387 3421 uberes„
410 3381 580 3413 aestimamus
595 3385 771 3422 praecipuum
786 3385 905 3417 aliorum
917 3388 1082 3427 Principum
1097 3391 1130 3420 ὃς
1147 3390 1208 3421 Re-

145 3428 218 3456 gum
231 3419 414 3463 ‘Sublimiurn
437 3421 488 3451 fibi
507 3422 642 3460 copulare
661 3422 809 3462 Praesidia,
827 3434 861 3455 ac
873 3436 942 3456 cum
956 3428 1056 3458 talibus
1069 3428 1206 3467 Ligarum

145 3456 329 3501 Affinitatum
348 3459 382 3489 &
402 3459 599 3491 Amicitiarum
619 3461 778 3499 specialium
801 3464 872 3493 inire
893 3463 1014 3495 Foedera
1026 3489 1036 3504 ,
1061 3477 1112 3504 per
1134 3477 1207 3505 quos

145 3495 323 3540 Principatus
335 3519 345 3534 ,
371 3498 439 3528 hinc
460 3498 526 3529 inde
541 3499 658 3530 Amoris
683 3500 878 3532 indissolubilis
892 3512 965 3534 nexu
980 3505 1146 3543 conjuncti,
1165 3507 1209 3536 in-

145 3534 318 3573 surgentibus
339 3544 373 3565 ex
394 3536 509 3567 adverso
528 3537 652 3568 resistere
671 3539 706 3570 &
723 3540 760 3569 ab
781 3541 865 3570 omni
886 3540 1084 3581 Oppreffionis
1105 3543 1184 3574 clade
1196 3569 1206 3584 ‚

142 3572 305 3604 coadunatis
320 3573 451 3612 Viribus,
468 3583 600 3612 poterunt
611 3575 638 3606 se
652 3578 733 3608 tueri.

181 3611 289 3651 Qiod,
307 3612 379 3642 dum
401 3613 473 3656 intra
491 3615 593 3644 mentis
606 3615 710 3646 nostrae
725 3617 881 3656 praecordia
894 3618 1057 3657 diligentius
1072 3620 1204 3651 tractare-

142 3658 222 3697 mps,
240 3660 309 3682 cum
323 3650 504 3681 serenissimo
518 3652 613 3683 Fratre
623 3653 722 3684 nostro
736 3655 870 3688 Domino
885 3658 1022 3688 Wencelao
1038 3682 1047 3696 ,
1069 3658 1128 3689 Dei
1143 3668 1205 3698 gra-

143 3695 183 3718 tia
223 3690 402 3719 Romanorum
414 3688 452 3724 &⁴
468 3690 602 3720 Bohemiae
615 3694 684 3730 Rege
695 3692 883 3726 Illustriffimo
892 3720 901 3733 ‚
920 3697 971 3734 &,
990 3696 1098 3728 Divina
1108 3698 1204 3729 faven-

142 3733 172 3756 te
187 3712 364 3772 Clementia³
381 3731 544 3767 Imperatore
554 3728 664 3768 futuro,
680 3732 787 3762 nedum
801 3733 960 3772 hujusmodi
973 3735 1089 3766 Amoris
1098 3737 1121 3766 F
1122 3737 1203 3767 oede-

144 3772 176 3806 ra
193 3764 326 3805 stringere
340 3791 348 3804 ,
364 3766 412 3811 ‘set
429 3766 606 3798 Affinitatem
622 3769 657 3800 &
673 3768 849 3801 Parentelam
864 3773 1046 3811 contrahere,
1065 3774 1203 3813 Ligasque

143 3800 268 3850 Firmas,
284 3804 440 3843 Specrales,
459 3807 491 3836 δε
506 3805 672 3844 Perpetuas,
691 3818 750 3846 prae
763 3811 890 3848 caeteris,
907 3812 1073 3848 optabamus
1088 3814 1164 3843 inire.

180 3839 274 3872 Unde
290 3864 300 3880 ,
320 3844 390 3875 cum
410 3845 479 3888 certi
492 3868 501 3881 ‚
519 3845 599 3882 super
614 3845 689 3883 hoc,
709 3846 919 3879 Ambaffatores
932 3849 1021 3880 nostri
1038 3849 1204 3882 Celsitudini

139 3876 197 3907 suae
217 3888 267 3915 per
278 3879 347 3923 Nos
371 3883 505 3920 primitus
520 3885 712 3922 mitterentur,
729 3885 832 3923 placuit
846 3887 938 3918 modo
950 3888 1044 3919 eidem
1058 3888 1201 3920 Sereniffi-

142 3925 194 3945 mo
212 3916 298 3947 Fratri
317 3920 414 3951 nostro

141 3953 298 3991 solempnes
318 3955 530 3991 Ambaffiitores
551 3961 584 3990 &
605 3959 788 3992 Consiliarios
811 3961 874 3994 suos
888 3986 899 4002 ,
922 3963 1062 3996 Illustrem
1078 3968 1202 3996 Prezmi-

140 3992 215 4022 laum
229 3995 330 4022 Ducem
344 3996 537 4037 Tefihinenfim
546 4000 715 4037 ‚conradum
728 4003 847 4039 Kreyger
862 4001 900 4032 M
937 4003 1034 4034 istrum
1048 4003 1202 4043 Curiae‚&

142 4033 255 4060 Petrum
276 4032 308 4061 de
323 4035 498 4075 Vartemherg
519 4036 694 4078 Magistrum
706 4037 856 4079 Camerae,
873 4040 907 4073 ὅ(
945 4043 1107 4081 ufgravium
1120 4043 1201 4084 Prag.

179 4073 254 4101 Tom-
269 4072 327 4101 ΙΙΙ.
347 4073 380 4102 Ρ.
399 4074 459 4103 ΠΙ.

427 3943 437 3959 ,
456 3931 509 3959 pro
525 3921 671 3953 voluntate
685 3923 719 3953 &
732 3923 868 3955 desiderio
884 3925 986 3956 nostris
997 3927 1202 3967 adimplendis,
1220 3961 1222 3963 ,

1247 3585 1352 3616 nostrae
1367 3609 1375 3623 ‚
1400 3585 1432 3614 δε
1454 3586 1563 3612 Petrum
1584 3583 1616 3612 de
1637 3582 1814 3618 Wartenberg
1836 3580 2006 3620 Magistrum
2030 3579 2162 3610 Camerae
2181 3580 2304 3619 nostrae,

1248 3623 1428 3654 Consiliarios
1443 3622 1475 3651 &
1490 3620 1597 3651 Fideles
1613 3620 1723 3651 nostros
1735 3620 1866 3657 dilectos,
1886 3620 1919 3649 ad
1932 3618 2100 3657 praedictum
2110 3618 2233 3649 Fratrem
2246 3628 2301 3649 no·

1248 3661 1337 3692 strum
1352 3663 1379 3692 in
1395 3660 1495 3697 Anglia
1511 3659 1574 3689 alias
1587 3659 1828 3696 transmiserimus,

1283 3700 1363 3731 Idem
1380 3699 1473 3729 Frater
1489 3696 1585 3727 noster
1609 3696 1774 3735 praedictus,
1792 3695 1955 3736 Przemistao
1974 3695 2049 3725 Duce
2069 3694 2236 3736 Teschinensi
2247 3695 2302 3726 So-

1247 3740 1325 3769 rorio
1340 3738 1453 3773 nostro,
1469 3737 1591 3766 Conrado
1604 3738 1740 3776 Krefger,
1757 3737 1790 3766 ὅς
1812 3737 1893 3765 Petro
1915 3735 1945 3763 de
1967 3735 2161 3772 Wartenberg,
2179 3734 2302 3765 Ambas-

1247 3777 1390 3808 siatoribus
1412 3773 1529 3811 nostris,
1549 3773 1582 3804 ad
1604 3783 1676 3811 opus
1697 3773 1840 3811 nostrum,
1859 3782 1912 3810 pro
1935 3771 2035 3802 nostris
2054 3772 2222 3812 Peragendis
2237 3773 2303 3804 Ne-

1245 3817 1328 3854 gotiis
1342 3841 1350 3853 ,
1377 3816 1408 3845 &
1429 3811 1648 3843 Neceffitatibus
1668 3812 1859 3851 subportandis
1872 3833 1881 3849 ,
1902 3811 2021 3841 Novem
2044 3810 2125 3841 Milia
2145 3810 2303 3843 Nobilium

1246 3854 1332 3891 Auri,
1349 3855 1382 3884 ὅ(
1399 3851 1486 3881 Cunii
1500 3850 1648 3889 Anglicani
1665 3851 1741 3888 (quae
1754 3850 1788 3880 ad
1804 3850 1954 3880 Summam
1967 3847 2079 3885 Viginti
2093 3847 2178 3879 Milia
2200 3849 2301 3881 Flore-

1245 3901 1349 3922 norum
1361 3891 1386 3922 se
1397 3889 1559 3924 extendunt)
1582 3898 1615 3918 ex
1635 3889 1712 3919 causa
1735 3890 1810 3926 veri,
1829 3888 1976 3926 legimini,
1994 3888 2028 3917 &
2050 3888 2111 3925 puri
2133 3887 2249 3927 Mutui,
2266 3896 2302 3920 ex

1243 3930 1289 3960 sua
1303 3930 1463 3960 liberalitate
1479 3926 1675 3964 conceffit‚&
1691 3927 1759 3958 fecit
1773 3926 1875 3957 eisdem
1890 3925 1996 3955 realiter
2011 3925 2081 3956 tradi
2096 3927 2130 3956 &
2145 3929 2299 3965 numerari,

1244 3968 1385 4006 certasque
1408 3967 1513 3996 Literas
1535 3964 1730 4003 Obligatorias
1754 3966 1789 3995 ab
1811 3964 1914 3995 eisdem
1935 3963 2186 3996 Ambaffiatoribus
2197 3965 2301 3996 nostris

1245 4008 1250 4012 ”
1276 4008 1280 4013 ’
1321 4016 1350 4035 m
1364 4015 1427 4035 rece
1451 4005 1469 4034 it

1243 4006 1328 4077 lblffil
1342 4014 1524 4083 finempqu'od
1538 4040 1674 4081 praedicta
1693 4042 1811 4110 Signma
1832 4039 1909 4079 Sibi,
1927 4039 2115 4080 Haeredibus‚
2132 4041 2300 4109 Execuffri⁴

1761 4089 1780 4109 2
2254 4087 2301 4119 us,
