2561 4251
17 257 92 290 Ann.
106 254 144 284 D.

43 294 125 335 1385.

15 337 65 362 Ric.
87 343 112 362 2.

16 374 33 390 ⁸⁵
48 373 116 399 Vll.

15 411 80 447 476-

12 479 65 504 An.
84 475 112 502 8.

13 518 42 542 R.
64 523 89 540 2.

13 552 98 588 Claus.
118 551 146 578 8.

12 594 118 618 R.2.m.

17 637 41 656 ι.

784 165 1243 206 ΕΤ“ΑΟΤΑ
1325 164 1794 207 PUBLICA.

195 340 222 367 ἔ*
245 343 337 387 Super
355 339 506 382 Invafione
525 366 534 381 ‚
563 349 617 384 per
638 337 841 383 Adversr'trios
859 340 988 371 Francia
1004 340 1041 376 ὠ·
1061 340 1177 380 Scotiae,
1227 371 1231 374 ,

489 387 525 420 de
544 390 637 420 Curia
650 385 852 432 adjornanda.

168 469 318 530 REX,
337 471 458 502 Dileetis
482 472 515 502 δε
537 471 676 501 Fidelibus
698 470 766 508 suis,
783 469 897 499 Roberto
910 469 1052 508 Bealknap
1077 470 1111 501 &
1127 468 1218 500 Sociis

243 511 293 541 suis
305 510 466 549 justiciariis
481 509 580 540 nostris
592 509 628 539 de
642 508 754 545 BanCO,
771 507 903 550 Salutem.
1083 512 1085 515 ’
1155 546 1159 551 .
1197 546 1201 551 ¹

203 549 298 587 Qia,
317 558 351 579 ex
364 548 498 578 Rumore
510 547 656 584 veridico,
676 545 902 576 certitudinaliter
922 546 1103 583 intelligentes
1117 543 1219 575 Inimi-

163 597 214 618 cos
227 586 350 625 nostros,
368 596 424 617 tam
442 585 584 622 Franciae,
600 594 686 622 quam
705 583 810 614 Scotiae
824 606 833 621 ,
851 584 968 614 adunata
983 586 1096 614 illorum
1112 583 1217 613 Poten-

163 625 218 663 tia,
236 626 407 663 proposuille
427 625 461 654 &
479 623 505 653 se
523 624 620 652 conari
638 622 775 659 Regnum
792 622 920 652 nostrum
943 623 1077 653 hostiliter
1092 622 1217 660 ingredi,

149 663 199 694 ’δε
216 664 342 695 universa
358 661 452 699 Mala,
470 671 535 704 quae
551 670 698 698 poterunt,
716 662 747 691 in
761 660 848 690 nostri
862 670 895 690 ac
910 661 932 690 F
933 662 1046 691 idelium
1061 661 1215 699 Ligeorum

163 701 328 732 nostrorum
351 700 578 736 Exterminium,
604 708 760 738 perpetrare
775 723 785 736 ,
808 699 843 728 de
867 698 996 729 Consilio
1018 699 1217 735 Praelatorum,

162 739 332 779 Magnarum
345 760 356 776 ,
381 738 414 768 &
437 737 556 767 aliorum
577 737 614 767 de
632 736 768 767 Concilio
785 737 902 775 nostro,
921 738 1002 766 nobis
1016 736 1216 773 assistentium,

161 781 289 816 cepimus
301 777 416 807 firmum
430 774 611 812 Propositum
627 776 715 813 ipsos,
734 777 762 805 in
778 775 896 805 Persona
910 775 1003 806 nostra
1017 799 1027 811 ,
1045 785 1113 805 cum
1130 774 1218 803 Exer-

164 819 224 848 citu
246 814 345 846 nostro
360 837 369 852 ,
394 815 450 844 una
472 824 540 844 cum
566 814 712 850 Dominis,
734 813 933 851 Magnatibus,
950 823 982 843 ac
999 813 1166 850 Generosis,
1184 812 1218 842 &

162 855 220 885 aliis
235 853 304 884 dieti
318 851 416 890 Regni
432 852 540 891 nostri,
556 862 624 882 cum
637 851 694 882 Dei
709 852 845 889 adjutorio
861 873 871 888 ,
896 851 1044 889 Repellere
1060 851 1092 881 δε
1108 850 1220 881 Debel-

165 894 221 924 lare

199 915 238 961 E}
253 929 332 966 super
351 928 425 966 hoc,
446 929 483 958 ne
501 927 553 958 illis
565 951 574 965 ,
593 929 641 965 qui
656 927 805 958 nobiscum
820 936 853 957 ex
868 927 921 958 hac
935 926 1016 958 causa
1031 927 1092 958 sunt
1106 927 1222 958 Tranfi-

162 970 236 1006 turi,
255 967 469 1006 praejudicium,
488 966 567 1003 super
587 966 696 995 Placitis
714 966 766 996 suis
781 988 790 1003 ,
809 975 907 996 coram
924 966 1006 996 vobis
1019 966 1221 1004 pendentibus,

162 1016 326 1048 generetur,
346 1005 474 1035 duximus
495 1003 692 1034 Ordinandum
712 1004 792 1041 quod
813 1005 907 1034 omnia
930 1004 963 1034 δε
984 1004 1089 1040 fingula
1100 1003 1222 1042 Placita,

165 1056 264 1076 coram
277 1044 378 1081 vobis,
396 1043 425 1072 in
439 1041 542 1072 eodem
558 1042 653 1072 Banco
671 1042 836 1080 pendentia,
854 1043 922 1073 hinc
938 1043 971 1072 ad
987 1042 1112 1072 Oetabas
1127 1043 1223 1073 Sant‘li

170 1083 341 1117 Michaelis,
367 1081 501 1118 proximo
519 1080 622 1111 futuras
637 1105 646 1118 ,
674 1081 842 1120 placitanda,
861 1081 946 1118 usque
961 1080 994 1110 ad
1009 1081 1117 1111 easdem
1133 1082 1223 1112 Octa-

165 1125 231 1160 bas,
247 1123 275 1152 in
289 1118 393 1150 eodem
408 1120 504 1158 Statu,
520 1129 578 1157 quo
593 1129 670 1150 nunc
687 1120 764 1157 sunt,
777 1120 975 1150 contineantur
988 1128 1023 1149 ex
1039 1120 1116 1150 causa
1131 1121 1222 1160 supra-

167 1161 259 1192 dieta:

202 1198 240 1228 Et
253 1197 318 1228 ideo
334 1196 416 1227 vobis
431 1195 604 1227 Mandamus
619 1196 699 1233 quod
714 1196 810 1226 omnia
825 1197 858 1227 ὃς
872 1196 976 1233 fingula
988 1196 1109 1233 Placita,
1125 1207 1222 1227 coram

168 1237 270 1275 vobis,
289 1237 317 1265 in
334 1235 437 1266 eodem
450 1235 561 1273 Banco,
578 1234 613 1264 de
622 1233 771 1271 Crastino,
789 1234 924 1273 octabis,
949 1236 982 1265 ὃς
997 1235 1152 1273 Qindena
1160 1236 1224 1266 'Na-

168 1276 281 1307 tivitatis
296 1274 394 1304 Samen
404 1273 542 1311 johannis
557 1272 701 1310 Baptistae,
719 1273 852 1309 proximo
865 1273 968 1311 futuri,
987 1274 1158 1312 placitanda,
1179 1285 1225 1304 us-

169 1324 226 1352 que
239 1313 272 1344 ad
287 1312 375 1343 dietas
387 1312 502 1342 octabas
514 1311 609 1341 Sancti
622 1310 787 1348 Michaelis,
806 1311 834 1339 in
849 1311 952 1341 eodem
968 1311 1063 1350 Statu,
1080 1322 1139 1349 quo
1147 1322 1223 1342 nunc

168 1354 230 1383 sunt
243 1374 253 1390 ,
276 1352 322 1383 vel
343 1350 400 1381 esse
419 1350 569 1388 deberent,
585 1349 605 1379 s1
620 1349 733 1387 Brevia,
748 1348 822 1379 dieta
836 1349 939 1380 Placita
955 1351 1110 1388 tangentia,
1127 1360 1225 1380 coram

169 1391 252 1422 vobis
272 1390 301 1419 in
320 1388 424 1419 eodem
448 1387 544 1419 Banco
559 1387 671 1419 fuissent
691 1387 864 1418 Retournata
879 1411 888 1424 ,
905 1388 1070 1426 adjorneds,
1088 1389 1121 1418 &
1138 1388 1226 1418 Parti-

169 1429 222 1459 bus
238 1451 248 1465 ,
270 1427 345 1458 dieta
366 1426 494 1466 Negotia
516 1427 553 1457 sic
576 1425 811 1464 Prosequentibus
828 1448 838 1463 ‚
861 1426 969 1456 easdem
990 1425 1117 1457 octabas
1130 1426 1226 1457 Sancti

171 1466 322 1498 Michaelis
336 1464 498 1504 praefigatis:

208 1505 376 1537 Mandantes
395 1506 478 1534 etiam
498 1503 607 1543 singulis
628 1502 856 1534 Vicecomitibus
866 1502 934 1532 dieti
950 1501 1046 1541 Regni
1062 1502 1148 1533 nostri
1163 1503 1226 1533 An-

170 1543 252 1583 gliae,
271 1541 350 1579 qued
368 1542 467 1571 omnia
487 1541 584 1572 Brevia
596 1565 605 1578 ,
623 1541 773 1580 Originalia
786 1541 819 1570 &
829 1540 992 1579 Judicialia,
1010 1552 1043 1571 ac
1057 1542 1107 1572 alia
1119 1542 1226 1572 Retor-

172 1592 208 1613 na
220 1589 428 1619 quaecumque,
445 1579 512 1609 hinc
526 1579 562 1610 ad
575 1579 682 1609 easdem
699 1579 824 1609 Ocitabas
837 1578 931 1609 Sancti
940 1579 1105 1618 Michaelis,
1121 1590 1169 1617 per
1184 1582 1227 1618 ip-

173 1620 216 1650 sos
231 1627 329 1650 coram
343 1618 425 1647 vobis
437 1617 636 1654 Retornanda,
652 1626 737 1655 penes
751 1617 820 1654 ipsos
834 1618 1007 1656 singillatim,
1026 1619 1111 1657 usque
1122 1619 1155 1648 ad
1169 1629 1227 1648 eas-

175 1658 243 1688 dem
258 1655 382 1693 OCtabas
395 1655 489 1686 Sanffi
504 1655 669 1693 Michaelis,
687 1656 839 1694 retineant,
858 1657 891 1686 &
906 1665 973 1687 tunc
984 1667 1016 1686 ea
1029 1666 1192 1694 retornent3

211 1695 250 1725 Et
263 1694 394 1724 volumus
413 1692 493 1731 quod
515 1704 566 1724 vos
585 1703 617 1724 ex
636 1694 698 1731 ipsis
717 1693 871 1732 Brevibus,
885 1704 952 1725 tunc
967 1695 1170 1733 Retornandis‚
1187 1704 1226 1726 ta-

173 1734 231 1765 lem
248 1731 416 1762 Processum
439 1741 536 1762 coram
552 1733 634 1762 vobis
646 1734 673 1761 in
687 1731 790 1762 eodem
807 1732 902 1763 Banco
923 1733 1042 1770 faciatis,
1061 1734 1170 1771 qualem
1186 1734 1227 1764 fe-

174 1771 278 1804 cissetis
293 1770 312 1800 si
327 1769 401 1808 dies,
419 1771 447 1800 in
462 1770 543 1800 dietis
558 1770 690 1801 Brevibus
705 1771 832 1802 contenti
847 1794 857 1810 ,
873 1771 975 1809 absque
987 1771 1230 1803 Discontinuatio-

175 1821 212 1844 ne
228 1817 397 1840 tenerentur.
467 1812 470 1814 “
601 1814 607 1819 ”

212 1847 302 1881 Teste
315 1846 402 1886 Rege
415 1846 487 1885 apud
504 1845 778 1888 westmonasterium,
795 1847 930 1878 vicesimo
943 1847 1085 1890 dieJunii.

654 1927 708 1955 Per
721 1923 802 1963 ipficm
815 1927 911 1962 Regem
921 1923 959 1960 (ι’),
970 1925 1125 1957 Concilium.

211 2003 369 2035 consimile
382 2002 472 2034 Breve
483 2002 609 2041 dirigitur
623 2001 735 2031 Roberto
751 2000 879 2040 Trefilian
894 2002 927 2032 ὃς
940 2003 1045 2033 David
1048 2005 1230 2044 Hannemere,

170 2043 330 2084 Justitiariis
344 2042 453 2079 Regis,
468 2042 502 2072 ad
517 2041 637 2080 Placita,
656 2049 755 2083 coram
768 2040 851 2079 Rege
864 2041 1001 2080 tenenda,
1020 2041 1115 2082 assign.

212 2080 303 2112 Teste
317 2088 346 2111 ut
359 2080 446 2118 supra.

171 2157 262 2215 RE
271 2156 302 2187 X
320 2156 505 2201 Thesaurario
519 2158 553 2189 &
568 2157 720 2202 Batonibus
731 2157 784 2189 suis
794 2157 830 2188 de
845 2156 995 2205 Scaccario
1004 2182 1014 2198 ,
1026 2157 1162 2204 Salutem.

265 2195 342 2233 Quia
356 2204 389 2225 ex
402 2195 536 2226 Rumore
548 2196 691 2233 veridico,
709 2194 769 2230 &a
789 2197 868 2237 usque
883 2197 920 2226 zbz
930 2222 939 2236 ,
959 2198 1176 2237 Ordinandum,
1191 2197 1229 2234 ρξ’

171 2239 237 2263 tunc
244 2233 300 2274 fic,
315 2233 395 2272 quod
409 2236 505 2264 omnia
519 2235 553 2265 &
568 2235 672 2272 fingula
680 2234 799 2273 Placita,
813 2236 975 2274 Compota,
994 2237 1027 2267 &
1042 2237 1091 2267 alia
1104 2237 1233 2276 Negotia

96 2295 99 2299 .
130 2281 146 2300 ·,
172 2281 383 2316 quaecumque,
401 2282 501 2304 coram
517 2274 599 2305 vobis
612 2275 642 2304 in
658 2272 761 2304 eodem
775 2273 924 2306 scaccario
943 2275 1037 2306 habita
1058 2276 1090 2307 ὃ(
1107 2276 1233 2314 penden-

126 2355 129 2358 ·
173 2317 344 2386 tlafixceptis
358 2348 514 2388 Compotis
528 2349 727 2381 Colleeffirum
741 2350 900 2382 nostrorum
915 2351 1120 2390 Decimamm,
1137 2353 1233 2392 QuIn-

24 3185 44 3206 ²*
62 3187 128 3215 VII.

22 3234 99 3293 4A⁷n⁷13.
115 3260 156 3292 D.

2 3319 3 3324 =
45 3301 131 3341 1385.

22 3343 75 3367 Aa.
94 3349 123 3374 9.

24 3382 55 3406 R.
72 3388 98 3406 2.

22 3419 98 3444 Fran.
112 3425 140 3451 9.

23 3458 53 3481 R.
76 3464 102 3483 2.
117 3464 153 3482 m·

26 3502 69 3529 39·

173 2388 459 2419 tarum-decimarum
474 2413 484 2426 ,
510 2390 544 2420 ὃς
563 2389 702 2428 Sublidii,
717 2390 800 2420 nobis
814 2400 862 2427 per
876 2389 994 2421 Clerum
1008 2392 1041 2422 δε
1057 2390 1233 2421 Communi-

174 2434 262 2456 tatem
276 2425 346 2456 dieti
359 2425 455 2465 Regni
469 2427 557 2457 nostri
569 2436 658 2466 nuper
672 2428 872 2459 concessorum
890 2453 899 2467 ,
917 2438 950 2459 ac
966 2439 1060 2466 parvae
1074 2430 1107 2460 ὃς
1123 2439 1232 2468 magnae

174 2461 381 2495 Custumarum
396 2464 569 2503 nostrarum,
586 2467 619 2496 &
631 2466 750 2496 aliorum
765 2490 774 2503 ,
794 2468 843 2504 qui
857 2466 914 2497 dies
928 2467 1054 2498 solvendi
1068 2468 1151 2499 nobis
1170 2479 1247 2499 cet-·

174 2510 215 2546 tas
235 2503 367 2571 ὃὲῐῐέεᾙαε
381 2526 391 2540 ,
415 2503 473 2534 hoc
485 2503 630 2534 Termino
644 2503 756 2535 Sanctae
768 2504 929 2544 Trinitatis,
947 2507 976 2536 in
991 2505 1093 2537 eodem
1109 2506 1232 2538 Scacca-

175 2550 220 2571 no
277 2551 291 2570 a
313 2549 360 2571 ent

211 2565 294 2610 filine
309 2579 344 2609 ad
357 2563 496 2618 offirmas,
514 2579 574 2615 &c.
594 2588 627 2610 ut
633 2581 718 2620 stapra
731 2580 813 2622 usque
825 2581 881 2620 ibi,

213 2616 251 2648 Et
267 2617 333 2648 ideo
347 2619 429 2648 vobis
441 2618 613 2649 Mandamus
629 2619 708 2658 quod
723 2621 822 2650 omnia
836 2622 869 2651 &
886 2620 991 2657 lingula
1000 2621 1119 2660 Placita,
1138 2622 1234 2654 Com-

173 2663 259 2694 pota,
277 2657 310 2687 &
325 2655 377 2686 alia
392 2656 520 2695 Negotia
532 2667 738 2696 quaecumque,
757 2668 855 2688 coram
868 2659 966 2697 vobis,
987 2661 1014 2690 in
1026 2661 1129 2690 eodem
1145 2662 1232 2692 Scae-

174 2695 268 2732 cario,
286 2694 321 2724 de
344 2693 476 2725 Crastino
491 2719 500 2733 ‚
525 2695 664 2734 oecabis,
680 2698 713 2727 &
729 2696 881 2734 Qindena
898 2697 1059 2729 Nativitatis
1073 2700 1168 2729 Sandti
1179 2700 1232 2738 Jo-

174 2731 272 2762 hannis
291 2731 421 2770 Baptistae
434 2754 445 2771 ,
469 2734 503 2764 δε
525 2733 658 2765 Crastino
677 2735 774 2766 Saneti
795 2734 946 2766 Michaelis
967 2738 1101 2774 proximo
1115 2737 1231 2776 futuro,

174 2769 329 2808 placitanda
342 2771 388 2800 vel
403 2770 542 2802 reddenda
550 2796 559 2811 ,

213 2807 346 2845 Exceptis
380 2806 433 2842 &c
457 2816 488 2838 ut
495 2810 591 2848 stcpra.

212 2845 314 2890 Usque
324 2830 363 2876 ad
371 2845 458 2877 dietas
471 2847 598 2878 Oetabas
611 2848 707 2879 Sanffi
722 2848 872 2880 Michaelis
884 2850 914 2880 in
927 2850 1032 2881 eodem
1056 2851 1153 2889 Statu,
1171 2849 1232 2886 &a

173 2883 193 2914 fi
209 2883 331 2922 Placita,
349 2883 516 2924 Compota,
534 2887 568 2917 &
582 2886 712 2929 Negotia
733 2888 865 2925 praedicta
886 2898 982 2919 coram
1003 2890 1085 2920 vobis
1101 2892 1129 2919 in
1144 2890 1232 2920 Scae-

171 2923 252 2991 gario
274 2922 412 2990 pfaedieto
419 2923 550 2991 eguissent
562 2947 572 2963 ,
597 2926 725 2964 ajornetis
738 2949 748 2964 ,
765 2927 799 2957 &
813 2927 938 2964 partibus
952 2950 962 2966 ,
981 2928 1042 2959 &c.
1060 2928 1223 2960 mandantes

208 2971 236 2990 c.
253 2971 291 2990 vo
305 2971 399 2998 umus,
453 2972 479 2993 c.

210 2998 300 3030 Teste
314 3007 346 3030 ut
355 2999 443 3038 supra.

652 3044 705 3071 Per
718 3040 800 3082 ipficm
814 3044 910 3079 Regem
921 3040 959 3077 (ἐν
975 3041 1125 3074 Concilium.

322 3161 350 3188 ³⁶
374 3165 424 3196 De
443 3162 581 3207 Custodia
597 3167 718 3211 Prisimae
737 3170 769 3199 in
789 3167 938 3201 Gandavo
959 3168 1090 3214 conceffiz.

175 3245 318 3303 REX·
332 3246 494 3285 Omnibus,
511 3249 546 3278 ad
562 3259 651 3288 quos,
668 3251 728 3282 &e.
747 3251 879 3282 Salutem.

271 3284 370 3315 Sciatis
386 3286 467 3323 quod
481 3310 490 3323 ,
515 3287 551 3316 de
574 3287 673 3318 Gratia
693 3289 790 3320 nostra
804 3291 930 3329 speciali,
948 3291 1167 3332 Conceffimus,
1186 3294 1230 3325 di-

171 3322 249 3352 leClo
262 3322 354 3361 Ligeo
367 3323 481 3362 nostro,
499 3327 597 3361 Rogero
611 3325 684 3355 Colee
696 3326 864 3358 Custodiam
879 3328 998 3368 Prilbnae
1016 3338 1122 3361 vocatae
1139 3332 1231 3363 Chau-

173 3360 254 3399 telet,
270 3362 339 3391 infra
355 3361 457 3392 Villam
474 3362 597 3393 nostram
618 3364 654 3393 de
669 3363 796 3402 Graunt,
812 3366 969 3397 habendam
981 3368 1015 3398 ad
1028 3377 1116 3399 totam
1133 3370 1228 3401 Vitam

174 3399 251 3429 suam
265 3408 332 3442 cum
344 3398 446 3442 Feodis
458 3400 491 3431 ὃς
507 3401 643 3432 Proficuis
657 3403 691 3432 ad
705 3403 822 3433 eandem
835 3403 1003 3436 Custodiam
1017 3408 1230 3448 pertinentibus,

172 3437 274 3475 absque
288 3436 456 3474 hxpulnone
471 3439 515 3469 seu
531 3438 757 3478 Impedimento,
775 3451 823 3478 per
837 3442 958 3480 aliquem
967 3444 1082 3474 Locum
1098 3446 1228 3478 nostrum

170 3484 317 3507 tenentem
340 3473 423 3506 Villae
443 3476 619 3517 supradictae,
639 3479 658 3509 si
673 3480 820 3518 praedietus
834 3479 966 3520 Rogerus
982 3492 1040 3512 non
1053 3482 1136 3514 faciet
1150 3485 1228 3524 talia,

168 3523 221 3557 pro
236 3514 337 3557 quibus
350 3513 454 3544 dietam
471 3514 639 3547 Custodiam
653 3517 813 3549 forisfacere
826 3517 927 3550 debeat
939 3543 950 3559 ,
969 3520 1014 3551 seu
1027 3519 1062 3551 de
1074 3522 1171 3553 eadem
1186 3533 1229 3554 ra—

170 3552 339 3583 tionabiliter
351 3551 413 3582 fore
427 3552 570 3592 Expulsus.

203 3589 473 3668 ‘iperiffffgg‘eg‘a‘ssud
489 3630 765 3673 »westmonasterium
782 3634 920 3666 vicefimo
932 3635 1056 3667 secundo
1070 3635 1116 3667 die
1124 3637 1211 3676 Junii.

576 3710 630 3738 Per
645 3711 771 3739 Literam
782 3710 859 3750 ipfius
874 3713 949 3749 Regis
961 3712 993 3742 de
1009 3716 1121 3750 Signeto.

168 3779 259 3840 ET
284 3780 454 3813 Mandatum
467 3782 509 3813 est
523 3782 771 3823 Burgismagistris,
789 3784 960 3816 Confiliariis
971 3811 981 3824 ,
999 3787 1139 3826 Decanis,
1158 3788 1225 3820 Sca-

247 3819 319 3849 binis
332 3844 342 3858 ,
367 3821 401 3851 &
423 3821 632 3852 Communitati
653 3822 736 3853 Villae
774 3824 897 3854 raediclzae
919 3825 998 3862 quod
1019 3826 1111 3856 eidem
1125 3831 1224 3864 Rogero

170 3853 340 3900 Custodiam
353 3859 437 3889 dietae
452 3860 574 3890 Prisonae
587 3885 596 3896 ,
616 3869 725 3891 vocatae
758 3862 886 3892 'hautelet
895 3885 905 3900 ,
922 3864 977 3893 una
990 3873 1056 3893 cum
1072 3865 1174 3895 Feodis
1190 3868 1223 3896 &

168 3892 306 3924 Proficurs
319 3895 353 3939 ad
373 3898 492 3928 eandem
508 3897 676 3929 Custodiam
699 3901 917 3938 pertinentibus,
934 3902 1034 3939 absque
1051 3901 1221 3940 Expulsrone

168 3931 215 3961 seu
234 3931 464 3977 lmpednnento,
496 3937 600 3969 habere
618 3939 779 3977 permittant
795 3939 871 3977 juxta
891 3938 1041 3970 Tenorem
1062 3940 1220 3973 Literarum

169 3968 257 4007 Regis
269 3971 473 4007 praedictarum.

206 4007 296 4039 Teste
310 4017 340 4039 ut
354 4008 440 4047 supra.

227 4085 297 4115 me.
315 4087 374 4116 HL
392 4086 427 4119 P.
444 4089 501 4119 HL
789 4055 842 4084 Per
856 4054 965 4085 eandem
980 4057 1113 4086 Literam.

2245 171 2326 220 185

1719 311 1724 319 ,
2266 289 2306 293 ”
2333 286 2409 316 Ann.
2419 287 2460 320 D.

1505 336 1599 378 Super
1613 343 1720 379 nupero
1735 332 1864 380 Ingreffn
1879 338 1910 366 in
1926 338 2069 375 Scotiam.
2331 326 2438 390 R51638'5·

1260 415 1374 472 REX
1398 416 1559 455 Omnibus,
1577 417 1610 447 ad
1627 427 1713 456 quos,
1731 417 1782 447 &c
1810 417 1943 450 Salutem.
2332 431 2384 455 An.
2399 438 2427 463 9.

1352 455 1449 485 Sciatis
1471 456 1550 492 qubd
1566 479 1574 493 ,
1600 455 1634 485 ad
1656 455 1815 492 ingressum
1839 457 1967 487 nostrum
1982 456 2011 485 in
2025 456 2167 497 Scot'ram,
2185 460 2314 498 praefeci-
2334 471 2363 494 R.
2385 477 2410 494 2.

1261 500 1339 529 mus,
1357 493 1494 522 dilectum
1511 494 1543 523 δί
1559 493 1670 523 fidelem
1685 493 1827 532 nostrum,
1847 499 1986 532 Georgium
2001 494 2118 534 Felbrigg
2135 498 2276 538 Militem,
2334 508 2429 538 1’.zt.9.

1298 529 1384 568 Nos,
1401 541 1431 560 ea
1451 530 1486 560 de
1507 531 1603 569 causa,
1622 532 1654 561 ὃς
1679 540 1709 560 ut
1725 533 1778 568 ipse
1792 533 1900 563 Statum
1915 535 1995 564 suum
2011 533 2202 566 honorabilius
2217 540 2250 569 ὃς
2265 539 2314 569 de-
2334 548 2362 570 R.
2374 551 2461 579 2.p.t.

1260 569 1368 598 centius
1385 578 1564 599 manutenere
1581 569 1678 606 possit,
1698 569 1836 600 Dedimus
1851 574 1884 602 ὃς
1901 571 2098 602 Conceffimus
2111 574 2203 605 eidem
2218 576 2314 607 Geor·
2334 591 2371 609 m.
2388 583 2434 617 3⁶·

1259 605 1308 641 gio
1325 606 1516 645 Qiaelraginta
1536 607 1631 637 Libras
1652 617 1700 644 per
1720 608 1853 646 Annum,
1872 611 2075 649 percipiendas,
2093 612 2126 641 ad
2142 612 2313 644 Terminum

1262 643 1335 674 Vitae
1348 649 1419 682 luae,
1437 646 1472 674 de
1487 644 1614 675 Exitibus
1627 644 1823 676 Comitatuum
1841 647 2014 678 Norffolciae
2037 651 2069 680 &
2085 649 2246 689 Suffolciae,
2264 663 2313 690 per

1259 691 1356 712 manus
1373 682 1557 713 Vicecomitis
1573 683 1659 713 nostri
1683 682 1879 715 Comitatuum
1903 688 2070 716 eorumdem
2086 712 2096 725 ,
2115 689 2160 725 qui
2175 699 2227 726 pro
2238 699 2311 720 tem-

1259 729 1329 756 pore
1344 720 1444 758 fuerit,
1463 722 1506 750 vel
1521 722 1662 759 quousque
1680 721 1728 752 slbi
1744 723 1779 758 de
1789 723 1912 754 Redditu
1929 725 1962 754 ad
1979 733 2076 756 verum
2093 727 2312 759 valoremSum-

1260 767 1316 787 mcc
1332 759 1474 794 praedictae
1487 760 1636 790 fecerimus
1649 761 1797 796 provideri.
2309 763 2312 765 ’

1298 796 1330 826 ln
1345 797 1440 834 cujus,
1459 798 1518 826 &a

1335 834 1425 865 Teste
1440 835 1522 874 Rege
1535 835 1608 873 apud
1624 835 1894 876 Wstmonastersum‚
1913 849 1993 869 nono
2006 839 2051 870 die
2065 840 2245 879 Septembris.

1762 915 1815 943 Per
1829 916 1920 943 Breve
1932 914 1963 943 de
1978 916 2096 945 Privato
2112 917 2210 955 sigillo.

1518 1041 1576 1071 Pro
1593 1037 1764 1082 Wxillt'fero
1781 1040 1812 1070 in
1829 1037 1906 1071 disto
1921 1040 2060 1087 Ingreffiae.

1266 1120 1380 1190 RE}
1399 1121 1562 1190 Omnibug,
1580 1122 1614 1153 ad
1630 1132 1719 1161 quos,
1737 1125 1797 1155 &e
1813 1123 1946 1154 Salutem.
2336 1137 2411 1168 Arm,
2428 1137 2468 1167 D,

1378 1170 1454 1190 crans
1465 1171 1476 1189 c
1486 1172 1524 1190 uo
2388 1185 2399 1195 0
2414 1177 2420 1188 ‘

1305 1196 1403 1236 Cum,
1421 1199 1456 1228 de
1474 1171 1562 1237 {gratiii
1584 1198 1678 1229 nostra
1697 1199 1820 1237 speciali,
1838 1199 2010 1231 Dederimus
2025 1203 2058 1233 ὃς
2071 1202 2319 1244 Concefferimus,
2338 1178 2451 1249 ,ἐξῇ

1266 1233 1371 1266 dilecto
1385 1239 1418 1268 δε
1433 1237 1634 1274 fidelinostro,
1652 1238 1787 1267 Niclaolao
1802 1238 1958 1279 Sarnesfeld
1972 1240 1996 1268 V
1999 1241 2132 1272 exillifero
2148 1243 2320 1281 nostro,pro
2340 1258 2369 1280 R.
2391 1264 2415 1280 χ,
2427 1238 2433 1243 ’

1267 1272 1366 1304 Feodo
1382 1275 1448 1313 suo,
1467 1284 1593 1313 tempore
1606 1286 1665 1314 quo
1681 1286 1731 1306 nos
1745 1278 1839 1313 primo
1855 1277 1961 1307 Vexilla
1977 1278 2070 1308 nostra
2086 1303 2095 1317 ,
2114 1281 2148 1310 ad
2163 1281 2321 1320 ingrestum
2339 1293 2442 1320 ibidem.

1267 1312 1395 1342 nostrum
1417 1314 1446 1343 in
1463 1313 1590 1344 Scotiam
1605 1337 1615 1350 ,
1636 1314 1777 1351 displicare
1790 1316 1924 1354 fecimus,
1943 1315 2068 1347 Centum
2085 1320 2182 1349 Libras
2196 1330 2245 1357 per
2260 1321 2322 1351 An-

1266 1359 1335 1379 num
1352 1353 1384 1381 ad
1403 1351 1575 1382 Tcrminum
1592 1351 1666 1382 Vitae
1680 1353 1750 1390 suae,

1306 1388 1443 1420 Volumus
1458 1392 1490 1421 &
1506 1390 1706 1421 Concesfimus
1721 1390 1800 1428 quod
1814 1391 2074 1431 idcmNicholans,
2091 1394 2158 1425 loco
2174 1395 2322 1433 praedicta-

1268 1436 1331 1455 rum
1348 1426 1473 1458 Centum
1489 1429 1638 1459 Librarum
1655 1429 1818 1459 Annuatum
1835 1453 1843 1467 ,
1860 1432 1956 1461 habeat
1972 1431 2133 1462 Maneriutn
2149 1434 2184 1464 de
2197 1434 2324 1464 Tewen-

1269 1474 1320 1495 ton
1337 1467 1426 1502 (quod
1443 1468 1513 1497 valet
1529 1476 1577 1505 per
1599 1467 1716 1497 Annum
1733 1468 1922 1507 Qadraginta
1942 1472 1974 1500 δε
1998 1469 2076 1500 Duas
2092 1471 2198 1508 Libras)
2216 1471 2321 1503 Mane<

1270 1504 1343 1534 rium
1358 1504 1394 1534 de
1406 1505 1536 1541 Tintagel
1553 1505 1642 1543 (quod
1659 1505 1731 1536 valet
1747 1516 1794 1543 per
1811 1506 1927 1536 Annum
1942 1508 2072 1544 Triginta
2089 1509 2194 1545 Lrbms)
2211 1512 2243 1541 &
2254 1511 2321 1541 Ma-

1269 1543 1377 1572 nerium
1401 1542 1437 1572 de
1460 1543 1578 1572 Moresk
1601 1543 1692 1581 (quod
1714 1545 1784 1573 valet
1800 1553 1847 1580 per
1863 1545 1980 1574 Annum
1993 1546 2120 1585 Triginta
2134 1549 2165 1578 &
2182 1550 2321 1586 Qiinque

1271 1580 1378 1616 Libras)
1399 1582 1464 1611 licet
1485 1582 1582 1611 eadem
1604 1581 1731 1610 Maneria
1744 1583 1878 1612 excedant
1893 1583 1927 1613 de
1944 1583 2048 1614 Annuo
2066 1585 2159 1616 valore
2175 1588 2320 1622 praedictas

1269 1617 1396 1648 Centum
1412 1619 1508 1650 Libras
1524 1630 1571 1657 per
1585 1619 1700 1657 Septem
1714 1619 1831 1658 Libras,
1851 1619 1993 1651 Habenda
2011 1624 2139 1659 pnedicta
2160 1625 2228 1654 Tria
2253 1625 2320 1655 Ma-

1268 1659 1343 1686 neria
1357 1657 1448 1688 eidem
1464 1657 1631 1697 Nicholao,
1645 1658 1679 1688 ad
1691 1657 1862 1689 Terminum
1877 1655 1949 1689 Vitae
1965 1660 2034 1698 suae,
2053 1661 2153 1700 absque
2166 1663 2260 1700 aliquo
2270 1674 2324 1694 no-

1268 1696 1310 1725 bis
1326 1697 1392 1726 inde
1407 1696 1561 1727 reddendo.

1306 1733 1339 1764 In
1353 1735 1447 1773 cujus,
1463 1736 1523 1766 &c.

1306 1772 1397 1842 Tgste
1417 1773 1499 1813 Rege
1513 1773 1586 1812 apud
1606 1776 1762 1804 Manerium
1782 1774 1814 1804 de
1829 1774 1929 1813 Shene,
1947 1774 2062 1807 decimo
2079 1787 2178 1814 quarto
2193 1776 2238 1807 die
2253 1776 2322 1817 Sep-

1270 1819 1328 1842 tem
1351 1821 1394 1842 ris.

1856 1854 1910 1881 Per
1923 1854 2050 1882 Literam
2063 1853 2094 1882 de
2107 1856 2223 1891 Signeto,

1596 1978 1619 2001 *
1641 1982 1690 2014 De
1712 1981 1787 2011 Cera
1808 1978 2005 2012 Renovanda.

1271 1934 1416 1941 v-—m

2346 1994 2367 2014 *ἓ
2388 1996 2453 2022 VH.

2346 2034 2400 2068 478

2378 2081 2425 2100 nn.
2468 2094 2476 2102 .

1371 2104 1542 2135 Mandamus
1565 2099 1647 2134 vobis
1669 2100 1749 2147 quod
1772 2099 1876 2133 Ceram
1890 2127 1899 2142 ‚
1923 2102 2085 2134 existentem
2108 2105 2181 2135 circa
2196 2100 2328 2149 Corpus,
2350 2071 2467 2148 A1385I.)

1270 2142 1386 2174 celebris
1405 2143 1553 2173 memoriae
1568 2165 1578 2180 ,
1602 2141 1724 2172 Domini
1744 2144 1781 2171 E.
1802 2152 1889 2179 nuper
1908 2145 1984 2179 Regis
2004 2142 2115 2180 Angltae
2128 2165 2137 2180 ‚
2164 2143 2221 2173 Filii
2238 2143 2325 2182 Regis
2347 2152 2398 2176 Aa.
2413 2159 2443 2184 9,

1270 2183 1384 2213 Henrici
1405 2182 1599 2218 progenitoris
1614 2179 1720 2218 nostri,
1737 2180 1905 2211 inEcclelia
1920 2180 1994 2212 Beati
2008 2181 2082 2210 Petri
2098 2181 2326 2212 Westmonaste-
2345 2190 2373 2213 R.
2395 2196 2421 2215 2.

1270 2221 1362 2251 rienfis
1376 2221 1540 2258 humatum,
1555 2219 1590 2250 de
1598 2218 1729 2251 Denariis
1741 2219 1842 2250 nostris
1855 2220 1983 2251 renovari
2000 2219 2120 2259 faciatis,
2134 2229 2218 2258 prout
2229 2220 2324 2260 hac'te7
2343 2225 2429 2261 claus.
2449 2235 2478 2261 9-

1272 2269 1325 2290 nus
1341 2259 1400 2290 fieri
1413 2259 1566 2291 consuevit.
2345 2267 2373 2290 R.
2384 2273 2453 2300 zan,

2311 2309 2318 2317 '
2348 2310 2392 2339 33·

1274 2065 1392 2122 REX
1418 2065 1603 2097 Thesaurario
1616 2065 1649 2096 ὅτ,
1665 2062 1832 2095 Camerariis
1848 2064 1917 2104 suis,
1936 2064 2070 2095 Salutem.

1307 2335 1397 2367 Teste
1410 2335 1492 2376 Rege
1506 2335 1579 2375 apud
1595 2334 1869 2377 Westmonasterium,
1888 2334 1994 2368 oetavo
2008 2335 2053 2366 die
2066 2333 2213 2366 Octobris.

1442 2480 1500 2511 Pro
1516 2477 1652 2524 Episcopo
1671 2475 1883 2511 Bethlemitano
1894 2501 1903 2517 ,
1930 2477 1966 2511 de
1983 2478 2156 2522 Provisz‘one.

1272 2560 1450 2620 URbanus
1464 2560 1618 2601 Epistopm,
1637 2561 1738 2593 Servus
1753 2562 1908 2593 Servorum
1923 2562 1999 2601 Dei,
2016 2562 2157 2593 carissimo
2171 2564 2197 2593 in
2207 2563 2326 2596 Cl‘lristo
2347 2565 2422 2597 Anu.
2438 2564 2478 2597 D.

1366 2601 1437 2631 Filio
1452 2624 1461 2638 ,
1486 2601 1619 2631 Richardo
1640 2604 1705 2638 Regt
1728 2602 1839 2640 Anglrae
1861 2601 1980 2640 Illustri,
1998 2602 2120 2632 Salutem
2135 2603 2167 2632 ὅ(
2183 2602 2329 2640 Apostoli·
2378 2606 2462 2644 1385.

1271 2647 1334 2666 cam
1350 2637 1591 2669 BenediCtionem.
2349 2648 2399 2670 Aa.
2420 2654 2448 2679 9·

1307 2675 1415 2710 Gratia:
1429 2677 1533 2708 divinae
1548 2678 1703 2708 Praemium
1718 2678 1752 2709 &
1765 2678 1896 2709 humanae
1908 2677 1994 2708 laudis
2009 2679 2185 2715 praeconium
2206 2681 2328 2716 acquiri-
2350 2687 2377 2709 R.
2400 2692 2426 2708 z.

1270 2721 1330 2750 tur,
1350 2715 1367 2744 li
1388 2725 1438 2753 per
1456 2716 1599 2747 Seculares
1622 2717 1765 2753 Principes
1788 2717 1912 2747 l'raelatis
1927 2739 1937 2754 ,
1966 2717 2114 2754 praesertim
2140 2717 2328 2748 Eccleli.1rum
2353 2721 2468 2756 lit-Orig.

1270 2750 1482 2784 Catliedralium
1498 2754 1642 2794 Regimini
1657 2755 1862 2792 praelidentibus
1872 2756 2023 2794 ,oportuni
2038 2754 2151 2785 Favoris
2166 2755 2326 2786 Praelidium
2349 2760 2373 2783 1⁵11
2395 2760 2477 2786 Turri.

1268 2790 1302 2820 δε
1318 2791 1425 2822 Honor
1439 2793 1548 2823 debitus
1562 2792 1746 2831 impendatur.
2345 2806 2370 2823 n.
2392 2805 2417 2832 3-

1269 2865 1287 2896 1·
1308 2828 1433 2860 Dudum
1451 2831 1587 2869 siquidem
1610 2831 1787 2862 Proviliones
1804 2832 1936 2861 omnium
1960 2830 2150 2862 Ecclesiarum
2173 2830 2327 2863 Cathedra-

1281 2877 1339 2897 ium

1307 2890 1420 2937 Ex³tunc
1436 2906 1507 2945 apud
1522 2907 1624 2937 Sedem
1639 2906 1834 2944 Apostolicam
1851 2905 2020 2937 Vacantium
2034 2930 2043 2944 ‚
2059 2907 2091 2937 δε
2109 2908 2135 2936 in
2151 2915 2227 2937 antea
2245 2918 2327 2938 vaca-

1270 2951 1410 2983 turarum,
1429 2956 1476 2983 per
1492 2946 1714 2982 Tranllationes,
1736 2945 1771 2974 de
1785 2945 1906 2975 Praelatis
1928 2955 2039 2982 carum,
2058 2945 2172 2975 ubilibet
2189 2946 2326 2977 constitu-

1269 2983 1319 3020 tis,
1339 2994 1386 3020 per
1400 2984 1466 3014 Nos
1480 2983 1616 3014 faciendas
1638 2983 1842 3021 imposterum,
1860 2983 1893 3014 ad
1910 2983 2046 3014 Ecclesias
2062 2982 2240 3014 Cathedrales
2254 2994 2323 3015 tunc

1270 3030 1400 3052 vacantes

1308 3045 1486 3090 Ordinzitioni
1500 3060 1532 3090 r&
1550 3059 1732 3097 Dispositioni
1748 3059 1852 3091 nostrae
1864 3058 1993 3102 duximus
2010 3059 2214 3098 Reservandas,

1308 3097 1502 3129 Decet-nentes
1521 3108 1624 3128 extunc
1645 3099 1753 3127 irritum
1776 3099 1808 3128 ὃς
1832 3099 1912 3127 inane
1938 3101 1956 3127 ll
1978 3098 2053 3128 secus
2067 3120 2076 3135 ‚
2097 3098 2175 3135 super
2190 3100 2254 3136 hiis,
2274 3109 2322 3136 per

1270 3136 1482 3175 quoscumque,
1499 3138 1594 3174 quavis
1609 3136 1804 3174 Auitoritate,
1818 3136 1934 3167 scienter
1954 3137 1999 3167 vel
2019 3137 2177 3174 ignoranter
2192 3139 2324 3175 ,contin-

1270 3184 1348 3215 geret
1363 3176 1535 3213 attemptari,
2194 3214 2199 3218 Ι

1310 3213 1498 3244 Postmodum
1521 3215 1591 3242 vero
1613 3211 1737 3242 Ecclesia
1758 3212 1940 3243 Landavensis
1954 3235 1963 3250 ,
1987 3221 2021 3242 ex
2040 3222 2075 3242 eo
2091 3211 2212 3243 Pastor1s
2226 3213 2325 3245 solatio

1270 3250 1415 3290 destituta,
1432 3251 1508 3289 quod
1533 3250 1599 3280 Nos
1613 3260 1718 3288 nuper,
1738 3250 1934 3282 Venerabilem
1951 3250 2074 3280 Fratrem
2089 3250 2234 3288 nostrum,
2253 3252 2324 3281 Tho-

1269 3301 1340 3320 mam
1363 3288 1542 3329 Cicestrfflsem
1556 3311 1565 3326 ,
1590 3297 1657 3319 tunc
1673 3290 1884 3328 Landavensem
1898 3289 2066 3328 Epistopum,
2087 3289 2149 3318 licet
2165 3289 2324 3328 absentem,

1269 3338 1283 3358 a
1297 3330 1410 3360 vinculo
1423 3338 1482 3364 quo
1496 3327 1550 3365 ipse
1563 3327 1741 3367 Landavenfi
1755 3328 1888 3357 Eccleliae
1905 3329 1962 3365 (cui
1979 3336 2045 3357 tunc
2062 3328 2187 3393 preerat)
2206 3329 2321 3358 teneba-

1269 3375 1314 3397 tur
1328 3392 1337 3405 ,
1362 3368 1397 3398 de
1419 3367 1545 3396 Fratrum
1570 3365 1732 3395 nostrorum
1754 3365 1882 3396 Consilio
1899 3389 1907 3402 ‚
1932 3366 1965 3396 δε
1983 3364 2008 3393 Λ
2031 3372 2058 3393 01
2076 3364 2322 3406 olicae-Potestatis

1268 3406 1456 3443 plenitudine,
1471 3403 1662 3440 absolventes,
1681 3403 1769 3441 ipsum
1786 3403 1818 3434 ad
1833 3403 1986 3446 Ecclesiam
2037 3402 2228 3440 icestrenlctn,
2247 3413 2319 3435 tunc

1268 3453 1429 3480 vacantem,
1447 3443 1574 3472 duximus
1590 3442 1764 3472 Aucloritate
1786 3441 1950 3477 Apostolica
1967 3440 2202 3478 transferendum,
2229 3441 2320 3477 praefi-

1269 3482 1372 3513 ciendo
1395 3481 1484 3520 ipsum
1506 3478 1781 3511 eidemCicestrenfi
1796 3479 1929 3511 Eccleiiae
1941 3480 1969 3509 in
1984 3478 2156 3516 Episcopum
2169 3480 2203 3510 ὃς
2217 3479 2318 3516 Ραίὶω

1268 3530 1349 3589 retInJ,

1340 3569 1373 3590 os

1304 3597 1351 3628 Ad
1365 3582 1558 3628 l3rovifionem
1575 3595 1660 3626 distre
1675 3593 2146 3632 LandavensisEcclefiae,celerem
2160 3594 2192 3625 St
2207 3593 2320 3626 felicem

1266 3633 1315 3672 (de
1330 3646 1383 3674 qua
1400 3636 1504 3671 nullus,
1523 3644 1620 3671 praetcr
1636 3634 1713 3671 Nos,
1733 3634 1766 3664 ea
1781 3635 1859 3671 vice,
1878 3634 1902 3663 se
1917 3635 2103 3662 intromittere
2118 3642 2320 3673 potueratme-

1266 3683 1322 3711 que
1333 3682 1455 3712 poterat,
1474 3673 1673 3703 Reservatione
1685 3673 1717 3703 &
1734 3673 1859 3702 Decreto
1873 3670 2068 3701 obnitentibus
2088 3670 2259 3707 supradictis)
2278 3673 2317 3702 ne

1264 3712 1320 3749 ipsa
1339 3710 1522 3742 Landavenlis
1534 3710 1655 3740 Ecclesia
1668 3711 1761 3746 lonzae
1777 3710 1937 3740 Vacationis
1953 3718 2135 3746 exponeretur
2146 3708 2314 3747 Incommo-

1264 3750 1321 3787 dis,
1342 3752 1460 3788 paternis
1475 3750 1507 3779 δε
1525 3748 1633 3778 solicitis
1647 3748 1749 3778 Studiis
1763 3748 1951 3784 intendentes,
2051 3786 2055 3789 -

1299 3788 1367 3818 Post
1389 3788 1642 3823 deliberationem,
1666 3797 1751 3823 quam
1774 3787 1809 3816 dc
1832 3784 2012 3827 praeficiendo
2033 3784 2123 3815 eidem
2142 3784 2316 3817 Laudavenfi

1261 3825 1393 3858 Eccleliae
1415 3826 1564 3856 Personam
1577 3847 1586 3861 ‚
1610 3825 1707 3854 utilem
1728 3826 1760 3855 δε
1783 3825 1864 3854 ctiam
1884 3824 2052 3854 frucluolam
2069 3847 2078 3860 ,
2095 3832 2161 3854 cum
2174 3824 2316 3855 Fratribus

1260 3865 1360 3895 nostris
1375 3865 1521 3895 habuimus
1536 3862 1697 3900 diligentem
1707 3885 1715 3900 ,
2284 3880 2285 3884 =

1299 3904 1430 3933 Demum
1447 3902 1479 3931 ad
1490 3926 1498 3937 ,
1516 3900 1713 3930 venerabilem
1729 3901 1853 3930 Fratrem
1870 3899 2016 3936 nostrum,
2036 3900 2078 3928 W
2077 3898 2213 3929 illielmum
2233 3903 2315 3936 Lan-

1260 3942 1421 3980 davensem,
1439 3949 1505 3970 tunc
1522 3938 1787 3976 Betleemitanensem
1803 3937 1972 3977 Epfioputtl,
2009 3976 2012 3980 Ι

1297 3980 1483 4010 Conlideratis
1497 3976 1659 4007 Grandium
1675 3979 1809 4007 virtutum
1827 3978 1947 4012 meritis,
1967 3976 2067 4013 quibus
2082 3973 2231 4018 Personam
2245 3976 2315 4007 dieti

1256 4017 1408 4048 willielmi
1425 4016 1553 4053 Episcopi
1571 4014 1722 4045 Altillimus
1738 4015 1890 4051 intignivit,
1910 4016 1942 4044 Sc
1964 4014 2042 4051 qubd
2064 4015 2119 4050 iple
2140 4015 2314 4045 Wilhelinus

1256 4055 1428 4095 Episcopus,
1445 4055 1494 4093 qui
1508 4054 1593 4085 dietae
1600 4053 1836 4122 ΒειίεειῃίᾸειηαηῇ
1849 4052 1982 4084 Ecclenae
1996 4051 2130 4083 haetenus
2138 4053 2310 4084 laudabiliter

1772 4101 1786 4123 a
2239 4099 2310 4126 prae-
