<?xml version="1.0" encoding="UTF-8"?>
<!DOCTYPE html PUBLIC "-//W3C//DTD XHTML 1.0 Transitional//EN"
    "http://www.w3.org/TR/xhtml1/DTD/xhtml1-transitional.dtd">
<html xmlns="http://www.w3.org/1999/xhtml" xml:lang="en" lang="en">
 <head>
  <title>
</title>
<meta http-equiv="Content-Type" content="text/html;charset=utf-8" />
  <meta name='ocr-system' content='tesseract 3.04.00' />
  <meta name='ocr-capabilities' content='ocr_page ocr_carea ocr_par ocr_line ocrx_word'/>
</head>
<body>
  <div class='ocr_page' id='page_1' title='image "./fderaconventione03ryme_0477.png"; bbox 0 0 2561 4251; ppageno 0'>
   <div class='ocr_carea' id='block_1_1' title="bbox 6 265 134 347">
    <p class='ocr_par' dir='ltr' id='par_1_1' title="bbox 6 265 134 347">
     <span class='ocr_line' id='line_1_1' title="bbox 6 265 134 313; baseline 0 -16"><span class='ocrx_word' id='word_1_1' title='bbox 6 268 78 313; x_wconf 73' lang='grc' dir='ltr'>ᾼῃη.</span> <span class='ocrx_word' id='word_1_2' title='bbox 92 265 134 297; x_wconf 92' lang='lat' dir='ltr'>D.</span> 
     </span>
     <span class='ocr_line' id='line_1_2' title="bbox 32 314 115 347; baseline -0.024 -10"><span class='ocrx_word' id='word_1_3' title='bbox 32 314 115 347; x_wconf 83' lang='lat'><strong>1372.</strong></span> 
     </span>
    </p>
   </div>
   <div class='ocr_carea' id='block_1_2' title="bbox 704 166 1717 215">
    <p class='ocr_par' dir='ltr' id='par_1_2' title="bbox 704 166 1717 215">
     <span class='ocr_line' id='line_1_3' title="bbox 704 166 1717 215; baseline -0.003 -2"><span class='ocrx_word' id='word_1_4' title='bbox 704 170 814 213; x_wconf 86' lang='lat' dir='ltr'>ET</span> <span class='ocrx_word' id='word_1_5' title='bbox 895 170 1163 215; x_wconf 89' lang='lat' dir='ltr'>ACTA</span> <span class='ocrx_word' id='word_1_6' title='bbox 1246 166 1717 211; x_wconf 88' lang='lat' dir='ltr'><strong>PUBLICA.</strong></span> 
     </span>
    </p>
   </div>
   <div class='ocr_carea' id='block_1_3' title="bbox 189 252 1016 301">
    <p class='ocr_par' dir='ltr' id='par_1_3' title="bbox 189 252 1016 301">
     <span class='ocr_line' id='line_1_4' title="bbox 189 252 1016 301; baseline -0.008 -7"><span class='ocrx_word' id='word_1_7' title='bbox 189 266 267 301; x_wconf 81' lang='lat' dir='ltr'>Regis</span> <span class='ocrx_word' id='word_1_8' title='bbox 282 260 418 300; x_wconf 81' lang='lat' dir='ltr'><em>Sigillum,</em></span> <span class='ocrx_word' id='word_1_9' title='bbox 433 269 493 289; x_wconf 80' lang='lat' dir='ltr'>cera</span> <span class='ocrx_word' id='word_1_10' title='bbox 509 252 609 296; x_wconf 75' lang='lat' dir='ltr'>rubra,</span> <span class='ocrx_word' id='word_1_11' title='bbox 625 264 702 288; x_wconf 81' lang='lat' dir='ltr'>texto</span> <span class='ocrx_word' id='word_1_12' title='bbox 707 256 791 297; x_wconf 62' lang='lat' dir='ltr'>serico</span> <span class='ocrx_word' id='word_1_13' title='bbox 804 258 905 288; x_wconf 79' lang='lat' dir='ltr'>viridis</span> <span class='ocrx_word' id='word_1_14' title='bbox 919 257 1016 288; x_wconf 84' lang='lat' dir='ltr'>coloris.</span> 
     </span>
    </p>
   </div>
   <div class='ocr_carea' id='block_1_4' title="bbox 1252 253 2316 293">
    <p class='ocr_par' dir='ltr' id='par_1_4' title="bbox 1252 253 2316 293">
     <span class='ocr_line' id='line_1_5' title="bbox 1252 253 2316 293; baseline 0.001 -9"><span class='ocrx_word' id='word_1_15' title='bbox 1252 255 1345 285; x_wconf 91' lang='lat' dir='ltr'>bitero</span> <span class='ocrx_word' id='word_1_16' title='bbox 1361 256 1469 293; x_wconf 85' lang='lat' dir='ltr'>genitus</span> <span class='ocrx_word' id='word_1_17' title='bbox 1486 255 1519 285; x_wconf 88' lang='lat'><strong>&amp;</strong></span> <span class='ocrx_word' id='word_1_18' title='bbox 1536 254 1650 293; x_wconf 69' lang='lat' dir='ltr'>Soluta,</span> <span class='ocrx_word' id='word_1_19' title='bbox 1667 262 1717 292; x_wconf 76' lang='lat' dir='ltr'>ut,</span> <span class='ocrx_word' id='word_1_20' title='bbox 1734 264 1770 284; x_wconf 93' lang='lat' dir='ltr'>eo</span> <span class='ocrx_word' id='word_1_21' title='bbox 1782 263 1842 285; x_wconf 91' lang='lat' dir='ltr'>non</span> <span class='ocrx_word' id='word_1_22' title='bbox 1856 253 2003 293; x_wconf 87' lang='lat' dir='ltr'>obstante,</span> <span class='ocrx_word' id='word_1_23' title='bbox 2021 255 2054 286; x_wconf 93' lang='lat' dir='ltr'>ad</span> <span class='ocrx_word' id='word_1_24' title='bbox 2070 264 2171 285; x_wconf 87' lang='lat' dir='ltr'>omnes</span> <span class='ocrx_word' id='word_1_25' title='bbox 2192 253 2316 286; x_wconf 85' lang='lat' dir='ltr'>Ordines</span> 
     </span>
    </p>
   </div>
   <div class='ocr_carea' id='block_1_5' title="bbox 2241 185 2322 223">
    <p class='ocr_par' dir='ltr' id='par_1_5' title="bbox 2241 185 2322 223">
     <span class='ocr_line' id='line_1_6' title="bbox 2241 185 2322 223; baseline -0.012 -11"><span class='ocrx_word' id='word_1_26' title='bbox 2241 185 2322 223; x_wconf 86' lang='lat'>209</span> 
     </span>
    </p>
   </div>
   <div class='ocr_carea' id='block_1_6' title="bbox 2337 257 2470 290">
    <p class='ocr_par' dir='ltr' id='par_1_6' title="bbox 2337 257 2470 290">
     <span class='ocr_line' id='line_1_7' title="bbox 2337 257 2470 290; baseline 0.008 -1"><span class='ocrx_word' id='word_1_27' title='bbox 2337 257 2412 289; x_wconf 81' lang='lat' dir='ltr'>Ann.</span> <span class='ocrx_word' id='word_1_28' title='bbox 2424 258 2470 290; x_wconf 68' lang='lat' dir='ltr'>D.</span> 
     </span>
    </p>
   </div>
   <div class='ocr_carea' id='block_1_7' title="bbox 190 292 2451 339">
    <p class='ocr_par' dir='ltr' id='par_1_7' title="bbox 190 292 2451 339">
     <span class='ocr_line' id='line_1_8' title="bbox 190 292 2451 339; baseline 0 -13"><span class='ocrx_word' id='word_1_29' title='bbox 190 305 297 339; x_wconf 67' lang='lat' dir='ltr'>Reginae</span> <span class='ocrx_word' id='word_1_30' title='bbox 320 298 457 337; x_wconf 75' lang='lat' dir='ltr'><em>Sigillum,</em></span> <span class='ocrx_word' id='word_1_31' title='bbox 474 308 533 327; x_wconf 82' lang='lat' dir='ltr'>cera</span> <span class='ocrx_word' id='word_1_32' title='bbox 555 295 592 332; x_wconf 86' lang='lat'><em>&amp;</em></span> <span class='ocrx_word' id='word_1_33' title='bbox 606 297 692 337; x_wconf 78' lang='lat' dir='ltr'>serico</span> <span class='ocrx_word' id='word_1_34' title='bbox 714 304 745 326; x_wconf 86' lang='lat' dir='ltr'>ut</span> <span class='ocrx_word' id='word_1_35' title='bbox 759 295 861 337; x_wconf 71' lang='lat' dir='ltr'>fiaepra3</span> <span class='ocrx_word' id='word_1_36' title='bbox 872 295 927 337; x_wconf 70' lang='lat' dir='ltr'>fid</span> <span class='ocrx_word' id='word_1_37' title='bbox 937 298 1048 327; x_wconf 80' lang='lat' dir='ltr'>dimidio</span> <span class='ocrx_word' id='word_1_38' title='bbox 1063 300 1151 327; x_wconf 73' lang='lat' dir='ltr'>minus</span> <span class='ocrx_word' id='word_1_39' title='bbox 1169 292 1209 331; x_wconf 58' lang='grc' dir='ltr'>ῤ’</span> <span class='ocrx_word' id='word_1_40' title='bbox 1247 295 1428 333; x_wconf 90' lang='lat' dir='ltr'>promoveri,</span> <span class='ocrx_word' id='word_1_41' title='bbox 1447 296 1478 323; x_wconf 60' lang='grc' dir='ltr'>ὃ(</span> <span class='ocrx_word' id='word_1_42' title='bbox 1495 293 1668 324; x_wconf 82' lang='lat' dir='ltr'>Beneficium</span> <span class='ocrx_word' id='word_1_43' title='bbox 1685 292 1930 330; x_wconf 81' lang='lat' dir='ltr'>Eccleliasticum,</span> <span class='ocrx_word' id='word_1_44' title='bbox 1950 295 2035 324; x_wconf 87' lang='lat' dir='ltr'>etiarn</span> <span class='ocrx_word' id='word_1_45' title='bbox 2051 295 2069 325; x_wconf 86' lang='lat' dir='ltr'>fi</span> <span class='ocrx_word' id='word_1_46' title='bbox 2081 294 2189 324; x_wconf 88' lang='lat' dir='ltr'>Curam</span> <span class='ocrx_word' id='word_1_47' title='bbox 2203 294 2316 325; x_wconf 87' lang='lat' dir='ltr'>haberet</span> <span class='ocrx_word' id='word_1_48' title='bbox 2366 306 2451 336; x_wconf 81' lang='lat'><strong>1372.-</strong></span> 
     </span>
    </p>
   </div>
   <div class='ocr_carea' id='block_1_8' title="bbox 5 336 410 388">
    <p class='ocr_par' dir='ltr' id='par_1_8' title="bbox 5 336 410 388">
     <span class='ocr_line' id='line_1_9' title="bbox 5 336 410 388; baseline -0.015 -14"><span class='ocrx_word' id='word_1_49' title='bbox 5 347 70 388; x_wconf 68' lang='grc' dir='ltr'><strong><em>Ειζν.</em></strong></span> <span class='ocrx_word' id='word_1_50' title='bbox 91 354 118 382; x_wconf 86' lang='lat'>3.</span> <span class='ocrx_word' id='word_1_51' title='bbox 144 341 205 382; x_wconf 79' lang='lat' dir='ltr'>fine</span> <span class='ocrx_word' id='word_1_52' title='bbox 221 336 410 377; x_wconf 75' lang='lat' dir='ltr'>Contrafigillo.</span> 
     </span>
    </p>
   </div>
   <div class='ocr_carea' id='block_1_9' title="bbox 5 464 96 546">
    <p class='ocr_par' dir='ltr' id='par_1_9' title="bbox 5 464 96 546">
     <span class='ocr_line' id='line_1_10' title="bbox 5 464 96 494; baseline 0 0"><span class='ocrx_word' id='word_1_53' title='bbox 5 464 24 488; x_wconf 61' lang='lat' dir='ltr'><strong><em>t</em></strong></span> <span class='ocrx_word' id='word_1_54' title='bbox 43 467 96 494; x_wconf 91' lang='lat' dir='ltr'>v1.</span> 
     </span>
     <span class='ocr_line' id='line_1_11' title="bbox 5 513 69 546; baseline -0.047 -5"><span class='ocrx_word' id='word_1_55' title='bbox 5 513 69 546; x_wconf 66' lang='lat'>7555</span> 
     </span>
    </p>
   </div>
   <div class='ocr_carea' id='block_1_10' title="bbox 5 537 135 574">
    <p class='ocr_par' dir='ltr' id='par_1_10' title="bbox 5 537 135 574">
     <span class='ocr_line' id='line_1_12' title="bbox 5 537 135 574; baseline -0.023 0"><span class='ocrx_word' id='word_1_56' title='bbox 5 537 135 574; x_wconf 76' lang='lat' dir='ltr'>Anni).</span> 
     </span>
    </p>
   </div>
   <div class='ocr_carea' id='block_1_11' title="bbox 4 588 109 693">
    <p class='ocr_par' dir='ltr' id='par_1_11' title="bbox 4 588 109 693">
     <span class='ocr_line' id='line_1_13' title="bbox 4 588 109 656; baseline -0.029 -7"><span class='ocrx_word' id='word_1_57' title='bbox 4 588 109 656; x_wconf 55' lang='lat'>1313-756&#39;</span> 
     </span>
     <span class='ocr_line' id='line_1_14' title="bbox 5 655 78 693; baseline -0.014 -8"><span class='ocrx_word' id='word_1_58' title='bbox 5 655 36 686; x_wconf 72' lang='grc' dir='ltr'>Ε’-</span> <span class='ocrx_word' id='word_1_59' title='bbox 55 666 78 693; x_wconf 73' lang='grc'>3;</span> 
     </span>
    </p>
   </div>
   <div class='ocr_carea' id='block_1_12' title="bbox 4 695 138 731">
    <p class='ocr_par' dir='ltr' id='par_1_12' title="bbox 4 695 138 731">
     <span class='ocr_line' id='line_1_15' title="bbox 4 695 138 731; baseline -0.007 -7"><span class='ocrx_word' id='word_1_60' title='bbox 4 695 138 731; x_wconf 79' lang='lat' dir='ltr'>Franc‚46.</span> 
     </span>
    </p>
   </div>
   <div class='ocr_carea' id='block_1_13' title="bbox 5 738 81 801">
    <p class='ocr_par' dir='ltr' id='par_1_13' title="bbox 5 738 81 801">
     <span class='ocr_line' id='line_1_16' title="bbox 5 738 78 769; baseline -0.014 -7"><span class='ocrx_word' id='word_1_61' title='bbox 5 738 35 762; x_wconf 80' lang='grc' dir='ltr'>Ε.</span> <span class='ocrx_word' id='word_1_62' title='bbox 53 742 78 769; x_wconf 87' lang='lat'>3.</span> 
     </span>
     <span class='ocr_line' id='line_1_17' title="bbox 5 771 81 801; baseline -0.039 0"><span class='ocrx_word' id='word_1_63' title='bbox 5 781 41 801; x_wconf 88' lang='lat' dir='ltr'>m.</span> <span class='ocrx_word' id='word_1_64' title='bbox 55 771 81 799; x_wconf 89' lang='lat'>8.-</span> 
     </span>
    </p>
   </div>
   <div class='ocr_carea' id='block_1_14' title="bbox 247 456 1106 504">
    <p class='ocr_par' dir='ltr' id='par_1_14' title="bbox 247 456 1106 504">
     <span class='ocr_line' id='line_1_18' title="bbox 247 456 1106 504; baseline -0.001 -11"><span class='ocrx_word' id='word_1_65' title='bbox 247 460 274 486; x_wconf 67' lang='grc'><strong>*</strong></span> <span class='ocrx_word' id='word_1_66' title='bbox 295 462 341 493; x_wconf 86' lang='lat' dir='ltr'>De</span> <span class='ocrx_word' id='word_1_67' title='bbox 360 463 494 494; x_wconf 83' lang='lat' dir='ltr'>Nunciis</span> <span class='ocrx_word' id='word_1_68' title='bbox 510 459 555 493; x_wconf 87' lang='lat' dir='ltr'>ad</span> <span class='ocrx_word' id='word_1_69' title='bbox 565 458 774 493; x_wconf 58' lang='lat' dir='ltr'>‘tranandum</span> <span class='ocrx_word' id='word_1_70' title='bbox 793 469 863 492; x_wconf 83' lang='lat' dir='ltr'>cum</span> <span class='ocrx_word' id='word_1_71' title='bbox 883 460 969 492; x_wconf 67' lang='lat' dir='ltr'>Duce</span> <span class='ocrx_word' id='word_1_72' title='bbox 984 456 1106 504; x_wconf 76' lang='lat' dir='ltr'>Januae.</span> 
     </span>
    </p>
   </div>
   <div class='ocr_carea' id='block_1_15' title="bbox 153 542 1214 739">
    <p class='ocr_par' dir='ltr' id='par_1_15' title="bbox 155 542 1214 622">
     <span class='ocr_line' id='line_1_19' title="bbox 155 542 1214 606; baseline -0.004 -27"><span class='ocrx_word' id='word_1_73' title='bbox 155 545 280 606; x_wconf 78' lang='lat' dir='ltr'>REX</span> <span class='ocrx_word' id='word_1_74' title='bbox 302 546 431 578; x_wconf 83' lang='lat' dir='ltr'>universis</span> <span class='ocrx_word' id='word_1_75' title='bbox 452 544 486 578; x_wconf 72' lang='lat' dir='ltr'>&lt;Sc</span> <span class='ocrx_word' id='word_1_76' title='bbox 505 544 634 584; x_wconf 78' lang='lat' dir='ltr'>singulis,</span> <span class='ocrx_word' id='word_1_77' title='bbox 651 544 684 575; x_wconf 89' lang='lat' dir='ltr'>ad</span> <span class='ocrx_word' id='word_1_78' title='bbox 703 553 826 582; x_wconf 87' lang='lat' dir='ltr'>quorum</span> <span class='ocrx_word' id='word_1_79' title='bbox 841 542 987 574; x_wconf 82' lang='lat' dir='ltr'>Notitiam</span> <span class='ocrx_word' id='word_1_80' title='bbox 1002 543 1148 582; x_wconf 86' lang='lat' dir='ltr'>praesentes</span> <span class='ocrx_word' id='word_1_81' title='bbox 1163 542 1214 575; x_wconf 63' lang='lat' dir='ltr'>Lid</span> 
     </span>
     <span class='ocr_line' id='line_1_20' title="bbox 232 583 659 622; baseline -0.009 -6"><span class='ocrx_word' id='word_1_82' title='bbox 232 593 299 616; x_wconf 78' lang='lat' dir='ltr'>terae</span> <span class='ocrx_word' id='word_1_83' title='bbox 313 585 505 622; x_wconf 74' lang='lat' dir='ltr'>pervenerint,</span> <span class='ocrx_word' id='word_1_84' title='bbox 525 583 659 614; x_wconf 85' lang='lat' dir='ltr'>Salutem.</span> 
     </span>
    </p>

    <p class='ocr_par' dir='ltr' id='par_1_16' title="bbox 188 622 533 662">
     <span class='ocr_line' id='line_1_21' title="bbox 188 622 533 662; baseline -0.009 -8"><span class='ocrx_word' id='word_1_85' title='bbox 188 624 338 655; x_wconf 87' lang='lat' dir='ltr'>Noveritis</span> <span class='ocrx_word' id='word_1_86' title='bbox 354 622 434 662; x_wconf 80' lang='lat' dir='ltr'>quod</span> <span class='ocrx_word' id='word_1_87' title='bbox 448 622 533 659; x_wconf 87' lang='lat' dir='ltr'>Nos,</span> 
     </span>
    </p>

    <p class='ocr_par' dir='ltr' id='par_1_17' title="bbox 153 656 1211 739">
     <span class='ocr_line' id='line_1_22' title="bbox 188 656 1211 699; baseline -0.006 -5"><span class='ocrx_word' id='word_1_88' title='bbox 188 662 238 694; x_wconf 90' lang='lat' dir='ltr'>De</span> <span class='ocrx_word' id='word_1_89' title='bbox 251 662 380 695; x_wconf 85' lang='lat' dir='ltr'>fidelitate</span> <span class='ocrx_word' id='word_1_90' title='bbox 394 663 427 693; x_wconf 92' lang='lat'>&amp;</span> <span class='ocrx_word' id='word_1_91' title='bbox 440 659 694 698; x_wconf 55' lang='lat' dir='ltr'>circumspectione</span> <span class='ocrx_word' id='word_1_92' title='bbox 705 657 840 699; x_wconf 57' lang='lat' dir='ltr'>providit,</span> <span class='ocrx_word' id='word_1_93' title='bbox 855 658 1024 690; x_wconf 66' lang='lat' dir='ltr'>dilectorum</span> <span class='ocrx_word' id='word_1_94' title='bbox 1038 659 1070 691; x_wconf 75' lang='grc' dir='ltr'>δε</span> <span class='ocrx_word' id='word_1_95' title='bbox 1085 656 1211 690; x_wconf 86' lang='lat' dir='ltr'>fidelium</span> 
     </span>
     <span class='ocr_line' id='line_1_23' title="bbox 153 701 1158 739; baseline -0.003 -7"><span class='ocrx_word' id='word_1_96' title='bbox 153 701 335 739; x_wconf 83' lang='lat' dir='ltr'>nostrorum,</span> <span class='ocrx_word' id='word_1_97' title='bbox 1156 724 1158 729; x_wconf 21' lang='grc' dir='ltr'><strong>Α</strong></span> 
     </span>
    </p>
   </div>
   <div class='ocr_carea' id='block_1_16' title="bbox 187 778 1210 894">
    <p class='ocr_par' dir='ltr' id='par_1_18' title="bbox 187 778 1210 894">
     <span class='ocr_line' id='line_1_24' title="bbox 188 778 725 818; baseline -0.009 -10"><span class='ocrx_word' id='word_1_98' title='bbox 188 778 292 818; x_wconf 84' lang='lat' dir='ltr'>Jacobi</span> <span class='ocrx_word' id='word_1_99' title='bbox 308 779 421 807; x_wconf 83' lang='lat' dir='ltr'>Pronan</span> <span class='ocrx_word' id='word_1_100' title='bbox 433 798 443 814; x_wconf 93' lang='lat'>,</span> <span class='ocrx_word' id='word_1_101' title='bbox 723 808 725 810; x_wconf 36' lang='grc'>,</span> 
     </span>
     <span class='ocr_line' id='line_1_25' title="bbox 217 811 756 852; baseline -0.007 -6"><span class='ocrx_word' id='word_1_102' title='bbox 217 817 330 847; x_wconf 83' lang='lat' dir='ltr'>ohannis</span> <span class='ocrx_word' id='word_1_103' title='bbox 346 815 377 845; x_wconf 83' lang='lat' dir='ltr'>de</span> <span class='ocrx_word' id='word_1_104' title='bbox 393 817 490 851; x_wconf 88' lang='lat' dir='ltr'>Mari,</span> <span class='ocrx_word' id='word_1_105' title='bbox 505 811 585 843; x_wconf 86' lang='lat' dir='ltr'>Civis</span> <span class='ocrx_word' id='word_1_106' title='bbox 595 812 756 852; x_wconf 88' lang='lat' dir='ltr'>Januenfis,</span> 
     </span>
     <span class='ocr_line' id='line_1_26' title="bbox 187 846 1210 894; baseline -0.007 -8"><span class='ocrx_word' id='word_1_107' title='bbox 187 855 225 886; x_wconf 82' lang='lat' dir='ltr'>Et</span> <span class='ocrx_word' id='word_1_108' title='bbox 249 853 373 894; x_wconf 80' lang='lat' dir='ltr'>Galfridi</span> <span class='ocrx_word' id='word_1_109' title='bbox 392 853 545 890; x_wconf 74' lang='lat' dir='ltr'>chauncer,</span> <span class='ocrx_word' id='word_1_110' title='bbox 565 852 696 883; x_wconf 90' lang='lat' dir='ltr'>Scutiferi</span> <span class='ocrx_word' id='word_1_111' title='bbox 719 849 822 888; x_wconf 89' lang='lat' dir='ltr'>nostri,</span> <span class='ocrx_word' id='word_1_112' title='bbox 841 846 952 889; x_wconf 88' lang='lat' dir='ltr'>plenam</span> <span class='ocrx_word' id='word_1_113' title='bbox 966 849 1100 880; x_wconf 78' lang='lat' dir='ltr'>fiduciam</span> <span class='ocrx_word' id='word_1_114' title='bbox 1112 858 1210 886; x_wconf 89' lang='lat' dir='ltr'>repor-</span> 
     </span>
    </p>
   </div>
   <div class='ocr_carea' id='block_1_17' title="bbox 151 901 256 932">
    <p class='ocr_par' dir='ltr' id='par_1_19' title="bbox 151 901 256 932">
     <span class='ocr_line' id='line_1_27' title="bbox 151 901 256 932; baseline -0.01 -7"><span class='ocrx_word' id='word_1_115' title='bbox 151 901 239 925; x_wconf 68' lang='lat' dir='ltr'>tantes</span> <span class='ocrx_word' id='word_1_116' title='bbox 246 915 256 932; x_wconf 87' lang='lat'>‚</span> 
     </span>
    </p>
   </div>
   <div class='ocr_carea' id='block_1_18' title="bbox 152 961 1210 1050">
    <p class='ocr_par' dir='ltr' id='par_1_20' title="bbox 152 961 1210 1050">
     <span class='ocr_line' id='line_1_28' title="bbox 189 961 1208 1011; baseline -0.01 -9"><span class='ocrx_word' id='word_1_117' title='bbox 189 969 280 1011; x_wconf 86' lang='lat' dir='ltr'>Ipsos,</span> <span class='ocrx_word' id='word_1_118' title='bbox 293 969 454 1009; x_wconf 80' lang='lat' dir='ltr'>Jacobum,</span> <span class='ocrx_word' id='word_1_119' title='bbox 468 961 647 1007; x_wconf 82' lang='lat' dir='ltr'>johannem,</span> <span class='ocrx_word' id='word_1_120' title='bbox 669 962 702 996; x_wconf 74' lang='grc' dir='ltr'>δε</span> <span class='ocrx_word' id='word_1_121' title='bbox 725 965 907 1003; x_wconf 83' lang='lat' dir='ltr'>Galfridum,</span> <span class='ocrx_word' id='word_1_122' title='bbox 922 965 955 995; x_wconf 88' lang='lat'><strong>&amp;</strong></span> <span class='ocrx_word' id='word_1_123' title='bbox 977 963 1062 994; x_wconf 90' lang='lat' dir='ltr'>Duos</span> <span class='ocrx_word' id='word_1_124' title='bbox 1084 963 1208 1007; x_wconf 82' lang='lat' dir='ltr'>ipsorum</span> 
     </span>
     <span class='ocr_line' id='line_1_29' title="bbox 152 1002 1210 1050; baseline -0.009 -9"><span class='ocrx_word' id='word_1_125' title='bbox 152 1011 297 1048; x_wconf 85' lang='lat' dir='ltr'>(quorum</span> <span class='ocrx_word' id='word_1_126' title='bbox 318 1007 464 1050; x_wconf 82' lang='lat' dir='ltr'>praefatum</span> <span class='ocrx_word' id='word_1_127' title='bbox 481 1005 644 1044; x_wconf 76' lang='lat' dir='ltr'>johannem</span> <span class='ocrx_word' id='word_1_128' title='bbox 670 1014 760 1033; x_wconf 89' lang='lat' dir='ltr'>unum</span> <span class='ocrx_word' id='word_1_129' title='bbox 782 1003 837 1034; x_wconf 79' lang='lat' dir='ltr'>effe</span> <span class='ocrx_word' id='word_1_130' title='bbox 858 1005 1008 1039; x_wconf 80' lang='lat' dir='ltr'>volumus)</span> <span class='ocrx_word' id='word_1_131' title='bbox 1029 1002 1162 1033; x_wconf 82' lang='lat' dir='ltr'>Nuncros</span> <span class='ocrx_word' id='word_1_132' title='bbox 1177 1002 1210 1032; x_wconf 91' lang='lat'>&amp;</span> 
     </span>
    </p>
   </div>
   <div class='ocr_carea' id='block_1_19' title="bbox 119 1041 1056 1081">
    <p class='ocr_par' dir='ltr' id='par_1_21' title="bbox 119 1041 1056 1081">
     <span class='ocr_line' id='line_1_30' title="bbox 119 1041 1056 1081; baseline -0.011 -1"><span class='ocrx_word' id='word_1_133' title='bbox 119 1050 124 1055; x_wconf 91' lang='grc'><em>“</em></span> <span class='ocrx_word' id='word_1_134' title='bbox 152 1047 355 1079; x_wconf 86' lang='lat' dir='ltr'>Procuratores</span> <span class='ocrx_word' id='word_1_135' title='bbox 368 1044 478 1076; x_wconf 88' lang='lat' dir='ltr'>nostros</span> <span class='ocrx_word' id='word_1_136' title='bbox 491 1044 622 1074; x_wconf 86' lang='lat' dir='ltr'>Facimus</span> <span class='ocrx_word' id='word_1_137' title='bbox 638 1043 671 1073; x_wconf 88' lang='lat'>&amp;</span> <span class='ocrx_word' id='word_1_138' title='bbox 683 1041 892 1072; x_wconf 90' lang='lat' dir='ltr'>Constituimus</span> <span class='ocrx_word' id='word_1_139' title='bbox 907 1042 1034 1081; x_wconf 81' lang='lat' dir='ltr'>speciales</span> <span class='ocrx_word' id='word_1_140' title='bbox 1049 1051 1056 1070; x_wconf 85' lang='lat'>:</span> 
     </span>
    </p>
   </div>
   <div class='ocr_carea' id='block_1_20' title="bbox 0 2101 135 2138">
    <p class='ocr_par' dir='ltr' id='par_1_22' title="bbox 0 2101 135 2138">
     <span class='ocr_line' id='line_1_31' title="bbox 0 2101 135 2138; baseline 0.03 -4"><span class='ocrx_word' id='word_1_141' title='bbox 0 2101 79 2138; x_wconf 60' lang='lat' dir='ltr'>rAnn.</span> <span class='ocrx_word' id='word_1_142' title='bbox 93 2103 135 2138; x_wconf 88' lang='lat' dir='ltr'>D.</span> 
     </span>
    </p>
   </div>
   <div class='ocr_carea' id='block_1_21' title="bbox 0 2154 109 2219">
    <p class='ocr_par' dir='ltr' id='par_1_23' title="bbox 0 2154 109 2219">
     <span class='ocr_line' id='line_1_32' title="bbox 0 2154 109 2219; baseline -0.018 -7"><span class='ocrx_word' id='word_1_143' title='bbox 0 2154 58 2212; x_wconf 50' lang='lat'>*0123</span> <span class='ocrx_word' id='word_1_144' title='bbox 63 2154 109 2219; x_wconf 52' lang='lat'>34²3</span> 
     </span>
    </p>
   </div>
   <div class='ocr_carea' id='block_1_22' title="bbox 8 2224 134 2364">
    <p class='ocr_par' dir='ltr' id='par_1_24' title="bbox 8 2224 134 2364">
     <span class='ocr_line' id='line_1_33' title="bbox 8 2224 77 2259; baseline 0.029 -10"><span class='ocrx_word' id='word_1_145' title='bbox 8 2224 27 2249; x_wconf 80' lang='grc' dir='ltr'>Ε</span> <span class='ocrx_word' id='word_1_146' title='bbox 52 2231 77 2259; x_wconf 86' lang='lat'>3.</span> 
     </span>
     <span class='ocr_line' id='line_1_34' title="bbox 8 2261 134 2298; baseline -0.008 -10"><span class='ocrx_word' id='word_1_147' title='bbox 8 2264 70 2290; x_wconf 68' lang='lat' dir='ltr'>Stat.</span> <span class='ocrx_word' id='word_1_148' title='bbox 84 2261 134 2298; x_wconf 93' lang='lat'>46.</span> 
     </span>
     <span class='ocr_line' id='line_1_35' title="bbox 9 2302 32 2364; baseline 0 0"><span class='ocrx_word' id='word_1_149' title='bbox 9 2302 32 2364; x_wconf 67' lang='grc' dir='ltr'><strong>ἰ</strong></span> 
     </span>
    </p>
   </div>
   <div class='ocr_carea' id='block_1_23' title="bbox 27 2308 82 2366">
    <p class='ocr_par' dir='ltr' id='par_1_25' title="bbox 27 2308 82 2366">
     <span class='ocr_line' id='line_1_36' title="bbox 27 2319 40 2365; textangle 90"><span class='ocrx_word' id='word_1_150' title='bbox 33 2356 40 2365; x_wconf 39' lang='grc' dir='ltr'><strong><em>Δ</em></strong></span> <span class='ocrx_word' id='word_1_151' title='bbox 27 2319 33 2325; x_wconf 86' lang='grc'>-</span> 
     </span>
     <span class='ocr_line' id='line_1_37' title="bbox 54 2308 68 2364; textangle 90"><span class='ocrx_word' id='word_1_152' title='bbox 54 2308 68 2364; x_wconf 64' lang='lat' dir='ltr'>*ow</span> 
     </span>
     <span class='ocr_line' id='line_1_38' title="bbox 72 2321 82 2366; textangle 90"><span class='ocrx_word' id='word_1_153' title='bbox 75 2354 82 2366; x_wconf 57' lang='grc' dir='ltr'><strong>ι</strong></span> <span class='ocrx_word' id='word_1_154' title='bbox 72 2321 80 2330; x_wconf 63' lang='grc' dir='ltr'><strong>ο</strong></span> 
     </span>
    </p>
   </div>
   <div class='ocr_carea' id='block_1_24' title="bbox 0 3185 5 3245">
    <p class='ocr_par' dir='ltr' id='par_1_26' title="bbox 0 3185 5 3245">
     <span class='ocr_line' id='line_1_39' title="bbox 0 3185 5 3245; baseline 0 -44"><span class='ocrx_word' id='word_1_155' title='bbox 0 3185 5 3245; x_wconf 53' lang='lat'><em>3</em></span> 
     </span>
    </p>
   </div>
   <div class='ocr_carea' id='block_1_25' title="bbox 0 3235 120 3315">
    <p class='ocr_par' dir='ltr' id='par_1_27' title="bbox 0 3235 120 3315">
     <span class='ocr_line' id='line_1_40' title="bbox 3 3235 120 3263; baseline 0.009 -1"><span class='ocrx_word' id='word_1_156' title='bbox 3 3241 13 3262; x_wconf 56' lang='grc' dir='ltr'>,ν</span> <span class='ocrx_word' id='word_1_157' title='bbox 26 3235 48 3253; x_wconf 57' lang='lat'>»2</span> <span class='ocrx_word' id='word_1_158' title='bbox 67 3235 120 3263; x_wconf 79' lang='lat' dir='ltr'>VI.</span> 
     </span>
     <span class='ocr_line' id='line_1_41' title="bbox 0 3275 95 3315; baseline 0.011 -8"><span class='ocrx_word' id='word_1_159' title='bbox 0 3282 6 3315; x_wconf 69' lang='grc' dir='ltr'>ι</span> <span class='ocrx_word' id='word_1_160' title='bbox 29 3275 95 3308; x_wconf 84' lang='lat'>756·</span> 
     </span>
    </p>
   </div>
   <div class='ocr_carea' id='block_1_26' title="bbox 0 3305 147 3341">
    <p class='ocr_par' dir='ltr' id='par_1_28' title="bbox 0 3305 147 3341">
     <span class='ocr_line' id='line_1_42' title="bbox 0 3305 147 3341; baseline 0.007 -1"><span class='ocrx_word' id='word_1_161' title='bbox 0 3305 93 3341; x_wconf 58' lang='lat' dir='ltr'>z&#39;Ann.</span> <span class='ocrx_word' id='word_1_162' title='bbox 106 3309 147 3341; x_wconf 91' lang='lat' dir='ltr'>D.</span> 
     </span>
    </p>
   </div>
   <div class='ocr_carea' id='block_1_27' title="bbox 0 3343 119 3391">
    <p class='ocr_par' dir='ltr' id='par_1_29' title="bbox 0 3343 119 3391">
     <span class='ocr_line' id='line_1_43' title="bbox 0 3343 119 3391; baseline -0.008 -12"><span class='ocrx_word' id='word_1_163' title='bbox 0 3343 6 3391; x_wconf 74' lang='grc' dir='ltr'>ξ</span> <span class='ocrx_word' id='word_1_164' title='bbox 34 3359 119 3389; x_wconf 85' lang='lat'><strong>1372.</strong></span> 
     </span>
    </p>
   </div>
   <div class='ocr_carea' id='block_1_28' title="bbox 17 3466 144 3502">
    <p class='ocr_par' dir='ltr' id='par_1_30' title="bbox 17 3466 144 3502">
     <span class='ocr_line' id='line_1_44' title="bbox 17 3466 144 3502; baseline 0.016 -12"><span class='ocrx_word' id='word_1_165' title='bbox 17 3466 78 3491; x_wconf 73' lang='lat' dir='ltr'>scot.</span> <span class='ocrx_word' id='word_1_166' title='bbox 97 3467 144 3502; x_wconf 91' lang='lat'>46.</span> 
     </span>
    </p>
   </div>
   <div class='ocr_carea' id='block_1_29' title="bbox 17 3436 98 3570">
    <p class='ocr_par' dir='ltr' id='par_1_31' title="bbox 17 3436 98 3570">
     <span class='ocr_line' id='line_1_45' title="bbox 40 3436 91 3463; baseline 0 -12"><span class='ocrx_word' id='word_1_167' title='bbox 40 3447 44 3451; x_wconf 94' lang='lat'>.</span> <span class='ocrx_word' id='word_1_168' title='bbox 67 3436 91 3463; x_wconf 78' lang='lat'>3.</span> 
     </span>
     <span class='ocr_line' id='line_1_46' title="bbox 17 3504 91 3538; baseline 0.014 -11"><span class='ocrx_word' id='word_1_169' title='bbox 17 3504 45 3528; x_wconf 82' lang='grc' dir='ltr'>Ε.</span> <span class='ocrx_word' id='word_1_170' title='bbox 65 3511 91 3538; x_wconf 81' lang='lat'>3.</span> 
     </span>
     <span class='ocr_line' id='line_1_47' title="bbox 17 3547 98 3570; baseline 0.037 -4"><span class='ocrx_word' id='word_1_171' title='bbox 17 3547 50 3568; x_wconf 80' lang='lat' dir='ltr'>m.</span> <span class='ocrx_word' id='word_1_172' title='bbox 70 3549 98 3570; x_wconf 82' lang='lat'>2.</span> 
     </span>
    </p>
   </div>
   <div class='ocr_carea' id='block_1_30' title="bbox 0 3523 216 4039">
    <p class='ocr_par' dir='ltr' id='par_1_32' title="bbox 0 3523 216 4039">
     <span class='ocr_line' id='line_1_48' title="bbox 0 3523 7 3539; baseline 0 0"><span class='ocrx_word' id='word_1_173' title='bbox 0 3523 7 3539; x_wconf 73' lang='grc'>’1</span> 
     </span>
     <span class='ocr_line' id='line_1_49' title="bbox 1 3542 7 3576; baseline 0 0"><span class='ocrx_word' id='word_1_174' title='bbox 1 3542 7 3576; x_wconf 88' lang='lat' dir='ltr'>l</span> 
     </span>
     <span class='ocr_line' id='line_1_50' title="bbox 20 3802 216 3856; baseline 0.005 -14"><span class='ocrx_word' id='word_1_175' title='bbox 20 3808 92 3842; x_wconf 74' lang='lat' dir='ltr'>Ann.</span> <span class='ocrx_word' id='word_1_176' title='bbox 108 3810 150 3843; x_wconf 93' lang='lat' dir='ltr'>D.</span> <span class='ocrx_word' id='word_1_177' title='bbox 166 3802 216 3856; x_wconf 84' lang='lat' dir='ltr'>G</span> 
     </span>
     <span class='ocr_line' id='line_1_51' title="bbox 43 3858 126 3889; baseline 0.012 -10"><span class='ocrx_word' id='word_1_178' title='bbox 43 3858 126 3889; x_wconf 86' lang='lat'><strong>1372.</strong></span> 
     </span>
     <span class='ocr_line' id='line_1_52' title="bbox 12 3890 126 3925; baseline 0.026 -10"><span class='ocrx_word' id='word_1_179' title='bbox 12 3890 67 3918; x_wconf 66' lang='lat' dir='ltr'>An.</span> <span class='ocrx_word' id='word_1_180' title='bbox 81 3893 126 3925; x_wconf 84' lang='lat'>46.</span> 
     </span>
     <span class='ocr_line' id='line_1_53' title="bbox 21 3929 93 3963; baseline 0.028 -11"><span class='ocrx_word' id='word_1_181' title='bbox 21 3929 46 3953; x_wconf 80' lang='grc' dir='ltr'>Ε.</span> <span class='ocrx_word' id='word_1_182' title='bbox 70 3937 93 3963; x_wconf 82' lang='lat'>3.</span> 
     </span>
     <span class='ocr_line' id='line_1_54' title="bbox 21 3966 127 3994; baseline -0.028 -4"><span class='ocrx_word' id='word_1_183' title='bbox 21 3966 58 3990; x_wconf 78' lang='lat' dir='ltr'>Ex</span> <span class='ocrx_word' id='word_1_184' title='bbox 70 3969 127 3994; x_wconf 71' lang='lat' dir='ltr'>Au-</span> 
     </span>
     <span class='ocr_line' id='line_1_55' title="bbox 21 4006 80 4039; baseline 0.068 -13"><span class='ocrx_word' id='word_1_185' title='bbox 21 4006 80 4039; x_wconf 63' lang='lat' dir='ltr'>fagr.</span> 
     </span>
    </p>
   </div>
   <div class='ocr_carea' id='block_1_31' title="bbox 151 1077 1214 1931">
    <p class='ocr_par' dir='ltr' id='par_1_33' title="bbox 151 1077 1212 1277">
     <span class='ocr_line' id='line_1_56' title="bbox 190 1077 1210 1122; baseline -0.01 -5"><span class='ocrx_word' id='word_1_186' title='bbox 190 1086 297 1117; x_wconf 84' lang='lat' dir='ltr'>Dantes</span> <span class='ocrx_word' id='word_1_187' title='bbox 318 1086 352 1116; x_wconf 91' lang='lat'>&amp;</span> <span class='ocrx_word' id='word_1_188' title='bbox 373 1082 596 1113; x_wconf 81' lang='lat' dir='ltr'>Committentes</span> <span class='ocrx_word' id='word_1_189' title='bbox 609 1082 661 1118; x_wconf 61' lang='lat' dir='ltr'>en,</span> <span class='ocrx_word' id='word_1_190' title='bbox 701 1082 813 1119; x_wconf 82' lang='lat' dir='ltr'>lenam,</span> <span class='ocrx_word' id='word_1_191' title='bbox 832 1090 928 1111; x_wconf 88' lang='lat' dir='ltr'>tenore</span> <span class='ocrx_word' id='word_1_192' title='bbox 943 1079 1119 1118; x_wconf 87' lang='lat' dir='ltr'>praesentium</span> <span class='ocrx_word' id='word_1_193' title='bbox 1152 1077 1210 1122; x_wconf 82' lang='lat' dir='ltr'>Po-</span> 
     </span>
     <span class='ocr_line' id='line_1_57' title="bbox 151 1119 1212 1159; baseline -0.01 -3"><span class='ocrx_word' id='word_1_194' title='bbox 151 1126 279 1156; x_wconf 85' lang='lat' dir='ltr'>testatem</span> <span class='ocrx_word' id='word_1_195' title='bbox 297 1123 331 1153; x_wconf 89' lang='lat'>&amp;</span> <span class='ocrx_word' id='word_1_196' title='bbox 353 1121 524 1153; x_wconf 84' lang='lat' dir='ltr'>Mandatum</span> <span class='ocrx_word' id='word_1_197' title='bbox 546 1120 662 1159; x_wconf 85' lang='lat' dir='ltr'>speciale</span> <span class='ocrx_word' id='word_1_198' title='bbox 715 1119 837 1150; x_wconf 68' lang='lat' dir='ltr'>tactandi</span> <span class='ocrx_word' id='word_1_199' title='bbox 852 1128 903 1158; x_wconf 88' lang='lat' dir='ltr'>pro</span> <span class='ocrx_word' id='word_1_200' title='bbox 917 1119 1033 1156; x_wconf 89' lang='lat' dir='ltr'>Nobis,</span> <span class='ocrx_word' id='word_1_201' title='bbox 1050 1119 1083 1149; x_wconf 88' lang='lat'>&amp;</span> <span class='ocrx_word' id='word_1_202' title='bbox 1135 1127 1212 1146; x_wconf 85' lang='lat' dir='ltr'>omr—</span> 
     </span>
     <span class='ocr_line' id='line_1_58' title="bbox 152 1156 1212 1199; baseline -0.008 -6"><span class='ocrx_word' id='word_1_203' title='bbox 152 1174 189 1194; x_wconf 88' lang='lat' dir='ltr'>ne</span> <span class='ocrx_word' id='word_1_204' title='bbox 207 1162 322 1199; x_wconf 85' lang='lat' dir='ltr'>nostro,</span> <span class='ocrx_word' id='word_1_205' title='bbox 347 1170 431 1197; x_wconf 90' lang='lat' dir='ltr'>cum,</span> <span class='ocrx_word' id='word_1_206' title='bbox 456 1160 561 1190; x_wconf 85' lang='lat' dir='ltr'>Nobili</span> <span class='ocrx_word' id='word_1_207' title='bbox 582 1158 669 1196; x_wconf 90' lang='lat' dir='ltr'>Viro,</span> <span class='ocrx_word' id='word_1_208' title='bbox 696 1158 857 1188; x_wconf 88' lang='lat' dir='ltr'>Dominico</span> <span class='ocrx_word' id='word_1_209' title='bbox 878 1157 913 1187; x_wconf 90' lang='lat' dir='ltr'>de</span> <span class='ocrx_word' id='word_1_210' title='bbox 935 1156 1051 1194; x_wconf 83' lang='lat' dir='ltr'>Campo</span> <span class='ocrx_word' id='word_1_211' title='bbox 1073 1156 1126 1186; x_wconf 85' lang='lat' dir='ltr'>Fre</span> <span class='ocrx_word' id='word_1_212' title='bbox 1146 1156 1212 1193; x_wconf 86' lang='lat' dir='ltr'>oso,</span> 
     </span>
     <span class='ocr_line' id='line_1_59' title="bbox 152 1195 1212 1239; baseline -0.008 -7"><span class='ocrx_word' id='word_1_213' title='bbox 152 1201 238 1232; x_wconf 90' lang='lat' dir='ltr'>Duce</span> <span class='ocrx_word' id='word_1_214' title='bbox 250 1199 395 1239; x_wconf 84' lang='lat' dir='ltr'>Januensr,</span> <span class='ocrx_word' id='word_1_215' title='bbox 414 1199 447 1229; x_wconf 89' lang='lat'>&amp;</span> <span class='ocrx_word' id='word_1_216' title='bbox 463 1199 519 1236; x_wconf 87' lang='lat' dir='ltr'>ejus</span> <span class='ocrx_word' id='word_1_217' title='bbox 534 1196 687 1234; x_wconf 77' lang='lat' dir='ltr'>Concilio,</span> <span class='ocrx_word' id='word_1_218' title='bbox 703 1206 818 1226; x_wconf 87' lang='lat' dir='ltr'>necnon</span> <span class='ocrx_word' id='word_1_219' title='bbox 833 1196 968 1233; x_wconf 80' lang='lat' dir='ltr'>Civibus,</span> <span class='ocrx_word' id='word_1_220' title='bbox 987 1196 1088 1225; x_wconf 87' lang='lat' dir='ltr'>Probis</span> <span class='ocrx_word' id='word_1_221' title='bbox 1136 1195 1212 1224; x_wconf 81' lang='lat' dir='ltr'>omi-</span> 
     </span>
     <span class='ocr_line' id='line_1_60' title="bbox 153 1234 809 1277; baseline -0.011 -7"><span class='ocrx_word' id='word_1_222' title='bbox 153 1240 252 1277; x_wconf 88' lang='lat' dir='ltr'>nibus,</span> <span class='ocrx_word' id='word_1_223' title='bbox 272 1240 306 1270; x_wconf 93' lang='lat'>&amp;</span> <span class='ocrx_word' id='word_1_224' title='bbox 322 1237 540 1268; x_wconf 85' lang='lat' dir='ltr'>Communitate</span> <span class='ocrx_word' id='word_1_225' title='bbox 553 1235 681 1265; x_wconf 88' lang='lat' dir='ltr'>Civitatis</span> <span class='ocrx_word' id='word_1_226' title='bbox 693 1234 809 1272; x_wconf 85' lang='lat' dir='ltr'>Januae,</span> 
     </span>
    </p>

    <p class='ocr_par' dir='ltr' id='par_1_34' title="bbox 151 1271 1214 1507">
     <span class='ocr_line' id='line_1_61' title="bbox 188 1271 1210 1318; baseline -0.008 -10"><span class='ocrx_word' id='word_1_227' title='bbox 188 1277 277 1318; x_wconf 88' lang='lat' dir='ltr'>Super</span> <span class='ocrx_word' id='word_1_228' title='bbox 290 1287 326 1306; x_wconf 92' lang='lat' dir='ltr'>eo</span> <span class='ocrx_word' id='word_1_229' title='bbox 347 1275 516 1312; x_wconf 88' lang='lat' dir='ltr'>(videlicet)</span> <span class='ocrx_word' id='word_1_230' title='bbox 537 1274 614 1312; x_wconf 91' lang='lat' dir='ltr'>quod</span> <span class='ocrx_word' id='word_1_231' title='bbox 631 1274 716 1303; x_wconf 90' lang='lat' dir='ltr'>iidem</span> <span class='ocrx_word' id='word_1_232' title='bbox 734 1271 836 1310; x_wconf 81' lang='lat' dir='ltr'>Cives,</span> <span class='ocrx_word' id='word_1_233' title='bbox 854 1273 886 1304; x_wconf 87' lang='lat'>&amp;</span> <span class='ocrx_word' id='word_1_234' title='bbox 903 1272 988 1302; x_wconf 91' lang='lat' dir='ltr'>Probi</span> <span class='ocrx_word' id='word_1_235' title='bbox 1002 1271 1157 1309; x_wconf 79' lang='lat' dir='ltr'>Homnies,</span> <span class='ocrx_word' id='word_1_236' title='bbox 1177 1276 1210 1301; x_wconf 69' lang='lat' dir='ltr'>ac·</span> 
     </span>
     <span class='ocr_line' id='line_1_62' title="bbox 152 1309 1212 1353; baseline -0.007 -7"><span class='ocrx_word' id='word_1_237' title='bbox 152 1314 328 1346; x_wconf 78' lang='lat' dir='ltr'>Mercatores</span> <span class='ocrx_word' id='word_1_238' title='bbox 347 1314 471 1353; x_wconf 82' lang='lat' dir='ltr'>ejusdem</span> <span class='ocrx_word' id='word_1_239' title='bbox 484 1313 628 1348; x_wconf 69' lang='lat' dir='ltr'>Civitatis,</span> <span class='ocrx_word' id='word_1_240' title='bbox 647 1311 887 1342; x_wconf 87' lang='lat' dir='ltr'>Inhabitationem</span> <span class='ocrx_word' id='word_1_241' title='bbox 903 1310 997 1348; x_wconf 89' lang='lat' dir='ltr'>suam,</span> <span class='ocrx_word' id='word_1_242' title='bbox 1017 1311 1045 1339; x_wconf 91' lang='lat' dir='ltr'>in</span> <span class='ocrx_word' id='word_1_243' title='bbox 1061 1310 1155 1347; x_wconf 88' lang='lat' dir='ltr'>aliquo</span> <span class='ocrx_word' id='word_1_244' title='bbox 1169 1309 1212 1339; x_wconf 94' lang='lat' dir='ltr'>lo-</span> 
     </span>
     <span class='ocr_line' id='line_1_63' title="bbox 153 1348 1209 1392; baseline -0.009 -6"><span class='ocrx_word' id='word_1_245' title='bbox 153 1364 209 1392; x_wconf 77' lang='lat' dir='ltr'>CO,</span> <span class='ocrx_word' id='word_1_246' title='bbox 224 1355 269 1385; x_wconf 91' lang='lat' dir='ltr'>seu</span> <span class='ocrx_word' id='word_1_247' title='bbox 286 1352 362 1384; x_wconf 63' lang='lat' dir='ltr'>Villi</span> <span class='ocrx_word' id='word_1_248' title='bbox 377 1351 482 1390; x_wconf 68' lang='lat' dir='ltr'>aliqufi,</span> <span class='ocrx_word' id='word_1_249' title='bbox 498 1351 577 1388; x_wconf 82' lang='lat' dir='ltr'>super</span> <span class='ocrx_word' id='word_1_250' title='bbox 591 1349 740 1380; x_wconf 81' lang='lat' dir='ltr'>Costeram</span> <span class='ocrx_word' id='word_1_251' title='bbox 758 1349 859 1387; x_wconf 83' lang='lat' dir='ltr'>Maris,</span> <span class='ocrx_word' id='word_1_252' title='bbox 878 1350 905 1378; x_wconf 92' lang='lat' dir='ltr'>in</span> <span class='ocrx_word' id='word_1_253' title='bbox 918 1348 947 1378; x_wconf 92' lang='lat' dir='ltr'>R</span> <span class='ocrx_word' id='word_1_254' title='bbox 985 1358 1023 1378; x_wconf 95' lang='lat' dir='ltr'>no</span> <span class='ocrx_word' id='word_1_255' title='bbox 1037 1348 1134 1391; x_wconf 73' lang='lat' dir='ltr'>nostro</span> <span class='ocrx_word' id='word_1_256' title='bbox 1148 1348 1209 1391; x_wconf 79' lang='lat' dir='ltr'>An-</span> 
     </span>
     <span class='ocr_line' id='line_1_64' title="bbox 151 1386 1214 1432; baseline -0.007 -10"><span class='ocrx_word' id='word_1_257' title='bbox 151 1394 233 1432; x_wconf 59' lang='lat' dir='ltr'>glire,</span> <span class='ocrx_word' id='word_1_258' title='bbox 256 1402 308 1430; x_wconf 90' lang='lat' dir='ltr'>pro</span> <span class='ocrx_word' id='word_1_259' title='bbox 329 1391 524 1430; x_wconf 83' lang='lat' dir='ltr'>Applicatione</span> <span class='ocrx_word' id='word_1_260' title='bbox 547 1388 726 1419; x_wconf 87' lang='lat' dir='ltr'>Carricarum</span> <span class='ocrx_word' id='word_1_261' title='bbox 748 1389 781 1419; x_wconf 69' lang='grc' dir='ltr'>ὃς</span> <span class='ocrx_word' id='word_1_262' title='bbox 801 1387 933 1417; x_wconf 88' lang='lat' dir='ltr'>Navium</span> <span class='ocrx_word' id='word_1_263' title='bbox 977 1387 1040 1416; x_wconf 66' lang='lat' dir='ltr'>ietae</span> <span class='ocrx_word' id='word_1_264' title='bbox 1061 1386 1214 1423; x_wconf 77' lang='lat' dir='ltr'>Civitatis,</span> 
     </span>
     <span class='ocr_line' id='line_1_65' title="bbox 153 1424 1213 1462; baseline -0.008 0"><span class='ocrx_word' id='word_1_265' title='bbox 153 1442 222 1462; x_wconf 91' lang='lat' dir='ltr'>cum</span> <span class='ocrx_word' id='word_1_266' title='bbox 246 1431 330 1462; x_wconf 88' lang='lat' dir='ltr'>Bonis</span> <span class='ocrx_word' id='word_1_267' title='bbox 349 1431 383 1461; x_wconf 88' lang='lat'>&amp;</span> <span class='ocrx_word' id='word_1_268' title='bbox 406 1427 587 1458; x_wconf 82' lang='lat' dir='ltr'>Mercandilis</span> <span class='ocrx_word' id='word_1_269' title='bbox 613 1426 781 1457; x_wconf 84' lang='lat' dir='ltr'>eorumdem</span> <span class='ocrx_word' id='word_1_270' title='bbox 803 1425 923 1456; x_wconf 84' lang='lat' dir='ltr'>Civium</span> <span class='ocrx_word' id='word_1_271' title='bbox 943 1427 976 1457; x_wconf 69' lang='grc' dir='ltr'>ὃς</span> <span class='ocrx_word' id='word_1_272' title='bbox 998 1424 1213 1462; x_wconf 79' lang='lat' dir='ltr'>Mercatorum,</span> 
     </span>
     <span class='ocr_line' id='line_1_66' title="bbox 154 1465 1024 1507; baseline -0.01 -7"><span class='ocrx_word' id='word_1_273' title='bbox 154 1479 248 1507; x_wconf 77' lang='lat' dir='ltr'>aptam</span> <span class='ocrx_word' id='word_1_274' title='bbox 263 1470 296 1500; x_wconf 75' lang='grc' dir='ltr'>δε</span> <span class='ocrx_word' id='word_1_275' title='bbox 313 1475 526 1505; x_wconf 81' lang='lat' dir='ltr'>competentem</span> <span class='ocrx_word' id='word_1_276' title='bbox 542 1466 642 1495; x_wconf 88' lang='lat' dir='ltr'>habere</span> <span class='ocrx_word' id='word_1_277' title='bbox 657 1465 783 1502; x_wconf 79' lang='lat' dir='ltr'>valeant,</span> <span class='ocrx_word' id='word_1_278' title='bbox 1019 1501 1024 1506; x_wconf 94' lang='lat'><strong>.</strong></span> 
     </span>
    </p>

    <p class='ocr_par' dir='ltr' id='par_1_35' title="bbox 152 1500 1214 1657">
     <span class='ocr_line' id='line_1_67' title="bbox 193 1500 1213 1542; baseline -0.007 -4"><span class='ocrx_word' id='word_1_279' title='bbox 193 1507 324 1538; x_wconf 86' lang='lat' dir='ltr'>Necnon</span> <span class='ocrx_word' id='word_1_280' title='bbox 344 1506 422 1542; x_wconf 82' lang='lat' dir='ltr'>super</span> <span class='ocrx_word' id='word_1_281' title='bbox 444 1504 612 1535; x_wconf 80' lang='lat' dir='ltr'>Franchesiis</span> <span class='ocrx_word' id='word_1_282' title='bbox 625 1526 635 1541; x_wconf 87' lang='lat'>,</span> <span class='ocrx_word' id='word_1_283' title='bbox 665 1503 854 1533; x_wconf 88' lang='lat' dir='ltr'>Libertatibus</span> <span class='ocrx_word' id='word_1_284' title='bbox 867 1526 877 1540; x_wconf 91' lang='lat'><strong>‚</strong></span> <span class='ocrx_word' id='word_1_285' title='bbox 901 1501 1127 1532; x_wconf 71' lang='lat' dir='ltr'>immunitatibus</span> <span class='ocrx_word' id='word_1_286' title='bbox 1146 1524 1155 1539; x_wconf 89' lang='lat'>,</span> <span class='ocrx_word' id='word_1_287' title='bbox 1179 1500 1213 1531; x_wconf 89' lang='lat'>&amp;</span> 
     </span>
     <span class='ocr_line' id='line_1_68' title="bbox 152 1540 1214 1584; baseline -0.008 -7"><span class='ocrx_word' id='word_1_288' title='bbox 152 1546 326 1584; x_wconf 76' lang='lat' dir='ltr'>PrivilegiiS,</span> <span class='ocrx_word' id='word_1_289' title='bbox 343 1545 444 1574; x_wconf 88' lang='lat' dir='ltr'>eisdem</span> <span class='ocrx_word' id='word_1_290' title='bbox 465 1542 585 1572; x_wconf 86' lang='lat' dir='ltr'>Civibus</span> <span class='ocrx_word' id='word_1_291' title='bbox 606 1541 640 1572; x_wconf 91' lang='lat'>&amp;</span> <span class='ocrx_word' id='word_1_292' title='bbox 661 1540 867 1571; x_wconf 75' lang='lat' dir='ltr'>Mercatoribus</span> <span class='ocrx_word' id='word_1_293' title='bbox 899 1540 933 1570; x_wconf 92' lang='lat' dir='ltr'>ad</span> <span class='ocrx_word' id='word_1_294' title='bbox 952 1540 1063 1570; x_wconf 68' lang='lat' dir='ltr'>dietum</span> <span class='ocrx_word' id='word_1_295' title='bbox 1080 1540 1214 1578; x_wconf 89' lang='lat' dir='ltr'>Locum,</span> 
     </span>
     <span class='ocr_line' id='line_1_69' title="bbox 154 1577 1212 1619; baseline -0.007 -4"><span class='ocrx_word' id='word_1_296' title='bbox 154 1585 189 1616; x_wconf 90' lang='lat'>&amp;</span> <span class='ocrx_word' id='word_1_297' title='bbox 208 1585 272 1614; x_wconf 85' lang='lat' dir='ltr'>alibi</span> <span class='ocrx_word' id='word_1_298' title='bbox 293 1585 323 1613; x_wconf 89' lang='lat' dir='ltr'>in</span> <span class='ocrx_word' id='word_1_299' title='bbox 344 1582 454 1612; x_wconf 64' lang='lat' dir='ltr'>diCtum</span> <span class='ocrx_word' id='word_1_300' title='bbox 477 1581 614 1619; x_wconf 85' lang='lat' dir='ltr'>Regnum</span> <span class='ocrx_word' id='word_1_301' title='bbox 638 1579 781 1617; x_wconf 89' lang='lat' dir='ltr'>nostrum,</span> <span class='ocrx_word' id='word_1_302' title='bbox 802 1589 883 1610; x_wconf 87' lang='lat' dir='ltr'>causa</span> <span class='ocrx_word' id='word_1_303' title='bbox 906 1577 1212 1617; x_wconf 87' lang='lat' dir='ltr'>Mercandisandi,&#39;ac-</span> 
     </span>
     <span class='ocr_line' id='line_1_70' title="bbox 153 1617 879 1657; baseline -0.008 -3"><span class='ocrx_word' id='word_1_304' title='bbox 153 1622 270 1654; x_wconf 77' lang='lat' dir='ltr'>cessuris</span> <span class='ocrx_word' id='word_1_305' title='bbox 285 1621 328 1653; x_wconf 93' lang='lat' dir='ltr'>vel</span> <span class='ocrx_word' id='word_1_306' title='bbox 342 1618 505 1656; x_wconf 86' lang='lat' dir='ltr'>moraturis,</span> <span class='ocrx_word' id='word_1_307' title='bbox 524 1628 573 1657; x_wconf 89' lang='lat' dir='ltr'>per</span> <span class='ocrx_word' id='word_1_308' title='bbox 588 1617 656 1647; x_wconf 89' lang='lat' dir='ltr'>Nos</span> <span class='ocrx_word' id='word_1_309' title='bbox 673 1618 879 1655; x_wconf 87' lang='lat' dir='ltr'>concedendis,</span> 
     </span>
    </p>

    <p class='ocr_par' dir='ltr' id='par_1_36' title="bbox 152 1655 1212 1775">
     <span class='ocr_line' id='line_1_71' title="bbox 191 1655 1212 1696; baseline -0.005 -5"><span class='ocrx_word' id='word_1_310' title='bbox 191 1660 230 1691; x_wconf 86' lang='lat' dir='ltr'>Et</span> <span class='ocrx_word' id='word_1_311' title='bbox 248 1659 283 1692; x_wconf 83' lang='lat' dir='ltr'>ad</span> <span class='ocrx_word' id='word_1_312' title='bbox 303 1659 372 1690; x_wconf 88' lang='lat' dir='ltr'>Nos</span> <span class='ocrx_word' id='word_1_313' title='bbox 390 1658 425 1688; x_wconf 93' lang='lat' dir='ltr'>de</span> <span class='ocrx_word' id='word_1_314' title='bbox 444 1658 576 1688; x_wconf 87' lang='lat' dir='ltr'>omnibus</span> <span class='ocrx_word' id='word_1_315' title='bbox 586 1657 620 1688; x_wconf 90' lang='lat'>&amp;</span> <span class='ocrx_word' id='word_1_316' title='bbox 636 1655 762 1695; x_wconf 80' lang='lat' dir='ltr'>singulis,</span> <span class='ocrx_word' id='word_1_317' title='bbox 781 1666 845 1694; x_wconf 88' lang='lat' dir='ltr'>quae</span> <span class='ocrx_word' id='word_1_318' title='bbox 860 1657 897 1686; x_wconf 87' lang='lat' dir='ltr'>fic</span> <span class='ocrx_word' id='word_1_319' title='bbox 913 1657 985 1686; x_wconf 89' lang='lat' dir='ltr'>inter</span> <span class='ocrx_word' id='word_1_320' title='bbox 1001 1655 1059 1686; x_wconf 91' lang='lat' dir='ltr'>Eos</span> <span class='ocrx_word' id='word_1_321' title='bbox 1071 1656 1105 1687; x_wconf 89' lang='lat'>&amp;</span> <span class='ocrx_word' id='word_1_322' title='bbox 1120 1655 1212 1696; x_wconf 87' lang='lat' dir='ltr'>Ipsos,</span> 
     </span>
     <span class='ocr_line' id='line_1_72' title="bbox 153 1693 1212 1736; baseline -0.004 -6"><span class='ocrx_word' id='word_1_323' title='bbox 153 1699 291 1736; x_wconf 88' lang='lat' dir='ltr'>Ducem,</span> <span class='ocrx_word' id='word_1_324' title='bbox 310 1699 343 1729; x_wconf 92' lang='lat'>&amp;</span> <span class='ocrx_word' id='word_1_325' title='bbox 361 1696 529 1727; x_wconf 90' lang='lat' dir='ltr'>Concilium</span> <span class='ocrx_word' id='word_1_326' title='bbox 551 1695 650 1732; x_wconf 78' lang='lat' dir='ltr'>suum,</span> <span class='ocrx_word' id='word_1_327' title='bbox 668 1704 700 1724; x_wconf 89' lang='lat' dir='ltr'>ac</span> <span class='ocrx_word' id='word_1_328' title='bbox 722 1693 827 1733; x_wconf 69' lang='lat' dir='ltr'>Cives,</span> <span class='ocrx_word' id='word_1_329' title='bbox 852 1694 1044 1730; x_wconf 83' lang='lat' dir='ltr'>Mercatores,</span> <span class='ocrx_word' id='word_1_330' title='bbox 1059 1695 1093 1725; x_wconf 89' lang='lat'>&amp;</span> <span class='ocrx_word' id='word_1_331' title='bbox 1115 1694 1212 1726; x_wconf 87' lang='lat' dir='ltr'>Com·-</span> 
     </span>
     <span class='ocr_line' id='line_1_73' title="bbox 152 1732 1172 1775; baseline -0.005 -7"><span class='ocrx_word' id='word_1_332' title='bbox 152 1738 338 1775; x_wconf 88' lang='lat' dir='ltr'>munitatem,</span> <span class='ocrx_word' id='word_1_333' title='bbox 353 1735 488 1767; x_wconf 66' lang='lat' dir='ltr'>Tractata</span> <span class='ocrx_word' id='word_1_334' title='bbox 502 1734 622 1771; x_wconf 87' lang='lat' dir='ltr'>fuerint,</span> <span class='ocrx_word' id='word_1_335' title='bbox 638 1732 772 1763; x_wconf 70' lang='lat' dir='ltr'>distincte</span> <span class='ocrx_word' id='word_1_336' title='bbox 784 1734 818 1764; x_wconf 91' lang='lat'>&amp;</span> <span class='ocrx_word' id='word_1_337' title='bbox 832 1734 925 1773; x_wconf 70' lang='lat' dir='ltr'>aperte</span> <span class='ocrx_word' id='word_1_338' title='bbox 939 1732 1172 1764; x_wconf 83' lang='lat' dir='ltr'>Certificandum.</span> 
     </span>
    </p>

    <p class='ocr_par' dir='ltr' id='par_1_37' title="bbox 186 1775 406 1806">
     <span class='ocr_line' id='line_1_74' title="bbox 186 1775 406 1806; baseline -0.005 0"><span class='ocrx_word' id='word_1_339' title='bbox 186 1775 221 1806; x_wconf 92' lang='lat' dir='ltr'>In</span> <span class='ocrx_word' id='word_1_340' title='bbox 235 1776 313 1806; x_wconf 87' lang='lat' dir='ltr'>cu&#39;us</span> <span class='ocrx_word' id='word_1_341' title='bbox 345 1776 406 1806; x_wconf 73' lang='grc' dir='ltr'>ὅτε.</span> 
     </span>
    </p>

    <p class='ocr_par' dir='ltr' id='par_1_38' title="bbox 151 1785 1210 1931">
     <span class='ocr_line' id='line_1_75' title="bbox 184 1785 1210 1852; baseline -0.002 -8"><span class='ocrx_word' id='word_1_342' title='bbox 184 1814 252 1844; x_wconf 84' lang='lat' dir='ltr'>Dat.</span> <span class='ocrx_word' id='word_1_343' title='bbox 269 1785 347 1852; x_wconf 72' lang='lat' dir='ltr'>Japrid</span> <span class='ocrx_word' id='word_1_344' title='bbox 371 1812 496 1843; x_wconf 86' lang='lat' dir='ltr'>Westm.</span> <span class='ocrx_word' id='word_1_345' title='bbox 515 1810 689 1843; x_wconf 87' lang='lat' dir='ltr'>duodecimo</span> <span class='ocrx_word' id='word_1_346' title='bbox 705 1810 750 1840; x_wconf 92' lang='lat' dir='ltr'>die</span> <span class='ocrx_word' id='word_1_347' title='bbox 773 1810 953 1842; x_wconf 83' lang='lat' dir='ltr'>Novembris</span> <span class='ocrx_word' id='word_1_348' title='bbox 972 1835 982 1850; x_wconf 89' lang='lat'>,</span> <span class='ocrx_word' id='word_1_349' title='bbox 1006 1811 1096 1842; x_wconf 90' lang='lat' dir='ltr'>Anno</span> <span class='ocrx_word' id='word_1_350' title='bbox 1114 1810 1210 1851; x_wconf 81' lang='lat' dir='ltr'>Regni</span> 
     </span>
     <span class='ocr_line' id='line_1_76' title="bbox 151 1849 1210 1920; baseline -0.003 -36"><span class='ocrx_word' id='word_1_351' title='bbox 151 1852 241 1884; x_wconf 83' lang='lat' dir='ltr'>nostri</span> <span class='ocrx_word' id='word_1_352' title='bbox 260 1852 386 1920; x_wconf 75' lang='lat' dir='ltr'>Fransciae</span> <span class='ocrx_word' id='word_1_353' title='bbox 405 1851 567 1882; x_wconf 84' lang='lat' dir='ltr'>Tricefimo</span> <span class='ocrx_word' id='word_1_354' title='bbox 586 1849 685 1887; x_wconf 85' lang='lat' dir='ltr'>tertio,</span> <span class='ocrx_word' id='word_1_355' title='bbox 700 1849 795 1888; x_wconf 86' lang='lat' dir='ltr'>Regni</span> <span class='ocrx_word' id='word_1_356' title='bbox 816 1852 886 1881; x_wconf 82' lang='lat' dir='ltr'>vero</span> <span class='ocrx_word' id='word_1_357' title='bbox 900 1849 988 1881; x_wconf 89' lang='lat' dir='ltr'>nostri</span> <span class='ocrx_word' id='word_1_358' title='bbox 1003 1849 1112 1889; x_wconf 83' lang='lat' dir='ltr'>Angliae</span> <span class='ocrx_word' id='word_1_359' title='bbox 1129 1849 1210 1888; x_wconf 81' lang='lat' dir='ltr'>Qa-</span> 
     </span>
     <span class='ocr_line' id='line_1_77' title="bbox 152 1891 410 1931; baseline -0.008 -9"><span class='ocrx_word' id='word_1_360' title='bbox 152 1891 311 1931; x_wconf 81' lang='lat' dir='ltr'>dragefimo</span> <span class='ocrx_word' id='word_1_361' title='bbox 337 1898 410 1920; x_wconf 78' lang='lat' dir='ltr'>exro.</span> 
     </span>
    </p>
   </div>
   <div class='ocr_carea' id='block_1_32' title="bbox 473 2014 895 2063">
    <p class='ocr_par' dir='ltr' id='par_1_39' title="bbox 473 2014 895 2063">
     <span class='ocr_line' id='line_1_78' title="bbox 473 2014 895 2063; baseline 0 -13"><span class='ocrx_word' id='word_1_362' title='bbox 473 2020 531 2050; x_wconf 88' lang='lat' dir='ltr'>Pro</span> <span class='ocrx_word' id='word_1_363' title='bbox 550 2014 675 2049; x_wconf 87' lang='lat' dir='ltr'>Roberto</span> <span class='ocrx_word' id='word_1_364' title='bbox 692 2018 769 2063; x_wconf 85' lang='lat' dir='ltr'>Rege</span> <span class='ocrx_word' id='word_1_365' title='bbox 787 2018 895 2050; x_wconf 77' lang='lat' dir='ltr'>Scotiae.</span> 
     </span>
    </p>
   </div>
   <div class='ocr_carea' id='block_1_33' title="bbox 149 2101 1217 3130">
    <p class='ocr_par' dir='ltr' id='par_1_40' title="bbox 153 2101 837 2165">
     <span class='ocr_line' id='line_1_79' title="bbox 153 2101 837 2165; baseline -0.006 -31"><span class='ocrx_word' id='word_1_366' title='bbox 153 2102 241 2165; x_wconf 84' lang='lat' dir='ltr'>RE</span> <span class='ocrx_word' id='word_1_367' title='bbox 252 2101 282 2133; x_wconf 77' lang='lat' dir='ltr'>X</span> <span class='ocrx_word' id='word_1_368' title='bbox 299 2101 450 2140; x_wconf 83' lang='lat' dir='ltr'>omnibus,</span> <span class='ocrx_word' id='word_1_369' title='bbox 464 2101 499 2132; x_wconf 89' lang='lat' dir='ltr'>ad</span> <span class='ocrx_word' id='word_1_370' title='bbox 513 2111 601 2140; x_wconf 85' lang='lat' dir='ltr'>quos,</span> <span class='ocrx_word' id='word_1_371' title='bbox 620 2102 683 2133; x_wconf 83' lang='lat' dir='ltr'>&amp;c.</span> <span class='ocrx_word' id='word_1_372' title='bbox 702 2101 837 2133; x_wconf 76' lang='lat' dir='ltr'>Salutem,</span> 
     </span>
    </p>

    <p class='ocr_par' dir='ltr' id='par_1_41' title="bbox 270 2140 482 2180">
     <span class='ocr_line' id='line_1_80' title="bbox 270 2140 482 2180; baseline -0.009 -8"><span class='ocrx_word' id='word_1_373' title='bbox 270 2141 367 2172; x_wconf 84' lang='lat' dir='ltr'>Sciatis</span> <span class='ocrx_word' id='word_1_374' title='bbox 385 2140 482 2180; x_wconf 76' lang='lat' dir='ltr'>quod,</span> 
     </span>
    </p>

    <p class='ocr_par' dir='ltr' id='par_1_42' title="bbox 149 2178 1211 2372">
     <span class='ocr_line' id='line_1_81' title="bbox 187 2178 1211 2217; baseline 0 -7"><span class='ocrx_word' id='word_1_375' title='bbox 187 2179 268 2210; x_wconf 77' lang='lat' dir='ltr'>Cum</span> <span class='ocrx_word' id='word_1_376' title='bbox 282 2181 310 2210; x_wconf 93' lang='lat' dir='ltr'>in</span> <span class='ocrx_word' id='word_1_377' title='bbox 328 2179 440 2216; x_wconf 82' lang='lat' dir='ltr'>lingulis</span> <span class='ocrx_word' id='word_1_378' title='bbox 454 2179 554 2209; x_wconf 89' lang='lat' dir='ltr'>nostris</span> <span class='ocrx_word' id='word_1_379' title='bbox 570 2179 672 2209; x_wconf 87' lang='lat' dir='ltr'>Literis</span> <span class='ocrx_word' id='word_1_380' title='bbox 684 2178 905 2217; x_wconf 76' lang='lat' dir='ltr'>Acquietantiae,</span> <span class='ocrx_word' id='word_1_381' title='bbox 924 2178 1010 2209; x_wconf 82' lang='lat' dir='ltr'>Fratri</span> <span class='ocrx_word' id='word_1_382' title='bbox 1025 2178 1123 2210; x_wconf 91' lang='lat' dir='ltr'>nostro</span> <span class='ocrx_word' id='word_1_383' title='bbox 1138 2179 1211 2210; x_wconf 89' lang='lat' dir='ltr'>Sco-</span> 
     </span>
     <span class='ocr_line' id='line_1_82' title="bbox 149 2217 1210 2257; baseline 0.001 -9"><span class='ocrx_word' id='word_1_384' title='bbox 149 2218 216 2257; x_wconf 75' lang='lat' dir='ltr'>tiae,</span> <span class='ocrx_word' id='word_1_385' title='bbox 236 2217 334 2248; x_wconf 86' lang='lat' dir='ltr'>David</span> <span class='ocrx_word' id='word_1_386' title='bbox 357 2218 393 2247; x_wconf 89' lang='lat' dir='ltr'>de</span> <span class='ocrx_word' id='word_1_387' title='bbox 408 2217 512 2256; x_wconf 87' lang='lat' dir='ltr'>Bruys,</span> <span class='ocrx_word' id='word_1_388' title='bbox 531 2217 602 2248; x_wconf 77' lang='lat' dir='ltr'>dum</span> <span class='ocrx_word' id='word_1_389' title='bbox 617 2218 704 2248; x_wconf 87' lang='lat' dir='ltr'>vitam</span> <span class='ocrx_word' id='word_1_390' title='bbox 718 2218 831 2256; x_wconf 83' lang='lat' dir='ltr'>gerebat</span> <span class='ocrx_word' id='word_1_391' title='bbox 844 2217 873 2247; x_wconf 92' lang='lat' dir='ltr'>ln</span> <span class='ocrx_word' id='word_1_392' title='bbox 893 2217 1037 2256; x_wconf 83' lang='lat' dir='ltr'>humanis,</span> <span class='ocrx_word' id='word_1_393' title='bbox 1056 2218 1134 2254; x_wconf 80' lang='lat' dir='ltr'>super</span> <span class='ocrx_word' id='word_1_394' title='bbox 1150 2219 1210 2249; x_wconf 86' lang='lat' dir='ltr'>Re-</span> 
     </span>
     <span class='ocr_line' id='line_1_83' title="bbox 150 2255 1210 2296; baseline 0 -9"><span class='ocrx_word' id='word_1_395' title='bbox 150 2257 326 2294; x_wconf 86' lang='lat' dir='ltr'>ceptionibus</span> <span class='ocrx_word' id='word_1_396' title='bbox 348 2256 548 2294; x_wconf 80' lang='lat' dir='ltr'>Summarum,</span> <span class='ocrx_word' id='word_1_397' title='bbox 568 2265 620 2294; x_wconf 89' lang='lat' dir='ltr'>pro</span> <span class='ocrx_word' id='word_1_398' title='bbox 641 2255 856 2296; x_wconf 86' lang='lat' dir='ltr'>Redemptione</span> <span class='ocrx_word' id='word_1_399' title='bbox 871 2256 992 2293; x_wconf 85' lang='lat' dir='ltr'>ejusdem</span> <span class='ocrx_word' id='word_1_400' title='bbox 1009 2256 1106 2286; x_wconf 83' lang='lat' dir='ltr'>Fratris</span> <span class='ocrx_word' id='word_1_401' title='bbox 1120 2257 1210 2287; x_wconf 90' lang='lat' dir='ltr'>nostri</span> 
     </span>
     <span class='ocr_line' id='line_1_84' title="bbox 150 2293 1211 2334; baseline 0.001 -9"><span class='ocrx_word' id='word_1_402' title='bbox 150 2295 246 2333; x_wconf 63' lang='lat' dir='ltr'>saetis,</span> <span class='ocrx_word' id='word_1_403' title='bbox 264 2295 354 2333; x_wconf 86' lang='lat' dir='ltr'>ipsum</span> <span class='ocrx_word' id='word_1_404' title='bbox 374 2294 498 2324; x_wconf 86' lang='lat' dir='ltr'>Fratrem</span> <span class='ocrx_word' id='word_1_405' title='bbox 520 2295 651 2325; x_wconf 86' lang='lat' dir='ltr'>nostrum</span> <span class='ocrx_word' id='word_1_406' title='bbox 674 2294 797 2332; x_wconf 80' lang='lat' dir='ltr'>Scotiae,</span> <span class='ocrx_word' id='word_1_407' title='bbox 816 2294 912 2325; x_wconf 88' lang='lat' dir='ltr'>David</span> <span class='ocrx_word' id='word_1_408' title='bbox 931 2294 966 2325; x_wconf 91' lang='lat' dir='ltr'>de</span> <span class='ocrx_word' id='word_1_409' title='bbox 989 2293 1091 2334; x_wconf 89' lang='lat' dir='ltr'>Bruys,</span> <span class='ocrx_word' id='word_1_410' title='bbox 1108 2295 1211 2334; x_wconf 88' lang='lat' dir='ltr'>absque</span> 
     </span>
     <span class='ocr_line' id='line_1_85' title="bbox 151 2333 960 2372; baseline 0 -9"><span class='ocrx_word' id='word_1_411' title='bbox 151 2333 309 2372; x_wconf 68' lang='lat' dir='ltr'>adjectione</span> <span class='ocrx_word' id='word_1_412' title='bbox 324 2334 448 2362; x_wconf 88' lang='lat' dir='ltr'>nominis</span> <span class='ocrx_word' id='word_1_413' title='bbox 462 2333 552 2370; x_wconf 84' lang='lat' dir='ltr'>Regis</span> <span class='ocrx_word' id='word_1_414' title='bbox 565 2333 686 2370; x_wconf 83' lang='lat' dir='ltr'>Scotiae,</span> <span class='ocrx_word' id='word_1_415' title='bbox 703 2334 960 2371; x_wconf 81' lang='lat' dir='ltr'>nominaverimus,</span> 
     </span>
    </p>

    <p class='ocr_par' dir='ltr' id='par_1_43' title="bbox 152 2370 1212 2485">
     <span class='ocr_line' id='line_1_86' title="bbox 191 2370 1212 2412; baseline 0 -10"><span class='ocrx_word' id='word_1_416' title='bbox 191 2372 272 2411; x_wconf 79' lang='lat' dir='ltr'>Qas</span> <span class='ocrx_word' id='word_1_417' title='bbox 290 2370 403 2409; x_wconf 86' lang='lat' dir='ltr'>quidem</span> <span class='ocrx_word' id='word_1_418' title='bbox 427 2371 529 2401; x_wconf 89' lang='lat' dir='ltr'>Literas</span> <span class='ocrx_word' id='word_1_419' title='bbox 550 2372 625 2402; x_wconf 86' lang='lat' dir='ltr'>idem</span> <span class='ocrx_word' id='word_1_420' title='bbox 647 2371 742 2401; x_wconf 81' lang='lat' dir='ltr'>Frater</span> <span class='ocrx_word' id='word_1_421' title='bbox 765 2370 877 2410; x_wconf 89' lang='lat' dir='ltr'>noster,</span> <span class='ocrx_word' id='word_1_422' title='bbox 896 2381 948 2412; x_wconf 86' lang='lat' dir='ltr'>pro</span> <span class='ocrx_word' id='word_1_423' title='bbox 968 2371 1021 2411; x_wconf 76' lang='lat' dir='ltr'>Se,</span> <span class='ocrx_word' id='word_1_424' title='bbox 1041 2372 1074 2402; x_wconf 89' lang='lat'>&amp;</span> <span class='ocrx_word' id='word_1_425' title='bbox 1089 2371 1212 2403; x_wconf 89' lang='lat' dir='ltr'>Subditis</span> 
     </span>
     <span class='ocr_line' id='line_1_87' title="bbox 152 2409 1212 2449; baseline 0.001 -9"><span class='ocrx_word' id='word_1_426' title='bbox 152 2410 220 2447; x_wconf 90' lang='lat' dir='ltr'>suis,</span> <span class='ocrx_word' id='word_1_427' title='bbox 240 2412 269 2440; x_wconf 92' lang='lat' dir='ltr'>in</span> <span class='ocrx_word' id='word_1_428' title='bbox 286 2410 341 2440; x_wconf 86' lang='lat' dir='ltr'>hac</span> <span class='ocrx_word' id='word_1_429' title='bbox 362 2418 438 2447; x_wconf 86' lang='lat' dir='ltr'>parte</span> <span class='ocrx_word' id='word_1_430' title='bbox 456 2409 622 2440; x_wconf 80' lang='lat' dir='ltr'>sufficientes</span> <span class='ocrx_word' id='word_1_431' title='bbox 644 2411 806 2449; x_wconf 87' lang='lat' dir='ltr'>reputabat,</span> <span class='ocrx_word' id='word_1_432' title='bbox 823 2411 892 2441; x_wconf 85' lang='lat' dir='ltr'>ficut</span> <span class='ocrx_word' id='word_1_433' title='bbox 912 2410 1012 2441; x_wconf 91' lang='lat' dir='ltr'>Nobis</span> <span class='ocrx_word' id='word_1_434' title='bbox 1025 2412 1058 2442; x_wconf 91' lang='lat'>&amp;</span> <span class='ocrx_word' id='word_1_435' title='bbox 1074 2409 1212 2442; x_wconf 86' lang='lat' dir='ltr'>Concilio</span> 
     </span>
     <span class='ocr_line' id='line_1_88' title="bbox 152 2447 629 2485; baseline -0.002 -6"><span class='ocrx_word' id='word_1_436' title='bbox 152 2449 253 2479; x_wconf 87' lang='lat' dir='ltr'>nostro</span> <span class='ocrx_word' id='word_1_437' title='bbox 266 2447 434 2478; x_wconf 87' lang='lat' dir='ltr'>sufficientes</span> <span class='ocrx_word' id='word_1_438' title='bbox 446 2447 612 2479; x_wconf 87' lang='lat' dir='ltr'>videbantur</span> <span class='ocrx_word' id='word_1_439' title='bbox 620 2471 629 2485; x_wconf 90' lang='lat'>,</span> 
     </span>
    </p>

    <p class='ocr_par' dir='ltr' id='par_1_44' title="bbox 153 2484 1213 2563">
     <span class='ocr_line' id='line_1_89' title="bbox 192 2484 1213 2524; baseline 0.003 -8"><span class='ocrx_word' id='word_1_440' title='bbox 192 2486 246 2517; x_wconf 88' lang='lat' dir='ltr'>Per</span> <span class='ocrx_word' id='word_1_441' title='bbox 270 2486 347 2524; x_wconf 87' lang='lat' dir='ltr'>quod</span> <span class='ocrx_word' id='word_1_442' title='bbox 370 2484 492 2516; x_wconf 88' lang='lat' dir='ltr'>Causam</span> <span class='ocrx_word' id='word_1_443' title='bbox 507 2497 566 2517; x_wconf 93' lang='lat' dir='ltr'>non</span> <span class='ocrx_word' id='word_1_444' title='bbox 582 2487 708 2517; x_wconf 90' lang='lat' dir='ltr'>videmus</span> <span class='ocrx_word' id='word_1_445' title='bbox 723 2487 846 2518; x_wconf 87' lang='lat' dir='ltr'>formam</span> <span class='ocrx_word' id='word_1_446' title='bbox 862 2495 968 2518; x_wconf 88' lang='lat' dir='ltr'>mutare</span> <span class='ocrx_word' id='word_1_447' title='bbox 984 2487 1143 2520; x_wconf 86' lang='lat' dir='ltr'>Literatum</span> <span class='ocrx_word' id='word_1_448' title='bbox 1158 2498 1213 2519; x_wconf 88' lang='lat' dir='ltr'>no-</span> 
     </span>
     <span class='ocr_line' id='line_1_90' title="bbox 153 2524 497 2563; baseline -0.003 -8"><span class='ocrx_word' id='word_1_449' title='bbox 153 2524 269 2555; x_wconf 89' lang='lat' dir='ltr'>stratum</span> <span class='ocrx_word' id='word_1_450' title='bbox 284 2524 497 2563; x_wconf 66' lang='lat' dir='ltr'>praedietarum,</span> 
     </span>
    </p>

    <p class='ocr_par' dir='ltr' id='par_1_45' title="bbox 152 2562 1217 3023">
     <span class='ocr_line' id='line_1_91' title="bbox 188 2562 1212 2603; baseline 0.003 -11"><span class='ocrx_word' id='word_1_451' title='bbox 188 2563 238 2593; x_wconf 87' lang='lat' dir='ltr'>Set</span> <span class='ocrx_word' id='word_1_452' title='bbox 259 2564 287 2593; x_wconf 84' lang='lat' dir='ltr'>in</span> <span class='ocrx_word' id='word_1_453' title='bbox 307 2562 370 2592; x_wconf 90' lang='lat' dir='ltr'>casu</span> <span class='ocrx_word' id='word_1_454' title='bbox 413 2573 449 2592; x_wconf 92' lang='lat' dir='ltr'>uo</span> <span class='ocrx_word' id='word_1_455' title='bbox 469 2562 628 2600; x_wconf 82' lang='lat' dir='ltr'>Robertus,</span> <span class='ocrx_word' id='word_1_456' title='bbox 647 2562 878 2602; x_wconf 81' lang='lat' dir='ltr'>Consanguineus</span> <span class='ocrx_word' id='word_1_457' title='bbox 901 2564 995 2595; x_wconf 89' lang='lat' dir='ltr'>noster</span> <span class='ocrx_word' id='word_1_458' title='bbox 1009 2564 1132 2603; x_wconf 77' lang='lat' dir='ltr'>Scotiae,</span> <span class='ocrx_word' id='word_1_459' title='bbox 1153 2573 1212 2595; x_wconf 88' lang='lat' dir='ltr'>me-</span> 
     </span>
     <span class='ocr_line' id='line_1_92' title="bbox 152 2601 1213 2641; baseline 0.001 -8"><span class='ocrx_word' id='word_1_460' title='bbox 152 2609 211 2633; x_wconf 84' lang='lat' dir='ltr'>tuat</span> <span class='ocrx_word' id='word_1_461' title='bbox 225 2602 274 2632; x_wconf 82' lang='lat' dir='ltr'>sibi</span> <span class='ocrx_word' id='word_1_462' title='bbox 289 2601 376 2632; x_wconf 67' lang='lat' dir='ltr'>dictas</span> <span class='ocrx_word' id='word_1_463' title='bbox 418 2602 496 2631; x_wconf 84' lang='lat' dir='ltr'>iteras</span> <span class='ocrx_word' id='word_1_464' title='bbox 511 2601 713 2639; x_wconf 84' lang='lat' dir='ltr'>Acquietantiae</span> <span class='ocrx_word' id='word_1_465' title='bbox 730 2604 824 2633; x_wconf 89' lang='lat' dir='ltr'>minus</span> <span class='ocrx_word' id='word_1_466' title='bbox 838 2603 899 2633; x_wconf 86' lang='lat' dir='ltr'>fore</span> <span class='ocrx_word' id='word_1_467' title='bbox 913 2602 1140 2641; x_wconf 76' lang='lat' dir='ltr'>sufficientes,ex</span> <span class='ocrx_word' id='word_1_468' title='bbox 1155 2605 1213 2634; x_wconf 85' lang='lat' dir='ltr'>hoc</span> 
     </span>
     <span class='ocr_line' id='line_1_93' title="bbox 156 2639 1214 2681; baseline 0.003 -12"><span class='ocrx_word' id='word_1_469' title='bbox 156 2640 234 2679; x_wconf 92' lang='lat' dir='ltr'>quod</span> <span class='ocrx_word' id='word_1_470' title='bbox 255 2650 361 2669; x_wconf 91' lang='lat' dir='ltr'>nomen</span> <span class='ocrx_word' id='word_1_471' title='bbox 382 2639 469 2679; x_wconf 81' lang='lat' dir='ltr'>Regis</span> <span class='ocrx_word' id='word_1_472' title='bbox 490 2640 595 2670; x_wconf 82' lang='lat' dir='ltr'>Scotiae</span> <span class='ocrx_word' id='word_1_473' title='bbox 615 2642 643 2670; x_wconf 92' lang='lat' dir='ltr'>in</span> <span class='ocrx_word' id='word_1_474' title='bbox 657 2640 761 2670; x_wconf 88' lang='lat' dir='ltr'>eisdem</span> <span class='ocrx_word' id='word_1_475' title='bbox 778 2641 878 2672; x_wconf 86' lang='lat' dir='ltr'>Literis</span> <span class='ocrx_word' id='word_1_476' title='bbox 892 2643 1011 2672; x_wconf 77' lang='lat' dir='ltr'>minime</span> <span class='ocrx_word' id='word_1_477' title='bbox 1026 2641 1214 2681; x_wconf 81' lang='lat' dir='ltr'>specificatur,</span> 
     </span>
     <span class='ocr_line' id='line_1_94' title="bbox 153 2678 1215 2717; baseline 0.001 -8"><span class='ocrx_word' id='word_1_478' title='bbox 153 2679 188 2709; x_wconf 88' lang='lat' dir='ltr'>ad</span> <span class='ocrx_word' id='word_1_479' title='bbox 214 2678 357 2716; x_wconf 75' lang='lat' dir='ltr'>Majorem</span> <span class='ocrx_word' id='word_1_480' title='bbox 385 2678 571 2709; x_wconf 87' lang='lat' dir='ltr'>Securitatem</span> <span class='ocrx_word' id='word_1_481' title='bbox 600 2678 666 2709; x_wconf 61' lang='lat' dir='ltr'>dieti</span> <span class='ocrx_word' id='word_1_482' title='bbox 690 2678 900 2717; x_wconf 87' lang='lat' dir='ltr'>Consanguinei</span> <span class='ocrx_word' id='word_1_483' title='bbox 919 2680 1007 2710; x_wconf 82' lang='lat' dir='ltr'>nostri</span> <span class='ocrx_word' id='word_1_484' title='bbox 1030 2681 1160 2711; x_wconf 85' lang='lat' dir='ltr'>volumus</span> <span class='ocrx_word' id='word_1_485' title='bbox 1183 2683 1215 2711; x_wconf 72' lang='grc' dir='ltr'>δε</span> 
     </span>
     <span class='ocr_line' id='line_1_95' title="bbox 156 2717 1216 2756; baseline 0.001 -9"><span class='ocrx_word' id='word_1_486' title='bbox 156 2718 362 2753; x_wconf 76' lang='lat' dir='ltr'>concedimus,</span> <span class='ocrx_word' id='word_1_487' title='bbox 382 2718 414 2747; x_wconf 92' lang='lat'>&amp;</span> <span class='ocrx_word' id='word_1_488' title='bbox 435 2725 531 2747; x_wconf 88' lang='lat' dir='ltr'>tenore</span> <span class='ocrx_word' id='word_1_489' title='bbox 544 2717 728 2747; x_wconf 81' lang='lat' dir='ltr'>Praesentium</span> <span class='ocrx_word' id='word_1_490' title='bbox 743 2717 933 2756; x_wconf 83' lang='lat' dir='ltr'>declaramus,</span> <span class='ocrx_word' id='word_1_491' title='bbox 952 2722 1032 2756; x_wconf 76' lang='lat' dir='ltr'>quod</span> <span class='ocrx_word' id='word_1_492' title='bbox 1048 2719 1216 2749; x_wconf 86' lang='lat' dir='ltr'>Intentionis</span> 
     </span>
     <span class='ocr_line' id='line_1_96' title="bbox 155 2754 1216 2795; baseline 0 -9"><span class='ocrx_word' id='word_1_493' title='bbox 155 2754 261 2786; x_wconf 67' lang='lat' dir='ltr'>nostrae</span> <span class='ocrx_word' id='word_1_494' title='bbox 283 2755 315 2784; x_wconf 90' lang='lat'>&amp;</span> <span class='ocrx_word' id='word_1_495' title='bbox 329 2754 456 2785; x_wconf 87' lang='lat' dir='ltr'>Concilii</span> <span class='ocrx_word' id='word_1_496' title='bbox 471 2755 559 2784; x_wconf 89' lang='lat' dir='ltr'>nostri</span> <span class='ocrx_word' id='word_1_497' title='bbox 572 2756 677 2793; x_wconf 80' lang='lat' dir='ltr'>extitit,</span> <span class='ocrx_word' id='word_1_498' title='bbox 693 2756 726 2785; x_wconf 90' lang='lat'>&amp;</span> <span class='ocrx_word' id='word_1_499' title='bbox 740 2756 831 2787; x_wconf 88' lang='lat' dir='ltr'>adhuc</span> <span class='ocrx_word' id='word_1_500' title='bbox 845 2756 951 2795; x_wconf 80' lang='lat' dir='ltr'>existit,</span> <span class='ocrx_word' id='word_1_501' title='bbox 970 2757 1048 2794; x_wconf 80' lang='lat' dir='ltr'>quod</span> <span class='ocrx_word' id='word_1_502' title='bbox 1064 2757 1149 2787; x_wconf 69' lang='lat' dir='ltr'>dictae</span> <span class='ocrx_word' id='word_1_503' title='bbox 1167 2757 1216 2786; x_wconf 66' lang='lat' dir='ltr'>Li⁴</span> 
     </span>
     <span class='ocr_line' id='line_1_97' title="bbox 154 2793 1216 2832; baseline 0.002 -9"><span class='ocrx_word' id='word_1_504' title='bbox 154 2802 221 2823; x_wconf 84' lang='lat' dir='ltr'>terae</span> <span class='ocrx_word' id='word_1_505' title='bbox 236 2793 460 2830; x_wconf 75' lang='lat' dir='ltr'>Aequietantiae,</span> <span class='ocrx_word' id='word_1_506' title='bbox 476 2793 567 2823; x_wconf 89' lang='lat' dir='ltr'>eidem</span> <span class='ocrx_word' id='word_1_507' title='bbox 583 2793 803 2832; x_wconf 86' lang='lat' dir='ltr'>Consanguineo</span> <span class='ocrx_word' id='word_1_508' title='bbox 818 2795 916 2825; x_wconf 86' lang='lat' dir='ltr'>nostro</span> <span class='ocrx_word' id='word_1_509' title='bbox 931 2796 1005 2832; x_wconf 87' lang='lat' dir='ltr'>prius</span> <span class='ocrx_word' id='word_1_510' title='bbox 1018 2795 1117 2832; x_wconf 56' lang='lat' dir='ltr'>faustae,</span> <span class='ocrx_word' id='word_1_511' title='bbox 1135 2796 1167 2826; x_wconf 90' lang='lat'>&amp;</span> <span class='ocrx_word' id='word_1_512' title='bbox 1184 2796 1216 2826; x_wconf 78' lang='lat' dir='ltr'>si—</span> 
     </span>
     <span class='ocr_line' id='line_1_98' title="bbox 153 2830 1216 2871; baseline 0.003 -10"><span class='ocrx_word' id='word_1_513' title='bbox 153 2831 256 2861; x_wconf 81' lang='lat' dir='ltr'>militer</span> <span class='ocrx_word' id='word_1_514' title='bbox 277 2830 378 2860; x_wconf 68' lang='lat' dir='ltr'>Literr.</span> <span class='ocrx_word' id='word_1_515' title='bbox 400 2831 605 2867; x_wconf 79' lang='lat' dir='ltr'>Aequietantiae</span> <span class='ocrx_word' id='word_1_516' title='bbox 619 2852 629 2869; x_wconf 90' lang='lat'>,</span> <span class='ocrx_word' id='word_1_517' title='bbox 651 2833 767 2870; x_wconf 80' lang='lat' dir='ltr'>praefato</span> <span class='ocrx_word' id='word_1_518' title='bbox 786 2832 1005 2871; x_wconf 84' lang='lat' dir='ltr'>Consanguineo</span> <span class='ocrx_word' id='word_1_519' title='bbox 1026 2833 1144 2871; x_wconf 87' lang='lat' dir='ltr'>nostro,</span> <span class='ocrx_word' id='word_1_520' title='bbox 1168 2844 1216 2871; x_wconf 89' lang='lat' dir='ltr'>per</span> 
     </span>
     <span class='ocr_line' id='line_1_99' title="bbox 153 2868 1217 2910; baseline 0.003 -11"><span class='ocrx_word' id='word_1_521' title='bbox 153 2869 277 2899; x_wconf 87' lang='lat' dir='ltr'>Nomen</span> <span class='ocrx_word' id='word_1_522' title='bbox 292 2868 411 2899; x_wconf 89' lang='lat' dir='ltr'>Roberti</span> <span class='ocrx_word' id='word_1_523' title='bbox 429 2868 638 2910; x_wconf 81' lang='lat' dir='ltr'>Consanguinei</span> <span class='ocrx_word' id='word_1_524' title='bbox 649 2869 737 2899; x_wconf 88' lang='lat' dir='ltr'>nostri</span> <span class='ocrx_word' id='word_1_525' title='bbox 753 2871 858 2900; x_wconf 89' lang='lat' dir='ltr'>Scotiae</span> <span class='ocrx_word' id='word_1_526' title='bbox 873 2880 997 2908; x_wconf 87' lang='lat' dir='ltr'>tantum,</span> <span class='ocrx_word' id='word_1_527' title='bbox 1012 2871 1089 2910; x_wconf 86' lang='lat' dir='ltr'>supet</span> <span class='ocrx_word' id='word_1_528' title='bbox 1102 2871 1217 2910; x_wconf 88' lang='lat' dir='ltr'>Recep-</span> 
     </span>
     <span class='ocr_line' id='line_1_100' title="bbox 155 2907 1215 2946; baseline 0.003 -8"><span class='ocrx_word' id='word_1_529' title='bbox 155 2907 278 2938; x_wconf 87' lang='lat' dir='ltr'>tionibus</span> <span class='ocrx_word' id='word_1_530' title='bbox 301 2907 517 2945; x_wconf 85' lang='lat' dir='ltr'>Redemptionis</span> <span class='ocrx_word' id='word_1_531' title='bbox 538 2908 678 2944; x_wconf 54' lang='lat' dir='ltr'>mediata:</span> <span class='ocrx_word' id='word_1_532' title='bbox 699 2908 885 2946; x_wconf 83' lang='lat' dir='ltr'>imposterum</span> <span class='ocrx_word' id='word_1_533' title='bbox 908 2910 1062 2946; x_wconf 82' lang='lat' dir='ltr'>faciendae,</span> <span class='ocrx_word' id='word_1_534' title='bbox 1079 2911 1149 2941; x_wconf 90' lang='lat' dir='ltr'>tanti</span> <span class='ocrx_word' id='word_1_535' title='bbox 1164 2911 1215 2941; x_wconf 77' lang='lat' dir='ltr'>siut</span> 
     </span>
     <span class='ocr_line' id='line_1_101' title="bbox 156 2944 1216 2987; baseline 0.005 -12"><span class='ocrx_word' id='word_1_536' title='bbox 156 2946 269 2982; x_wconf 85' lang='lat' dir='ltr'>valoris,</span> <span class='ocrx_word' id='word_1_537' title='bbox 289 2955 321 2976; x_wconf 86' lang='lat' dir='ltr'>ac</span> <span class='ocrx_word' id='word_1_538' title='bbox 343 2946 361 2975; x_wconf 85' lang='lat' dir='ltr'>si</span> <span class='ocrx_word' id='word_1_539' title='bbox 385 2946 460 2976; x_wconf 84' lang='lat' dir='ltr'>idem</span> <span class='ocrx_word' id='word_1_540' title='bbox 481 2944 712 2985; x_wconf 81' lang='lat' dir='ltr'>Consanguineus</span> <span class='ocrx_word' id='word_1_541' title='bbox 728 2946 839 2984; x_wconf 89' lang='lat' dir='ltr'>noster,</span> <span class='ocrx_word' id='word_1_542' title='bbox 855 2948 882 2977; x_wconf 88' lang='lat' dir='ltr'>in</span> <span class='ocrx_word' id='word_1_543' title='bbox 898 2947 1001 2977; x_wconf 89' lang='lat' dir='ltr'>eisdem</span> <span class='ocrx_word' id='word_1_544' title='bbox 1019 2948 1136 2987; x_wconf 84' lang='lat' dir='ltr'>Literis,</span> <span class='ocrx_word' id='word_1_545' title='bbox 1151 2949 1216 2980; x_wconf 83' lang='lat' dir='ltr'>Rex</span> 
     </span>
     <span class='ocr_line' id='line_1_102' title="bbox 155 2983 1022 3023; baseline 0.002 -9"><span class='ocrx_word' id='word_1_546' title='bbox 155 2983 261 3014; x_wconf 78' lang='lat' dir='ltr'>Scotiae</span> <span class='ocrx_word' id='word_1_547' title='bbox 275 2983 328 3014; x_wconf 88' lang='lat' dir='ltr'>fuit</span> <span class='ocrx_word' id='word_1_548' title='bbox 342 2985 516 3023; x_wconf 69' lang='lat' dir='ltr'>nominatus,</span> <span class='ocrx_word' id='word_1_549' title='bbox 531 2985 564 3015; x_wconf 87' lang='lat'>&amp;</span> <span class='ocrx_word' id='word_1_550' title='bbox 579 2984 702 3015; x_wconf 89' lang='lat' dir='ltr'>eundem</span> <span class='ocrx_word' id='word_1_551' title='bbox 716 2984 863 3016; x_wconf 87' lang='lat' dir='ltr'>sortiantur</span> <span class='ocrx_word' id='word_1_552' title='bbox 876 2985 1022 3016; x_wconf 62' lang='lat' dir='ltr'>effectum.</span> 
     </span>
    </p>

    <p class='ocr_par' dir='ltr' id='par_1_46' title="bbox 193 3022 412 3060">
     <span class='ocr_line' id='line_1_103' title="bbox 193 3022 412 3060; baseline -0.009 -7"><span class='ocrx_word' id='word_1_553' title='bbox 193 3022 226 3053; x_wconf 89' lang='lat' dir='ltr'>In</span> <span class='ocrx_word' id='word_1_554' title='bbox 243 3023 336 3060; x_wconf 83' lang='lat' dir='ltr'>cujus,</span> <span class='ocrx_word' id='word_1_555' title='bbox 352 3023 412 3052; x_wconf 77' lang='lat' dir='ltr'>&amp;c</span> 
     </span>
    </p>

    <p class='ocr_par' dir='ltr' id='par_1_47' title="bbox 228 3059 1217 3130">
     <span class='ocr_line' id='line_1_104' title="bbox 228 3059 1217 3129; baseline 0.006 -39"><span class='ocrx_word' id='word_1_556' title='bbox 228 3060 316 3129; x_wconf 52' lang='lat' dir='ltr'>Ttgte</span> <span class='ocrx_word' id='word_1_557' title='bbox 337 3059 419 3099; x_wconf 81' lang='lat' dir='ltr'>Rege</span> <span class='ocrx_word' id='word_1_558' title='bbox 434 3059 508 3099; x_wconf 87' lang='lat' dir='ltr'>apud</span> <span class='ocrx_word' id='word_1_559' title='bbox 528 3060 1016 3101; x_wconf 82' lang='lat' dir='ltr'>Westmonasterium,duodecimo</span> <span class='ocrx_word' id='word_1_560' title='bbox 1030 3062 1075 3094; x_wconf 89' lang='lat' dir='ltr'>die</span> <span class='ocrx_word' id='word_1_561' title='bbox 1087 3065 1217 3096; x_wconf 80' lang='lat' dir='ltr'>Decem—</span> 
     </span>
     <span class='ocr_line' id='line_1_105' title="bbox 285 3110 330 3130; baseline 0.022 -1"><span class='ocrx_word' id='word_1_562' title='bbox 285 3110 330 3130; x_wconf 84' lang='lat' dir='ltr'>ris.</span> 
     </span>
    </p>
   </div>
   <div class='ocr_carea' id='block_1_34' title="bbox 473 3208 908 3273">
    <p class='ocr_par' dir='ltr' id='par_1_48' title="bbox 473 3208 908 3273">
     <span class='ocr_line' id='line_1_106' title="bbox 473 3208 908 3273; baseline 0.007 -16"><span class='ocrx_word' id='word_1_563' title='bbox 473 3223 500 3249; x_wconf 47' lang='grc' dir='ltr'>ἵε</span> <span class='ocrx_word' id='word_1_564' title='bbox 517 3228 575 3258; x_wconf 84' lang='lat' dir='ltr'>Pro</span> <span class='ocrx_word' id='word_1_565' title='bbox 607 3226 684 3259; x_wconf 77' lang='lat' dir='ltr'>Filio</span> <span class='ocrx_word' id='word_1_566' title='bbox 711 3225 785 3260; x_wconf 62' lang='lat' dir='ltr'>difli</span> <span class='ocrx_word' id='word_1_567' title='bbox 812 3208 908 3273; x_wconf 64' lang='lat' dir='ltr'>Regis.</span> 
     </span>
    </p>
   </div>
   <div class='ocr_carea' id='block_1_35' title="bbox 157 3305 1219 3608">
    <p class='ocr_par' dir='ltr' id='par_1_49' title="bbox 164 3305 1218 3369">
     <span class='ocr_line' id='line_1_107' title="bbox 164 3305 1218 3369; baseline 0.007 -31"><span class='ocrx_word' id='word_1_568' title='bbox 164 3308 228 3369; x_wconf 85' lang='lat' dir='ltr'>D</span> <span class='ocrx_word' id='word_1_569' title='bbox 240 3307 314 3353; x_wconf 76' lang='lat' dir='ltr'>Avid</span> <span class='ocrx_word' id='word_1_570' title='bbox 324 3331 333 3347; x_wconf 86' lang='lat'>,</span> <span class='ocrx_word' id='word_1_571' title='bbox 347 3307 437 3355; x_wconf 54' lang='grc' dir='ltr'>ἱΡίἲίμε</span> <span class='ocrx_word' id='word_1_572' title='bbox 452 3305 575 3352; x_wconf 83' lang='lat' dir='ltr'>Roberti</span> <span class='ocrx_word' id='word_1_573' title='bbox 585 3332 594 3346; x_wconf 88' lang='lat'>,</span> <span class='ocrx_word' id='word_1_574' title='bbox 611 3309 739 3354; x_wconf 75' lang='lat' dir='ltr'>carissimi</span> <span class='ocrx_word' id='word_1_575' title='bbox 760 3309 984 3356; x_wconf 73' lang='lat' dir='ltr'>Conlanguinei,</span> <span class='ocrx_word' id='word_1_576' title='bbox 999 3313 1045 3344; x_wconf 87' lang='lat' dir='ltr'>Re</span> <span class='ocrx_word' id='word_1_577' title='bbox 1066 3314 1086 3344; x_wconf 92' lang='lat' dir='ltr'>is</span> <span class='ocrx_word' id='word_1_578' title='bbox 1101 3313 1218 3345; x_wconf 83' lang='lat' dir='ltr'>Rober-</span> 
     </span>
    </p>

    <p class='ocr_par' dir='ltr' id='par_1_50' title="bbox 247 3346 1216 3391">
     <span class='ocr_line' id='line_1_108' title="bbox 247 3346 1216 3391; baseline 0.007 -14"><span class='ocrx_word' id='word_1_579' title='bbox 247 3356 267 3377; x_wconf 81' lang='lat' dir='ltr'>ti</span> <span class='ocrx_word' id='word_1_580' title='bbox 286 3348 321 3377; x_wconf 90' lang='lat' dir='ltr'>de</span> <span class='ocrx_word' id='word_1_581' title='bbox 336 3348 447 3385; x_wconf 67' lang='lat' dir='ltr'>Scotra,</span> <span class='ocrx_word' id='word_1_582' title='bbox 465 3346 567 3385; x_wconf 79' lang='lat' dir='ltr'>Miles,</span> <span class='ocrx_word' id='word_1_583' title='bbox 586 3348 668 3378; x_wconf 88' lang='lat' dir='ltr'>habet</span> <span class='ocrx_word' id='word_1_584' title='bbox 691 3348 797 3378; x_wconf 74' lang='lat' dir='ltr'>Literas</span> <span class='ocrx_word' id='word_1_585' title='bbox 820 3350 910 3390; x_wconf 80' lang='lat' dir='ltr'>Regis</span> <span class='ocrx_word' id='word_1_586' title='bbox 920 3350 956 3381; x_wconf 90' lang='lat' dir='ltr'>de</span> <span class='ocrx_word' id='word_1_587' title='bbox 973 3350 1042 3382; x_wconf 90' lang='lat' dir='ltr'>Con</span> <span class='ocrx_word' id='word_1_588' title='bbox 1064 3352 1149 3391; x_wconf 66' lang='lat' dir='ltr'>netu,</span> <span class='ocrx_word' id='word_1_589' title='bbox 1168 3364 1216 3383; x_wconf 89' lang='lat' dir='ltr'>ve-</span> 
     </span>
    </p>

    <p class='ocr_par' dir='ltr' id='par_1_51' title="bbox 160 3423 1214 3464">
     <span class='ocr_line' id='line_1_109' title="bbox 160 3423 1214 3464; baseline 0.007 -12"><span class='ocrx_word' id='word_1_590' title='bbox 160 3433 227 3453; x_wconf 88' lang='lat' dir='ltr'>cum</span> <span class='ocrx_word' id='word_1_591' title='bbox 248 3423 415 3453; x_wconf 80' lang='lat' dir='ltr'>Duodecim</span> <span class='ocrx_word' id='word_1_592' title='bbox 435 3424 561 3454; x_wconf 82' lang='lat' dir='ltr'>Personis</span> <span class='ocrx_word' id='word_1_593' title='bbox 577 3424 726 3462; x_wconf 85' lang='lat' dir='ltr'>Equitibus</span> <span class='ocrx_word' id='word_1_594' title='bbox 740 3425 769 3454; x_wconf 85' lang='lat' dir='ltr'>in</span> <span class='ocrx_word' id='word_1_595' title='bbox 786 3424 931 3456; x_wconf 88' lang='lat' dir='ltr'>Comitiva</span> <span class='ocrx_word' id='word_1_596' title='bbox 947 3428 1008 3464; x_wconf 90' lang='lat' dir='ltr'>sua,</span> <span class='ocrx_word' id='word_1_597' title='bbox 1025 3428 1131 3458; x_wconf 83' lang='lat' dir='ltr'>ibidem</span> <span class='ocrx_word' id='word_1_598' title='bbox 1151 3439 1214 3459; x_wconf 94' lang='lat' dir='ltr'>mo-</span> 
     </span>
    </p>

    <p class='ocr_par' dir='ltr' id='par_1_52' title="bbox 160 3461 1218 3502">
     <span class='ocr_line' id='line_1_110' title="bbox 160 3461 1218 3502; baseline 0.007 -11"><span class='ocrx_word' id='word_1_599' title='bbox 160 3461 264 3499; x_wconf 84' lang='lat' dir='ltr'>rando,</span> <span class='ocrx_word' id='word_1_600' title='bbox 282 3463 315 3492; x_wconf 91' lang='lat'>&amp;</span> <span class='ocrx_word' id='word_1_601' title='bbox 336 3462 436 3492; x_wconf 77' lang='lat' dir='ltr'>exinde</span> <span class='ocrx_word' id='word_1_602' title='bbox 460 3462 495 3493; x_wconf 92' lang='lat' dir='ltr'>ad</span> <span class='ocrx_word' id='word_1_603' title='bbox 510 3462 638 3493; x_wconf 90' lang='lat' dir='ltr'>Scotiam</span> <span class='ocrx_word' id='word_1_604' title='bbox 651 3462 813 3502; x_wconf 88' lang='lat' dir='ltr'>redeundo,</span> <span class='ocrx_word' id='word_1_605' title='bbox 830 3472 879 3502; x_wconf 85' lang='lat' dir='ltr'>per</span> <span class='ocrx_word' id='word_1_606' title='bbox 893 3463 1056 3496; x_wconf 86' lang='lat' dir='ltr'>Dimidium</span> <span class='ocrx_word' id='word_1_607' title='bbox 1071 3467 1151 3497; x_wconf 89' lang='lat' dir='ltr'>Anni</span> <span class='ocrx_word' id='word_1_608' title='bbox 1165 3468 1218 3498; x_wconf 89' lang='lat' dir='ltr'>du-</span> 
     </span>
    </p>

    <p class='ocr_par' dir='ltr' id='par_1_53' title="bbox 157 3508 1219 3608">
     <span class='ocr_line' id='line_1_111' title="bbox 157 3508 1219 3607; baseline 0.006 -39"><span class='ocrx_word' id='word_1_609' title='bbox 157 3508 280 3607; x_wconf 41' lang='lat' dir='ltr'>:jatssrgllsi‘e</span> <span class='ocrx_word' id='word_1_610' title='bbox 301 3537 383 3576; x_wconf 83' lang='lat' dir='ltr'>Rege</span> <span class='ocrx_word' id='word_1_611' title='bbox 404 3536 476 3577; x_wconf 90' lang='lat' dir='ltr'>apud</span> <span class='ocrx_word' id='word_1_612' title='bbox 498 3536 784 3571; x_wconf 85' lang='lat' dir='ltr'>Westtnonasteriutn</span> <span class='ocrx_word' id='word_1_613' title='bbox 798 3563 808 3579; x_wconf 91' lang='lat'>,</span> <span class='ocrx_word' id='word_1_614' title='bbox 834 3538 1007 3572; x_wconf 88' lang='lat' dir='ltr'>duodecimo</span> <span class='ocrx_word' id='word_1_615' title='bbox 1026 3540 1072 3572; x_wconf 89' lang='lat' dir='ltr'>die</span> <span class='ocrx_word' id='word_1_616' title='bbox 1090 3541 1219 3575; x_wconf 91' lang='lat' dir='ltr'>Decem-</span> 
     </span>
     <span class='ocr_line' id='line_1_112' title="bbox 178 3587 221 3608; baseline -0.047 0"><span class='ocrx_word' id='word_1_617' title='bbox 178 3587 221 3608; x_wconf 80' lang='lat' dir='ltr'>ris.</span> 
     </span>
    </p>
   </div>
   <div class='ocr_carea' id='block_1_36' title="bbox 157 3663 1211 3679">
    <p class='ocr_par' dir='ltr' id='par_1_54' title="bbox 157 3663 1211 3679">
     <span class='ocr_line' id='line_1_113' title="bbox 157 3663 1211 3679; baseline 0 572"><span class='ocrx_word' id='word_1_618' title='bbox 157 3663 1211 3679; x_wconf 95' lang='lat' dir='ltr'> </span> 
     </span>
    </p>
   </div>
   <div class='ocr_carea' id='block_1_37' title="bbox 508 3713 846 3760">
    <p class='ocr_par' dir='ltr' id='par_1_55' title="bbox 508 3713 846 3760">
     <span class='ocr_line' id='line_1_114' title="bbox 508 3713 846 3760; baseline 0.009 -15"><span class='ocrx_word' id='word_1_619' title='bbox 508 3713 693 3759; x_wconf 74' lang='lat' dir='ltr'>Dtspenfittio</span> <span class='ocrx_word' id='word_1_620' title='bbox 715 3714 846 3760; x_wconf 85' lang='lat' dir='ltr'>Papalis.</span> 
     </span>
    </p>
   </div>
   <div class='ocr_carea' id='block_1_38' title="bbox 158 3832 1217 4021">
    <p class='ocr_par' dir='ltr' id='par_1_56' title="bbox 158 3832 1217 4021">
     <span class='ocr_line' id='line_1_115' title="bbox 198 3832 510 3879; baseline -0.003 -12"><span class='ocrx_word' id='word_1_621' title='bbox 198 3874 203 3879; x_wconf 33' lang='grc' dir='ltr'>ι</span> <span class='ocrx_word' id='word_1_622' title='bbox 239 3837 325 3868; x_wconf 83' lang='lat' dir='ltr'>hanni</span> <span class='ocrx_word' id='word_1_623' title='bbox 339 3832 492 3868; x_wconf 83' lang='lat' dir='ltr'>Marescalli</span> <span class='ocrx_word' id='word_1_624' title='bbox 501 3859 510 3875; x_wconf 95' lang='lat'>,</span> 
     </span>
     <span class='ocr_line' id='line_1_116' title="bbox 168 3874 1161 3912; baseline 0.003 -8"><span class='ocrx_word' id='word_1_625' title='bbox 168 3874 358 3906; x_wconf 78' lang='lat' dir='ltr'>Lrncolnienfi</span> <span class='ocrx_word' id='word_1_626' title='bbox 374 3876 515 3912; x_wconf 79' lang='lat' dir='ltr'>Dioecesr,</span> <span class='ocrx_word' id='word_1_627' title='bbox 533 3875 657 3906; x_wconf 85' lang='lat' dir='ltr'>Salutem</span> <span class='ocrx_word' id='word_1_628' title='bbox 671 3875 704 3905; x_wconf 86' lang='lat'>&amp;</span> <span class='ocrx_word' id='word_1_629' title='bbox 720 3874 913 3912; x_wconf 86' lang='lat' dir='ltr'>Apostolicam</span> <span class='ocrx_word' id='word_1_630' title='bbox 926 3876 1161 3909; x_wconf 70' lang='lat' dir='ltr'>Benedicfionem.</span> 
     </span>
     <span class='ocr_line' id='line_1_117' title="bbox 201 3912 1217 3954; baseline 0.009 -13"><span class='ocrx_word' id='word_1_631' title='bbox 201 3912 361 3944; x_wconf 81' lang='lat' dir='ltr'>Laudabilia</span> <span class='ocrx_word' id='word_1_632' title='bbox 375 3914 522 3944; x_wconf 85' lang='lat' dir='ltr'>Probitatis</span> <span class='ocrx_word' id='word_1_633' title='bbox 536 3915 570 3945; x_wconf 86' lang='lat'>&amp;</span> <span class='ocrx_word' id='word_1_634' title='bbox 585 3914 727 3944; x_wconf 85' lang='lat' dir='ltr'>Virtutum</span> <span class='ocrx_word' id='word_1_635' title='bbox 743 3913 943 3952; x_wconf 83' lang='lat' dir='ltr'>merita,super</span> <span class='ocrx_word' id='word_1_636' title='bbox 955 3917 1055 3954; x_wconf 78' lang='lat' dir='ltr'>quibus</span> <span class='ocrx_word' id='word_1_637' title='bbox 1068 3918 1140 3954; x_wconf 85' lang='lat' dir='ltr'>apud</span> <span class='ocrx_word' id='word_1_638' title='bbox 1150 3917 1217 3950; x_wconf 88' lang='lat' dir='ltr'>Nos</span> 
     </span>
     <span class='ocr_line' id='line_1_118' title="bbox 158 3950 1216 3990; baseline 0.008 -11"><span class='ocrx_word' id='word_1_639' title='bbox 158 3950 300 3989; x_wconf 74' lang='lat' dir='ltr'>fidedigno</span> <span class='ocrx_word' id='word_1_640' title='bbox 313 3953 518 3983; x_wconf 89' lang='lat' dir='ltr'>commendaris</span> <span class='ocrx_word' id='word_1_641' title='bbox 532 3951 734 3990; x_wconf 91' lang='lat' dir='ltr'>Testimonio,</span> <span class='ocrx_word' id='word_1_642' title='bbox 751 3950 820 3982; x_wconf 88' lang='lat' dir='ltr'>Nos</span> <span class='ocrx_word' id='word_1_643' title='bbox 832 3952 970 3985; x_wconf 85' lang='lat' dir='ltr'>inducunt</span> <span class='ocrx_word' id='word_1_644' title='bbox 985 3963 1016 3985; x_wconf 91' lang='lat' dir='ltr'>ut</span> <span class='ocrx_word' id='word_1_645' title='bbox 1032 3956 1101 3986; x_wconf 87' lang='lat' dir='ltr'>Tibi</span> <span class='ocrx_word' id='word_1_646' title='bbox 1119 3957 1216 3987; x_wconf 66' lang='lat' dir='ltr'>redda¹¹</span> 
     </span>
     <span class='ocr_line' id='line_1_119' title="bbox 162 3988 559 4021; baseline 0.013 -5"><span class='ocrx_word' id='word_1_647' title='bbox 162 3996 225 4019; x_wconf 65' lang='lat' dir='ltr'>mur</span> <span class='ocrx_word' id='word_1_648' title='bbox 240 3990 272 4018; x_wconf 89' lang='lat' dir='ltr'>ad</span> <span class='ocrx_word' id='word_1_649' title='bbox 288 3988 416 4020; x_wconf 84' lang='lat' dir='ltr'>Gratiam</span> <span class='ocrx_word' id='word_1_650' title='bbox 429 3990 559 4021; x_wconf 64' lang='lat' dir='ltr'>liberales.</span> 
     </span>
    </p>
   </div>
   <div class='ocr_carea' id='block_1_39' title="bbox 211 4105 472 4135">
    <p class='ocr_par' dir='ltr' id='par_1_57' title="bbox 211 4105 472 4135">
     <span class='ocr_line' id='line_1_120' title="bbox 211 4105 472 4135; baseline -0.004 0"><span class='ocrx_word' id='word_1_651' title='bbox 211 4107 284 4135; x_wconf 85' lang='lat' dir='ltr'>Tom.</span> <span class='ocrx_word' id='word_1_652' title='bbox 302 4106 363 4135; x_wconf 83' lang='grc' dir='ltr'><strong><em>ΙΙΙ.</em></strong></span> <span class='ocrx_word' id='word_1_653' title='bbox 380 4105 413 4134; x_wconf 87' lang='grc' dir='ltr'>Ρ.</span> <span class='ocrx_word' id='word_1_654' title='bbox 431 4106 472 4135; x_wconf 85' lang='grc' dir='ltr'>ΙΙ.</span> 
     </span>
    </p>
   </div>
   <div class='ocr_carea' id='block_1_40' title="bbox 220 3797 1221 3880">
    <p class='ocr_par' dir='ltr' id='par_1_58' title="bbox 220 3797 1221 3880">
     <span class='ocr_line' id='line_1_121' title="bbox 220 3797 1220 3841; baseline 0.006 -13"><span class='ocrx_word' id='word_1_655' title='bbox 220 3797 360 3839; x_wconf 86' lang='lat' dir='ltr'>Regorius</span> <span class='ocrx_word' id='word_1_656' title='bbox 372 3797 526 3837; x_wconf 85' lang='lat' dir='ltr'>Episcopus</span> <span class='ocrx_word' id='word_1_657' title='bbox 561 3797 662 3828; x_wconf 82' lang='lat' dir='ltr'>Servus</span> <span class='ocrx_word' id='word_1_658' title='bbox 676 3797 830 3828; x_wconf 86' lang='lat' dir='ltr'>Servorum</span> <span class='ocrx_word' id='word_1_659' title='bbox 846 3798 922 3838; x_wconf 87' lang='lat' dir='ltr'>Dei,</span> <span class='ocrx_word' id='word_1_660' title='bbox 940 3800 1045 3831; x_wconf 67' lang='lat' dir='ltr'>dilee‘to</span> <span class='ocrx_word' id='word_1_661' title='bbox 1061 3802 1151 3841; x_wconf 80' lang='lat' dir='ltr'>Filio,</span> <span class='ocrx_word' id='word_1_662' title='bbox 1165 3801 1220 3841; x_wconf 89' lang='lat' dir='ltr'>Jo-</span> 
     </span>
     <span class='ocr_line' id='line_1_122' title="bbox 530 3821 1221 3880; baseline 0.009 -13"><span class='ocrx_word' id='word_1_663' title='bbox 530 3821 651 3867; x_wconf 58' lang='lat' dir='ltr'>{lectori</span> <span class='ocrx_word' id='word_1_664' title='bbox 665 3835 848 3867; x_wconf 87' lang='lat' dir='ltr'>Parrochialis</span> <span class='ocrx_word' id='word_1_665' title='bbox 861 3836 994 3869; x_wconf 82' lang='lat' dir='ltr'>Ecclesiae</span> <span class='ocrx_word' id='word_1_666' title='bbox 1007 3839 1043 3869; x_wconf 91' lang='lat' dir='ltr'>de</span> <span class='ocrx_word' id='word_1_667' title='bbox 1056 3840 1221 3880; x_wconf 86' lang='lat' dir='ltr'>Swepston‚</span> 
     </span>
    </p>
   </div>
   <div class='ocr_carea' id='block_1_41' title="bbox 198 3989 2402 4075">
    <p class='ocr_par' dir='ltr' id='par_1_59' title="bbox 198 3989 2402 4075">
     <span class='ocr_line' id='line_1_123' title="bbox 1250 3989 1876 4030; baseline -0.011 -5"><span class='ocrx_word' id='word_1_668' title='bbox 1250 3993 1403 4025; x_wconf 83' lang='lat' dir='ltr'>Treschere</span> <span class='ocrx_word' id='word_1_669' title='bbox 1420 3993 1498 4030; x_wconf 83' lang='lat' dir='ltr'>Filz,</span> <span class='ocrx_word' id='word_1_670' title='bbox 1519 3992 1588 4022; x_wconf 85' lang='lat' dir='ltr'>Allie</span> <span class='ocrx_word' id='word_1_671' title='bbox 1626 3991 1659 4022; x_wconf 89' lang='lat'>&amp;</span> <span class='ocrx_word' id='word_1_672' title='bbox 1676 3990 1770 4026; x_wconf 74' lang='lat' dir='ltr'>Foial‚</span> <span class='ocrx_word' id='word_1_673' title='bbox 1783 3989 1876 4028; x_wconf 88' lang='lat' dir='ltr'>Johan</span> 
     </span>
     <span class='ocr_line' id='line_1_124' title="bbox 198 4014 2402 4075; baseline -0.005 -7"><span class='ocrx_word' id='word_1_674' title='bbox 198 4028 270 4056; x_wconf 65' lang='grc' dir='ltr'>33Πέ</span> <span class='ocrx_word' id='word_1_675' title='bbox 284 4026 402 4065; x_wconf 78' lang='lat' dir='ltr'>petitio,</span> <span class='ocrx_word' id='word_1_676' title='bbox 420 4038 472 4065; x_wconf 72' lang='grc' dir='ltr'>Ρῑῦ</span> <span class='ocrx_word' id='word_1_677' title='bbox 486 4039 563 4067; x_wconf 65' lang='lat' dir='ltr'>parte</span> <span class='ocrx_word' id='word_1_678' title='bbox 577 4028 624 4059; x_wconf 69' lang='lat' dir='ltr'>tufi</span> <span class='ocrx_word' id='word_1_679' title='bbox 645 4026 744 4058; x_wconf 88' lang='lat' dir='ltr'>Nobis</span> <span class='ocrx_word' id='word_1_680' title='bbox 766 4037 855 4066; x_wconf 83' lang='lat' dir='ltr'>nuper</span> <span class='ocrx_word' id='word_1_681' title='bbox 873 4029 994 4061; x_wconf 84' lang='lat' dir='ltr'>exhibita</span> <span class='ocrx_word' id='word_1_682' title='bbox 1008 4053 1018 4069; x_wconf 93' lang='lat'>,</span> <span class='ocrx_word' id='word_1_683' title='bbox 1042 4033 1207 4065; x_wconf 84' lang='lat' dir='ltr'>continebat</span> <span class='ocrx_word' id='word_1_684' title='bbox 1249 4041 1277 4063; x_wconf 90' lang='lat' dir='ltr'>te</span> <span class='ocrx_word' id='word_1_685' title='bbox 1291 4034 1326 4063; x_wconf 88' lang='lat' dir='ltr'>de</span> <span class='ocrx_word' id='word_1_686' title='bbox 1340 4030 1523 4063; x_wconf 84' lang='lat' dir='ltr'>Richemond</span> <span class='ocrx_word' id='word_1_687' title='bbox 1537 4031 1570 4060; x_wconf 92' lang='lat'>&amp;</span> <span class='ocrx_word' id='word_1_688' title='bbox 1585 4014 1620 4060; x_wconf 79' lang='lat' dir='ltr'>de</span> <span class='ocrx_word' id='word_1_689' title='bbox 1636 4027 1818 4064; x_wconf 90' lang='lat' dir='ltr'>Mountfort‚</span> <span class='ocrx_word' id='word_1_690' title='bbox 1836 4027 1907 4057; x_wconf 90' lang='lat' dir='ltr'>dont</span> <span class='ocrx_word' id='word_1_691' title='bbox 1927 4025 2013 4056; x_wconf 93' lang='lat' dir='ltr'>Nous</span> <span class='ocrx_word' id='word_1_692' title='bbox 2036 4036 2124 4057; x_wconf 92' lang='lat' dir='ltr'>avons</span> <span class='ocrx_word' id='word_1_693' title='bbox 2143 4027 2181 4058; x_wconf 77' lang='lat' dir='ltr'>ses</span> <span class='ocrx_word' id='word_1_694' title='bbox 2200 4028 2308 4057; x_wconf 85' lang='lat' dir='ltr'>Lettres</span> <span class='ocrx_word' id='word_1_695' title='bbox 2326 4043 2355 4067; x_wconf 74' lang='lat' dir='ltr'>E.</span> <span class='ocrx_word' id='word_1_696' title='bbox 2378 4048 2402 4075; x_wconf 47' lang='lat'>3,</span> 
     </span>
    </p>
   </div>
   <div class='ocr_carea' id='block_1_42' title="bbox 156 4063 2272 4112">
    <p class='ocr_par' dir='ltr' id='par_1_60' title="bbox 156 4063 2272 4112">
     <span class='ocr_line' id='line_1_125' title="bbox 156 4063 2272 4112; baseline 0 -17"><span class='ocrx_word' id='word_1_697' title='bbox 156 4066 236 4105; x_wconf 78' lang='lat' dir='ltr'>quod</span> <span class='ocrx_word' id='word_1_698' title='bbox 251 4064 321 4094; x_wconf 79' lang='lat' dir='ltr'>olim</span> <span class='ocrx_word' id='word_1_699' title='bbox 336 4073 445 4101; x_wconf 68' lang='lat' dir='ltr'>tecum,</span> <span class='ocrx_word' id='word_1_700' title='bbox 465 4067 544 4105; x_wconf 75' lang='lat' dir='ltr'>luper</span> <span class='ocrx_word' id='word_1_701' title='bbox 558 4067 685 4100; x_wconf 66' lang='lat' dir='ltr'>DefeStu</span> <span class='ocrx_word' id='word_1_702' title='bbox 697 4067 950 4108; x_wconf 79' lang='lat' dir='ltr'>Natalium‚quem</span> <span class='ocrx_word' id='word_1_703' title='bbox 964 4070 1064 4108; x_wconf 83' lang='lat' dir='ltr'>pateris</span> <span class='ocrx_word' id='word_1_704' title='bbox 1076 4070 1112 4102; x_wconf 85' lang='lat' dir='ltr'>de</span> <span class='ocrx_word' id='word_1_705' title='bbox 1125 4069 1207 4104; x_wconf 86' lang='lat' dir='ltr'>Pres-</span> <span class='ocrx_word' id='word_1_706' title='bbox 1255 4081 1303 4112; x_wconf 83' lang='lat' dir='ltr'>par</span> <span class='ocrx_word' id='word_1_707' title='bbox 1317 4072 1414 4103; x_wconf 87' lang='lat' dir='ltr'>devers</span> <span class='ocrx_word' id='word_1_708' title='bbox 1426 4069 1515 4101; x_wconf 83' lang='lat' dir='ltr'>Nous</span> <span class='ocrx_word' id='word_1_709' title='bbox 1531 4067 1667 4107; x_wconf 76' lang='lat' dir='ltr'>evertes,</span> <span class='ocrx_word' id='word_1_710' title='bbox 1684 4067 1780 4098; x_wconf 68' lang='lat' dir='ltr'>sealees</span> <span class='ocrx_word' id='word_1_711' title='bbox 1793 4065 1828 4096; x_wconf 87' lang='lat' dir='ltr'>de</span> <span class='ocrx_word' id='word_1_712' title='bbox 1842 4065 1892 4097; x_wconf 90' lang='lat' dir='ltr'>son</span> <span class='ocrx_word' id='word_1_713' title='bbox 1907 4063 1986 4104; x_wconf 85' lang='lat' dir='ltr'>Seal,</span> <span class='ocrx_word' id='word_1_714' title='bbox 2000 4065 2053 4098; x_wconf 89' lang='lat' dir='ltr'>soit</span> <span class='ocrx_word' id='word_1_715' title='bbox 2066 4067 2189 4105; x_wconf 83' lang='lat' dir='ltr'>compris</span> <span class='ocrx_word' id='word_1_716' title='bbox 2200 4076 2272 4105; x_wconf 84' lang='lat' dir='ltr'>que,</span> 
     </span>
    </p>
   </div>
   <div class='ocr_carea' id='block_1_43' title="bbox 1248 331 2317 1473">
    <p class='ocr_par' dir='ltr' id='par_1_61' title="bbox 1248 331 2316 401">
     <span class='ocr_line' id='line_1_126' title="bbox 1248 331 2316 371; baseline 0.001 -9"><span class='ocrx_word' id='word_1_717' title='bbox 1248 332 1440 370; x_wconf 88' lang='lat' dir='ltr'>Animarum,</span> <span class='ocrx_word' id='word_1_718' title='bbox 1454 333 1582 362; x_wconf 90' lang='lat' dir='ltr'>obtinere</span> <span class='ocrx_word' id='word_1_719' title='bbox 1596 331 1714 369; x_wconf 82' lang='lat' dir='ltr'>valeres,</span> <span class='ocrx_word' id='word_1_720' title='bbox 1731 331 1784 361; x_wconf 89' lang='lat' dir='ltr'>fuit</span> <span class='ocrx_word' id='word_1_721' title='bbox 1800 331 1978 362; x_wconf 64' lang='lat' dir='ltr'>Auctoritate</span> <span class='ocrx_word' id='word_1_722' title='bbox 1993 331 2160 371; x_wconf 66' lang='lat' dir='ltr'>Apostolica</span> <span class='ocrx_word' id='word_1_723' title='bbox 2180 332 2316 370; x_wconf 82' lang='lat' dir='ltr'>dispensa-</span> 
     </span>
     <span class='ocr_line' id='line_1_127' title="bbox 1248 378 1310 401; baseline 0 -3"><span class='ocrx_word' id='word_1_724' title='bbox 1248 378 1310 401; x_wconf 70' lang='lat' dir='ltr'>tun]</span> 
     </span>
    </p>

    <p class='ocr_par' dir='ltr' id='par_1_62' title="bbox 1251 393 2317 524">
     <span class='ocr_line' id='line_1_128' title="bbox 1285 393 2317 447; baseline 0.001 -9"><span class='ocrx_word' id='word_1_725' title='bbox 1285 393 1323 438; x_wconf 66' lang='lat' dir='ltr'>Ei</span> <span class='ocrx_word' id='word_1_726' title='bbox 1336 407 1434 446; x_wconf 78' lang='lat' dir='ltr'>quod,</span> <span class='ocrx_word' id='word_1_727' title='bbox 1452 407 1516 447; x_wconf 81' lang='lat' dir='ltr'>post</span> <span class='ocrx_word' id='word_1_728' title='bbox 1531 407 1774 447; x_wconf 80' lang='lat' dir='ltr'>Dispensationem</span> <span class='ocrx_word' id='word_1_729' title='bbox 1797 406 1956 446; x_wconf 85' lang='lat' dir='ltr'>hujusmodi</span> <span class='ocrx_word' id='word_1_730' title='bbox 1980 408 2189 439; x_wconf 83' lang='lat' dir='ltr'>Partochialem</span> <span class='ocrx_word' id='word_1_731' title='bbox 2211 408 2317 440; x_wconf 60' lang='lat' dir='ltr'>Eccle«</span> 
     </span>
     <span class='ocr_line' id='line_1_129' title="bbox 1251 445 2313 485; baseline 0.002 -9"><span class='ocrx_word' id='word_1_732' title='bbox 1251 446 1318 477; x_wconf 80' lang='lat' dir='ltr'>fiam</span> <span class='ocrx_word' id='word_1_733' title='bbox 1331 449 1368 476; x_wconf 85' lang='lat' dir='ltr'>de</span> <span class='ocrx_word' id='word_1_734' title='bbox 1382 446 1551 484; x_wconf 86' lang='lat' dir='ltr'>Swepston,</span> <span class='ocrx_word' id='word_1_735' title='bbox 1570 446 1764 477; x_wconf 83' lang='lat' dir='ltr'>Lincolniensi</span> <span class='ocrx_word' id='word_1_736' title='bbox 1777 445 1923 485; x_wconf 83' lang='lat' dir='ltr'>Dioecefi,</span> <span class='ocrx_word' id='word_1_737' title='bbox 1950 455 2019 477; x_wconf 83' lang='lat' dir='ltr'>tunc</span> <span class='ocrx_word' id='word_1_738' title='bbox 2041 455 2122 478; x_wconf 88' lang='lat' dir='ltr'>certo</span> <span class='ocrx_word' id='word_1_739' title='bbox 2142 447 2233 477; x_wconf 92' lang='lat' dir='ltr'>modo</span> <span class='ocrx_word' id='word_1_740' title='bbox 2255 447 2313 478; x_wconf 81' lang='lat' dir='ltr'>Va-</span> 
     </span>
     <span class='ocr_line' id='line_1_130' title="bbox 1251 485 2173 524; baseline 0.002 -10"><span class='ocrx_word' id='word_1_741' title='bbox 1251 491 1382 522; x_wconf 83' lang='lat' dir='ltr'>cantem‚</span> <span class='ocrx_word' id='word_1_742' title='bbox 1400 485 1540 514; x_wconf 76' lang='lat' dir='ltr'>canonice</span> <span class='ocrx_word' id='word_1_743' title='bbox 1556 486 1608 515; x_wconf 90' lang='lat' dir='ltr'>tibi</span> <span class='ocrx_word' id='word_1_744' title='bbox 1620 485 1782 522; x_wconf 70' lang='lat' dir='ltr'>Collatam,</span> <span class='ocrx_word' id='word_1_745' title='bbox 1801 485 1877 514; x_wconf 90' lang='lat' dir='ltr'>fuisti</span> <span class='ocrx_word' id='word_1_746' title='bbox 1890 485 2010 523; x_wconf 82' lang='lat' dir='ltr'>pacifice</span> <span class='ocrx_word' id='word_1_747' title='bbox 2025 485 2173 524; x_wconf 83' lang='lat' dir='ltr'>affecutus,</span> 
     </span>
    </p>

    <p class='ocr_par' dir='ltr' id='par_1_63' title="bbox 1251 522 2316 1019">
     <span class='ocr_line' id='line_1_131' title="bbox 1290 522 2313 561; baseline 0.002 -9"><span class='ocrx_word' id='word_1_748' title='bbox 1290 523 1355 552; x_wconf 92' lang='lat' dir='ltr'>Nos</span> <span class='ocrx_word' id='word_1_749' title='bbox 1370 522 1466 561; x_wconf 82' lang='lat' dir='ltr'>igitur,</span> <span class='ocrx_word' id='word_1_750' title='bbox 1484 523 1609 553; x_wconf 85' lang='lat' dir='ltr'>volentes</span> <span class='ocrx_word' id='word_1_751' title='bbox 1627 523 1691 560; x_wconf 78' lang='lat' dir='ltr'>Te,</span> <span class='ocrx_word' id='word_1_752' title='bbox 1709 522 1922 553; x_wconf 82' lang='lat' dir='ltr'>Praemifforum</span> <span class='ocrx_word' id='word_1_753' title='bbox 1935 522 2110 554; x_wconf 87' lang='lat' dir='ltr'>Meritotum</span> <span class='ocrx_word' id='word_1_754' title='bbox 2133 533 2248 554; x_wconf 87' lang='lat' dir='ltr'>tuorum</span> <span class='ocrx_word' id='word_1_755' title='bbox 2268 525 2313 555; x_wconf 77' lang='lat' dir='ltr'>in-</span> 
     </span>
     <span class='ocr_line' id='line_1_132' title="bbox 1253 560 2314 601; baseline 0.003 -11"><span class='ocrx_word' id='word_1_756' title='bbox 1253 561 1342 598; x_wconf 82' lang='lat' dir='ltr'>tuitu,</span> <span class='ocrx_word' id='word_1_757' title='bbox 1360 560 1456 590; x_wconf 83' lang='lat' dir='ltr'>favore</span> <span class='ocrx_word' id='word_1_758' title='bbox 1468 561 1599 598; x_wconf 80' lang='lat' dir='ltr'>prosequi</span> <span class='ocrx_word' id='word_1_759' title='bbox 1612 560 1720 590; x_wconf 70' lang='lat' dir='ltr'>Grati-:e</span> <span class='ocrx_word' id='word_1_760' title='bbox 1735 562 1896 600; x_wconf 83' lang='lat' dir='ltr'>amplioris,</span> <span class='ocrx_word' id='word_1_761' title='bbox 1916 563 1970 592; x_wconf 91' lang='lat' dir='ltr'>tuis</span> <span class='ocrx_word' id='word_1_762' title='bbox 1984 563 2011 592; x_wconf 92' lang='lat' dir='ltr'>in</span> <span class='ocrx_word' id='word_1_763' title='bbox 2026 561 2078 592; x_wconf 90' lang='lat' dir='ltr'>hac</span> <span class='ocrx_word' id='word_1_764' title='bbox 2100 571 2179 600; x_wconf 88' lang='lat' dir='ltr'>parte</span> <span class='ocrx_word' id='word_1_765' title='bbox 2198 563 2314 601; x_wconf 88' lang='lat' dir='ltr'>Suppli-</span> 
     </span>
     <span class='ocr_line' id='line_1_133' title="bbox 1251 599 2314 636; baseline 0.004 -8"><span class='ocrx_word' id='word_1_766' title='bbox 1251 599 1409 629; x_wconf 80' lang='lat' dir='ltr'>cationibus</span> <span class='ocrx_word' id='word_1_767' title='bbox 1425 599 1567 636; x_wconf 87' lang='lat' dir='ltr'>inclinati,</span> <span class='ocrx_word' id='word_1_768' title='bbox 1587 608 1701 635; x_wconf 85' lang='lat' dir='ltr'>tecum,</span> <span class='ocrx_word' id='word_1_769' title='bbox 1719 607 1749 628; x_wconf 94' lang='lat' dir='ltr'>ut</span> <span class='ocrx_word' id='word_1_770' title='bbox 1765 608 1854 629; x_wconf 84' lang='lat' dir='ltr'>uuum</span> <span class='ocrx_word' id='word_1_771' title='bbox 1868 601 1943 630; x_wconf 92' lang='lat' dir='ltr'>aliud</span> <span class='ocrx_word' id='word_1_772' title='bbox 1965 600 2140 631; x_wconf 83' lang='lat' dir='ltr'>Beneficium</span> <span class='ocrx_word' id='word_1_773' title='bbox 2165 600 2314 632; x_wconf 83' lang='lat' dir='ltr'>Ecclesias-</span> 
     </span>
     <span class='ocr_line' id='line_1_134' title="bbox 1251 635 2315 677; baseline 0.003 -11"><span class='ocrx_word' id='word_1_774' title='bbox 1251 639 1360 674; x_wconf 86' lang='lat' dir='ltr'>ticum,</span> <span class='ocrx_word' id='word_1_775' title='bbox 1378 636 1486 674; x_wconf 90' lang='lat' dir='ltr'>secum,</span> <span class='ocrx_word' id='word_1_776' title='bbox 1500 637 1577 667; x_wconf 61' lang='lat' dir='ltr'>dicta</span> <span class='ocrx_word' id='word_1_777' title='bbox 1599 635 1770 666; x_wconf 85' lang='lat' dir='ltr'>Parrochiali</span> <span class='ocrx_word' id='word_1_778' title='bbox 1793 637 1920 669; x_wconf 70' lang='lat' dir='ltr'>Ecclesia</span> <span class='ocrx_word' id='word_1_779' title='bbox 1933 661 1942 676; x_wconf 86' lang='lat'>,</span> <span class='ocrx_word' id='word_1_780' title='bbox 1967 640 2161 677; x_wconf 84' lang='lat' dir='ltr'>compatiens,</span> <span class='ocrx_word' id='word_1_781' title='bbox 2184 641 2267 669; x_wconf 87' lang='lat' dir='ltr'>etiam</span> <span class='ocrx_word' id='word_1_782' title='bbox 2285 641 2315 671; x_wconf 88' lang='lat' dir='ltr'>in</span> 
     </span>
     <span class='ocr_line' id='line_1_135' title="bbox 1251 673 2314 713; baseline 0.003 -8"><span class='ocrx_word' id='word_1_783' title='bbox 1251 674 1378 705; x_wconf 69' lang='lat' dir='ltr'>Eccleria</span> <span class='ocrx_word' id='word_1_784' title='bbox 1395 673 1557 705; x_wconf 87' lang='lat' dir='ltr'>Cathedrali</span> <span class='ocrx_word' id='word_1_785' title='bbox 1572 675 1618 704; x_wconf 87' lang='lat' dir='ltr'>seu</span> <span class='ocrx_word' id='word_1_786' title='bbox 1634 674 1875 713; x_wconf 69' lang='lat' dir='ltr'>Metropolitana‚</span> <span class='ocrx_word' id='word_1_787' title='bbox 1891 677 1911 706; x_wconf 80' lang='lat' dir='ltr'>si</span> <span class='ocrx_word' id='word_1_788' title='bbox 1926 677 1977 706; x_wconf 90' lang='lat' dir='ltr'>tibi</span> <span class='ocrx_word' id='word_1_789' title='bbox 1993 677 2056 707; x_wconf 77' lang='lat' dir='ltr'>alias</span> <span class='ocrx_word' id='word_1_790' title='bbox 2079 679 2220 708; x_wconf 81' lang='lat' dir='ltr'>canonice</span> <span class='ocrx_word' id='word_1_791' title='bbox 2240 688 2314 708; x_wconf 86' lang='lat' dir='ltr'>con-</span> 
     </span>
     <span class='ocr_line' id='line_1_136' title="bbox 1252 713 2315 753; baseline 0.003 -9"><span class='ocrx_word' id='word_1_792' title='bbox 1252 713 1372 752; x_wconf 76' lang='lat' dir='ltr'>feratur,</span> <span class='ocrx_word' id='word_1_793' title='bbox 1389 713 1476 744; x_wconf 81' lang='lat' dir='ltr'>libere</span> <span class='ocrx_word' id='word_1_794' title='bbox 1492 714 1635 750; x_wconf 86' lang='lat' dir='ltr'>recipere,</span> <span class='ocrx_word' id='word_1_795' title='bbox 1652 714 1703 750; x_wconf 88' lang='lat'>&amp;,</span> <span class='ocrx_word' id='word_1_796' title='bbox 1725 713 1778 742; x_wconf 69' lang='lat' dir='ltr'>una</span> <span class='ocrx_word' id='word_1_797' title='bbox 1793 723 1861 743; x_wconf 92' lang='lat' dir='ltr'>cum</span> <span class='ocrx_word' id='word_1_798' title='bbox 1881 715 1978 745; x_wconf 88' lang='lat' dir='ltr'>eadem</span> <span class='ocrx_word' id='word_1_799' title='bbox 1994 715 2138 753; x_wconf 86' lang='lat' dir='ltr'>Ecclefia,</span> <span class='ocrx_word' id='word_1_800' title='bbox 2154 715 2231 746; x_wconf 76' lang='lat' dir='ltr'>licite</span> <span class='ocrx_word' id='word_1_801' title='bbox 2249 718 2315 747; x_wconf 89' lang='lat' dir='ltr'>reti-</span> 
     </span>
     <span class='ocr_line' id='line_1_137' title="bbox 1251 750 2313 793; baseline 0.005 -12"><span class='ocrx_word' id='word_1_802' title='bbox 1251 762 1328 789; x_wconf 87' lang='lat' dir='ltr'>nere,</span> <span class='ocrx_word' id='word_1_803' title='bbox 1345 761 1377 782; x_wconf 90' lang='lat' dir='ltr'>ac</span> <span class='ocrx_word' id='word_1_804' title='bbox 1390 750 1547 782; x_wconf 81' lang='lat' dir='ltr'>Ecclesiam</span> <span class='ocrx_word' id='word_1_805' title='bbox 1560 753 1592 782; x_wconf 68' lang='grc' dir='ltr'>ὃς</span> <span class='ocrx_word' id='word_1_806' title='bbox 1605 751 1780 782; x_wconf 87' lang='lat' dir='ltr'>Beneficium</span> <span class='ocrx_word' id='word_1_807' title='bbox 1795 752 1971 791; x_wconf 88' lang='lat' dir='ltr'>hujusmodi,</span> <span class='ocrx_word' id='word_1_808' title='bbox 1991 753 2072 784; x_wconf 70' lang='lat' dir='ltr'>firnul</span> <span class='ocrx_word' id='word_1_809' title='bbox 2087 754 2132 785; x_wconf 84' lang='lat' dir='ltr'>vel</span> <span class='ocrx_word' id='word_1_810' title='bbox 2147 753 2313 793; x_wconf 75' lang='lat' dir='ltr'>successive,</span> 
     </span>
     <span class='ocr_line' id='line_1_138' title="bbox 1251 788 2313 832; baseline 0.004 -13"><span class='ocrx_word' id='word_1_811' title='bbox 1251 788 1336 819; x_wconf 82' lang='lat' dir='ltr'>semel</span> <span class='ocrx_word' id='word_1_812' title='bbox 1348 790 1497 827; x_wconf 80' lang='lat' dir='ltr'>duntaxat,</span> <span class='ocrx_word' id='word_1_813' title='bbox 1516 799 1550 820; x_wconf 87' lang='lat' dir='ltr'>ex</span> <span class='ocrx_word' id='word_1_814' title='bbox 1563 789 1644 819; x_wconf 70' lang='lat' dir='ltr'>causa</span> <span class='ocrx_word' id='word_1_815' title='bbox 1668 788 1904 829; x_wconf 77' lang='lat' dir='ltr'>permutationis,</span> <span class='ocrx_word' id='word_1_816' title='bbox 1928 792 1973 821; x_wconf 85' lang='lat' dir='ltr'>vel</span> <span class='ocrx_word' id='word_1_817' title='bbox 1994 793 2079 830; x_wconf 70' lang='lat' dir='ltr'>alias,</span> <span class='ocrx_word' id='word_1_818' title='bbox 2096 792 2255 832; x_wconf 76' lang='lat' dir='ltr'>simplicitet</span> <span class='ocrx_word' id='word_1_819' title='bbox 2269 794 2313 824; x_wconf 91' lang='lat' dir='ltr'>di-</span> 
     </span>
     <span class='ocr_line' id='line_1_139' title="bbox 1251 827 2316 870; baseline 0.005 -13"><span class='ocrx_word' id='word_1_820' title='bbox 1251 830 1382 866; x_wconf 83' lang='lat' dir='ltr'>mittere,</span> <span class='ocrx_word' id='word_1_821' title='bbox 1401 828 1452 865; x_wconf 86' lang='lat'>&amp;,</span> <span class='ocrx_word' id='word_1_822' title='bbox 1470 828 1537 857; x_wconf 91' lang='lat' dir='ltr'>loco</span> <span class='ocrx_word' id='word_1_823' title='bbox 1553 827 1685 865; x_wconf 84' lang='lat' dir='ltr'>Dimiffi,</span> <span class='ocrx_word' id='word_1_824' title='bbox 1707 828 1751 857; x_wconf 87' lang='lat' dir='ltr'>vel</span> <span class='ocrx_word' id='word_1_825' title='bbox 1764 827 1971 867; x_wconf 79' lang='lat' dir='ltr'>Dimissbrum,</span> <span class='ocrx_word' id='word_1_826' title='bbox 1990 830 2093 867; x_wconf 81' lang='lat' dir='ltr'>Aliud,</span> <span class='ocrx_word' id='word_1_827' title='bbox 2107 832 2151 860; x_wconf 91' lang='lat' dir='ltr'>seu</span> <span class='ocrx_word' id='word_1_828' title='bbox 2174 831 2252 870; x_wconf 85' lang='lat' dir='ltr'>Alia,</span> <span class='ocrx_word' id='word_1_829' title='bbox 2270 832 2316 862; x_wconf 88' lang='lat' dir='ltr'>Si-</span> 
     </span>
     <span class='ocr_line' id='line_1_140' title="bbox 1251 864 2314 908; baseline 0.004 -12"><span class='ocrx_word' id='word_1_830' title='bbox 1251 867 1319 896; x_wconf 89' lang='lat' dir='ltr'>mile</span> <span class='ocrx_word' id='word_1_831' title='bbox 1330 866 1373 895; x_wconf 90' lang='lat' dir='ltr'>vel</span> <span class='ocrx_word' id='word_1_832' title='bbox 1388 864 1548 904; x_wconf 84' lang='lat' dir='ltr'>Diffimile,</span> <span class='ocrx_word' id='word_1_833' title='bbox 1566 875 1613 896; x_wconf 86' lang='lat' dir='ltr'>aut</span> <span class='ocrx_word' id='word_1_834' title='bbox 1629 865 1755 903; x_wconf 87' lang='lat' dir='ltr'>Similia,</span> <span class='ocrx_word' id='word_1_835' title='bbox 1779 865 1825 896; x_wconf 74' lang='lat' dir='ltr'>ieu</span> <span class='ocrx_word' id='word_1_836' title='bbox 1848 866 1998 897; x_wconf 84' lang='lat' dir='ltr'>Dissimilia</span> <span class='ocrx_word' id='word_1_837' title='bbox 2013 891 2023 905; x_wconf 89' lang='lat'>,</span> <span class='ocrx_word' id='word_1_838' title='bbox 2049 868 2221 898; x_wconf 86' lang='lat' dir='ltr'>Beneficium</span> <span class='ocrx_word' id='word_1_839' title='bbox 2240 892 2250 908; x_wconf 95' lang='lat'>,</span> <span class='ocrx_word' id='word_1_840' title='bbox 2266 870 2314 901; x_wconf 89' lang='lat' dir='ltr'>seu</span> 
     </span>
     <span class='ocr_line' id='line_1_141' title="bbox 1252 903 2314 947; baseline 0.004 -12"><span class='ocrx_word' id='word_1_841' title='bbox 1252 904 1407 941; x_wconf 81' lang='lat' dir='ltr'>Beneficia,</span> <span class='ocrx_word' id='word_1_842' title='bbox 1423 903 1667 942; x_wconf 73' lang='lat' dir='ltr'>Ecclesiasticum‚</span> <span class='ocrx_word' id='word_1_843' title='bbox 1687 903 1731 934; x_wconf 85' lang='lat' dir='ltr'>vel</span> <span class='ocrx_word' id='word_1_844' title='bbox 1754 903 1950 936; x_wconf 81' lang='lat' dir='ltr'>Ecclefiastica</span> <span class='ocrx_word' id='word_1_845' title='bbox 1965 929 1974 944; x_wconf 87' lang='lat'>,</span> <span class='ocrx_word' id='word_1_846' title='bbox 2001 907 2027 936; x_wconf 87' lang='lat' dir='ltr'>se</span> <span class='ocrx_word' id='word_1_847' title='bbox 2048 908 2172 937; x_wconf 88' lang='lat' dir='ltr'>invicem</span> <span class='ocrx_word' id='word_1_848' title='bbox 2195 917 2314 947; x_wconf 84' lang='lat' dir='ltr'>compa-</span> 
     </span>
     <span class='ocr_line' id='line_1_142' title="bbox 1251 941 2315 982; baseline 0.004 -10"><span class='ocrx_word' id='word_1_849' title='bbox 1251 944 1362 981; x_wconf 87' lang='lat' dir='ltr'>tientia,</span> <span class='ocrx_word' id='word_1_850' title='bbox 1380 943 1464 972; x_wconf 90' lang='lat' dir='ltr'>etiam</span> <span class='ocrx_word' id='word_1_851' title='bbox 1479 944 1508 972; x_wconf 87' lang='lat' dir='ltr'>in</span> <span class='ocrx_word' id='word_1_852' title='bbox 1521 942 1647 973; x_wconf 74' lang='lat' dir='ltr'>Ecclesia</span> <span class='ocrx_word' id='word_1_853' title='bbox 1660 941 1820 972; x_wconf 86' lang='lat' dir='ltr'>Cathedrali</span> <span class='ocrx_word' id='word_1_854' title='bbox 1836 943 1880 973; x_wconf 88' lang='lat' dir='ltr'>seu</span> <span class='ocrx_word' id='word_1_855' title='bbox 1897 943 2135 982; x_wconf 63' lang='lat' dir='ltr'>Merropolstanfi,</span> <span class='ocrx_word' id='word_1_856' title='bbox 2164 945 2250 976; x_wconf 81' lang='lat' dir='ltr'>libere</span> <span class='ocrx_word' id='word_1_857' title='bbox 2271 957 2315 977; x_wconf 88' lang='lat' dir='ltr'>re·</span> 
     </span>
     <span class='ocr_line' id='line_1_143' title="bbox 1252 981 1724 1019; baseline -0.002 -7"><span class='ocrx_word' id='word_1_858' title='bbox 1252 983 1345 1019; x_wconf 87' lang='lat' dir='ltr'>cipere</span> <span class='ocrx_word' id='word_1_859' title='bbox 1355 991 1389 1011; x_wconf 90' lang='lat' dir='ltr'>ac</span> <span class='ocrx_word' id='word_1_860' title='bbox 1404 981 1478 1010; x_wconf 79' lang='lat' dir='ltr'>licite</span> <span class='ocrx_word' id='word_1_861' title='bbox 1493 982 1611 1011; x_wconf 89' lang='lat' dir='ltr'>retinere</span> <span class='ocrx_word' id='word_1_862' title='bbox 1626 981 1724 1018; x_wconf 86' lang='lat' dir='ltr'>valeas,</span> 
     </span>
    </p>

    <p class='ocr_par' dir='ltr' id='par_1_64' title="bbox 1251 1018 2315 1213">
     <span class='ocr_line' id='line_1_144' title="bbox 1290 1018 2315 1060; baseline 0.005 -11"><span class='ocrx_word' id='word_1_863' title='bbox 1290 1018 1416 1049; x_wconf 68' lang='lat' dir='ltr'>Defe&amp;u</span> <span class='ocrx_word' id='word_1_864' title='bbox 1430 1019 1582 1059; x_wconf 62' lang='lat' dir='ltr'>praedffiko,</span> <span class='ocrx_word' id='word_1_865' title='bbox 1599 1020 1631 1050; x_wconf 88' lang='lat'>&amp;</span> <span class='ocrx_word' id='word_1_866' title='bbox 1646 1019 1815 1050; x_wconf 67' lang='lat' dir='ltr'>Pietavenfis</span> <span class='ocrx_word' id='word_1_867' title='bbox 1828 1019 1955 1050; x_wconf 88' lang='lat' dir='ltr'>Concilii</span> <span class='ocrx_word' id='word_1_868' title='bbox 1970 1030 2002 1051; x_wconf 89' lang='lat' dir='ltr'>ac</span> <span class='ocrx_word' id='word_1_869' title='bbox 2016 1022 2075 1052; x_wconf 89' lang='lat' dir='ltr'>aliis</span> <span class='ocrx_word' id='word_1_870' title='bbox 2090 1019 2315 1060; x_wconf 83' lang='lat' dir='ltr'>quibuscumque</span> 
     </span>
     <span class='ocr_line' id='line_1_145' title="bbox 1252 1057 2315 1096; baseline 0.003 -8"><span class='ocrx_word' id='word_1_871' title='bbox 1252 1057 1514 1088; x_wconf 88' lang='lat' dir='ltr'>Constitutionibus</span> <span class='ocrx_word' id='word_1_872' title='bbox 1529 1058 1715 1096; x_wconf 82' lang='lat' dir='ltr'>Apostolicis,</span> <span class='ocrx_word' id='word_1_873' title='bbox 1733 1068 1850 1089; x_wconf 87' lang='lat' dir='ltr'>necnon</span> <span class='ocrx_word' id='word_1_874' title='bbox 1866 1059 1979 1089; x_wconf 81' lang='lat' dir='ltr'>Statutis</span> <span class='ocrx_word' id='word_1_875' title='bbox 1995 1061 2028 1091; x_wconf 71' lang='grc' dir='ltr'>δε</span> <span class='ocrx_word' id='word_1_876' title='bbox 2053 1059 2315 1091; x_wconf 82' lang='lat' dir='ltr'>Consuetudinibus&#39;</span> 
     </span>
     <span class='ocr_line' id='line_1_146' title="bbox 1253 1096 2314 1137; baseline 0.002 -10"><span class='ocrx_word' id='word_1_877' title='bbox 1253 1096 1461 1133; x_wconf 82' lang='lat' dir='ltr'>Ecclesiarum,</span> <span class='ocrx_word' id='word_1_878' title='bbox 1480 1098 1508 1126; x_wconf 90' lang='lat' dir='ltr'>in</span> <span class='ocrx_word' id='word_1_879' title='bbox 1524 1097 1623 1136; x_wconf 88' lang='lat' dir='ltr'>quibus</span> <span class='ocrx_word' id='word_1_880' title='bbox 1635 1096 1794 1134; x_wconf 83' lang='lat' dir='ltr'>hujusmodi</span> <span class='ocrx_word' id='word_1_881' title='bbox 1816 1097 1955 1127; x_wconf 74' lang='lat' dir='ltr'>Beneficia</span> <span class='ocrx_word' id='word_1_882' title='bbox 1978 1098 2068 1128; x_wconf 87' lang='lat' dir='ltr'>forsan</span> <span class='ocrx_word' id='word_1_883' title='bbox 2091 1098 2212 1137; x_wconf 82' lang='lat' dir='ltr'>fuerint,</span> <span class='ocrx_word' id='word_1_884' title='bbox 2230 1097 2314 1129; x_wconf 90' lang='lat' dir='ltr'>Con-</span> 
     </span>
     <span class='ocr_line' id='line_1_147' title="bbox 1251 1133 2315 1176; baseline 0.001 -10"><span class='ocrx_word' id='word_1_885' title='bbox 1251 1135 1356 1172; x_wconf 90' lang='lat' dir='ltr'>trariis,</span> <span class='ocrx_word' id='word_1_886' title='bbox 1371 1134 1556 1172; x_wconf 76' lang='lat' dir='ltr'>juramento,</span> <span class='ocrx_word' id='word_1_887' title='bbox 1574 1133 1803 1166; x_wconf 84' lang='lat' dir='ltr'>Confirmatione</span> <span class='ocrx_word' id='word_1_888' title='bbox 1819 1135 2000 1175; x_wconf 74' lang='lat' dir='ltr'>Apostolica,</span> <span class='ocrx_word' id='word_1_889' title='bbox 2018 1137 2062 1168; x_wconf 82' lang='lat' dir='ltr'>vel</span> <span class='ocrx_word' id='word_1_890' title='bbox 2086 1146 2253 1176; x_wconf 81' lang='lat' dir='ltr'>quacunque</span> <span class='ocrx_word' id='word_1_891' title='bbox 2268 1137 2315 1167; x_wconf 84' lang='lat' dir='ltr'>fir-</span> 
     </span>
     <span class='ocr_line' id='line_1_148' title="bbox 1252 1173 1993 1213; baseline 0.001 -10"><span class='ocrx_word' id='word_1_892' title='bbox 1252 1175 1349 1204; x_wconf 89' lang='lat' dir='ltr'>mitate</span> <span class='ocrx_word' id='word_1_893' title='bbox 1363 1173 1429 1210; x_wconf 70' lang='lat' dir='ltr'>alia,</span> <span class='ocrx_word' id='word_1_894' title='bbox 1449 1173 1599 1210; x_wconf 85' lang='lat' dir='ltr'>roboratis,</span> <span class='ocrx_word' id='word_1_895' title='bbox 1618 1183 1794 1213; x_wconf 88' lang='lat' dir='ltr'>nequaquam</span> <span class='ocrx_word' id='word_1_896' title='bbox 1809 1173 1993 1212; x_wconf 85' lang='lat' dir='ltr'>obstantibus,</span> 
     </span>
    </p>

    <p class='ocr_par' dir='ltr' id='par_1_65' title="bbox 1253 1211 2316 1280">
     <span class='ocr_line' id='line_1_149' title="bbox 1253 1211 2316 1280; baseline 0.004 -38"><span class='ocrx_word' id='word_1_897' title='bbox 1253 1249 1284 1280; x_wconf 85' lang='lat' dir='ltr'><strong>D</strong></span> <span class='ocrx_word' id='word_1_898' title='bbox 1298 1211 1474 1279; x_wconf 42' lang='lat' dir='ltr'>Amssoritate</span> <span class='ocrx_word' id='word_1_899' title='bbox 1488 1211 1642 1250; x_wconf 69' lang='lat' dir='ltr'>praedicta,</span> <span class='ocrx_word' id='word_1_900' title='bbox 1659 1212 1777 1243; x_wconf 90' lang='lat' dir='ltr'>Tenore</span> <span class='ocrx_word' id='word_1_901' title='bbox 1793 1211 1977 1243; x_wconf 85' lang='lat' dir='ltr'>Praesentium</span> <span class='ocrx_word' id='word_1_902' title='bbox 1993 1235 2003 1251; x_wconf 90' lang='lat'>,</span> <span class='ocrx_word' id='word_1_903' title='bbox 2030 1213 2066 1244; x_wconf 87' lang='lat' dir='ltr'>de</span> <span class='ocrx_word' id='word_1_904' title='bbox 2087 1213 2195 1252; x_wconf 87' lang='lat' dir='ltr'>speciali</span> <span class='ocrx_word' id='word_1_905' title='bbox 2216 1213 2316 1246; x_wconf 58' lang='lat' dir='ltr'>Gratia</span> 
     </span>
     <span class='ocr_line' id='line_1_150' title="bbox 1287 1250 1459 1280; baseline 0 -1"><span class='ocrx_word' id='word_1_906' title='bbox 1287 1250 1312 1279; x_wconf 82' lang='lat' dir='ltr'>is</span> <span class='ocrx_word' id='word_1_907' title='bbox 1327 1259 1360 1280; x_wconf 90' lang='lat' dir='ltr'>en</span> <span class='ocrx_word' id='word_1_908' title='bbox 1373 1259 1459 1279; x_wconf 80' lang='lat' dir='ltr'>arnus.</span> 
     </span>
    </p>

    <p class='ocr_par' dir='ltr' id='par_1_66' title="bbox 1254 1261 2314 1365">
     <span class='ocr_line' id='line_1_151' title="bbox 1292 1261 2314 1330; baseline 0.002 -12"><span class='ocrx_word' id='word_1_909' title='bbox 1292 1261 1374 1318; x_wconf 70' lang='lat' dir='ltr'>Npulli</span> <span class='ocrx_word' id='word_1_910' title='bbox 1387 1297 1456 1326; x_wconf 85' lang='lat' dir='ltr'>ergo</span> <span class='ocrx_word' id='word_1_911' title='bbox 1469 1289 1595 1319; x_wconf 80' lang='lat' dir='ltr'>omnino</span> <span class='ocrx_word' id='word_1_912' title='bbox 1609 1288 1775 1320; x_wconf 88' lang='lat' dir='ltr'>Hominum</span> <span class='ocrx_word' id='word_1_913' title='bbox 1790 1289 1870 1320; x_wconf 89' lang='lat' dir='ltr'>liceat</span> <span class='ocrx_word' id='word_1_914' title='bbox 1885 1289 1958 1320; x_wconf 87' lang='lat' dir='ltr'>hanc</span> <span class='ocrx_word' id='word_1_915' title='bbox 1974 1288 2111 1330; x_wconf 85' lang='lat' dir='ltr'>Paginarn</span> <span class='ocrx_word' id='word_1_916' title='bbox 2128 1288 2232 1320; x_wconf 85' lang='lat' dir='ltr'>nostrae</span> <span class='ocrx_word' id='word_1_917' title='bbox 2246 1289 2314 1321; x_wconf 85' lang='lat' dir='ltr'>Dis-</span> 
     </span>
     <span class='ocr_line' id='line_1_152' title="bbox 1254 1326 1680 1365; baseline 0 -9"><span class='ocrx_word' id='word_1_918' title='bbox 1254 1326 1420 1365; x_wconf 83' lang='lat' dir='ltr'>pensationis</span> <span class='ocrx_word' id='word_1_919' title='bbox 1434 1326 1601 1365; x_wconf 78' lang='lat' dir='ltr'>infringere,</span> <span class='ocrx_word' id='word_1_920' title='bbox 1620 1328 1680 1358; x_wconf 88' lang='lat' dir='ltr'>&amp;c.</span> 
     </span>
    </p>

    <p class='ocr_par' dir='ltr' id='par_1_67' title="bbox 1255 1364 2316 1434">
     <span class='ocr_line' id='line_1_153' title="bbox 1292 1364 2316 1405; baseline 0.004 -12"><span class='ocrx_word' id='word_1_921' title='bbox 1292 1364 1358 1394; x_wconf 66' lang='lat' dir='ltr'>Datv</span> <span class='ocrx_word' id='word_1_922' title='bbox 1373 1364 1509 1395; x_wconf 69' lang='lat' dir='ltr'>Avinion.</span> <span class='ocrx_word' id='word_1_923' title='bbox 1522 1366 1642 1396; x_wconf 85' lang='lat' dir='ltr'>decimo</span> <span class='ocrx_word' id='word_1_924' title='bbox 1657 1366 1776 1405; x_wconf 86' lang='lat' dir='ltr'>septimo</span> <span class='ocrx_word' id='word_1_925' title='bbox 1794 1365 1856 1397; x_wconf 86' lang='lat' dir='ltr'>Kal.</span> <span class='ocrx_word' id='word_1_926' title='bbox 1869 1365 2004 1405; x_wconf 89' lang='lat' dir='ltr'>Januarii,</span> <span class='ocrx_word' id='word_1_927' title='bbox 2030 1365 2214 1398; x_wconf 71' lang='lat' dir='ltr'>Pontificatfis</span> <span class='ocrx_word' id='word_1_928' title='bbox 2228 1365 2316 1397; x_wconf 84' lang='lat' dir='ltr'>nostri</span> 
     </span>
     <span class='ocr_line' id='line_1_154' title="bbox 1255 1402 1488 1434; baseline 0 -2"><span class='ocrx_word' id='word_1_929' title='bbox 1255 1402 1343 1433; x_wconf 88' lang='lat' dir='ltr'>Anno</span> <span class='ocrx_word' id='word_1_930' title='bbox 1357 1403 1488 1434; x_wconf 84' lang='lat' dir='ltr'>secundo.</span> 
     </span>
    </p>

    <p class='ocr_par' dir='ltr' id='par_1_68' title="bbox 1831 1443 2052 1473">
     <span class='ocr_line' id='line_1_155' title="bbox 1831 1443 2052 1473; baseline 0 -1"><span class='ocrx_word' id='word_1_931' title='bbox 1831 1444 1862 1472; x_wconf 85' lang='lat' dir='ltr'>P.</span> <span class='ocrx_word' id='word_1_932' title='bbox 1881 1443 2052 1473; x_wconf 81' lang='lat' dir='ltr'>Gauakdam.</span> 
     </span>
    </p>
   </div>
   <div class='ocr_carea' id='block_1_44' title="bbox 1994 1519 2191 1558">
    <p class='ocr_par' dir='ltr' id='par_1_69' title="bbox 1994 1519 2191 1558">
     <span class='ocr_line' id='line_1_156' title="bbox 1994 1519 2191 1558; baseline 0.01 -10"><span class='ocrx_word' id='word_1_933' title='bbox 1994 1523 2028 1548; x_wconf 92' lang='grc' dir='ltr'>Β.</span> <span class='ocrx_word' id='word_1_934' title='bbox 2046 1519 2191 1558; x_wconf 76' lang='lat' dir='ltr'>Franctfii.</span> 
     </span>
    </p>
   </div>
   <div class='ocr_carea' id='block_1_45' title="bbox 1291 1592 1895 1636">
    <p class='ocr_par' dir='ltr' id='par_1_70' title="bbox 1291 1592 1895 1636">
     <span class='ocr_line' id='line_1_157' title="bbox 1291 1592 1895 1636; baseline 0.003 -12"><span class='ocrx_word' id='word_1_935' title='bbox 1291 1594 1345 1624; x_wconf 88' lang='lat' dir='ltr'>Sub</span> <span class='ocrx_word' id='word_1_936' title='bbox 1360 1593 1426 1625; x_wconf 80' lang='lat' dir='ltr'>Filir</span> <span class='ocrx_word' id='word_1_937' title='bbox 1435 1597 1528 1625; x_wconf 77' lang='lat' dir='ltr'>Sericis</span> <span class='ocrx_word' id='word_1_938' title='bbox 1543 1592 1627 1626; x_wconf 77' lang='lat' dir='ltr'>Flavi</span> <span class='ocrx_word' id='word_1_939' title='bbox 1640 1596 1763 1636; x_wconf 82' lang='lat' dir='ltr'>rubeique</span> <span class='ocrx_word' id='word_1_940' title='bbox 1776 1596 1895 1626; x_wconf 86' lang='lat' dir='ltr'>colorum.</span> 
     </span>
    </p>
   </div>
   <div class='ocr_carea' id='block_1_46' title="bbox 1320 1718 2246 1814">
    <p class='ocr_par' dir='ltr' id='par_1_71' title="bbox 1320 1718 2246 1814">
     <span class='ocr_line' id='line_1_158' title="bbox 1320 1718 2246 1764; baseline -0.003 -10"><span class='ocrx_word' id='word_1_941' title='bbox 1320 1723 1379 1754; x_wconf 86' lang='lat' dir='ltr'>Pro</span> <span class='ocrx_word' id='word_1_942' title='bbox 1401 1722 1488 1754; x_wconf 80' lang='lat' dir='ltr'>Duce</span> <span class='ocrx_word' id='word_1_943' title='bbox 1505 1722 1683 1762; x_wconf 71' lang='lat' dir='ltr'>Britanniae,</span> <span class='ocrx_word' id='word_1_944' title='bbox 1711 1718 1747 1751; x_wconf 86' lang='lat' dir='ltr'>de</span> <span class='ocrx_word' id='word_1_945' title='bbox 1763 1722 1865 1751; x_wconf 76' lang='lat' dir='ltr'>Term‘s</span> <span class='ocrx_word' id='word_1_946' title='bbox 1876 1729 1930 1764; x_wconf 83' lang='lat' dir='ltr'>per</span> <span class='ocrx_word' id='word_1_947' title='bbox 1944 1719 2039 1764; x_wconf 73' lang='lat' dir='ltr'>ipsitm</span> <span class='ocrx_word' id='word_1_948' title='bbox 2056 1722 2088 1750; x_wconf 84' lang='lat' dir='ltr'>in</span> <span class='ocrx_word' id='word_1_949' title='bbox 2115 1721 2246 1752; x_wconf 81' lang='lat' dir='ltr'>Francia</span> 
     </span>
     <span class='ocr_line' id='line_1_159' title="bbox 1665 1766 1892 1814; baseline -0.004 -14"><span class='ocrx_word' id='word_1_950' title='bbox 1665 1766 1892 1814; x_wconf 72' lang='lat' dir='ltr'>conquistandis.</span> 
     </span>
    </p>
   </div>
   <div class='ocr_carea' id='block_1_47' title="bbox 1251 1851 2321 3388">
    <p class='ocr_par' dir='ltr' id='par_1_72' title="bbox 1252 1851 2313 1936">
     <span class='ocr_line' id='line_1_160' title="bbox 1252 1851 2313 1913; baseline 0.002 -29"><span class='ocrx_word' id='word_1_951' title='bbox 1252 1854 1332 1913; x_wconf 84' lang='lat' dir='ltr'>LE</span> <span class='ocrx_word' id='word_1_952' title='bbox 1347 1854 1407 1884; x_wconf 86' lang='lat' dir='ltr'>Roi</span> <span class='ocrx_word' id='word_1_953' title='bbox 1420 1854 1455 1885; x_wconf 89' lang='lat' dir='ltr'>de</span> <span class='ocrx_word' id='word_1_954' title='bbox 1467 1854 1574 1886; x_wconf 85' lang='lat' dir='ltr'>France</span> <span class='ocrx_word' id='word_1_955' title='bbox 1593 1854 1626 1885; x_wconf 74' lang='grc' dir='ltr'>δε</span> <span class='ocrx_word' id='word_1_956' title='bbox 1653 1852 1854 1891; x_wconf 83' lang='lat' dir='ltr'>d&#39;Engleterre</span> <span class='ocrx_word' id='word_1_957' title='bbox 1866 1876 1876 1891; x_wconf 93' lang='lat'>,</span> <span class='ocrx_word' id='word_1_958' title='bbox 1901 1853 1933 1883; x_wconf 91' lang='lat'>&amp;</span> <span class='ocrx_word' id='word_1_959' title='bbox 1951 1851 2089 1889; x_wconf 80' lang='lat' dir='ltr'>seigneur</span> <span class='ocrx_word' id='word_1_960' title='bbox 2110 1851 2252 1885; x_wconf 84' lang='lat' dir='ltr'>d&#39;Irlaund</span> <span class='ocrx_word' id='word_1_961' title='bbox 2270 1877 2280 1893; x_wconf 86' lang='lat'>,</span> <span class='ocrx_word' id='word_1_962' title='bbox 2297 1865 2313 1886; x_wconf 86' lang='lat' dir='ltr'>a</span> 
     </span>
     <span class='ocr_line' id='line_1_161' title="bbox 1323 1891 2228 1936; baseline -0.002 -12"><span class='ocrx_word' id='word_1_963' title='bbox 1323 1902 1393 1924; x_wconf 87' lang='lat' dir='ltr'>touz</span> <span class='ocrx_word' id='word_1_964' title='bbox 1407 1893 1504 1929; x_wconf 78' lang='lat' dir='ltr'>ceulx,</span> <span class='ocrx_word' id='word_1_965' title='bbox 1521 1895 1568 1936; x_wconf 80' lang='lat' dir='ltr'>qui</span> <span class='ocrx_word' id='word_1_966' title='bbox 1589 1892 1676 1923; x_wconf 90' lang='lat' dir='ltr'>cestes</span> <span class='ocrx_word' id='word_1_967' title='bbox 1691 1892 1800 1922; x_wconf 87' lang='lat' dir='ltr'>Lettres</span> <span class='ocrx_word' id='word_1_968' title='bbox 1814 1900 1928 1922; x_wconf 89' lang='lat' dir='ltr'>verront</span> <span class='ocrx_word' id='word_1_969' title='bbox 1942 1901 1980 1921; x_wconf 93' lang='lat' dir='ltr'>ou</span> <span class='ocrx_word' id='word_1_970' title='bbox 1994 1899 2114 1929; x_wconf 83' lang='lat' dir='ltr'>orront,</span> <span class='ocrx_word' id='word_1_971' title='bbox 2133 1891 2228 1922; x_wconf 86' lang='lat' dir='ltr'>Saluz.</span> 
     </span>
    </p>

    <p class='ocr_par' dir='ltr' id='par_1_73' title="bbox 1287 1930 1668 1970">
     <span class='ocr_line' id='line_1_162' title="bbox 1287 1930 1668 1970; baseline 0 -9"><span class='ocrx_word' id='word_1_972' title='bbox 1287 1930 1389 1961; x_wconf 89' lang='lat' dir='ltr'>Savoir</span> <span class='ocrx_word' id='word_1_973' title='bbox 1404 1942 1474 1961; x_wconf 93' lang='lat' dir='ltr'>vous</span> <span class='ocrx_word' id='word_1_974' title='bbox 1487 1932 1588 1962; x_wconf 81' lang='lat' dir='ltr'>failons</span> <span class='ocrx_word' id='word_1_975' title='bbox 1600 1941 1668 1970; x_wconf 87' lang='lat' dir='ltr'>que,</span> 
     </span>
    </p>

    <p class='ocr_par' dir='ltr' id='par_1_74' title="bbox 1251 1966 2312 2122">
     <span class='ocr_line' id='line_1_163' title="bbox 1290 1966 2310 2009; baseline 0.002 -11"><span class='ocrx_word' id='word_1_976' title='bbox 1290 1969 1396 2001; x_wconf 88' lang='lat' dir='ltr'>Pensez</span> <span class='ocrx_word' id='word_1_977' title='bbox 1411 1970 1599 2009; x_wconf 85' lang='lat' dir='ltr'>diligealment</span> <span class='ocrx_word' id='word_1_978' title='bbox 1613 1970 1646 2000; x_wconf 71' lang='grc' dir='ltr'>δε</span> <span class='ocrx_word' id='word_1_979' title='bbox 1659 1968 1822 1999; x_wconf 78' lang='lat' dir='ltr'>considerez</span> <span class='ocrx_word' id='word_1_980' title='bbox 1843 1968 1881 1998; x_wconf 85' lang='lat' dir='ltr'>les</span> <span class='ocrx_word' id='word_1_981' title='bbox 1899 1966 2031 1998; x_wconf 85' lang='lat' dir='ltr'>Grandes</span> <span class='ocrx_word' id='word_1_982' title='bbox 2054 1967 2177 1998; x_wconf 79' lang='lat' dir='ltr'>Amours</span> <span class='ocrx_word' id='word_1_983' title='bbox 2199 1969 2233 2000; x_wconf 91' lang='lat'>&amp;</span> <span class='ocrx_word' id='word_1_984' title='bbox 2256 1968 2310 2000; x_wconf 88' lang='lat' dir='ltr'>Af-</span> 
     </span>
     <span class='ocr_line' id='line_1_164' title="bbox 1251 2006 2311 2046; baseline 0 -9"><span class='ocrx_word' id='word_1_985' title='bbox 1251 2006 1377 2046; x_wconf 68' lang='lat' dir='ltr'>fefflon,</span> <span class='ocrx_word' id='word_1_986' title='bbox 1395 2009 1488 2046; x_wconf 86' lang='lat' dir='ltr'>quels,</span> <span class='ocrx_word' id='word_1_987' title='bbox 1506 2009 1601 2039; x_wconf 87' lang='lat' dir='ltr'>nostre</span> <span class='ocrx_word' id='word_1_988' title='bbox 1618 2008 1774 2038; x_wconf 86' lang='lat' dir='ltr'>Treschere</span> <span class='ocrx_word' id='word_1_989' title='bbox 1796 2007 1857 2037; x_wconf 88' lang='lat' dir='ltr'>Filz</span> <span class='ocrx_word' id='word_1_990' title='bbox 1873 2029 1882 2044; x_wconf 88' lang='lat'>,</span> <span class='ocrx_word' id='word_1_991' title='bbox 1908 2006 1980 2036; x_wconf 89' lang='lat' dir='ltr'>Allie</span> <span class='ocrx_word' id='word_1_992' title='bbox 1995 2029 2005 2043; x_wconf 74' lang='lat'>⁷</span> <span class='ocrx_word' id='word_1_993' title='bbox 2031 2006 2064 2036; x_wconf 69' lang='grc' dir='ltr'>ὃ(</span> <span class='ocrx_word' id='word_1_994' title='bbox 2087 2006 2180 2045; x_wconf 90' lang='lat' dir='ltr'>Foial‚</span> <span class='ocrx_word' id='word_1_995' title='bbox 2204 2007 2311 2046; x_wconf 82' lang='lat' dir='ltr'>Jehan,</span> 
     </span>
     <span class='ocr_line' id='line_1_165' title="bbox 1251 2043 2312 2088; baseline 0.002 -13"><span class='ocrx_word' id='word_1_996' title='bbox 1251 2044 1322 2077; x_wconf 90' lang='lat' dir='ltr'>Duc</span> <span class='ocrx_word' id='word_1_997' title='bbox 1337 2047 1372 2077; x_wconf 91' lang='lat' dir='ltr'>de</span> <span class='ocrx_word' id='word_1_998' title='bbox 1384 2045 1528 2086; x_wconf 87' lang='lat' dir='ltr'>Bretaign,</span> <span class='ocrx_word' id='word_1_999' title='bbox 1546 2046 1662 2076; x_wconf 87' lang='lat' dir='ltr'>Counte</span> <span class='ocrx_word' id='word_1_1000' title='bbox 1676 2046 1712 2076; x_wconf 92' lang='lat' dir='ltr'>de</span> <span class='ocrx_word' id='word_1_1001' title='bbox 1727 2044 1914 2076; x_wconf 87' lang='lat' dir='ltr'>Richemund</span> <span class='ocrx_word' id='word_1_1002' title='bbox 1929 2046 1961 2074; x_wconf 71' lang='grc' dir='ltr'>ὅ(</span> <span class='ocrx_word' id='word_1_1003' title='bbox 1976 2044 2012 2074; x_wconf 89' lang='lat' dir='ltr'>de</span> <span class='ocrx_word' id='word_1_1004' title='bbox 2029 2043 2214 2088; x_wconf 64' lang='lat' dir='ltr'>Mountford,</span> <span class='ocrx_word' id='word_1_1005' title='bbox 2234 2047 2312 2078; x_wconf 87' lang='lat' dir='ltr'>avoit</span> 
     </span>
     <span class='ocr_line' id='line_1_166' title="bbox 1251 2083 2152 2122; baseline -0.001 -8"><span class='ocrx_word' id='word_1_1006' title='bbox 1251 2094 1353 2122; x_wconf 87' lang='lat' dir='ltr'>portez</span> <span class='ocrx_word' id='word_1_1007' title='bbox 1372 2086 1495 2116; x_wconf 89' lang='lat' dir='ltr'>toutditz</span> <span class='ocrx_word' id='word_1_1008' title='bbox 1508 2096 1604 2116; x_wconf 82' lang='lat' dir='ltr'>envers</span> <span class='ocrx_word' id='word_1_1009' title='bbox 1619 2084 1720 2122; x_wconf 88' lang='lat' dir='ltr'>Nous,</span> <span class='ocrx_word' id='word_1_1010' title='bbox 1739 2094 1797 2114; x_wconf 91' lang='lat' dir='ltr'>noz</span> <span class='ocrx_word' id='word_1_1011' title='bbox 1812 2083 1953 2119; x_wconf 87' lang='lat' dir='ltr'>Enfantz,</span> <span class='ocrx_word' id='word_1_1012' title='bbox 1972 2084 2005 2114; x_wconf 67' lang='grc' dir='ltr'>ὃς</span> <span class='ocrx_word' id='word_1_1013' title='bbox 2020 2083 2152 2122; x_wconf 81' lang='lat' dir='ltr'>Subgiez‚</span> 
     </span>
    </p>

    <p class='ocr_par' dir='ltr' id='par_1_75' title="bbox 1251 2121 2316 2450">
     <span class='ocr_line' id='line_1_167' title="bbox 1289 2121 2310 2161; baseline -0.001 -7"><span class='ocrx_word' id='word_1_1014' title='bbox 1289 2123 1326 2154; x_wconf 90' lang='lat' dir='ltr'>Et</span> <span class='ocrx_word' id='word_1_1015' title='bbox 1339 2133 1456 2154; x_wconf 89' lang='lat' dir='ltr'>coment</span> <span class='ocrx_word' id='word_1_1016' title='bbox 1468 2123 1488 2154; x_wconf 92' lang='lat' dir='ltr'>il</span> <span class='ocrx_word' id='word_1_1017' title='bbox 1500 2124 1535 2155; x_wconf 90' lang='lat' dir='ltr'>ad</span> <span class='ocrx_word' id='word_1_1018' title='bbox 1546 2123 1614 2161; x_wconf 85' lang='lat' dir='ltr'>este,</span> <span class='ocrx_word' id='word_1_1019' title='bbox 1630 2124 1664 2154; x_wconf 89' lang='lat'>&amp;</span> <span class='ocrx_word' id='word_1_1020' title='bbox 1680 2132 1822 2160; x_wconf 87' lang='lat' dir='ltr'>uncqores</span> <span class='ocrx_word' id='word_1_1021' title='bbox 1837 2122 1895 2159; x_wconf 87' lang='lat' dir='ltr'>est,</span> <span class='ocrx_word' id='word_1_1022' title='bbox 1912 2121 2117 2160; x_wconf 58' lang='lat' dir='ltr'>affezenclins,</span> <span class='ocrx_word' id='word_1_1023' title='bbox 2130 2124 2163 2153; x_wconf 70' lang='grc' dir='ltr'>ὃς</span> <span class='ocrx_word' id='word_1_1024' title='bbox 2180 2122 2216 2153; x_wconf 87' lang='lat' dir='ltr'>de</span> <span class='ocrx_word' id='word_1_1025' title='bbox 2233 2124 2310 2155; x_wconf 90' lang='lat' dir='ltr'>bone</span> 
     </span>
     <span class='ocr_line' id='line_1_168' title="bbox 1254 2160 2314 2200; baseline 0.001 -9"><span class='ocrx_word' id='word_1_1026' title='bbox 1254 2162 1387 2200; x_wconf 87' lang='lat' dir='ltr'>volente,</span> <span class='ocrx_word' id='word_1_1027' title='bbox 1401 2162 1586 2193; x_wconf 87' lang='lat' dir='ltr'>d&#39;Avansoier</span> <span class='ocrx_word' id='word_1_1028' title='bbox 1599 2161 1694 2192; x_wconf 90' lang='lat' dir='ltr'>nostre</span> <span class='ocrx_word' id='word_1_1029' title='bbox 1706 2161 1775 2191; x_wconf 88' lang='lat' dir='ltr'>Bien</span> <span class='ocrx_word' id='word_1_1030' title='bbox 1790 2162 1824 2192; x_wconf 66' lang='grc' dir='ltr'>ὃς</span> <span class='ocrx_word' id='word_1_1031' title='bbox 1840 2160 1947 2190; x_wconf 91' lang='lat' dir='ltr'>Honur</span> <span class='ocrx_word' id='word_1_1032' title='bbox 1960 2181 1970 2197; x_wconf 92' lang='lat'>,</span> <span class='ocrx_word' id='word_1_1033' title='bbox 1985 2169 2020 2189; x_wconf 91' lang='lat' dir='ltr'>en</span> <span class='ocrx_word' id='word_1_1034' title='bbox 2041 2170 2127 2197; x_wconf 89' lang='lat' dir='ltr'>quant</span> <span class='ocrx_word' id='word_1_1035' title='bbox 2150 2163 2167 2190; x_wconf 86' lang='lat' dir='ltr'>il</span> <span class='ocrx_word' id='word_1_1036' title='bbox 2186 2162 2219 2191; x_wconf 93' lang='lat' dir='ltr'>ad</span> <span class='ocrx_word' id='word_1_1037' title='bbox 2243 2172 2314 2199; x_wconf 83' lang='lat' dir='ltr'>pocu</span> 
     </span>
     <span class='ocr_line' id='line_1_169' title="bbox 1252 2198 2314 2243; baseline 0 -13"><span class='ocrx_word' id='word_1_1038' title='bbox 1252 2201 1408 2231; x_wconf 86' lang='lat' dir='ltr'>bonement</span> <span class='ocrx_word' id='word_1_1039' title='bbox 1420 2201 1503 2240; x_wconf 87' lang='lat' dir='ltr'>faire,</span> <span class='ocrx_word' id='word_1_1040' title='bbox 1521 2201 1557 2231; x_wconf 91' lang='lat' dir='ltr'>de</span> <span class='ocrx_word' id='word_1_1041' title='bbox 1569 2202 1645 2231; x_wconf 87' lang='lat' dir='ltr'>bone</span> <span class='ocrx_word' id='word_1_1042' title='bbox 1659 2198 1783 2230; x_wconf 88' lang='lat' dir='ltr'>Confort</span> <span class='ocrx_word' id='word_1_1043' title='bbox 1799 2202 1832 2230; x_wconf 67' lang='grc' dir='ltr'>ὃς</span> <span class='ocrx_word' id='word_1_1044' title='bbox 1848 2198 1976 2237; x_wconf 76' lang='lat' dir='ltr'>Cor-age,</span> <span class='ocrx_word' id='word_1_1045' title='bbox 2002 2198 2037 2228; x_wconf 91' lang='lat' dir='ltr'>de</span> <span class='ocrx_word' id='word_1_1046' title='bbox 2058 2198 2170 2243; x_wconf 70' lang='lat' dir='ltr'>Grever</span> <span class='ocrx_word' id='word_1_1047' title='bbox 2191 2209 2248 2230; x_wconf 76' lang='lat' dir='ltr'>noz</span> <span class='ocrx_word' id='word_1_1048' title='bbox 2272 2200 2314 2230; x_wconf 88' lang='lat' dir='ltr'>E-</span> 
     </span>
     <span class='ocr_line' id='line_1_170' title="bbox 1252 2235 2314 2280; baseline -0.001 -11"><span class='ocrx_word' id='word_1_1049' title='bbox 1252 2240 1344 2269; x_wconf 89' lang='lat' dir='ltr'>nemis</span> <span class='ocrx_word' id='word_1_1050' title='bbox 1357 2240 1390 2270; x_wconf 90' lang='lat'>&amp;</span> <span class='ocrx_word' id='word_1_1051' title='bbox 1406 2236 1662 2276; x_wconf 79' lang='lat' dir='ltr'>Maleveuilliantz,</span> <span class='ocrx_word' id='word_1_1052' title='bbox 1680 2248 1716 2268; x_wconf 89' lang='lat' dir='ltr'>en</span> <span class='ocrx_word' id='word_1_1053' title='bbox 1731 2238 1862 2276; x_wconf 84' lang='lat' dir='ltr'>quielque</span> <span class='ocrx_word' id='word_1_1054' title='bbox 1877 2246 1952 2275; x_wconf 82' lang='lat' dir='ltr'>part,</span> <span class='ocrx_word' id='word_1_1055' title='bbox 1970 2235 2078 2273; x_wconf 74' lang='lat' dir='ltr'>Tevre,</span> <span class='ocrx_word' id='word_1_1056' title='bbox 2094 2236 2182 2280; x_wconf 64' lang='lat' dir='ltr'>Raris,</span> <span class='ocrx_word' id='word_1_1057' title='bbox 2197 2248 2236 2268; x_wconf 91' lang='lat' dir='ltr'>ou</span> <span class='ocrx_word' id='word_1_1058' title='bbox 2252 2237 2314 2268; x_wconf 87' lang='lat' dir='ltr'>Re-</span> 
     </span>
     <span class='ocr_line' id='line_1_171' title="bbox 1251 2275 2315 2317; baseline -0.001 -9"><span class='ocrx_word' id='word_1_1059' title='bbox 1251 2286 1307 2317; x_wconf 87' lang='lat' dir='ltr'>gne</span> <span class='ocrx_word' id='word_1_1060' title='bbox 1322 2278 1358 2308; x_wconf 89' lang='lat' dir='ltr'>de</span> <span class='ocrx_word' id='word_1_1061' title='bbox 1372 2277 1504 2308; x_wconf 88' lang='lat' dir='ltr'>Mounde</span> <span class='ocrx_word' id='word_1_1062' title='bbox 1517 2278 1575 2317; x_wconf 86' lang='lat' dir='ltr'>q&#39;ils</span> <span class='ocrx_word' id='word_1_1063' title='bbox 1590 2277 1670 2314; x_wconf 89' lang='lat' dir='ltr'>sont,</span> <span class='ocrx_word' id='word_1_1064' title='bbox 1688 2277 1720 2307; x_wconf 73' lang='grc' dir='ltr'>δε</span> <span class='ocrx_word' id='word_1_1065' title='bbox 1734 2276 1823 2306; x_wconf 90' lang='lat' dir='ltr'>Nous</span> <span class='ocrx_word' id='word_1_1066' title='bbox 1840 2276 1925 2306; x_wconf 87' lang='lat' dir='ltr'>Aider</span> <span class='ocrx_word' id='word_1_1067' title='bbox 1939 2276 1972 2306; x_wconf 75' lang='grc' dir='ltr'>δε</span> <span class='ocrx_word' id='word_1_1068' title='bbox 1987 2275 2162 2305; x_wconf 82' lang='lat' dir='ltr'>Counsailler</span> <span class='ocrx_word' id='word_1_1069' title='bbox 2177 2286 2192 2306; x_wconf 88' lang='lat' dir='ltr'>a</span> <span class='ocrx_word' id='word_1_1070' title='bbox 2215 2276 2315 2307; x_wconf 81' lang='lat' dir='ltr'>Reco-</span> 
     </span>
     <span class='ocr_line' id='line_1_172' title="bbox 1252 2313 2315 2353; baseline -0.001 -6"><span class='ocrx_word' id='word_1_1071' title='bbox 1252 2317 1326 2348; x_wconf 90' lang='lat' dir='ltr'>verir</span> <span class='ocrx_word' id='word_1_1072' title='bbox 1341 2317 1374 2347; x_wconf 89' lang='lat'>&amp;</span> <span class='ocrx_word' id='word_1_1073' title='bbox 1390 2315 1546 2347; x_wconf 87' lang='lat' dir='ltr'>Maintenir</span> <span class='ocrx_word' id='word_1_1074' title='bbox 1560 2315 1654 2345; x_wconf 86' lang='lat' dir='ltr'>nostre</span> <span class='ocrx_word' id='word_1_1075' title='bbox 1670 2314 1795 2353; x_wconf 82' lang='lat' dir='ltr'>Qerele</span> <span class='ocrx_word' id='word_1_1076' title='bbox 1808 2314 1841 2344; x_wconf 88' lang='lat'>&amp;</span> <span class='ocrx_word' id='word_1_1077' title='bbox 1864 2313 1954 2344; x_wconf 83' lang='lat' dir='ltr'>Droit</span> <span class='ocrx_word' id='word_1_1078' title='bbox 1972 2322 2107 2343; x_wconf 88' lang='lat' dir='ltr'>encontre</span> <span class='ocrx_word' id='word_1_1079' title='bbox 2126 2323 2186 2344; x_wconf 86' lang='lat' dir='ltr'>noz</span> <span class='ocrx_word' id='word_1_1080' title='bbox 2206 2315 2315 2346; x_wconf 89' lang='lat' dir='ltr'>Adver-</span> 
     </span>
     <span class='ocr_line' id='line_1_173' title="bbox 1252 2351 2316 2394; baseline 0 -9"><span class='ocrx_word' id='word_1_1081' title='bbox 1252 2355 1330 2385; x_wconf 84' lang='lat' dir='ltr'>saires</span> <span class='ocrx_word' id='word_1_1082' title='bbox 1351 2355 1547 2393; x_wconf 87' lang='lat' dir='ltr'>quielconqes,</span> <span class='ocrx_word' id='word_1_1083' title='bbox 1571 2354 1606 2385; x_wconf 90' lang='lat' dir='ltr'>de</span> <span class='ocrx_word' id='word_1_1084' title='bbox 1627 2355 1757 2393; x_wconf 85' lang='lat' dir='ltr'>quielque</span> <span class='ocrx_word' id='word_1_1085' title='bbox 1778 2351 1856 2383; x_wconf 84' lang='lat' dir='ltr'>Estat</span> <span class='ocrx_word' id='word_1_1086' title='bbox 1871 2375 1880 2390; x_wconf 92' lang='lat'>,</span> <span class='ocrx_word' id='word_1_1087' title='bbox 1904 2352 2020 2390; x_wconf 86' lang='lat' dir='ltr'>Dignite</span> <span class='ocrx_word' id='word_1_1088' title='bbox 2034 2373 2044 2389; x_wconf 92' lang='lat'>‚</span> <span class='ocrx_word' id='word_1_1089' title='bbox 2069 2351 2253 2394; x_wconf 84' lang='lat' dir='ltr'>Condicion,</span> <span class='ocrx_word' id='word_1_1090' title='bbox 2276 2364 2316 2386; x_wconf 92' lang='lat' dir='ltr'>ou</span> 
     </span>
     <span class='ocr_line' id='line_1_174' title="bbox 1253 2392 1977 2450; baseline -0.003 -25"><span class='ocrx_word' id='word_1_1091' title='bbox 1253 2394 1367 2450; x_wconf 55' lang='lat' dir='ltr'>Nation</span> <span class='ocrx_word' id='word_1_1092' title='bbox 1381 2392 1440 2432; x_wconf 86' lang='lat' dir='ltr'>q’ils</span> <span class='ocrx_word' id='word_1_1093' title='bbox 1457 2392 1558 2432; x_wconf 86' lang='lat' dir='ltr'>soient,</span> <span class='ocrx_word' id='word_1_1094' title='bbox 1974 2410 1977 2412; x_wconf 92' lang='lat'><em>-</em></span> 
     </span>
    </p>

    <p class='ocr_par' dir='ltr' id='par_1_76' title="bbox 1254 2432 2317 2622">
     <span class='ocr_line' id='line_1_175' title="bbox 1291 2432 2317 2507; baseline 0.001 -7"><span class='ocrx_word' id='word_1_1095' title='bbox 1291 2432 1404 2501; x_wconf 40' lang='lat' dir='ltr'>113⁴ssqu</span> <span class='ocrx_word' id='word_1_1096' title='bbox 1419 2471 1509 2502; x_wconf 88' lang='lat' dir='ltr'>causes</span> <span class='ocrx_word' id='word_1_1097' title='bbox 1524 2469 1650 2507; x_wconf 84' lang='lat' dir='ltr'>sutsditz,</span> <span class='ocrx_word' id='word_1_1098' title='bbox 1667 2469 1700 2501; x_wconf 87' lang='lat'>&amp;</span> <span class='ocrx_word' id='word_1_1099' title='bbox 1714 2476 1804 2499; x_wconf 87' lang='lat' dir='ltr'>autres</span> <span class='ocrx_word' id='word_1_1100' title='bbox 1817 2467 1943 2506; x_wconf 86' lang='lat' dir='ltr'>plusours</span> <span class='ocrx_word' id='word_1_1101' title='bbox 1959 2466 2113 2498; x_wconf 82' lang='lat' dir='ltr'>resonables</span> <span class='ocrx_word' id='word_1_1102' title='bbox 2131 2491 2140 2507; x_wconf 92' lang='lat'>,</span> <span class='ocrx_word' id='word_1_1103' title='bbox 2167 2468 2317 2501; x_wconf 86' lang='lat' dir='ltr'>veulliantz</span> 
     </span>
     <span class='ocr_line' id='line_1_176' title="bbox 1255 2506 2316 2547; baseline 0 -8"><span class='ocrx_word' id='word_1_1104' title='bbox 1255 2508 1349 2539; x_wconf 90' lang='lat' dir='ltr'>nostre</span> <span class='ocrx_word' id='word_1_1105' title='bbox 1365 2509 1427 2540; x_wconf 89' lang='lat' dir='ltr'>Filz</span> <span class='ocrx_word' id='word_1_1106' title='bbox 1439 2510 1580 2547; x_wconf 86' lang='lat' dir='ltr'>avantdit,</span> <span class='ocrx_word' id='word_1_1107' title='bbox 1596 2509 1628 2539; x_wconf 61' lang='grc' dir='ltr'>ὃς</span> <span class='ocrx_word' id='word_1_1108' title='bbox 1641 2509 1680 2538; x_wconf 89' lang='lat' dir='ltr'>ses</span> <span class='ocrx_word' id='word_1_1109' title='bbox 1693 2507 1833 2544; x_wconf 85' lang='lat' dir='ltr'>Enfantz,</span> <span class='ocrx_word' id='word_1_1110' title='bbox 1851 2506 2015 2544; x_wconf 80' lang='lat' dir='ltr'>Regarder,</span> <span class='ocrx_word' id='word_1_1111' title='bbox 2041 2508 2073 2538; x_wconf 90' lang='lat'>&amp;</span> <span class='ocrx_word' id='word_1_1112' title='bbox 2090 2507 2147 2537; x_wconf 89' lang='lat' dir='ltr'>leur</span> <span class='ocrx_word' id='word_1_1113' title='bbox 2169 2506 2267 2539; x_wconf 85' lang='lat' dir='ltr'>Estatz</span> <span class='ocrx_word' id='word_1_1114' title='bbox 2281 2509 2316 2539; x_wconf 89' lang='lat'>&amp;</span> 
     </span>
     <span class='ocr_line' id='line_1_177' title="bbox 1254 2547 2315 2585; baseline 0.001 -8"><span class='ocrx_word' id='word_1_1115' title='bbox 1254 2547 1393 2578; x_wconf 90' lang='lat' dir='ltr'>Honours</span> <span class='ocrx_word' id='word_1_1116' title='bbox 1408 2548 1566 2583; x_wconf 83' lang='lat' dir='ltr'>avansoier,</span> <span class='ocrx_word' id='word_1_1117' title='bbox 1581 2556 1616 2576; x_wconf 89' lang='lat' dir='ltr'>en</span> <span class='ocrx_word' id='word_1_1118' title='bbox 1637 2555 1779 2585; x_wconf 81' lang='lat' dir='ltr'>quamque</span> <span class='ocrx_word' id='word_1_1119' title='bbox 1796 2547 1952 2575; x_wconf 82' lang='lat' dir='ltr'>bonement</span> <span class='ocrx_word' id='word_1_1120' title='bbox 1983 2555 2054 2575; x_wconf 90' lang='lat' dir='ltr'>nous</span> <span class='ocrx_word' id='word_1_1121' title='bbox 2072 2555 2210 2584; x_wconf 85' lang='lat' dir='ltr'>purrons,</span> <span class='ocrx_word' id='word_1_1122' title='bbox 2228 2556 2315 2578; x_wconf 88' lang='lat' dir='ltr'>come</span> 
     </span>
     <span class='ocr_line' id='line_1_178' title="bbox 1255 2584 1791 2622; baseline -0.006 -6"><span class='ocrx_word' id='word_1_1123' title='bbox 1255 2585 1351 2616; x_wconf 87' lang='lat' dir='ltr'>Reson</span> <span class='ocrx_word' id='word_1_1124' title='bbox 1365 2587 1389 2617; x_wconf 88' lang='lat' dir='ltr'>le</span> <span class='ocrx_word' id='word_1_1125' title='bbox 1405 2596 1469 2617; x_wconf 89' lang='lat' dir='ltr'>voet</span> <span class='ocrx_word' id='word_1_1126' title='bbox 1485 2586 1517 2617; x_wconf 70' lang='grc' dir='ltr'>ὃς</span> <span class='ocrx_word' id='word_1_1127' title='bbox 1535 2585 1603 2615; x_wconf 88' lang='lat' dir='ltr'>Leie</span> <span class='ocrx_word' id='word_1_1128' title='bbox 1615 2584 1650 2614; x_wconf 92' lang='lat' dir='ltr'>de</span> <span class='ocrx_word' id='word_1_1129' title='bbox 1669 2584 1791 2622; x_wconf 89' lang='lat' dir='ltr'>Nature,</span> 
     </span>
    </p>

    <p class='ocr_par' dir='ltr' id='par_1_77' title="bbox 1256 2620 2319 2739">
     <span class='ocr_line' id='line_1_179' title="bbox 1294 2620 2319 2660; baseline -0.001 -6"><span class='ocrx_word' id='word_1_1130' title='bbox 1294 2625 1346 2654; x_wconf 88' lang='lat' dir='ltr'>Par</span> <span class='ocrx_word' id='word_1_1131' title='bbox 1365 2622 1475 2655; x_wconf 86' lang='lat' dir='ltr'>l’Advis</span> <span class='ocrx_word' id='word_1_1132' title='bbox 1498 2625 1529 2654; x_wconf 67' lang='grc' dir='ltr'>ὃς</span> <span class='ocrx_word' id='word_1_1133' title='bbox 1549 2622 1749 2654; x_wconf 83' lang='lat' dir='ltr'>Affentement</span> <span class='ocrx_word' id='word_1_1134' title='bbox 1768 2623 1816 2652; x_wconf 91' lang='lat' dir='ltr'>des</span> <span class='ocrx_word' id='word_1_1135' title='bbox 1838 2622 1949 2653; x_wconf 87' lang='lat' dir='ltr'>Prelatz</span> <span class='ocrx_word' id='word_1_1136' title='bbox 1964 2643 1973 2659; x_wconf 85' lang='lat'>,</span> <span class='ocrx_word' id='word_1_1137' title='bbox 2000 2620 2146 2660; x_wconf 80' lang='lat' dir='ltr'>Seignurs‚</span> <span class='ocrx_word' id='word_1_1138' title='bbox 2169 2621 2202 2653; x_wconf 88' lang='lat'>&amp;</span> <span class='ocrx_word' id='word_1_1139' title='bbox 2231 2631 2319 2655; x_wconf 86' lang='lat' dir='ltr'>autres</span> 
     </span>
     <span class='ocr_line' id='line_1_180' title="bbox 1256 2659 2318 2701; baseline -0.001 -8"><span class='ocrx_word' id='word_1_1140' title='bbox 1256 2662 1386 2698; x_wconf 83' lang='lat' dir='ltr'>Grandes</span> <span class='ocrx_word' id='word_1_1141' title='bbox 1400 2664 1433 2700; x_wconf 71' lang='grc' dir='ltr'>δε</span> <span class='ocrx_word' id='word_1_1142' title='bbox 1455 2663 1537 2701; x_wconf 86' lang='lat' dir='ltr'>Sages</span> <span class='ocrx_word' id='word_1_1143' title='bbox 1559 2661 1594 2691; x_wconf 90' lang='lat' dir='ltr'>de</span> <span class='ocrx_word' id='word_1_1144' title='bbox 1612 2660 1707 2690; x_wconf 88' lang='lat' dir='ltr'>nostre</span> <span class='ocrx_word' id='word_1_1145' title='bbox 1727 2659 1862 2691; x_wconf 90' lang='lat' dir='ltr'>Counseil</span> <span class='ocrx_word' id='word_1_1146' title='bbox 1876 2684 1888 2700; x_wconf 92' lang='lat'>,</span> <span class='ocrx_word' id='word_1_1147' title='bbox 1910 2661 1946 2691; x_wconf 89' lang='lat' dir='ltr'>de</span> <span class='ocrx_word' id='word_1_1148' title='bbox 1970 2660 2066 2690; x_wconf 88' lang='lat' dir='ltr'>nostre</span> <span class='ocrx_word' id='word_1_1149' title='bbox 2085 2659 2266 2700; x_wconf 83' lang='lat' dir='ltr'>Prerogative</span> <span class='ocrx_word' id='word_1_1150' title='bbox 2284 2663 2318 2694; x_wconf 89' lang='lat'>&amp;</span> 
     </span>
     <span class='ocr_line' id='line_1_181' title="bbox 1256 2698 1764 2739; baseline -0.006 -9"><span class='ocrx_word' id='word_1_1151' title='bbox 1256 2700 1339 2731; x_wconf 90' lang='lat' dir='ltr'>Poair</span> <span class='ocrx_word' id='word_1_1152' title='bbox 1352 2700 1438 2731; x_wconf 87' lang='lat' dir='ltr'>Roial</span> <span class='ocrx_word' id='word_1_1153' title='bbox 1451 2725 1460 2739; x_wconf 91' lang='lat'>‚</span> <span class='ocrx_word' id='word_1_1154' title='bbox 1481 2702 1513 2732; x_wconf 72' lang='grc' dir='ltr'>ὃ(</span> <span class='ocrx_word' id='word_1_1155' title='bbox 1528 2699 1564 2730; x_wconf 92' lang='lat' dir='ltr'>de</span> <span class='ocrx_word' id='word_1_1156' title='bbox 1579 2698 1647 2729; x_wconf 88' lang='lat' dir='ltr'>Bien</span> <span class='ocrx_word' id='word_1_1157' title='bbox 1666 2699 1764 2736; x_wconf 80' lang='lat' dir='ltr'>pleifir,</span> 
     </span>
    </p>

    <p class='ocr_par' dir='ltr' id='par_1_78' title="bbox 1255 2733 2321 3044">
     <span class='ocr_line' id='line_1_182' title="bbox 1294 2733 2321 2780; baseline 0 -10"><span class='ocrx_word' id='word_1_1158' title='bbox 1294 2738 1436 2778; x_wconf 85' lang='lat' dir='ltr'>Donons,</span> <span class='ocrx_word' id='word_1_1159' title='bbox 1455 2737 1621 2776; x_wconf 76' lang='lat' dir='ltr'>Grantons,</span> <span class='ocrx_word' id='word_1_1160' title='bbox 1637 2738 1669 2768; x_wconf 91' lang='lat'>&amp;</span> <span class='ocrx_word' id='word_1_1161' title='bbox 1684 2737 1912 2775; x_wconf 79' lang='lat' dir='ltr'>Transportons‚</span> <span class='ocrx_word' id='word_1_1162' title='bbox 1930 2744 1978 2774; x_wconf 85' lang='lat' dir='ltr'>pat</span> <span class='ocrx_word' id='word_1_1163' title='bbox 1994 2733 2082 2780; x_wconf 80' lang='lat' dir='ltr'>cestes</span> <span class='ocrx_word' id='word_1_1164' title='bbox 2095 2736 2233 2774; x_wconf 88' lang='lat' dir='ltr'>presentes</span> <span class='ocrx_word' id='word_1_1165' title='bbox 2251 2736 2321 2770; x_wconf 88' lang='lat' dir='ltr'>Let-</span> 
     </span>
     <span class='ocr_line' id='line_1_183' title="bbox 1255 2774 2320 2817; baseline 0 -9"><span class='ocrx_word' id='word_1_1166' title='bbox 1255 2783 1326 2816; x_wconf 84' lang='lat' dir='ltr'>tres,</span> <span class='ocrx_word' id='word_1_1167' title='bbox 1345 2789 1376 2817; x_wconf 79' lang='lat' dir='ltr'>a,</span> <span class='ocrx_word' id='word_1_1168' title='bbox 1394 2778 1491 2809; x_wconf 90' lang='lat' dir='ltr'>nostre</span> <span class='ocrx_word' id='word_1_1169' title='bbox 1503 2778 1544 2808; x_wconf 88' lang='lat' dir='ltr'>dit</span> <span class='ocrx_word' id='word_1_1170' title='bbox 1558 2776 1636 2814; x_wconf 84' lang='lat' dir='ltr'>Filz,</span> <span class='ocrx_word' id='word_1_1171' title='bbox 1652 2775 1678 2806; x_wconf 90' lang='lat' dir='ltr'>le</span> <span class='ocrx_word' id='word_1_1172' title='bbox 1694 2775 1782 2814; x_wconf 90' lang='lat' dir='ltr'>Due,</span> <span class='ocrx_word' id='word_1_1173' title='bbox 1808 2777 1842 2807; x_wconf 67' lang='grc' dir='ltr'>ὅ(</span> <span class='ocrx_word' id='word_1_1174' title='bbox 1858 2786 1874 2805; x_wconf 90' lang='lat' dir='ltr'>a</span> <span class='ocrx_word' id='word_1_1175' title='bbox 1895 2776 1934 2806; x_wconf 87' lang='lat' dir='ltr'>ses</span> <span class='ocrx_word' id='word_1_1176' title='bbox 1957 2774 2044 2805; x_wconf 82' lang='lat' dir='ltr'>Hoirs</span> <span class='ocrx_word' id='word_1_1177' title='bbox 2061 2798 2071 2813; x_wconf 91' lang='lat'>,</span> <span class='ocrx_word' id='word_1_1178' title='bbox 2095 2775 2130 2805; x_wconf 93' lang='lat' dir='ltr'>de</span> <span class='ocrx_word' id='word_1_1179' title='bbox 2152 2776 2201 2806; x_wconf 93' lang='lat' dir='ltr'>son</span> <span class='ocrx_word' id='word_1_1180' title='bbox 2225 2776 2320 2815; x_wconf 86' lang='lat' dir='ltr'>Corps</span> 
     </span>
     <span class='ocr_line' id='line_1_184' title="bbox 1255 2812 2318 2856; baseline 0 -11"><span class='ocrx_word' id='word_1_1181' title='bbox 1255 2822 1409 2856; x_wconf 81' lang='lat' dir='ltr'>procreez,</span> <span class='ocrx_word' id='word_1_1182' title='bbox 1429 2824 1516 2855; x_wconf 89' lang='lat' dir='ltr'>quant</span> <span class='ocrx_word' id='word_1_1183' title='bbox 1529 2814 1575 2853; x_wconf 87' lang='lat' dir='ltr'>q’il</span> <span class='ocrx_word' id='word_1_1184' title='bbox 1588 2820 1690 2852; x_wconf 88' lang='lat' dir='ltr'>pourta</span> <span class='ocrx_word' id='word_1_1185' title='bbox 1703 2813 1861 2844; x_wconf 89' lang='lat' dir='ltr'>Recoverir</span> <span class='ocrx_word' id='word_1_1186' title='bbox 1875 2814 1909 2845; x_wconf 91' lang='lat'>&amp;</span> <span class='ocrx_word' id='word_1_1187' title='bbox 1923 2812 2092 2852; x_wconf 86' lang='lat' dir='ltr'>Conquerre</span> <span class='ocrx_word' id='word_1_1188' title='bbox 2105 2814 2148 2844; x_wconf 91' lang='lat' dir='ltr'>sur</span> <span class='ocrx_word' id='word_1_1189' title='bbox 2160 2823 2218 2844; x_wconf 87' lang='lat' dir='ltr'>noz</span> <span class='ocrx_word' id='word_1_1190' title='bbox 2240 2814 2318 2845; x_wconf 86' lang='lat' dir='ltr'>Ene-</span> 
     </span>
     <span class='ocr_line' id='line_1_185' title="bbox 1255 2850 2318 2923; baseline -0.002 0"><span class='ocrx_word' id='word_1_1191' title='bbox 1255 2864 1316 2923; x_wconf 56' lang='grc' dir='ltr'>’ῧ-Υὲ</span> <span class='ocrx_word' id='word_1_1192' title='bbox 1329 2866 1364 2885; x_wconf 76' lang='lat'>‘³¹¹</span> <span class='ocrx_word' id='word_1_1193' title='bbox 1377 2850 2318 2923; x_wconf 50' lang='lat' dir='ltr'>¹¹⁰st‘ecR⁰i³³¹¹¹5ririsF‘enhcaffiffssntiiffrtffrssfisssse⁵tercrssss&#39;niffssss’</span> 
     </span>
     <span class='ocr_line' id='line_1_186' title="bbox 1256 2903 2319 2972; baseline -0.002 -10"><span class='ocrx_word' id='word_1_1194' title='bbox 1256 2903 1441 2971; x_wconf 42' lang='lat' dir='ltr'>serfffgtrsrltgsd</span> <span class='ocrx_word' id='word_1_1195' title='bbox 1456 2903 1629 2971; x_wconf 37' lang='lat' dir='ltr'>ngffgeffir&#39;ieffi</span> <span class='ocrx_word' id='word_1_1196' title='bbox 1646 2913 1706 2959; x_wconf 67' lang='lat' dir='ltr'>affi’s</span> <span class='ocrx_word' id='word_1_1197' title='bbox 1718 2912 1910 2972; x_wconf 22' lang='lat' dir='ltr'>*deinzqnost—ie</span> <span class='ocrx_word' id='word_1_1198' title='bbox 1925 2927 1966 2958; x_wconf 92' lang='lat' dir='ltr'>dit</span> <span class='ocrx_word' id='word_1_1199' title='bbox 1983 2912 2115 2959; x_wconf 71' lang='lat' dir='ltr'>Roialrr&#39;ie</span> <span class='ocrx_word' id='word_1_1200' title='bbox 2136 2928 2171 2958; x_wconf 94' lang='lat' dir='ltr'>de</span> <span class='ocrx_word' id='word_1_1201' title='bbox 2194 2913 2319 2972; x_wconf 72' lang='lat' dir='ltr'>F&#39;rance,</span> 
     </span>
     <span class='ocr_line' id='line_1_187' title="bbox 1256 2966 2315 3044; baseline -0.003 -5"><span class='ocrx_word' id='word_1_1202' title='bbox 1256 2967 1935 3040; x_wconf 43' lang='lat' dir='ltr'>{313⁰igffffissehfflr‘ssffirssnleffiee‘iliffiusss’oeffi</span> <span class='ocrx_word' id='word_1_1203' title='bbox 1946 2976 1960 2995; x_wconf 77' lang='lat'>²</span> <span class='ocrx_word' id='word_1_1204' title='bbox 1970 2966 2070 3035; x_wconf 57' lang='lat' dir='ltr'>epffssezz</span> <span class='ocrx_word' id='word_1_1205' title='bbox 2078 2966 2315 3044; x_wconf 55' lang='lat' dir='ltr'>ffoisrsenisszf‘igi</span> 
     </span>
    </p>

    <p class='ocr_par' dir='ltr' id='par_1_79' title="bbox 1257 3028 2187 3088">
     <span class='ocr_line' id='line_1_188' title="bbox 1873 3028 2187 3044; baseline 0.003 -1"><span class='ocrx_word' id='word_1_1206' title='bbox 1873 3028 1883 3043; x_wconf 72' lang='lat'>³</span> <span class='ocrx_word' id='word_1_1207' title='bbox 2177 3028 2187 3044; x_wconf 68' lang='lat'><em>2</em></span> 
     </span>
     <span class='ocr_line' id='line_1_189' title="bbox 1257 3031 2089 3088; baseline -0.011 -10"><span class='ocrx_word' id='word_1_1208' title='bbox 1257 3031 1384 3078; x_wconf 73' lang='lat' dir='ltr'>Servi&#39;ces</span> <span class='ocrx_word' id='word_1_1209' title='bbox 1397 3056 1444 3078; x_wconf 89' lang='lat' dir='ltr'>ent</span> <span class='ocrx_word' id='word_1_1210' title='bbox 1457 3048 1531 3078; x_wconf 84' lang='lat' dir='ltr'>duez</span> <span class='ocrx_word' id='word_1_1211' title='bbox 1548 3045 1580 3076; x_wconf 77' lang='grc' dir='ltr'>ὅ(</span> <span class='ocrx_word' id='word_1_1212' title='bbox 1593 3043 1787 3082; x_wconf 85' lang='lat' dir='ltr'>accustumez,</span> <span class='ocrx_word' id='word_1_1213' title='bbox 2082 3081 2089 3088; x_wconf 32' lang='lat'><em>⁶</em></span> 
     </span>
    </p>

    <p class='ocr_par' dir='ltr' id='par_1_80' title="bbox 1295 3081 2316 3124">
     <span class='ocr_line' id='line_1_190' title="bbox 1295 3081 2316 3124; baseline -0.004 -8"><span class='ocrx_word' id='word_1_1214' title='bbox 1295 3085 1438 3124; x_wconf 83' lang='lat' dir='ltr'>Exceptez</span> <span class='ocrx_word' id='word_1_1215' title='bbox 1451 3087 1483 3116; x_wconf 72' lang='grc' dir='ltr'>δε</span> <span class='ocrx_word' id='word_1_1216' title='bbox 1501 3084 1658 3120; x_wconf 86' lang='lat' dir='ltr'>Reservez,</span> <span class='ocrx_word' id='word_1_1217' title='bbox 1678 3092 1725 3120; x_wconf 80' lang='lat' dir='ltr'>par</span> <span class='ocrx_word' id='word_1_1218' title='bbox 1739 3081 1865 3119; x_wconf 80' lang='lat' dir='ltr'>expresse</span> <span class='ocrx_word' id='word_1_1219' title='bbox 1879 3083 1912 3113; x_wconf 89' lang='lat'>&amp;</span> <span class='ocrx_word' id='word_1_1220' title='bbox 1929 3091 1977 3120; x_wconf 86' lang='lat' dir='ltr'>par</span> <span class='ocrx_word' id='word_1_1221' title='bbox 1998 3081 2151 3120; x_wconf 74' lang='lat' dir='ltr'>especmle,</span> <span class='ocrx_word' id='word_1_1222' title='bbox 2172 3092 2188 3113; x_wconf 87' lang='lat' dir='ltr'>a</span> <span class='ocrx_word' id='word_1_1223' title='bbox 2211 3082 2316 3121; x_wconf 89' lang='lat' dir='ltr'>Nous,</span> 
     </span>
    </p>

    <p class='ocr_par' dir='ltr' id='par_1_81' title="bbox 1256 3120 2317 3235">
     <span class='ocr_line' id='line_1_191' title="bbox 1256 3120 2317 3161; baseline -0.006 -5"><span class='ocrx_word' id='word_1_1224' title='bbox 1256 3124 1290 3155; x_wconf 90' lang='lat'>&amp;</span> <span class='ocrx_word' id='word_1_1225' title='bbox 1305 3136 1320 3156; x_wconf 90' lang='lat' dir='ltr'>a</span> <span class='ocrx_word' id='word_1_1226' title='bbox 1333 3133 1392 3155; x_wconf 86' lang='lat' dir='ltr'>noz</span> <span class='ocrx_word' id='word_1_1227' title='bbox 1405 3125 1508 3161; x_wconf 85' lang='lat' dir='ltr'>l-loirs,</span> <span class='ocrx_word' id='word_1_1228' title='bbox 1527 3129 1618 3152; x_wconf 87' lang='lat' dir='ltr'>toutes</span> <span class='ocrx_word' id='word_1_1229' title='bbox 1631 3122 1667 3150; x_wconf 83' lang='lat' dir='ltr'>les</span> <span class='ocrx_word' id='word_1_1230' title='bbox 1679 3120 1852 3158; x_wconf 87' lang='lat' dir='ltr'>Domaines,</span> <span class='ocrx_word' id='word_1_1231' title='bbox 1871 3120 2017 3159; x_wconf 82' lang='lat' dir='ltr'>Regalite,</span> <span class='ocrx_word' id='word_1_1232' title='bbox 2035 3120 2160 3151; x_wconf 86' lang='lat' dir='ltr'>Services</span> <span class='ocrx_word' id='word_1_1233' title='bbox 2177 3143 2186 3158; x_wconf 89' lang='lat'>,</span> <span class='ocrx_word' id='word_1_1234' title='bbox 2203 3120 2317 3150; x_wconf 90' lang='lat' dir='ltr'>Homa-</span> 
     </span>
     <span class='ocr_line' id='line_1_192' title="bbox 1277 3159 2315 3201; baseline -0.006 -7"><span class='ocrx_word' id='word_1_1235' title='bbox 1277 3172 1329 3201; x_wconf 60' lang='grc' dir='ltr'>ετ,</span> <span class='ocrx_word' id='word_1_1236' title='bbox 1346 3163 1470 3194; x_wconf 85' lang='lat' dir='ltr'>Devoits</span> <span class='ocrx_word' id='word_1_1237' title='bbox 1488 3185 1496 3199; x_wconf 91' lang='lat'>,</span> <span class='ocrx_word' id='word_1_1238' title='bbox 1521 3160 1659 3190; x_wconf 85' lang='lat' dir='ltr'>Resortez</span> <span class='ocrx_word' id='word_1_1239' title='bbox 1673 3181 1683 3196; x_wconf 89' lang='lat'>,</span> <span class='ocrx_word' id='word_1_1240' title='bbox 1705 3160 1740 3190; x_wconf 91' lang='lat'>&amp;</span> <span class='ocrx_word' id='word_1_1241' title='bbox 1763 3159 1948 3190; x_wconf 81' lang='lat' dir='ltr'>Soveraintez</span> <span class='ocrx_word' id='word_1_1242' title='bbox 1963 3180 1974 3197; x_wconf 88' lang='lat'>,</span> <span class='ocrx_word' id='word_1_1243' title='bbox 1996 3159 2030 3190; x_wconf 71' lang='grc' dir='ltr'>δε</span> <span class='ocrx_word' id='word_1_1244' title='bbox 2053 3159 2264 3197; x_wconf 83' lang='lat' dir='ltr'>Appartenantz</span> <span class='ocrx_word' id='word_1_1245' title='bbox 2286 3168 2315 3189; x_wconf 86' lang='lat' dir='ltr'>as</span> 
     </span>
     <span class='ocr_line' id='line_1_193' title="bbox 1289 3197 1760 3235; baseline -0.011 -3"><span class='ocrx_word' id='word_1_1246' title='bbox 1289 3202 1331 3232; x_wconf 87' lang='lat' dir='ltr'>ois</span> <span class='ocrx_word' id='word_1_1247' title='bbox 1346 3202 1378 3232; x_wconf 89' lang='lat'>&amp;</span> <span class='ocrx_word' id='word_1_1248' title='bbox 1392 3213 1406 3232; x_wconf 88' lang='lat' dir='ltr'>a</span> <span class='ocrx_word' id='word_1_1249' title='bbox 1419 3201 1443 3231; x_wconf 89' lang='lat' dir='ltr'>la</span> <span class='ocrx_word' id='word_1_1250' title='bbox 1458 3200 1577 3230; x_wconf 87' lang='lat' dir='ltr'>Corone</span> <span class='ocrx_word' id='word_1_1251' title='bbox 1591 3197 1627 3228; x_wconf 90' lang='lat' dir='ltr'>de</span> <span class='ocrx_word' id='word_1_1252' title='bbox 1641 3197 1760 3235; x_wconf 88' lang='lat' dir='ltr'>France,</span> 
     </span>
    </p>

    <p class='ocr_par' dir='ltr' id='par_1_82' title="bbox 1255 3233 2314 3388">
     <span class='ocr_line' id='line_1_194' title="bbox 1292 3233 2313 3275; baseline -0.005 -4"><span class='ocrx_word' id='word_1_1253' title='bbox 1292 3239 1329 3271; x_wconf 84' lang='lat' dir='ltr'>Et</span> <span class='ocrx_word' id='word_1_1254' title='bbox 1343 3240 1408 3270; x_wconf 86' lang='lat' dir='ltr'>auffi</span> <span class='ocrx_word' id='word_1_1255' title='bbox 1424 3239 1562 3270; x_wconf 82' lang='lat' dir='ltr'>Reservez</span> <span class='ocrx_word' id='word_1_1256' title='bbox 1577 3236 1611 3266; x_wconf 89' lang='lat'>&amp;</span> <span class='ocrx_word' id='word_1_1257' title='bbox 1623 3235 1770 3275; x_wconf 79' lang='lat' dir='ltr'>Exceptez</span> <span class='ocrx_word' id='word_1_1258' title='bbox 1782 3235 1820 3265; x_wconf 87' lang='lat' dir='ltr'>les</span> <span class='ocrx_word' id='word_1_1259' title='bbox 1831 3233 1934 3266; x_wconf 89' lang='lat' dir='ltr'>Terres</span> <span class='ocrx_word' id='word_1_1260' title='bbox 1953 3235 1986 3266; x_wconf 67' lang='grc' dir='ltr'>ὃς</span> <span class='ocrx_word' id='word_1_1261' title='bbox 1998 3233 2166 3266; x_wconf 74' lang='lat' dir='ltr'>Posreffions</span> <span class='ocrx_word' id='word_1_1262' title='bbox 2180 3235 2214 3265; x_wconf 89' lang='lat' dir='ltr'>de</span> <span class='ocrx_word' id='word_1_1263' title='bbox 2234 3234 2313 3266; x_wconf 89' lang='lat' dir='ltr'>Seint</span> 
     </span>
     <span class='ocr_line' id='line_1_195' title="bbox 1256 3272 2314 3317; baseline -0.005 -9"><span class='ocrx_word' id='word_1_1264' title='bbox 1256 3275 1366 3317; x_wconf 76' lang='lat' dir='ltr'>Eglise,</span> <span class='ocrx_word' id='word_1_1265' title='bbox 1383 3279 1417 3309; x_wconf 88' lang='lat'>&amp;</span> <span class='ocrx_word' id='word_1_1266' title='bbox 1433 3277 1467 3308; x_wconf 86' lang='lat' dir='ltr'>de</span> <span class='ocrx_word' id='word_1_1267' title='bbox 1483 3284 1551 3306; x_wconf 86' lang='lat' dir='ltr'>touz</span> <span class='ocrx_word' id='word_1_1268' title='bbox 1565 3284 1635 3304; x_wconf 85' lang='lat' dir='ltr'>ceux</span> <span class='ocrx_word' id='word_1_1269' title='bbox 1648 3284 1699 3313; x_wconf 85' lang='lat' dir='ltr'>qe,</span> <span class='ocrx_word' id='word_1_1270' title='bbox 1717 3274 1783 3304; x_wconf 87' lang='lat' dir='ltr'>sanz</span> <span class='ocrx_word' id='word_1_1271' title='bbox 1804 3284 1898 3305; x_wconf 87' lang='lat' dir='ltr'>aucun</span> <span class='ocrx_word' id='word_1_1272' title='bbox 1918 3273 2072 3305; x_wconf 89' lang='lat' dir='ltr'>constraint</span> <span class='ocrx_word' id='word_1_1273' title='bbox 2094 3283 2134 3302; x_wconf 93' lang='lat' dir='ltr'>ou</span> <span class='ocrx_word' id='word_1_1274' title='bbox 2154 3272 2292 3304; x_wconf 84' lang='lat' dir='ltr'>difficulte</span> <span class='ocrx_word' id='word_1_1275' title='bbox 2304 3297 2314 3311; x_wconf 90' lang='lat'>,</span> 
     </span>
     <span class='ocr_line' id='line_1_196' title="bbox 1255 3310 2313 3353; baseline -0.003 -8"><span class='ocrx_word' id='word_1_1276' title='bbox 1255 3318 1378 3347; x_wconf 86' lang='lat' dir='ltr'>veullent</span> <span class='ocrx_word' id='word_1_1277' title='bbox 1392 3316 1498 3353; x_wconf 90' lang='lat' dir='ltr'>Obeir,</span> <span class='ocrx_word' id='word_1_1278' title='bbox 1517 3312 1644 3344; x_wconf 83' lang='lat' dir='ltr'>Aherder</span> <span class='ocrx_word' id='word_1_1279' title='bbox 1658 3334 1668 3349; x_wconf 87' lang='lat'><em>‚</em></span> <span class='ocrx_word' id='word_1_1280' title='bbox 1693 3313 1727 3343; x_wconf 87' lang='lat'>&amp;</span> <span class='ocrx_word' id='word_1_1281' title='bbox 1746 3312 1908 3342; x_wconf 89' lang='lat' dir='ltr'>Demourer</span> <span class='ocrx_word' id='word_1_1282' title='bbox 1929 3323 1943 3342; x_wconf 91' lang='lat' dir='ltr'>a</span> <span class='ocrx_word' id='word_1_1283' title='bbox 1965 3312 2060 3341; x_wconf 89' lang='lat' dir='ltr'>nostre</span> <span class='ocrx_word' id='word_1_1284' title='bbox 2078 3310 2260 3347; x_wconf 81' lang='lat' dir='ltr'>Obeiffantz,</span> <span class='ocrx_word' id='word_1_1285' title='bbox 2276 3311 2313 3342; x_wconf 88' lang='lat' dir='ltr'>de</span> 
     </span>
     <span class='ocr_line' id='line_1_197' title="bbox 1255 3348 2310 3388; baseline -0.005 -4"><span class='ocrx_word' id='word_1_1286' title='bbox 1255 3354 1316 3384; x_wconf 85' lang='lat' dir='ltr'>lour</span> <span class='ocrx_word' id='word_1_1287' title='bbox 1333 3354 1412 3385; x_wconf 88' lang='lat' dir='ltr'>Bone</span> <span class='ocrx_word' id='word_1_1288' title='bbox 1427 3354 1505 3383; x_wconf 84' lang='lat' dir='ltr'>Grec</span> <span class='ocrx_word' id='word_1_1289' title='bbox 1518 3353 1551 3382; x_wconf 87' lang='lat'>&amp;</span> <span class='ocrx_word' id='word_1_1290' title='bbox 1567 3351 1692 3381; x_wconf 81' lang='lat' dir='ltr'>Franche</span> <span class='ocrx_word' id='word_1_1291' title='bbox 1707 3349 1842 3388; x_wconf 84' lang='lat' dir='ltr'>Volente‚</span> <span class='ocrx_word' id='word_1_1292' title='bbox 1858 3352 1891 3382; x_wconf 70' lang='grc' dir='ltr'>ὃς</span> <span class='ocrx_word' id='word_1_1293' title='bbox 1906 3349 1990 3380; x_wconf 88' lang='lat' dir='ltr'>Nous</span> <span class='ocrx_word' id='word_1_1294' title='bbox 2004 3349 2089 3378; x_wconf 89' lang='lat' dir='ltr'>Aider</span> <span class='ocrx_word' id='word_1_1295' title='bbox 2104 3348 2139 3379; x_wconf 91' lang='lat' dir='ltr'>de</span> <span class='ocrx_word' id='word_1_1296' title='bbox 2154 3348 2211 3387; x_wconf 73' lang='lat' dir='ltr'>fair,</span> <span class='ocrx_word' id='word_1_1297' title='bbox 2227 3348 2310 3379; x_wconf 90' lang='lat' dir='ltr'>Con-</span> 
     </span>
    </p>
   </div>
   <div class='ocr_carea' id='block_1_48' title="bbox 1254 3426 2313 3584">
    <p class='ocr_par' dir='ltr' id='par_1_83' title="bbox 1256 3426 1791 3463">
     <span class='ocr_line' id='line_1_198' title="bbox 1256 3426 1791 3463; baseline -0.011 -1"><span class='ocrx_word' id='word_1_1298' title='bbox 1256 3433 1366 3463; x_wconf 86' lang='lat' dir='ltr'>coverir</span> <span class='ocrx_word' id='word_1_1299' title='bbox 1377 3432 1413 3462; x_wconf 93' lang='lat' dir='ltr'>de</span> <span class='ocrx_word' id='word_1_1300' title='bbox 1429 3429 1524 3461; x_wconf 88' lang='lat' dir='ltr'>nostre</span> <span class='ocrx_word' id='word_1_1301' title='bbox 1539 3429 1624 3458; x_wconf 89' lang='lat' dir='ltr'>Droit</span> <span class='ocrx_word' id='word_1_1302' title='bbox 1639 3426 1791 3458; x_wconf 86' lang='lat' dir='ltr'>avantditz.</span> 
     </span>
    </p>

    <p class='ocr_par' dir='ltr' id='par_1_84' title="bbox 1254 3461 2313 3584">
     <span class='ocr_line' id='line_1_199' title="bbox 1293 3461 2313 3509; baseline -0.005 -10"><span class='ocrx_word' id='word_1_1303' title='bbox 1293 3469 1373 3499; x_wconf 91' lang='lat' dir='ltr'>Don.</span> <span class='ocrx_word' id='word_1_1304' title='bbox 1394 3477 1440 3509; x_wconf 85' lang='lat' dir='ltr'>par</span> <span class='ocrx_word' id='word_1_1305' title='bbox 1455 3468 1686 3504; x_wconf 82' lang='lat' dir='ltr'>Tesmoignance</span> <span class='ocrx_word' id='word_1_1306' title='bbox 1700 3465 1736 3496; x_wconf 90' lang='lat' dir='ltr'>de</span> <span class='ocrx_word' id='word_1_1307' title='bbox 1750 3464 1845 3495; x_wconf 89' lang='lat' dir='ltr'>nostre</span> <span class='ocrx_word' id='word_1_1308' title='bbox 1860 3462 1952 3493; x_wconf 88' lang='lat' dir='ltr'>Grant</span> <span class='ocrx_word' id='word_1_1309' title='bbox 1966 3461 2045 3500; x_wconf 81' lang='lat' dir='ltr'>Seal,</span> <span class='ocrx_word' id='word_1_1310' title='bbox 2072 3472 2087 3492; x_wconf 92' lang='lat' dir='ltr'>a</span> <span class='ocrx_word' id='word_1_1311' title='bbox 2109 3462 2203 3494; x_wconf 88' lang='lat' dir='ltr'>nostre</span> <span class='ocrx_word' id='word_1_1312' title='bbox 2223 3463 2313 3494; x_wconf 87' lang='lat' dir='ltr'>Palais</span> 
     </span>
     <span class='ocr_line' id='line_1_200' title="bbox 1254 3500 2313 3544; baseline -0.005 -6"><span class='ocrx_word' id='word_1_1313' title='bbox 1254 3507 1291 3538; x_wconf 89' lang='lat' dir='ltr'>de</span> <span class='ocrx_word' id='word_1_1314' title='bbox 1305 3508 1429 3538; x_wconf 61' lang='lat' dir='ltr'>Westm,</span> <span class='ocrx_word' id='word_1_1315' title='bbox 1450 3507 1475 3537; x_wconf 91' lang='lat' dir='ltr'>le</span> <span class='ocrx_word' id='word_1_1316' title='bbox 1491 3503 1684 3544; x_wconf 82' lang='lat' dir='ltr'>Dysnoefisme</span> <span class='ocrx_word' id='word_1_1317' title='bbox 1704 3505 1769 3541; x_wconf 89' lang='lat' dir='ltr'>jour</span> <span class='ocrx_word' id='word_1_1318' title='bbox 1781 3503 1816 3533; x_wconf 90' lang='lat' dir='ltr'>de</span> <span class='ocrx_word' id='word_1_1319' title='bbox 1833 3502 1996 3532; x_wconf 84' lang='lat' dir='ltr'>Decembre</span> <span class='ocrx_word' id='word_1_1320' title='bbox 2018 3523 2028 3538; x_wconf 89' lang='lat'>,</span> <span class='ocrx_word' id='word_1_1321' title='bbox 2046 3500 2110 3532; x_wconf 88' lang='lat' dir='ltr'>l&#39;An</span> <span class='ocrx_word' id='word_1_1322' title='bbox 2126 3502 2161 3531; x_wconf 87' lang='lat' dir='ltr'>de</span> <span class='ocrx_word' id='word_1_1323' title='bbox 2182 3512 2239 3532; x_wconf 87' lang='lat' dir='ltr'>noz</span> <span class='ocrx_word' id='word_1_1324' title='bbox 2253 3503 2313 3533; x_wconf 90' lang='lat' dir='ltr'>Re-</span> 
     </span>
     <span class='ocr_line' id='line_1_201' title="bbox 1255 3539 2313 3584; baseline -0.005 -7"><span class='ocrx_word' id='word_1_1325' title='bbox 1255 3554 1338 3584; x_wconf 53' lang='grc' dir='ltr'>ξηαπ,</span> <span class='ocrx_word' id='word_1_1326' title='bbox 1356 3547 1392 3577; x_wconf 91' lang='lat' dir='ltr'>de</span> <span class='ocrx_word' id='word_1_1327' title='bbox 1406 3546 1515 3577; x_wconf 85' lang='lat' dir='ltr'>France</span> <span class='ocrx_word' id='word_1_1328' title='bbox 1528 3544 1640 3574; x_wconf 80' lang='lat' dir='ltr'>Trente</span> <span class='ocrx_word' id='word_1_1329' title='bbox 1655 3543 1688 3574; x_wconf 91' lang='lat'>&amp;</span> <span class='ocrx_word' id='word_1_1330' title='bbox 1701 3543 1788 3573; x_wconf 89' lang='lat' dir='ltr'>tierce</span> <span class='ocrx_word' id='word_1_1331' title='bbox 1799 3563 1809 3579; x_wconf 91' lang='lat'>,</span> <span class='ocrx_word' id='word_1_1332' title='bbox 1832 3541 1864 3571; x_wconf 67' lang='grc' dir='ltr'>ὃς</span> <span class='ocrx_word' id='word_1_1333' title='bbox 1886 3539 2080 3578; x_wconf 83' lang='lat' dir='ltr'>d&#39;Engletetre</span> <span class='ocrx_word' id='word_1_1334' title='bbox 2103 3539 2313 3578; x_wconf 85' lang='lat' dir='ltr'>Qarrantisme</span> 
     </span>
    </p>
   </div>
   <div class='ocr_carea' id='block_1_49' title="bbox 1255 3584 1356 3615">
    <p class='ocr_par' dir='ltr' id='par_1_85' title="bbox 1255 3584 1356 3615">
     <span class='ocr_line' id='line_1_202' title="bbox 1255 3584 1356 3615; baseline -0.02 0"><span class='ocrx_word' id='word_1_1335' title='bbox 1255 3585 1287 3615; x_wconf 88' lang='lat'>&amp;</span> <span class='ocrx_word' id='word_1_1336' title='bbox 1303 3584 1356 3615; x_wconf 88' lang='lat' dir='ltr'>Sis.</span> 
     </span>
    </p>
   </div>
   <div class='ocr_carea' id='block_1_50' title="bbox 0 3384 2312 3522">
    <p class='ocr_par' dir='ltr' id='par_1_86' title="bbox 0 3384 2312 3522">
     <span class='ocr_line' id='line_1_203' title="bbox 0 3384 2312 3522; baseline 0.001 -107"><span class='ocrx_word' id='word_1_1337' title='bbox 0 3391 65 3522; x_wconf 56' lang='grc' dir='ltr'>Ῐὲιι.</span> <span class='ocrx_word' id='word_1_1338' title='bbox 80 3391 126 3424; x_wconf 76' lang='lat'>4⁶·</span> <span class='ocrx_word' id='word_1_1339' title='bbox 164 3385 269 3415; x_wconf 78' lang='lat' dir='ltr'>niendo</span> <span class='ocrx_word' id='word_1_1340' title='bbox 284 3386 319 3415; x_wconf 62' lang='lat' dir='ltr'>&#39;in</span> <span class='ocrx_word' id='word_1_1341' title='bbox 341 3385 482 3421; x_wconf 71' lang='lat' dir='ltr'>Regnum</span> <span class='ocrx_word' id='word_1_1342' title='bbox 504 3384 609 3430; x_wconf 83' lang='lat' dir='ltr'>Regis,</span> <span class='ocrx_word' id='word_1_1343' title='bbox 627 3386 684 3416; x_wconf 70' lang='lat' dir='ltr'>tam</span> <span class='ocrx_word' id='word_1_1344' title='bbox 705 3386 752 3423; x_wconf 80' lang='lat' dir='ltr'>per</span> <span class='ocrx_word' id='word_1_1345' title='bbox 766 3387 885 3417; x_wconf 88' lang='lat' dir='ltr'>Terram</span> <span class='ocrx_word' id='word_1_1346' title='bbox 894 3394 909 3426; x_wconf 79' lang='grc'>,“</span> <span class='ocrx_word' id='word_1_1347' title='bbox 923 3390 1007 3427; x_wconf 74' lang='lat' dir='ltr'>quam</span> <span class='ocrx_word' id='word_1_1348' title='bbox 1021 3400 1070 3433; x_wconf 86' lang='lat' dir='ltr'>per</span> <span class='ocrx_word' id='word_1_1349' title='bbox 1088 3391 1216 3430; x_wconf 85' lang='lat' dir='ltr'>Aquam,</span> <span class='ocrx_word' id='word_1_1350' title='bbox 1255 3393 1356 3430; x_wconf 83' lang='lat' dir='ltr'>sailler,</span> <span class='ocrx_word' id='word_1_1351' title='bbox 1375 3394 1408 3425; x_wconf 73' lang='grc' dir='ltr'>δε</span> <span class='ocrx_word' id='word_1_1352' title='bbox 1425 3391 1579 3423; x_wconf 80' lang='lat' dir='ltr'>Conforter</span> <span class='ocrx_word' id='word_1_1353' title='bbox 1594 3399 1630 3419; x_wconf 89' lang='lat' dir='ltr'>en</span> <span class='ocrx_word' id='word_1_1354' title='bbox 1646 3390 1670 3419; x_wconf 93' lang='lat' dir='ltr'>la</span> <span class='ocrx_word' id='word_1_1355' title='bbox 1683 3388 1810 3419; x_wconf 87' lang='lat' dir='ltr'>Porsuite</span> <span class='ocrx_word' id='word_1_1356' title='bbox 1827 3389 1862 3419; x_wconf 92' lang='lat' dir='ltr'>de</span> <span class='ocrx_word' id='word_1_1357' title='bbox 1875 3387 1968 3418; x_wconf 88' lang='lat' dir='ltr'>nostre</span> <span class='ocrx_word' id='word_1_1358' title='bbox 1984 3386 2164 3425; x_wconf 82' lang='lat' dir='ltr'>Qercle,&amp;</span> <span class='ocrx_word' id='word_1_1359' title='bbox 2178 3397 2194 3417; x_wconf 87' lang='lat' dir='ltr'>a</span> <span class='ocrx_word' id='word_1_1360' title='bbox 2209 3387 2234 3418; x_wconf 91' lang='lat' dir='ltr'>le</span> <span class='ocrx_word' id='word_1_1361' title='bbox 2250 3387 2312 3418; x_wconf 88' lang='lat' dir='ltr'>Re-</span> 
     </span>
    </p>
   </div>
   <div class='ocr_carea' id='block_1_51' title="bbox 1273 3654 2205 3663">
    <p class='ocr_par' dir='ltr' id='par_1_87' title="bbox 1273 3654 2205 3663">
     <span class='ocr_line' id='line_1_204' title="bbox 1273 3654 2205 3663; baseline 0 0"><span class='ocrx_word' id='word_1_1362' title='bbox 1273 3654 2205 3663; x_wconf 95' lang='lat' dir='ltr'> </span> 
     </span>
    </p>
   </div>
   <div class='ocr_carea' id='block_1_52' title="bbox 1255 3700 2310 3784">
    <p class='ocr_par' dir='ltr' id='par_1_88' title="bbox 1255 3700 2310 3784">
     <span class='ocr_line' id='line_1_205' title="bbox 1255 3700 2310 3756; baseline -0.008 -14"><span class='ocrx_word' id='word_1_1363' title='bbox 1255 3710 1349 3756; x_wconf 76' lang='lat' dir='ltr'>Super</span> <span class='ocrx_word' id='word_1_1364' title='bbox 1372 3709 1537 3754; x_wconf 83' lang='lat' dir='ltr'>Receptione</span> <span class='ocrx_word' id='word_1_1365' title='bbox 1562 3707 1702 3737; x_wconf 80' lang='lat' dir='ltr'>Gentium</span> <span class='ocrx_word' id='word_1_1366' title='bbox 1728 3705 1814 3748; x_wconf 76' lang='lat' dir='ltr'>Regis</span> <span class='ocrx_word' id='word_1_1367' title='bbox 1831 3713 1886 3747; x_wconf 87' lang='lat' dir='ltr'>pro</span> <span class='ocrx_word' id='word_1_1368' title='bbox 1912 3700 2106 3748; x_wconf 78' lang='lat' dir='ltr'>Expeditione</span> <span class='ocrx_word' id='word_1_1369' title='bbox 2137 3704 2256 3734; x_wconf 78' lang='lat' dir='ltr'>Guerrae</span> <span class='ocrx_word' id='word_1_1370' title='bbox 2277 3703 2310 3734; x_wconf 87' lang='lat' dir='ltr'>in</span> 
     </span>
     <span class='ocr_line' id='line_1_206' title="bbox 1705 3755 1876 3784; baseline 0 0"><span class='ocrx_word' id='word_1_1371' title='bbox 1705 3755 1876 3784; x_wconf 74' lang='lat' dir='ltr'>Britannia.</span> 
     </span>
    </p>
   </div>
   <div class='ocr_carea' id='block_1_53' title="bbox 1257 3833 2309 3899">
    <p class='ocr_par' dir='ltr' id='par_1_89' title="bbox 1257 3833 2309 3899">
     <span class='ocr_line' id='line_1_207' title="bbox 1257 3833 2309 3899; baseline -0.006 -27"><span class='ocrx_word' id='word_1_1372' title='bbox 1257 3841 1336 3899; x_wconf 88' lang='lat' dir='ltr'>LE</span> <span class='ocrx_word' id='word_1_1373' title='bbox 1351 3841 1409 3871; x_wconf 87' lang='lat' dir='ltr'>Roi</span> <span class='ocrx_word' id='word_1_1374' title='bbox 1425 3840 1460 3870; x_wconf 87' lang='lat' dir='ltr'>de</span> <span class='ocrx_word' id='word_1_1375' title='bbox 1481 3838 1587 3869; x_wconf 88' lang='lat' dir='ltr'>France</span> <span class='ocrx_word' id='word_1_1376' title='bbox 1611 3836 1645 3868; x_wconf 71' lang='grc' dir='ltr'>ὃ(</span> <span class='ocrx_word' id='word_1_1377' title='bbox 1659 3835 1850 3876; x_wconf 85' lang='lat' dir='ltr'>d&#39;Engleterre</span> <span class='ocrx_word' id='word_1_1378' title='bbox 1868 3858 1877 3874; x_wconf 85' lang='lat'>‚</span> <span class='ocrx_word' id='word_1_1379' title='bbox 1902 3835 1935 3867; x_wconf 84' lang='lat'>&amp;</span> <span class='ocrx_word' id='word_1_1380' title='bbox 1950 3833 2085 3873; x_wconf 71' lang='lat' dir='ltr'>seigneur</span> <span class='ocrx_word' id='word_1_1381' title='bbox 2103 3833 2241 3866; x_wconf 85' lang='lat' dir='ltr'>d’Irlaund</span> <span class='ocrx_word' id='word_1_1382' title='bbox 2257 3858 2267 3873; x_wconf 90' lang='lat'>,</span> <span class='ocrx_word' id='word_1_1383' title='bbox 2292 3844 2309 3866; x_wconf 84' lang='lat' dir='ltr'>a</span> 
     </span>
    </p>
   </div>
   <div class='ocr_carea' id='block_1_54' title="bbox 1291 3873 2034 3952">
    <p class='ocr_par' dir='ltr' id='par_1_90' title="bbox 1291 3873 2034 3952">
     <span class='ocr_line' id='line_1_208' title="bbox 1328 3873 2034 3915; baseline -0.008 -6"><span class='ocrx_word' id='word_1_1384' title='bbox 1328 3889 1396 3910; x_wconf 87' lang='lat' dir='ltr'>touz</span> <span class='ocrx_word' id='word_1_1385' title='bbox 1409 3886 1497 3915; x_wconf 73' lang='lat' dir='ltr'>ceux,</span> <span class='ocrx_word' id='word_1_1386' title='bbox 1515 3879 1544 3915; x_wconf 84' lang='lat' dir='ltr'>qi</span> <span class='ocrx_word' id='word_1_1387' title='bbox 1559 3875 1646 3906; x_wconf 90' lang='lat' dir='ltr'>cestes</span> <span class='ocrx_word' id='word_1_1388' title='bbox 1660 3875 1768 3905; x_wconf 84' lang='lat' dir='ltr'>Lettres</span> <span class='ocrx_word' id='word_1_1389' title='bbox 1782 3883 1907 3912; x_wconf 90' lang='lat' dir='ltr'>verront,</span> <span class='ocrx_word' id='word_1_1390' title='bbox 1932 3873 2034 3904; x_wconf 86' lang='lat' dir='ltr'>Salutz.</span> 
     </span>
     <span class='ocr_line' id='line_1_209' title="bbox 1291 3916 1667 3952; baseline -0.013 -4"><span class='ocrx_word' id='word_1_1391' title='bbox 1291 3918 1390 3948; x_wconf 89' lang='lat' dir='ltr'>Savoir</span> <span class='ocrx_word' id='word_1_1392' title='bbox 1403 3927 1473 3947; x_wconf 91' lang='lat' dir='ltr'>vous</span> <span class='ocrx_word' id='word_1_1393' title='bbox 1487 3916 1585 3946; x_wconf 81' lang='lat' dir='ltr'>saisons</span> <span class='ocrx_word' id='word_1_1394' title='bbox 1601 3924 1667 3952; x_wconf 82' lang='lat' dir='ltr'>que,</span> 
     </span>
    </p>
   </div>
   <div class='ocr_carea' id='block_1_55' title="bbox 2338 337 2447 375">
    <p class='ocr_par' dir='ltr' id='par_1_91' title="bbox 2338 337 2447 375">
     <span class='ocr_line' id='line_1_210' title="bbox 2338 337 2447 375; baseline -0.028 -10"><span class='ocrx_word' id='word_1_1395' title='bbox 2338 337 2447 375; x_wconf 80' lang='lat' dir='ltr'>Edv.3.</span> 
     </span>
    </p>
   </div>
   <div class='ocr_carea' id='block_1_56' title="bbox 2333 1861 2464 1894">
    <p class='ocr_par' dir='ltr' id='par_1_92' title="bbox 2333 1861 2464 1894">
     <span class='ocr_line' id='line_1_211' title="bbox 2333 1861 2464 1894; baseline 0 -1"><span class='ocrx_word' id='word_1_1396' title='bbox 2333 1861 2409 1893; x_wconf 90' lang='lat' dir='ltr'>Ann.</span> <span class='ocrx_word' id='word_1_1397' title='bbox 2423 1862 2464 1894; x_wconf 82' lang='lat' dir='ltr'>D.</span> 
     </span>
    </p>
   </div>
   <div class='ocr_carea' id='block_1_57' title="bbox 2329 1983 2464 2122">
    <p class='ocr_par' dir='ltr' id='par_1_93' title="bbox 2329 1983 2464 2122">
     <span class='ocr_line' id='line_1_212' title="bbox 2331 1983 2404 2016; baseline 0.041 -11"><span class='ocrx_word' id='word_1_1398' title='bbox 2331 1983 2357 2005; x_wconf 82' lang='lat' dir='ltr'>E.</span> <span class='ocrx_word' id='word_1_1399' title='bbox 2381 1989 2404 2016; x_wconf 89' lang='lat'>3.</span> 
     </span>
     <span class='ocr_line' id='line_1_213' title="bbox 2329 2018 2464 2053; baseline 0.015 -9"><span class='ocrx_word' id='word_1_1400' title='bbox 2329 2018 2464 2053; x_wconf 65' lang='lat' dir='ltr'>Franc46·</span> 
     </span>
     <span class='ocr_line' id='line_1_214' title="bbox 2329 2060 2437 2091; baseline 0.019 -9"><span class='ocrx_word' id='word_1_1401' title='bbox 2329 2060 2358 2082; x_wconf 77' lang='grc' dir='ltr'>Ε.</span> <span class='ocrx_word' id='word_1_1402' title='bbox 2378 2064 2403 2091; x_wconf 85' lang='lat'>3.</span> <span class='ocrx_word' id='word_1_1403' title='bbox 2435 2062 2437 2065; x_wconf 90' lang='lat'>·</span> 
     </span>
     <span class='ocr_line' id='line_1_215' title="bbox 2329 2093 2412 2122; baseline -0.024 0"><span class='ocrx_word' id='word_1_1404' title='bbox 2329 2103 2365 2122; x_wconf 91' lang='lat' dir='ltr'>m.</span> <span class='ocrx_word' id='word_1_1405' title='bbox 2383 2093 2412 2121; x_wconf 89' lang='lat'>6.</span> 
     </span>
    </p>
   </div>
   <div class='ocr_carea' id='block_1_58' title="bbox 2321 3923 2454 3955">
    <p class='ocr_par' dir='ltr' id='par_1_94' title="bbox 2321 3923 2454 3955">
     <span class='ocr_line' id='line_1_216' title="bbox 2321 3923 2454 3955; baseline 0.008 -1"><span class='ocrx_word' id='word_1_1406' title='bbox 2321 3923 2399 3954; x_wconf 84' lang='lat' dir='ltr'>Ann.</span> <span class='ocrx_word' id='word_1_1407' title='bbox 2414 3923 2454 3955; x_wconf 76' lang='lat' dir='ltr'>D,</span> 
     </span>
    </p>
   </div>
   <div class='ocr_carea' id='block_1_59' title="bbox 1289 3948 2430 4001">
    <p class='ocr_par' dir='ltr' id='par_1_95' title="bbox 1289 3948 2430 4001">
     <span class='ocr_line' id='line_1_217' title="bbox 1289 3948 2430 4001; baseline -0.006 -15"><span class='ocrx_word' id='word_1_1408' title='bbox 1289 3956 1402 3994; x_wconf 85' lang='lat' dir='ltr'>Corne,</span> <span class='ocrx_word' id='word_1_1409' title='bbox 1420 3964 1497 3985; x_wconf 87' lang='lat' dir='ltr'>entre</span> <span class='ocrx_word' id='word_1_1410' title='bbox 1511 3962 1597 3984; x_wconf 81' lang='lat' dir='ltr'>autres</span> <span class='ocrx_word' id='word_1_1411' title='bbox 1612 3951 1734 3988; x_wconf 85' lang='lat' dir='ltr'>Choses,</span> <span class='ocrx_word' id='word_1_1412' title='bbox 1752 3950 1891 3982; x_wconf 88' lang='lat' dir='ltr'>accordez</span> <span class='ocrx_word' id='word_1_1413' title='bbox 1922 3957 2029 3980; x_wconf 86' lang='lat' dir='ltr'>arentre</span> <span class='ocrx_word' id='word_1_1414' title='bbox 2050 3948 2139 3980; x_wconf 82' lang='lat' dir='ltr'>Nous</span> <span class='ocrx_word' id='word_1_1415' title='bbox 2157 3950 2192 3982; x_wconf 91' lang='lat'>&amp;</span> <span class='ocrx_word' id='word_1_1416' title='bbox 2209 3949 2307 3981; x_wconf 91' lang='lat' dir='ltr'>nostre</span> <span class='ocrx_word' id='word_1_1417' title='bbox 2347 3971 2430 4001; x_wconf 85' lang='lat'>1372-</span> 
     </span>
    </p>
   </div>
   <div class='ocr_carea' id='block_1_60' title="bbox 1927 3987 2305 4028">
    <p class='ocr_par' dir='ltr' id='par_1_96' title="bbox 1927 3987 2305 4028">
     <span class='ocr_line' id='line_1_218' title="bbox 1927 3987 2305 4028; baseline 0.005 -11"><span class='ocrx_word' id='word_1_1418' title='bbox 1927 3998 1961 4018; x_wconf 91' lang='lat' dir='ltr'>uc</span> <span class='ocrx_word' id='word_1_1419' title='bbox 1976 3987 2012 4017; x_wconf 88' lang='lat' dir='ltr'>de</span> <span class='ocrx_word' id='word_1_1420' title='bbox 2026 3987 2188 4028; x_wconf 85' lang='lat' dir='ltr'>Bretaigne,</span> <span class='ocrx_word' id='word_1_1421' title='bbox 2204 3989 2305 4019; x_wconf 92' lang='lat' dir='ltr'>Coun-</span> 
     </span>
    </p>
   </div>
   <div class='ocr_carea' id='block_1_61' title="bbox 2266 4104 2314 4133">
    <p class='ocr_par' dir='ltr' id='par_1_97' title="bbox 2266 4104 2314 4133">
     <span class='ocr_line' id='line_1_219' title="bbox 2266 4104 2314 4133; baseline 0.021 -1"><span class='ocrx_word' id='word_1_1422' title='bbox 2266 4104 2314 4133; x_wconf 82' lang='lat' dir='ltr'>En</span> 
     </span>
    </p>
   </div>
   <div class='ocr_carea' id='block_1_62' title="bbox 1726 4104 1798 4136">
    <p class='ocr_par' dir='ltr' id='par_1_98' title="bbox 1726 4104 1798 4136">
     <span class='ocr_line' id='line_1_220' title="bbox 1726 4104 1798 4136; baseline -0.014 0"><span class='ocrx_word' id='word_1_1423' title='bbox 1726 4104 1798 4136; x_wconf 88' lang='lat' dir='ltr'>Dd</span> 
     </span>
    </p>
   </div>
   <div class='ocr_carea' id='block_1_63' title="bbox 2337 4003 2438 4036">
    <p class='ocr_par' dir='ltr' id='par_1_99' title="bbox 2337 4003 2438 4036">
     <span class='ocr_line' id='line_1_221' title="bbox 2337 4003 2438 4036; baseline 0.01 -8"><span class='ocrx_word' id='word_1_1424' title='bbox 2337 4005 2374 4028; x_wconf 72' lang='grc' dir='ltr'>4η.</span> <span class='ocrx_word' id='word_1_1425' title='bbox 2392 4003 2438 4036; x_wconf 81' lang='lat'>46.</span> 
     </span>
    </p>
   </div>
   <div class='ocr_carea' id='block_1_64' title="bbox 2364 4077 2428 4106">
    <p class='ocr_par' dir='ltr' id='par_1_100' title="bbox 2364 4077 2428 4106">
     <span class='ocr_line' id='line_1_222' title="bbox 2364 4077 2428 4106; baseline 0.016 -1"><span class='ocrx_word' id='word_1_1426' title='bbox 2364 4077 2428 4106; x_wconf 61' lang='lat' dir='ltr'>ibid,</span> 
     </span>
    </p>
   </div>
  </div>
 </body>
</html>
