2561 4251
62 235 139 267 Ann.
150 235 192 266 D.

82 275 166 318 3398·

61 317 113 341 mc.
134 323 160 341 2.

49 1978 66 1995 θ
78 1978 160 2007 vm.

54 3029 131 3060 Ann.
142 3027 184 3058 D.

82 3068 167 3107 1398.

53 3110 105 3135 Aa.
122 3116 167 3134 21.

54 3149 83 3173 R.
104 3155 130 3173 2.

54 3187 167 3210 fanu.

55 3225 84 3248 R.
101 3231 125 3248 2.
140 3228 164 3258 p.

55 3267 183 3295 3.m.10.

213 173 295 214 πμ

213 246 295 284 ipsius
316 244 410 277 Ducis
432 244 515 276 fuerit
536 241 633 273 debite
653 241 812 280 requisitus,
829 240 905 273 salvo
918 238 999 281 quod
1012 238 1143 269 consueta
1157 235 1276 275 Pedagia

213 286 247 317 &
264 284 427 315 Theolonia
441 283 536 312 debite
550 281 755 318 persolvantur,
940 315 946 321 ᾗ
1242 313 1248 319 ·

251 322 413 353 Promiserit
434 323 517 351 etiam
534 319 664 358 praefatus
678 318 747 349 Dux
761 317 850 354 ipsum
864 325 963 347 omnia
976 316 1008 346 &
1026 313 1130 354 fingula
1142 312 1278 344 Praemis-

213 360 256 399 sa,
274 362 307 392 ὅ(
330 370 432 391 eorum
455 358 603 396 quodlibet
619 358 647 387 in
662 357 768 394 specie,
787 355 887 385 Nobis
921 355 1018 385 medio
1029 353 1213 391 Juramento,
1231 350 1278 381 fir-

215 401 301 429 miter
316 400 349 429 &
366 397 564 428 inviolabiliter
581 396 704 427 (seclusis
721 393 828 424 Fraude
841 395 875 425 &
891 378 986 429 Dolo)
1007 392 1240 428 observaturum,

250 437 401 475 Exceperit
421 444 516 466 tamen
538 436 568 464 in
585 432 735 464 Prcemisfis
750 433 826 462 idem
842 431 911 462 Dux
928 432 1058 461 Sanelam
1072 429 1164 459 Sedem
1177 432 1276 458 Roma-

213 488 294 513 nam,
310 475 343 505 &
364 474 497 505 Inclitum
519 473 682 509 Principem
707 470 883 501 Wenzelaum
903 474 1085 500 Romanorum
1105 471 1216 506 Regem,
1240 468 1275 498 &

212 519 321 544 Sacrum
341 515 501 551 Imperium,
525 510 683 551 fingulosque
706 509 844 539 Eleaores
861 509 983 548 ejusdem
1005 507 1140 547 Imperii,
1161 516 1194 536 ac
1218 507 1275 535 Pa-

211 560 285 582 truos
297 551 355 589 ficos
368 551 490 581 Bavariae
506 550 620 587 Duces,
639 552 742 578 Ducem
756 551 908 584 Lotringiae
924 547 1074 578 Generum
1086 545 1184 582 suum,
1204 546 1231 573 Ε
1249 547 1274 572 i-

208 590 294 629 fcopor
317 589 535 627 VVormaciensem
548 611 558 626 ,
581 588 615 619 &
639 585 805 625 Spirenftm,
834 589 1005 623 Burgravios
1026 552 1274 622 Nurenbergensgs,

210 628 400 698 MilaErchionem
412 627 576 666 Badensem,
595 626 628 657 &
642 629 770 657 Comitem
783 629 914 655 Simonem
928 625 960 654 de
975 622 1106 662 spanhem
1115 645 1124 661 ,

276 676 286 697 t
304 667 373 697 Nos
392 676 466 705 nupe

246 704 458 735 Praemifforum
1164 736 1173 740 ι

209 745 295 775 variae
311 743 490 782 Homagialis
507 742 640 774 Vaffallus
655 743 687 773 ὃ(
704 741 790 771 fidelis
805 740 909 771 Homo
926 740 1031 778 Ligeus
1046 738 1142 768 noster
1157 735 1274 773 nat‚de-

209 783 302 813 veniat
314 806 322 821 ,
340 784 374 814 &
396 782 507 819 existat,
525 793 558 812 ac
579 781 758 819 Homagium
780 779 879 818 suum,
895 781 963 809 cum
982 777 1062 817 super
1076 777 1132 821 boc
1147 784 1181 818 eit
1197 782 1274 819 parte

209 821 305 851 nostra
325 820 408 851 fuerit
429 821 589 859 requisitus,
606 820 689 849 nobis
703 820 732 849 in
749 818 841 849 forma
856 827 910 855 pro
923 815 1085 859 hujusmodi
1100 813 1227 857 Vassallis
1240 812 1273 842 &

207 859 305 897 Ligeis
321 859 421 889 nostris
434 859 581 896 consueta,
599 868 632 888 ac
645 859 745 888 omnia
758 858 791 888 &
806 856 910 900 singula
924 856 974 885 alia
988 855 1103 899 Servitia
1116 852 1272 897 s'raemisla,

207 898 242 929 &
261 896 454 929 Conditiones
503 899 533 928 in
555 897 655 928 Literis
674 896 755 934 ipfius
778 895 899 932 Ruperti
920 894 1013 924 Ducis
1033 892 1154 923 Bavariae
1170 914 1179 929 ,
1202 890 1270 920 inde

205 937 365 975 consedi-is,
382 920 536 976 specificata
557 937 590 966 &
614 943 766 973 contenta,
783 934 857 964 bene
870 935 904 965 &
919 931 1053 969 fideliter,
1070 930 1173 966 absque
1185 929 1272 959 Frau-

204 975 241 1005 de
258 977 292 1008 &
314 975 414 1014 Dolo,
433 975 533 1013 faciat,
551 974 691 1013 perficiat,
707 972 868 1011 compleat,
886 971 1036 1007 observet,
1056 969 1089 1000 ὅ(
1104 969 1138 999 ad
1152 969 1208 1013 hoc
1223 967 1273 998 Sa-

206 1023 388 1045 cramentum
409 1012 582 1051 Corporale,
602 1013 674 1044 curn
694 1011 762 1042 inde
781 1020 815 1041 ex
833 1019 909 1054 parte
932 1008 1045 1045 nostra,
1062 1018 1111 1048 per
1125 1007 1270 1046 legitimos

206 1051 405 1084 Procuratores
418 1051 547 1090 nostros,
565 1052 647 1082 fuerit
661 1061 689 1081 re
710 1050 801 1081 uifitus
837 1050 920 1080 nobis
935 1047 1063 1086 praestet,
1179 1084 1184 1090 .

244 1091 302 1122 Co
312 1100 334 1121 N
343 1101 360 1121 c
370 1100 387 1120 E
397 1100 410 1122 s
420 1100 432 1122 s
442 1099 460 1120 Ε
471 1099 494 1120 R
505 1099 516 1120 1
526 1099 553 1121 M
562 1099 585 1120 υ
597 1100 610 1121 s
625 1091 652 1120 ei
711 1089 757 1119 ille
775 1073 887 1119 M⁷arcas
906 1087 943 1118 de
964 1085 1084 1119 Moneta
1101 1083 1256 1128 Anglicana
1263 1106 1272 1121 ,

205 1131 284 1168 perci
305 1129 397 1160 iendas
420 1129 459 1159 fin
480 1128 530 1160 ulis
553 1129 660 1166 Annis,
678 1128 712 1158 ad
735 1127 918 1159 Scaccarium
939 1124 1088 1168 nostrum,
1106 1123 1140 1154 ad
1154 1121 1272 1153 Termi-

204 1178 258 1198 nos
297 1169 387 1198 aschae
402 1169 435 1199 ὃς
471 1168 546 1199 aneti
563 1166 730 1204 Michaelis,
745 1175 793 1205 per
807 1165 924 1206 aequales
939 1163 1106 1201 Portiones,
1118 1171 1168 1202 per
1181 1169 1270 1193 totam

204 1207 293 1237 vitam
310 1206 392 1243 ipfius
410 1206 459 1237 Ru
479 1207 528 1237 erti
546 1206 637 1237 Ducis
652 1205 792 1243 Bavariae,

208 1255 211 1269 ε
242 1244 281 1275 Et
302 1246 434 1284 ulterius,
473 1254 489 1274 e
512 1245 635 1276 uberiori
659 1242 759 1274 Gratia
773 1241 887 1281 nostra,
905 1241 963 1272 Co
974 1249 1050 1271 nce
1061 1249 1095 1270 ss
1107 1249 1124 1270 E
1134 1248 1177 1270 ιιι
1187 1246 1245 1269 Μυ
1256 1247 1269 1269 s

203 1283 236 1314 ὃ(
257 1283 468 1314 AssiGNAv
480 1293 497 1314 E
509 1292 641 1314 RthJs
658 1282 756 1327 quod,
775 1283 795 1313 fi
814 1285 946 1319 Rupertus
960 1283 1067 1316 Senior,
1088 1277 1198 1322 Comes
1215 1276 1269 1307 Pa-

202 1321 304 1352 latinus
328 1321 423 1360 Reni,
442 1322 571 1364 praedicti
593 1321 671 1352 Sacri
691 1320 807 1359 Imperii
828 1320 962 1356 Ele6tor,
987 1319 1020 1349 &
1041 1317 1162 1348 Bavanae
1183 1316 1270 1354 Dux,

204 1359 332 1391 Genitor
352 1361 434 1398 ipfius
455 1361 547 1392 Ducis
568 1360 690 1392 Bavariae
705 1359 847 1398 Junioris,
865 1366 928 1390 ante
947 1357 1034 1397 ipsum
1050 1356 1167 1399 Ducem
1182 1354 1271 1386 Bava-

203 1399 252 1428 riae
270 1399 422 1438 Juniorem
440 1423 450 1437 ,
474 1400 626 1430 subtraditis
649 1398 731 1429 fuerit
751 1399 787 1428 ab
807 1398 860 1428 hac
883 1398 961 1434 luce,
984 1404 1053 1426 tunc
1075 1394 1184 1437 statim,
1205 1392 1270 1437 post

202 1436 363 1468 Deceffum
385 1438 493 1478 praefati
518 1437 610 1469 Ducis
631 1437 751 1468 Bavariae
772 1436 914 1474 Senioris,
932 1433 1010 1465 dic'ta
1031 1433 1171 1477 Pennone
1186 1431 1270 1475 Mille

203 1475 369 1507 Marcarum
394 1477 506 1516 penitus
529 1477 669 1515 cessante,
686 1475 762 1506 idem
785 1474 855 1505 Dux
871 1471 1106 1516 Bavariae-Junior
1123 1471 1206 1515 Mille
1219 1470 1270 1501 Li-

202 1515 264 1544 bras
285 1515 322 1545 de
345 1514 466 1547 Moneta
482 1515 636 1556 Anglicana
649 1515 783 1555 percipiat
798 1514 831 1545 δε
845 1514 963 1551 habeat,
982 1516 1019 1555 fin
1042 1511 1090 1541 ulis
1109 1510 1217 1548 Annis,
1235 1509 1269 1540 ad

200 1553 312 1584 distum
334 1553 515 1586 scaccarium
533 1554 662 1585 nostrum
699 1553 734 1584 ad
748 1552 907 1583 Terminos
923 1550 1008 1591 praedi
1040 1559 1089 1593 os,
1110 1559 1158 1586 per
1172 1558 1267 1591 aequa-

199 1589 238 1622 les
259 1591 409 1623 Portiones
430 1616 440 1631 ,
480 1593 514 1624 ad
536 1602 626 1623 totam
651 1576 746 1622 V'itarn
769 1591 850 1628 ipsius
874 1590 967 1621 Ducis
988 1586 1266 1633 Bavariae'JNunioris,

200 1639 285 1668 prout
306 1632 335 1662 in
359 1631 461 1662 Literis
478 1631 580 1663 nostris
594 1631 777 1668 Parentibus,
795 1630 863 1660 inde
877 1628 1031 1665 confedffl,
1051 1626 1159 1664 plenius
1173 1635 1267 1657 conti-

200 1679 300 1708 netur,

239 1708 328 1747 Nos,
1183 1744 1187 1749 ⁴
1246 1743 1251 1749 .

239 1747 426 1778 Attendentes
446 1748 563 1786 qualiter
583 1747 733 1788 proedie’tus
747 1749 881 1785 Repertus
896 1748 1004 1783 Senior,
1020 1752 1104 1783 prout
1121 1741 1268 1775 certitudi-

199 1785 298 1816 naliter
313 1787 518 1825 informamur,
530 1788 594 1824 jam
608 1786 717 1828 tranfiit
732 1786 767 1815 ab
783 1789 936 1822 Humanis,
1226 1821 1231 1826 ι

233 1824 271 1854 Et
293 1825 418 1855 volentes
442 1826 561 1863 proinde
582 1836 650 1857 cum
667 1825 784 1864 praefaco
799 1828 915 1860 Ruperto
930 1822 1015 1854 Duce
1028 1821 1151 1865 Bavarife
1163 1821 1267 1860 Junio-

199 1872 246 1900 re,
270 1873 321 1902 pro
345 1864 447 1901 majori
468 1864 625 1895 Securitate
646 1864 802 1895 Solutionis
824 1863 966 1893 dictarum
988 1860 1073 1891 Mille
1095 1860 1265 1897 Librarum,

199 1911 279 1940 agere
297 1903 433 1940 gratiose,

239 1939 287 1970 De
306 1940 405 1971 Gratia
421 1941 518 1972 nostra
533 1940 642 1981 speciali
657 1964 666 1979 ,
691 1941 725 1972 δε
744 1951 797 1979 pro
815 1950 851 1971 eo
867 1938 947 1979 quod
966 1937 1117 1978 praedita-us
1133 1940 1267 1975 Rupertus

199 1977 270 2010 Dux
290 1978 410 2010 Bavariae
430 1980 448 1999 ²*
460 1980 579 2018 Junior,
598 1981 656 2010 tam
672 1980 777 2011 Literas
792 1979 913 2017 nostras,
932 1978 1049 2017 praefato
1057 1975 1195 2020 nahem,
1213 1985 1266 2006 nu-

219 2028 247 2047 er
269 2017 348 2048 Duci
374 2018 496 2048 Bavariae
519 2019 649 2056 Seniori‚
667 2021 753 2058 qussim
779 2018 884 2049 Literas
896 2016 1018 2054 nostras,
1033 2015 1131 2058 *eidem
1148 2017 1266 2052 Ruperto

198 2027 278 2087 Duci
301 2056 422 2087 Bavariae
440 2057 571 2095 Juniori,
590 2058 626 2088 de
643 2057 830 2088 Penfionibus
844 2055 1005 2096 praedietis,
1023 2056 1060 2085 iic
1078 2053 1177 2091 fa&as,
1196 2052 1267 2083 No-

200 2096 260 2133 bis,
278 2096 306 2125 in
322 2095 494 2126 Cancellaria
509 2096 622 2135 nostrfi,
642 2096 760 2127 restituit
777 2094 983 2131 cancellandas,

237 2133 447 2165 VoLumus
472 2135 506 2166 &
529 2134 817 2166 Concenrmus
840 2134 920 2173 quod
944 2131 1095 2171 praedietus
1115 2133 1248 2169 Rupertus

198 2171 269 2203 Dux
293 2172 414 2203 Bavariae
431 2173 557 2212 Junior,
583 2174 682 2204 habeat
705 2175 738 2205 ὃ(
761 2173 899 2212 percipiat
916 2195 926 2210 ,
953 2171 1063 2211 singulis
1088 2170 1179 2201 Annis
1193 2193 1203 2208 ,
1229 2153 1266 2200 ad

199 2211 378 2242 Scaccarium
398 2211 544 2250 nostrum,
561 2211 643 2243 Mille
660 2213 776 2250 Libras,
794 2212 829 2243 ad
845 2212 1000 2242 Terminos
1018 2209 1129 2239 Paschae
1143 2209 1177 2240 &
1191 2208 1264 2239 San-

198 2250 240 2281 <sti
261 2249 426 2289 Michaelis,
444 2260 494 2290 per
513 2251 634 2288 aequales
654 2250 823 2290 Portiones,
841 2250 875 2281 ad
897 2259 987 2281 totam
1003 2248 1100 2279 Vitam
1115 2249 1195 2287 ipsius
1206 2250 1265 2277 Ru-

195 2292 269 2327 perti
285 2288 376 2320 Ducis
393 2289 515 2320 Bavariae
527 2289 666 2327 juniori53

238 2327 279 2358 Ita
297 2337 390 2358 tamen
410 2329 490 2367 quod
513 2327 569 2366 ipse
590 2338 690 2359 ornnes
709 2329 743 2359 &
763 2327 878 2367 singulas
893 2326 1087 2357 Conditiones
1101 2323 1263 2363 praedidias,

200 2365 234 2396 &
253 2376 348 2397 earum
389 2367 539 2404 uamlibet,
559 2368 588 2396 in
602 2366 707 2397 Forma
722 2366 857 2406 praedicta
871 2367 944 2396 bene
961 2365 994 2395 &
1006 2363 1123 2393 fideliter
1130 2387 1140 2402 ,
1160 2363 1264 2402 absque

201 2404 310 2435 Fraude
325 2407 358 2437 &
406 2406 466 2444 olo,
485 2405 593 2443 Faciat,
612 2405 752 2443 perficiat,
770 2405 930 2443 compleat,
946 2404 979 2434 &
993 2403 1132 2433 observet.

239 2443 381 2474 Volumus
403 2444 512 2481 insuper
531 2443 629 2482 quod,
648 2444 668 2474 fi
690 2444 776 2481 Nos,
794 2453 858 2475 ante
873 2444 966 2482 ipsum
980 2444 1128 2480 Rupertum
1144 2440 1262 2484 Ducem

200 2480 323 2512 Bavariae
338 2482 507 2520 juniorem,
526 2483 661 2513 subtracti
676 2482 812 2514 fuerimus
826 2483 861 2512 ab
877 2483 930 2513 hac
948 2481 1045 2518 Luce,
1064 2490 1133 2511 tunc
1150 2479 1264 2518 statim,

199 2521 264 2558 post
286 2519 444 2552 Decessum
464 2520 608 2559 nostrum,
626 2522 684 2551 tam
708 2521 877 2559 praedidturn
899 2519 999 2550 Homa
1022 2521 1098 2558 ium,
1118 2528 1151 2549 ac
1166 2518 1262 2561 omnia

199 2558 252 2589 alia
270 2559 305 2589 &
328 2559 432 2597 singula
457 2558 597 2589 Praemiffa
616 2582 626 2598 ,
652 2569 701 2597 per
724 2560 812 2598 ipsum
832 2563 979 2597 Rupertum
1001 2528 1118 2588 Ducem
1140 2556 1264 2587 Bavariae

200 2596 351 2636 Juniorem
372 2597 411 2627 fic
433 2598 574 2634 facienda,
593 2599 677 2637 quam
697 2597 810 2630 Solutio
830 2598 970 2630 dietarum
994 2596 1078 2628 Mille
1094 2596 1265 2633 Librarum,

202 2636 314 2674 penitus
329 2636 434 2666 cessent
448 2637 481 2667 &
497 2636 691 2667 terminentur.

469 676 728 740 ινέοῐίίῖἀετειῑίοηε,
746 703 779 733 &
794 703 830 732 ita
844 710 874 732 ut
888 701 963 732 idem
977 699 1124 739 Rupertus
1139 697 1210 728 Dux
1222 695 1276 727 Ba-

237 2672 426 2752 Tgssecillliisg’e
434 2674 510 2751 {bird
526 2710 801 2755 Wstmonasterium,
821 2713 957 2746 vicefimo
971 2713 1073 2752 quinto
1089 2712 1134 2744 die
1150 2710 1263 2752 Aprilis.

831 2792 884 2820 Per
898 2789 980 2828 ipfitm
992 2792 1095 2827 Regem.

375 2940 436 2972 Pro
458 2939 545 2972 Duce
567 2939 727 2970 Britanniae
741 2963 751 2979 ,
794 2934 831 2968 de
853 2937 1082 2983 Acqnietantia.

201 3019 321 3076 REX
340 3021 503 3062 Omnibus,
520 3023 554 3054 ad
568 3032 657 3062 qum,
674 3022 734 3053 ὅτε.
753 3020 886 3052 Salutem.

311 3060 408 3092 Sciatis
428 3063 526 3100 quod,

239 3097 320 3129 Cum
334 3101 363 3129 in
379 3099 490 3139 Magno
506 3100 633 3139 Rotulo,
649 3100 684 3131 de
703 3099 790 3129 Anno
804 3098 940 3130 vicesimo
953 3102 1031 3137 Regix
1041 3099 1152 3130 Ricardi
1165 3100 1262 3126 Secun-

199 3139 245 3177 di,
259 3140 289 3168 in
311 3138 489 3177 Norffolcia,
507 3138 653 3177 Johannes
673 3138 705 3168 de
719 3141 815 3167 Monte
829 3141 905 3167 Forti
918 3137 987 3168 Dux
1000 3138 1166 3174 Britanniae,
1188 3144 1219 3174 15
1228 3144 1263 3178 {4

200 3176 220 3206 l.
242 3178 334 3215 7s.3a'.
345 3177 381 3208 de
399 3178 511 3209 diverfis
532 3177 716 3215 Praestitis,&
738 3177 795 3206 aliis
812 3175 924 3207 Debitis
938 3177 989 3207 suis
1001 3178 1037 3208 fic
1054 3177 1225 3217 continetur,
1233 3183 1262 3202 in

202 3214 313 3245 Rotulo
323 3216 455 3255 septimo,
463 3215 610 3256 Johannes
616 3218 684 3244 Dux
692 3218 859 3253 Britanniae,
867 3216 899 3245 &
916 3213 1023 3246 Comes
1032 3213 1264 3249 Richemundiae,

204 3254 299 3285 11666
307 3253 326 3284 l.
349 3264 397 3294 135
414 3256 460 3294 4d.
477 3254 512 3285 de
520 3253 642 3284 Duobus
657 3253 788 3284 Praestitis
800 3253 906 3293 suis‚de
921 3255 1013 3285 Annis
1026 3254 1151 3285 secundo
1162 3253 1196 3284 &
1209 3260 1264 3283 ter-

200 3295 242 3324 tio
277 3293 306 3324 in
323 3293 436 3324 Rotulo
449 3294 511 3333 xiii,
529 3294 558 3323 in
570 3294 672 3324 adhuc.

238 3315 310 3363 sTE
321 3341 365 3370 M,
383 3331 487 3372 Essex,
506 3333 537 3362 in
558 3331 671 3372 Magno
693 3330 806 3361 Rotulo
818 3330 854 3361 de
870 3330 958 3362 Anno
973 3333 1107 3363 vicesimo
1120 3333 1199 3368 Regis
1212 3331 1263 3358 Ri—

203 3371 280 3400 cardi
302 3371 428 3409 Secundi,
447 3373 476 3401 in
497 3370 665 3409 Londonifi,
682 3370 804 3400 Thomas
821 3370 855 3398 de
876 3370 1051 3409 Melbourne,
1069 3372 1103 3402 ὃς
1116 3369 1262 3408 Johannes

202 3413 271 3439 fitz
284 3409 387 3439 Nichol
406 3420 413 3437 ι
443 3409 497 3448 14l.
522 3419 564 3448 45.
586 3410 648 3440 10d.
674 3410 724 3440 ob.
743 3408 779 3438 de
799 3409 912 3440 diverfis
928 3408 1063 3440 Praestitis
1094 3410 1145 3441 suis
1157 3430 1168 3447 ,
1192 3407 1262 3438 sicut

201 3449 364 3479 continetur
378 3449 407 3477 in
452 3448 533 3478 otulo
549 3459 576 3478 v.

239 3486 365 3524 ITEM,
391 3486 524 3517 Lincoln.
543 3487 577 3517 &
598 3487 627 3516 in
651 3485 765 3517 Rotulo
785 3485 851 3522 xlvij
874 3487 953 3523 Regis
974 3487 1114 3516 Edwardi
1130 3487 1216 3514 Tertii
1233 3485 1262 3514 in

201 3524 301 3563 Eflex,
319 3524 433 3554 {lhomas
452 3526 485 3554 de
505 3524 662 3555 Melbourne
681 3534 770 3562 nuper
783 3523 977 3555 Thesaurarius
990 3524 1081 3555 Ducis
1096 3524 1264 3560 Britanniae,

201 3563 238 3593 de
259 3562 413 3594 Carcandis
435 3562 503 3593 CC.
522 3563 626 3594 Garbis
639 3563 808 3600 Sagittarum
818 3585 828 3600 ,
857 3561 923 3592 CC.
939 3562 1088 3602 Cordagiis
1102 3573 1155 3603 pro
1170 3564 1262 3592 Arcu-

199 3601 253 3631 bus
271 3602 388 3639 receptis
408 3600 444 3632 de
464 3601 609 3639 Magistro
631 3602 745 3631 Roberto
758 3601 791 3630 de
806 3599 956 3640 erleford,
974 3611 1063 3641 nuper
1075 3600 1264 3632 Constabula-

194 3640 248 3669 sio
268 3639 455 3680 Burdegaliae,
472 3649 525 3677 pro
546 3639 722 3671 Defenfione
743 3640 776 3671 &
791 3638 929 3670 Rescussu
945 3638 1038 3670 Castri
1051 3640 1087 3671 de
1100 3639 1178 3671 Brest
1192 3639 1261 3670 sicut

206 3679 367 3709 continetur
379 3680 407 3708 in
425 3678 538 3709 Rotulo
555 3688 580 3707 x.

246 3715 339 3754 Qiod
362 3716 430 3747 Nos
450 3715 530 3746 diao
550 3715 645 3754 Duci,
664 3717 698 3747 &
711 3716 819 3747 caeteris
834 3715 961 3746 Personis
976 3716 1152 3756 supradictis,
1170 3726 1203 3747 ac
1217 3726 1264 3747 ea-

205 3755 335 3784 rumdem
354 3754 540 3785 Personarum
554 3754 777 3792 Executoribus,
791 3764 949 3792 eorumque
964 3754 1149 3793 HaeredibuS,
1165 3765 1198 3785 ac
1212 3764 1262 3784 eo-

205 3800 269 3820 rum
291 3793 444 3823 Terrarum
465 3793 637 3830 tenentibus,
653 3793 819 3832 supradictas
840 3792 973 3823 Summas
987 3794 1021 3824 &
1036 3803 1132 3824 earum
1146 3793 1265 3832 quamli-

206 3828 271 3871 bet,
289 3840 321 3859 ac
345 3830 421 3860 Bona
438 3832 471 3861 &
489 3830 596 3862 Catalla
614 3831 782 3869 suwadffita,
799 3840 831 3861 ac
850 3831 1032 3862 omnimodas
1044 3832 1171 3863 actiones
1181 3841 1264 3871 quae,

205 3874 311 3897 ratione
335 3867 547 3899 Praemissorum
561 3892 571 3907 ,
601 3869 753 3907 aliqualiter
777 3868 876 3899 Nobis
901 3870 946 3899 vel
971 3869 1141 3900 Haeredibus
1164 3869 1265 3900 nostris

206 3912 388 3948 competunt,
405 3907 450 3936 vel
469 3916 632 3945 competere
654 3908 785 3945 poffunt,
802 3917 835 3937 ac
856 3907 1081 3946 quibuscumque
1104 3907 1205 3946 Plegiis
1217 3908 1264 3939 vel

208 3942 423 3985 Fidejussoribus
436 3945 505 3975 dieti
520 3944 662 3983 Ducis,&
678 3945 900 3984 quibuscumque
915 3956 984 3976 cum
1000 3947 1080 3976 dicto
1094 3945 1181 3977 Duce
1195 3945 1262 3976 Ob-

208 3981 296 4019 ligatis
307 4003 317 4019 ‚
336 3981 380 4010 vel
397 3991 444 4024 per
459 3982 486 4012 se
502 4005 511 4020 ,
530 3983 587 4013 fine
604 3984 690 4014 Duce
709 3984 865 4021 praedicto,
883 3985 965 4015 caus&⁴
983 3985 1054 4015 dieti
1070 3984 1179 4023 Ducis,
1195 3995 1261 4023 quae

206 4019 302 4063 aliquo
316 4018 384 4062 ‘casu
396 4019 471 4063 sciri,
488 4021 607 4059 inquiri,
624 4023 669 4051 vel
684 4022 818 4052 verificari
833 4023 950 4061 poterit,
969 4032 1018 4059 per
1032 4022 1199 4053 Recordum
1215 4023 1260 4053 vel

197 4057 412 4097 Inquisitionem
432 4057 500 4088 inde
521 4059 681 4098 capiendas,
698 4069 744 4092 aut
759 4061 814 4092 alio
828 4060 936 4100 modo,
955 4070 1112 4099 eorumque
1123 4060 1256 4093 Haeredi-

644 146 1444 198 CONVENTIONES,

1524 148 1924 202 LITERAE,

1313 234 1365 264 bus
1387 234 1421 265 &
1441 233 1668 274 Executoribus,
1684 245 1719 266 ac
1741 235 1894 266 Terrarum
1910 235 2107 275 Tenentibus3
2121 234 2302 268 omnimodas
2322 233 2379 266 Pe·
2396 232 2472 266 Ann.
2485 233 2530 267 D.v

1314 274 1460 303 cuniarum
1484 273 1616 304 Summas
1682 284 1733 312 per
1753 273 1822 304 Nos
1842 274 1992 312 aliqualiter
2012 275 2158 311 exigendas
2171 298 2180 313 ,
2203 285 2236 305 ac
2259 275 2382 313 eisdem,
2416 275 2499 313 1398.

1314 311 1348 354 ὃς.
1376 311 1600 352 quibuscumque
1626 296 1837 350 Receptoribus
1865 312 2014 343 Bonorum
2041 313 2075 343 &
2102 313 2279 345 Catallorum
2306 323 2379 351 prae-
2392 314 2444 341 Ric.
2463 322 2490 342 2.

1313 349 1458 380 diCtorum
1474 372 1483 388 ‚
1510 351 1544 382 ὃς
1573 351 1695 381 aliorum
1724 350 1872 381 Bonorum
1899 353 1933 383 &
1964 351 2141 382 Catallorum
2170 362 2378 390 quorumcum-

1315 397 1371 425 que
1386 388 1469 419 causa
1480 387 1549 420 dieti
1565 388 1659 420 Ducis
1669 412 1678 427 ‚
1696 389 1742 420 vel
1753 390 1788 419 ad
1802 389 1924 427 ejusdem
1940 389 2033 420 Ducis
2047 389 2145 428 usum,
2162 391 2241 428 quod
2254 401 2303 428 per
2317 391 2378 420 Re-

1313 426 1435 457 cordum
1451 427 1495 457 vel
1512 426 1744 467 Inquisitionem,
1760 436 1808 458 aut
1821 428 1878 459 alio
1896 428 1985 458 modo
1997 429 2141 468 legitimo,
2159 428 2237 467 sciri,
2254 430 2376 468 inquiri,

1312 465 1358 494 vel
1380 464 1518 496 verificari
1538 468 1666 506 poterit,
1698 476 1731 497 ac
1751 466 1911 504 hujusmodi
1933 466 2132 506 Receptorum
2150 465 2319 498 Haeredibus
2339 469 2374 499 &

1312 502 1536 542 Executori'ouS,
1555 505 1589 535 &
1613 504 1867 543 Occupatoribus,
1885 514 1918 535 ac
1938 515 2038 536 eorum
2057 504 2214 535 Terrarum
2235 505 2376 537 Tenenti-

1311 542 1378 580 bus,
1395 543 1429 573 &
1448 541 1678 579 Occupatoribus
1699 543 1859 581 hujusmodi
1880 543 2029 575 Bonorum
2051 544 2085 574 &
2107 542 2281 574 Catallorum
2304 555 2378 583 quo-

1310 590 1502 618 rumcumque
1528 580 1604 611 unde
1625 581 1713 611 Aetio
1735 582 1781 612 vel
1800 581 1952 613 Demanda
1971 583 2096 621 aliqualis
2117 581 2219 612 Nobis
2237 584 2377 622 competit

1311 620 1357 650 vel
1378 628 1544 657 competere
1563 619 1672 658 potest,
1689 619 1767 650 dieta
1788 619 1866 651 Bona
1886 622 1920 651 &
1942 620 2062 660 catalla,
2079 631 2113 652 ac
2131 620 2310 651 omnimodas
2333 621 2376 652 A-

1314 658 1442 696 mones,
1461 667 1495 688 ex
1509 658 1594 688 caufis
1607 657 1765 697 praemiffis,
1783 658 1882 689 Nobis
1895 668 2090 697 competentes
2101 658 2147 690 vel
2160 660 2378 698 competituras,

1313 697 1426 727 ulterius
1442 696 1536 726 eidem
1553 696 1633 727 Duci
1648 697 1812 736 generaliter
1824 698 2006 729 omnimodas
2022 697 2379 738 Affiones,Calumpnias,

1313 736 1347 766 &
1377 734 1542 765 Demandas
1565 734 1736 774 personales,
1753 736 1786 766 ὃς
1806 735 1994 775 quascumque
2016 735 2205 768 Pecuniarum
2226 736 2376 775 Summas,

1313 773 1393 804 Bona
1416 774 1449 804 &
1470 772 1577 804 Catalla
1598 774 1748 812 praedidia,
1768 775 1801 805 &
1821 774 1871 805 alia
1894 774 1972 805 Bona
1994 775 2028 805 &
2048 774 2154 805 Catalla
2167 785 2375 814 quaecumque,

1312 821 1376 851 erga
1397 812 1505 850 ipsum,
1524 821 1559 842 ex
1581 821 1657 850 parte
1678 812 1791 851 nostra,
1809 813 1856 844 vel
1869 812 2093 852 progenitorum
2107 813 2288 852 nostrorum,
2304 814 2376 845 No-

1312 852 1370 888 bis,
1388 850 1424 881 de
1446 860 1511 881 toro
1525 859 1652 888 tempore
1664 851 1826 889 retroacto,
1841 851 1926 889 usque
1939 853 1968 882 in
1983 852 2146 891 praesentem
2160 852 2238 883 diem
2254 862 2377 890 quomo-

1311 889 1419 920 dolibet
1439 898 1635 926 competentes
1657 890 1702 920 vel
1723 891 1930 929 competentia,
1955 890 1978 920 P
1988 899 2038 921 EN
2048 899 2059 920 1
2070 899 2122 921 τυ
2132 899 2145 921 s
2165 890 2219 921 Re
2230 899 2276 920 Ml
2287 899 2310 920 T
2320 899 2378 921 Tr-

1313 937 1418 966 Mus,
1435 927 1606 966 Damus,
1623 928 1904 967 Rssnaxamus,
1918 930 1951 960 &
1966 928 2264 960 IMPERPETUUM
2281 937 2379 968 Que-

1313 975 1405 997 TUM
1425 965 1687 1005 CLAMAMus3

1349 1005 1485 1037 Volent&
1506 1005 1540 1036 &
1564 1004 1766 1036 Concedentes
1785 1005 1866 1044 quod
1880 1015 1934 1037 nec
1945 1006 2036 1037 dietus
2052 1006 2138 1046 Dux,
2154 1006 2198 1038 seu
2211 1006 2263 1038 alia
2276 1005 2379 1037 Perso-

1311 1053 1348 1074 na
1371 1053 1580 1082 quaemmque,
1599 1045 1707 1075 ratione
1724 1043 1958 1084 Praemifforum,
1978 1055 2028 1083 per
2042 1045 2127 1084 Nos,
2148 1049 2164 1063 ⁴*
2179 1046 2225 1078 vel
2239 1045 2378 1077 Haeredes
2398 1039 2511 1070 *VHL

1311 1082 1425 1112 nostros
1442 1082 1625 1121 molestetur,
1644 1083 1689 1113 vel
1704 1092 1836 1119 gravetur
1851 1083 1880 1113 in
1892 1083 2001 1122 aliquo,
2399 1087 2446 1116 39-

1349 1121 1464 1151 Ymmo
1485 1119 1681 1152 Concedimus
1705 1122 1752 1152 has
1771 1121 1891 1152 Litteras
1903 1121 2027 1160 nostras,
2044 1124 2078 1154 &
2092 1122 2269 1163 Qiietantias
2282 1122 2375 1162 hujus-

1311 1159 1391 1190 modi
1405 1160 1485 1198 alias,
1503 1160 1743 1198 quandocumque
1754 1160 1889 1199 placuerit
1900 1160 1980 1191 disto
1995 1160 2077 1192 Duci
2090 1163 2125 1193 &
2139 1161 2268 1193 Personis
2281 1162 2376 1200 hujus-

1312 1199 1410 1236 modi,
1427 1198 1463 1229 de
1486 1208 1567 1229 novo
1589 1199 1748 1237 conficere,
1767 1199 1802 1229 de
1822 1199 2048 1238 quibuscumque
2069 1200 2229 1238 hujusmodi
2243 1200 2377 1232 Affloni-

1309 1236 1361 1267 bus
1383 1238 1439 1268 sive
1457 1236 1617 1268 Demandis
1631 1260 1640 1275 ,
1674 1237 1826 1277 Originem
1845 1246 1909 1268 ante
1930 1237 2008 1268 hunc
2028 1238 2104 1269 diem
2129 1239 2295 1270 habentibus
2310 1262 2320 1277 ,
2343 1239 2377 1270 δε

1330 1275 1389 1306 uod
1410 1275 1599 1306 Cancellarius
1614 1275 1728 1315 noster,
1744 1277 1793 1316 qui
1805 1285 1859 1314 pro
1874 1284 2006 1316 tempore
2020 1277 2119 1315 fuerit,
2134 1277 2195 1308 vifis
2208 1277 2308 1308 Literis
2323 1287 2377 1307 no-

1337 1316 1388 1353 ris,
1406 1314 1566 1353 hujusmodi
1590 1314 1770 1384 Qrgietantias
1790 1315 1878 1345 libere
1898 1314 1989 1346 facere
2003 1315 2036 1346 ὃς
2050 1315 2183 1356 affignare
2196 1316 2302 1355 valeat,
2316 1316 2375 1347 abss

1308 1363 1365 1392 que
1381 1353 1435 1383 alio
1450 1352 1592 1384 Waranto
1608 1356 1626 1384 1‘1
1650 1355 1657 1383 i
1670 1355 1699 1384 in
1715 1354 1768 1385 hac
1780 1361 1858 1392 parte
1872 1352 2028 1393 dirigendo.

1347 1390 1381 1422 [n
1398 1392 1494 1429 cu'us,
1514 1392 1574 1423 &c.

1378 1429 1409 1461 Τ
1451 1440 1468 1462 ε
1482 1430 1564 1471 Rege
1579 1430 1652 1470 apud
1664 1430 1941 1472 westmonasterium,
1958 1432 2052 1472 primo
2065 1431 2112 1463 die
2127 1431 2212 1463 Maii.

1736 1511 1791 1539 Per
1802 1508 1885 1548 ipsum
1899 1510 1995 1547 Regem
2010 1508 2049 1545 ῤ’
2063 1508 2216 1540 Concilium.

1510 1645 1570 1677 Pro
1590 1640 1733 1686 Gaffrido
1751 1639 1903 1684 chancer,
1926 1640 1962 1675 de
1983 1642 2175 1676 Proteilione.

1310 1727 1394 1783 RE
1404 1727 1454 1767 X,
1468 1728 1614 1759 Omnibus
1629 1726 1738 1760 Ballivis
1752 1728 1785 1760 ὃς
1805 1726 1947 1759 Fidelibus
1963 1726 2034 1766 sub,
2053 1726 2088 1758 ad
2103 1737 2175 1766 quos
2185 1750 2196 1766 ,
2215 1729 2275 1760 &e.
2292 1728 2373 1761 Salu-
2392 1729 2526 1799 AnngD.

1392 1776 1461 1797 tem.
2414 1778 2425 1798 1
2489 1792 2496 1798 .

1341 1805 1440 1837 Sciatis
1452 1805 1529 1844 quod
1538 1830 1548 1844 ,
2390 1778 2507 1837 &13:9²¹-

1341 1844 1440 1883 Cum,
1456 1845 1595 1875 dilectum
1618 1843 1800 1883 Armigerum
1823 1843 1951 1875 nostrum
1977 1865 1987 1882 ,
2004 1842 2165 1883 Gaffridum
2185 1842 2319 1882 chaum,
2337 1845 2371 1876 ad
2391 1850 2420 1873 R.
2442 1855 2468 1874 2.

1304 1885 1466 1922 quamplura
1487 1884 1571 1914 ardua
1595 1884 1628 1915 &
1650 1884 1777 1922 urgentia
1799 1882 1928 1922 Negotia
1951 1882 2044 1912 nostra
2057 1905 2081 1925 ‚·
2104 1881 2162 1912 tam
2183 1882 2212 1911 in
2232 1882 2372 1922 absentia,
2396 1883 2461 1912 Ibid.

1328 1924 1392 1953 uam
1410 1924 1437 1952 in
1453 1921 1595 1960 praesentia
1609 1921 1724 1959 nostris,
1743 1922 1771 1951 in
1787 1921 1899 1951 diverfis
1913 1922 2054 1959 partibus,
2074 1920 2147 1951 infra
2162 1918 2305 1958 Regnum
2317 1931 2370 1953 no-
2392 1932 2428 1953 m.
2447 1925 2491 1952 26.

1305 1934 1395 1992 iimm
1411 1961 1522 2000 Angliae
1537 1961 1666 1991 facienda
1681 1961 1714 1991 ὃ(
1728 1960 1900 1999 expedienda
1915 1959 2153 1997 ordinaverimus,

1343 1998 1481 2038 Idemque
1504 1998 1648 2040 Gaffria'us
1668 2000 1764 2029 timeat
1784 1997 1828 2036 se,
1846 2008 1896 2038 per
1916 1998 2050 2036 quosdam
2073 1996 2211 2028 AEuiulos
2224 1997 2304 2037 suos,
2321 2008 2373 2037 pet

1324 2039 1480 2078 namplures
1505 2038 1641 2077 Qierelas
1665 2037 1721 2067 five
1742 2037 1856 2075 Seffls,
1873 2037 1945 2068 dum
1967 2036 2005 2067 fic
2021 2036 2156 2075 Negotiis
2170 2035 2268 2067 nostris
2280 2038 2372 2069 inten-

1303 2049 1394 2116 derit,
1413 2077 1560 2116 inquietati
1572 2100 1582 2115 ‚
1597 2075 1755 2113 molestari,
1771 2076 1827 2106 five
1843 2075 2024 2115 implacitan,
2039 2075 2072 2106 &
2087 2075 2185 2106 Nobis
2197 2074 2372 2116 supplicave3

1305 2118 1339 2148 rit
1341 2125 1385 2185 1th
1401 2116 1452 2147 fibi
1465 2117 1494 2146 in
1506 2116 1558 2147 hac
1574 2123 1650 2154 parte
1664 2115 1810 2147 subvenire
1822 2115 1958 2154 velimus,

1378 2165 1411 2186 os

1341 2179 1479 2225 Volentes
1498 2203 1553 2232 pro
1572 2193 1727 2225 Securitate
1741 2192 1822 2231 ipfius
1835 2191 1892 2223 Gal
1906 2192 1960 2222 ridi
1974 2192 2132 2231 prospicere
2145 2194 2281 2233 gratiose,

1340 2232 1519 2271 Suscepimus
1533 2232 1626 2270 ipsum
1640 2231 1817 2275 Galfridum,
1836 2242 1868 2262 ac
1918 2233 2044 2268 omines,
2062 2232 2179 2270 Terras,
2196 2232 2271 2271 Res,
2287 2232 2369 2265 Red.

1302 2270 1389 2310 ditus,
1411 2274 1444 2302 &
1465 2281 1567 2301 omnes
1588 2270 1774 2302 Posseihones
1794 2271 1869 2310 suas,
1889 2272 1917 2301 in
1938 2268 2153 2302 protectionem
2169 2271 2203 2302 &
2216 2271 2368 2304 Defenfio-

1302 2320 1370 2341 nem
1389 2309 1496 2340 nostras
1511 2310 1656 2349 speciales,

1340 2349 1483 2379 Nolentes
1505 2348 1584 2388 quod
1602 2349 1675 2386 ipse,
1692 2358 1708 2379 a
1731 2347 1808 2378 Data
1822 2347 2024 2387 Praesentium,
2045 2357 2094 2386 per
2109 2347 2193 2379 Duos
2207 2348 2307 2380 Annos
2322 2350 2367 2381 in-

1303 2396 1412 2457 ἕψε
1437 2387 1477 2456 ²3¹-
1489 2385 1841 2456 cujisfflsqstff‘seae
1850 2386 1976 2456 351²ss
1993 2387 2368 2456 ’denormare-³

1302 2437 1348 2497 &ctu
1357 2436 1651 2510 &uzi-IsslistesPlxaEI‘itisc
1657 2449 1758 2495 Τεττέ
1772 2435 1904 2495 duniaxat
1918 2435 2056 2502 effcgl'ntis)
2066 2436 2125 2503 (per
2143 2436 2254 2504 templus
2265 2436 2369 2503 Ρζὲἀῑιέῗ

1302 2505 1382 2535 &um
1399 2513 1524 2535 omnino
1539 2503 1571 2534 sit
1607 2512 1713 2534 uictus:

1347 2542 1385 2573 Et
1406 2543 1473 2573 ideo
1493 2542 1575 2573 vobis
1638 2541 1771 2572 andamus
1791 2541 1872 2580 quod
1892 2541 1983 2580 ipsum
2003 2538 2180 2580 Gaffridum‚
2203 2540 2367 2581 Homines,

1302 2581 1422 2619 Terras,
1442 2581 1518 2619 Res,
1537 2580 1693 2618 Redditus,
1711 2580 1745 2610 &
1765 2589 1865 2610 omnes
1884 2579 2070 2610 Poffeffiones
2083 2580 2156 2617 snas,
2176 2578 2364 2612 Manutenea·

1303 2622 1354 2659 tis,
1374 2620 1544 2660 protegatis,
1562 2619 1596 2650 &
1618 2618 1802 2656 Defendatis,
1817 2618 1896 2656 juxta
1916 2619 1995 2656 vim,
2013 2617 2153 2656 formam,
2171 2618 2205 2649 &
2225 2617 2364 2651 effectum

1302 2659 1481 2698 praesentium
1494 2658 1652 2689 Literarurn
1664 2655 1824 2687 nostrarum
1832 2679 1842 2694 ,

1340 2698 1417 2728 Non
1440 2695 1589 2728 inferentes
1610 2697 1661 2733 eis,
1681 2696 1744 2733 seu,
1761 2704 1898 2735 quantum
1920 2695 1950 2724 in
1972 2694 2055 2725 vobis
2072 2694 2114 2725 est
2145 2695 2182 2725 ab
2195 2695 2254 2727 aliis
2266 2695 2363 2728 inferri

1302 2737 1509 2778 permittentes,
1528 2735 1678 2772 Iniuriam,
1697 2733 1880 2773 Molestiam,
1896 2733 2081 2773 Dampnum,
2097 2717 2286 2774 Violentiam,
2303 2733 2364 2765 Im-

1302 2775 1498 2815 pedimentum
1513 2773 1644 2811 aliquod,
1666 2773 1712 2803 seu
1727 2771 1912 2811 Gravamen,

1341 2813 1397 2852 Et,
1414 2814 1433 2844 fi
1455 2812 1524 2852 quid
1545 2814 1583 2843 eis
1601 2811 1790 2842 Forisfaetum
1811 2811 1868 2841 five
1886 2810 2050 2848 Injuriatum
2069 2810 2169 2850 fuerit,
2185 2810 2215 2842 id
2234 2810 2289 2849 eis,
2306 2809 2366 2841 sine

1302 2852 1456 2890 dilatione,
1474 2851 1568 2882 debite
1580 2851 1682 2888 corrigi
1698 2850 1732 2881 δε
1747 2849 1888 2880 emendari
1902 2849 2013 2880 faciatis.

1339 2890 1374 2922 In
1389 2892 1482 2929 cuius,
1497 2890 1557 2921 &c.
1576 2899 1625 2927 per
1643 2888 1793 2920 Biennium
1809 2887 1958 2918 duraturas.

1373 2928 1461 2960 Teste
1479 2928 1562 2969 Rege
1577 2927 1651 2968 apud
1672 2925 1945 2966 Westmonasterium,
1963 2933 2064 2967 quarto
2078 2926 2126 2958 die
2142 2925 2224 2957 Maii.

1936 3006 1991 3035 Per
2002 3004 2086 3045 ipsam
2097 3006 2202 3042 Regem.

1501 3134 1550 3166 De
1559 3132 1651 3177 fizlvo
1671 3129 1822 3163 ConduHu
1833 3139 1889 3175 pro
1907 3129 2038 3161 Nunciis
2053 3131 2164 3162 Scotiae.

1302 3215 1440 3272 REX,
1458 3225 1507 3256 per
1530 3215 1638 3247 Literas
1660 3215 1716 3246 suas
1735 3215 1866 3246 Patentes
1899 3213 1985 3252 usque
2001 3212 2116 3244 Festum
2130 3211 2227 3244 Sanffl
2238 3211 2360 3250 Martini
2377 3210 2453 3242 Ann.
2467 3209 2511 3248 D,-

1374 3257 1403 3285 in
1418 3255 1529 3292 Yeme,
1548 3256 1681 3294 proximo
1695 3254 1837 3292 futurum,
1859 3237 2016 3295 duraturas,
2031 3251 2147 3289 suscepit
2160 3253 2189 3281 in
2204 3251 2312 3282 salvum
2323 3251 2357 3282 &
2402 3250 2486 3290 1398.

1299 3294 1427 3325 securum
1447 3293 1639 3324 ConduCi-um
1660 3292 1757 3330 suum,
1775 3302 1808 3323 ac
1831 3293 1861 3322 in
1874 3290 2088 3321 protectionem
2104 3291 2138 3322 &
2152 3289 2358 3321 Defenfionem
2377 3294 2430 3318 An.
2446 3299 2491 3317 21.

1298 3333 1356 3364 suas
1377 3332 1521 3371 speciales,
1540 3331 1700 3371 Johannem
1721 3332 1752 3361 de
1770 3333 1908 3367 Ramorgn
1943 3328 2070 3359 Militem
2084 3328 2119 3359 de
2133 3327 2247 3366 Scotia,
2264 3328 2299 3359 &
2312 3331 2364 3365 Α-,
2376 3333 2406 3356 R.
2426 3338 2453 3356 2.

1298 3372 1361 3401 dam
1376 3370 1494 3441 Foglere
1516 3370 1718 3417 Armigerum‚
1735 3379 1804 3400 cum
1826 3369 1894 3406 Qua
1916 3368 2028 3410 raginta·
2039 3366 2095 3397 aliis
2108 3365 2236 3397 Personis
2248 3365 2360 3404 Equiti-
2375 3371 2442 3395 Scot.
2463 3366 2510 3400 ²¹2

1297 3411 1349 3479 Pus
1362 3411 1391 3440 in
1428 3409 1555 3441 'omitivfi
1570 3409 1634 3448 sua,
1652 3410 1683 3439 in
1697 3407 1834 3447 Regnum
1848 3408 1930 3437 suum
1943 3405 2072 3445 Anghae,
2089 3414 2173 3443 penes
2184 3403 2360 3444 praesentiam
2376 3409 2405 3434 R.
2425 3413 2452 3433 2.

1310 3458 1373 3479 uam

1335 3472 1473 3518 Ex'causa
1489 3486 1629 3525 praesentis
1640 3482 1808 3522 Traetatfis,
1825 3487 1898 3513 inter
1911 3481 1995 3522 ipsiam
2008 3481 2043 3514 &
2056 3480 2228 3513 cariffimum
2239 3480 2361 3522 Confin-

1294 3530 1418 3565 guineum
1425 3524 1505 3564 ficum
1520 3528 1616 3554 Scotiae
1630 3524 1720 3562 capti,
1782 3525 1786 3529 ’

1337 3564 1506 3602 Veniendo,
1526 3562 1633 3593 ibidem
1654 3560 1809 3599 morando,
1825 3559 1859 3591 &
1871 3558 1972 3589 exinde
1985 3558 2078 3590 versus
2091 3558 2282 3598 quascumque
2296 3568 2357 3599 par-

1297 3613 1338 3635 tes
1364 3603 1478 3634 Exteras
1499 3600 1680 3638 transeundo,
1699 3609 1732 3630 ac
1752 3608 1800 3636 per
1824 3598 1899 3628 idem
1918 3597 2054 3636 Regnum
2074 3597 2154 3628 suum
2168 3597 2258 3628 versus
2272 3604 2359 3637 partes

1300 3643 1358 3673 suas
1379 3642 1517 3679 proprias,
1536 3640 1638 3677 abique
1652 3637 1864 3676 perturbatione
1876 3635 1998 3675 aliquali,
2005 3635 2162 3675 redeundo,
2169 3633 2230 3672 &a
2245 3641 2278 3668 ut
2285 3633 2357 3675 infit

1298 3680 1404 3712 milibus
1416 3680 1448 3710 de
1463 3678 1600 3709 Conduclu
1616 3679 1730 3707 Literis.

1336 3717 1426 3751 Teste
1439 3716 1522 3758 Rege
1536 3714 1610 3755 apud
1625 3712 1900 3754 Wstmonasterium,
1918 3713 1982 3742 xxix
1995 3711 2042 3743 die
2056 3711 2140 3744 Maii.

2376 3452 2414 3472 m·
2428 3452 2469 3472 11.

1621 3793 1674 3823 Per
1691 3789 1795 3823 Billam
1812 3790 1845 3822 de
1861 3791 1982 3822 Privato
1996 3788 2098 3828 Sigillo.

2271 4094 2292 4114 ε
2305 4095 2360 4127 Pro'
