<?xml version="1.0" encoding="UTF-8"?>
<!DOCTYPE html PUBLIC "-//W3C//DTD XHTML 1.0 Transitional//EN"
    "http://www.w3.org/TR/xhtml1/DTD/xhtml1-transitional.dtd">
<html xmlns="http://www.w3.org/1999/xhtml" xml:lang="en" lang="en">
 <head>
  <title>
</title>
<meta http-equiv="Content-Type" content="text/html;charset=utf-8" />
  <meta name='ocr-system' content='tesseract 3.04.00' />
  <meta name='ocr-capabilities' content='ocr_page ocr_carea ocr_par ocr_line ocrx_word'/>
</head>
<body>
  <div class='ocr_page' id='page_1' title='image "./fderaconventione03ryme/fderaconventione03ryme_0548.png"; bbox 0 0 2912 4368; ppageno 0'>
   <div class='ocr_carea' id='block_1_1' title="bbox 201 0 1475 6">
    <p class='ocr_par' dir='ltr' id='par_1_1' title="bbox 201 0 1475 6">
     <span class='ocr_line' id='line_1_1' title="bbox 201 0 1475 6; baseline 0 0"><span class='ocrx_word' id='word_1_1' title='bbox 201 0 1475 6; x_wconf 95' lang='lat' dir='ltr'> </span> 
     </span>
    </p>
   </div>
   <div class='ocr_carea' id='block_1_2' title="bbox 302 136 2015 189">
    <p class='ocr_par' dir='ltr' id='par_1_2' title="bbox 302 136 2015 189">
     <span class='ocr_line' id='line_1_2' title="bbox 302 136 2015 189; baseline -0.004 -1"><span class='ocrx_word' id='word_1_2' title='bbox 302 152 360 188; x_wconf 86' lang='lat'>66</span> <span class='ocrx_word' id='word_1_3' title='bbox 765 136 1529 185; x_wconf 87' lang='lat' dir='ltr'>CONVENTIONES</span> <span class='ocrx_word' id='word_1_4' title='bbox 1625 139 2015 189; x_wconf 86' lang='lat' dir='ltr'>LITERAE‚</span> 
     </span>
    </p>
   </div>
   <div class='ocr_carea' id='block_1_3' title="bbox 160 220 2882 343">
    <p class='ocr_par' dir='ltr' id='par_1_3' title="bbox 160 220 2882 343">
     <span class='ocr_line' id='line_1_3' title="bbox 161 220 2882 272; baseline -0.002 -11"><span class='ocrx_word' id='word_1_5' title='bbox 161 230 290 261; x_wconf 83' lang='lat' dir='ltr'>Ann.D.</span> <span class='ocrx_word' id='word_1_6' title='bbox 340 231 530 269; x_wconf 77' lang='lat' dir='ltr'>Volentesque</span> <span class='ocrx_word' id='word_1_7' title='bbox 549 228 590 259; x_wconf 90' lang='lat' dir='ltr'>ob</span> <span class='ocrx_word' id='word_1_8' title='bbox 613 228 819 260; x_wconf 86' lang='lat' dir='ltr'>Reverentiam</span> <span class='ocrx_word' id='word_1_9' title='bbox 842 229 900 259; x_wconf 90' lang='lat' dir='ltr'>Dei</span> <span class='ocrx_word' id='word_1_10' title='bbox 918 227 1134 270; x_wconf 82' lang='lat' dir='ltr'>Omnipotentis</span> <span class='ocrx_word' id='word_1_11' title='bbox 1148 249 1158 263; x_wconf 93' lang='lat'>,</span> <span class='ocrx_word' id='word_1_12' title='bbox 1183 226 1231 270; x_wconf 81' lang='lat' dir='ltr'>qui</span> <span class='ocrx_word' id='word_1_13' title='bbox 1252 221 1364 267; x_wconf 22' lang='lat' dir='ltr'>nosead</span> <span class='ocrx_word' id='word_1_14' title='bbox 1401 221 1436 251; x_wconf 71' lang='grc' dir='ltr'>δε</span> <span class='ocrx_word' id='word_1_15' title='bbox 1456 220 1583 253; x_wconf 89' lang='lat' dir='ltr'>Firmam</span> <span class='ocrx_word' id='word_1_16' title='bbox 1606 222 1712 254; x_wconf 84' lang='lat' dir='ltr'>Pacem</span> <span class='ocrx_word' id='word_1_17' title='bbox 1734 224 1860 269; x_wconf 72' lang='lat' dir='ltr'>nostram</span> <span class='ocrx_word' id='word_1_18' title='bbox 1882 225 1918 256; x_wconf 91' lang='lat' dir='ltr'>Ei</span> <span class='ocrx_word' id='word_1_19' title='bbox 1937 226 2005 256; x_wconf 89' lang='lat' dir='ltr'>inde</span> <span class='ocrx_word' id='word_1_20' title='bbox 2027 226 2223 259; x_wconf 85' lang='lat' dir='ltr'>Concedimus</span> <span class='ocrx_word' id='word_1_21' title='bbox 2236 252 2246 266; x_wconf 93' lang='lat'>,</span> <span class='ocrx_word' id='word_1_22' title='bbox 2274 226 2416 266; x_wconf 84' lang='lat' dir='ltr'>&amp;ipsum</span> <span class='ocrx_word' id='word_1_23' title='bbox 2431 227 2467 259; x_wconf 85' lang='lat' dir='ltr'>ad</span> <span class='ocrx_word' id='word_1_24' title='bbox 2492 224 2567 256; x_wconf 86' lang='lat' dir='ltr'>Ann.</span> <span class='ocrx_word' id='word_1_25' title='bbox 2579 222 2620 259; x_wconf 85' lang='lat' dir='ltr'>D.</span> <span class='ocrx_word' id='word_1_26' title='bbox 2642 251 2645 256; x_wconf 88' lang='lat'><em>.</em></span> <span class='ocrx_word' id='word_1_27' title='bbox 2712 266 2716 272; x_wconf 90' lang='lat'>.</span> <span class='ocrx_word' id='word_1_28' title='bbox 2757 255 2764 264; x_wconf 68' lang='grc'>,,</span> <span class='ocrx_word' id='word_1_29' title='bbox 2794 232 2882 272; x_wconf 43' lang='lat' dir='ltr'>‘&#39;22ae-</span> 
     </span>
     <span class='ocr_line' id='line_1_4' title="bbox 190 258 2858 314; baseline -0.007 -15"><span class='ocrx_word' id='word_1_30' title='bbox 190 278 272 309; x_wconf 82' lang='lat'>1377.</span> <span class='ocrx_word' id='word_1_31' title='bbox 305 271 403 310; x_wconf 78' lang='lat' dir='ltr'>Regni</span> <span class='ocrx_word' id='word_1_32' title='bbox 423 269 512 300; x_wconf 89' lang='lat' dir='ltr'>nostri</span> <span class='ocrx_word' id='word_1_33' title='bbox 535 268 739 298; x_wconf 85' lang='lat' dir='ltr'>Gubernacula</span> <span class='ocrx_word' id='word_1_34' title='bbox 755 291 764 306; x_wconf 88' lang='lat'>,</span> <span class='ocrx_word' id='word_1_35' title='bbox 781 267 828 298; x_wconf 68' lang='lat' dir='ltr'>sua</span> <span class='ocrx_word' id='word_1_36' title='bbox 844 267 951 297; x_wconf 68' lang='lat' dir='ltr'>Divina</span> <span class='ocrx_word' id='word_1_37' title='bbox 966 265 1238 309; x_wconf 32' lang='lat' dir='ltr'>Miserationekjam</span> <span class='ocrx_word' id='word_1_38' title='bbox 1254 270 1367 306; x_wconf 81' lang='lat' dir='ltr'>noviter</span> <span class='ocrx_word' id='word_1_39' title='bbox 1406 258 1576 291; x_wconf 88' lang='lat' dir='ltr'>Comunem</span> <span class='ocrx_word' id='word_1_40' title='bbox 1594 261 1708 299; x_wconf 85' lang='lat' dir='ltr'><strong>Legem</strong></span> <span class='ocrx_word' id='word_1_41' title='bbox 1723 262 1926 302; x_wconf 75' lang='lat' dir='ltr'>Restituimu53</span> <span class='ocrx_word' id='word_1_42' title='bbox 2509 273 2600 304; x_wconf 51' lang='lat'>1377·</span> <span class='ocrx_word' id='word_1_43' title='bbox 2644 263 2650 302; x_wconf 62' lang='lat' dir='ltr'>i</span> <span class='ocrx_word' id='word_1_44' title='bbox 2675 294 2707 312; x_wconf 58' lang='lat' dir='ltr'>w„</span> <span class='ocrx_word' id='word_1_45' title='bbox 2727 281 2733 285; x_wconf 79' lang='grc'>,</span> <span class='ocrx_word' id='word_1_46' title='bbox 2756 270 2779 314; x_wconf 39' lang='lat'>:5</span> <span class='ocrx_word' id='word_1_47' title='bbox 2792 270 2858 287; x_wconf 39' lang='lat'>21¹„-</span> 
     </span>
     <span class='ocr_line' id='line_1_5' title="bbox 160 299 2799 343; baseline -0.007 -2"><span class='ocrx_word' id='word_1_48' title='bbox 160 310 211 336; x_wconf 73' lang='lat' dir='ltr'>Rit-</span> <span class='ocrx_word' id='word_1_49' title='bbox 234 319 259 336; x_wconf 87' lang='lat'>2·</span> <span class='ocrx_word' id='word_1_50' title='bbox 306 310 454 343; x_wconf 73' lang='lat' dir='ltr'>evocavit,</span> <span class='ocrx_word' id='word_1_51' title='bbox 470 316 585 337; x_wconf 80' lang='lat' dir='ltr'>necnon</span> <span class='ocrx_word' id='word_1_52' title='bbox 607 305 641 335; x_wconf 87' lang='lat' dir='ltr'>ad</span> <span class='ocrx_word' id='word_1_53' title='bbox 658 306 811 337; x_wconf 78' lang='lat' dir='ltr'>Honorem</span> <span class='ocrx_word' id='word_1_54' title='bbox 831 306 942 336; x_wconf 63' lang='lat' dir='ltr'>Sauerae</span> <span class='ocrx_word' id='word_1_55' title='bbox 957 303 1058 334; x_wconf 87' lang='lat' dir='ltr'>Matris</span> <span class='ocrx_word' id='word_1_56' title='bbox 1074 303 1226 339; x_wconf 43' lang='lat' dir='ltr'>Eccleliie,</span> <span class='ocrx_word' id='word_1_57' title='bbox 1245 299 1366 332; x_wconf 80' lang='lat' dir='ltr'>beatiffi-</span> <span class='ocrx_word' id='word_1_58' title='bbox 2674 312 2690 329; x_wconf 56' lang='lat' dir='ltr'>i„</span> <span class='ocrx_word' id='word_1_59' title='bbox 2787 312 2799 322; x_wconf 57' lang='lat'><em>2</em></span> 
     </span>
    </p>
   </div>
   <div class='ocr_carea' id='block_1_4' title="bbox 0 2244 7 3518">
    <p class='ocr_par' dir='ltr' id='par_1_4' title="bbox 0 2244 7 3518">
     <span class='ocr_line' id='line_1_6' title="bbox 0 2244 7 3518; baseline 0 0"><span class='ocrx_word' id='word_1_60' title='bbox 0 2244 7 3518; x_wconf 95' lang='lat' dir='ltr'> </span> 
     </span>
    </p>
   </div>
   <div class='ocr_carea' id='block_1_5' title="bbox 161 2045 272 2111">
    <p class='ocr_par' dir='ltr' id='par_1_5' title="bbox 161 2045 272 2111">
     <span class='ocr_line' id='line_1_7' title="bbox 161 2045 272 2073; baseline -0.009 0"><span class='ocrx_word' id='word_1_61' title='bbox 161 2045 182 2065; x_wconf 68' lang='grc'><strong>*</strong></span> <span class='ocrx_word' id='word_1_62' title='bbox 204 2045 272 2073; x_wconf 67' lang='grc' dir='ltr'>ΥΠ.</span> 
     </span>
     <span class='ocr_line' id='line_1_8' title="bbox 168 2086 229 2111; baseline 0.016 -1"><span class='ocrx_word' id='word_1_63' title='bbox 168 2086 229 2111; x_wconf 87' lang='lat'>166.</span> 
     </span>
    </p>
   </div>
   <div class='ocr_carea' id='block_1_6' title="bbox 302 338 1385 4087">
    <p class='ocr_par' dir='ltr' id='par_1_6' title="bbox 307 338 1369 501">
     <span class='ocr_line' id='line_1_9' title="bbox 308 338 1368 385; baseline -0.01 -6"><span class='ocrx_word' id='word_1_64' title='bbox 308 357 421 385; x_wconf 80' lang='lat' dir='ltr'>rnaeque</span> <span class='ocrx_word' id='word_1_65' title='bbox 441 346 563 383; x_wconf 73' lang='lat' dir='ltr'>Virginis</span> <span class='ocrx_word' id='word_1_66' title='bbox 586 343 688 375; x_wconf 82' lang='lat' dir='ltr'>Mariae</span> <span class='ocrx_word' id='word_1_67' title='bbox 700 369 709 382; x_wconf 88' lang='lat'>,</span> <span class='ocrx_word' id='word_1_68' title='bbox 735 344 908 375; x_wconf 68' lang='lat' dir='ltr'>San&amp;orum</span> <span class='ocrx_word' id='word_1_69' title='bbox 931 341 1140 384; x_wconf 80' lang='lat' dir='ltr'>Apostolorum</span> <span class='ocrx_word' id='word_1_70' title='bbox 1156 341 1276 385; x_wconf 79' lang='lat' dir='ltr'>Petri&amp;</span> <span class='ocrx_word' id='word_1_71' title='bbox 1290 338 1368 369; x_wconf 91' lang='lat' dir='ltr'>Pauli</span> 
     </span>
     <span class='ocr_line' id='line_1_10' title="bbox 307 378 1368 421; baseline -0.008 -6"><span class='ocrx_word' id='word_1_72' title='bbox 307 388 342 417; x_wconf 70' lang='grc' dir='ltr'>ὃς</span> <span class='ocrx_word' id='word_1_73' title='bbox 356 385 451 416; x_wconf 66' lang='grc' dir='ltr'>δεηὲὶί</span> <span class='ocrx_word' id='word_1_74' title='bbox 464 383 602 421; x_wconf 86' lang='lat' dir='ltr'>Swythini</span> <span class='ocrx_word' id='word_1_75' title='bbox 619 382 798 413; x_wconf 86' lang='lat' dir='ltr'>Confessoris</span> <span class='ocrx_word' id='word_1_76' title='bbox 809 405 819 420; x_wconf 88' lang='lat'>,</span> <span class='ocrx_word' id='word_1_77' title='bbox 836 381 920 411; x_wconf 67' lang='lat' dir='ltr'>dietae</span> <span class='ocrx_word' id='word_1_78' title='bbox 934 379 1068 411; x_wconf 82' lang='lat' dir='ltr'>Eccleiiae</span> <span class='ocrx_word' id='word_1_79' title='bbox 1083 380 1254 418; x_wconf 80' lang='lat' dir='ltr'>Wyntoniae</span> <span class='ocrx_word' id='word_1_80' title='bbox 1269 378 1368 420; x_wconf 82' lang='lat' dir='ltr'>Patro-</span> 
     </span>
     <span class='ocr_line' id='line_1_11' title="bbox 308 415 1369 459; baseline -0.008 -5"><span class='ocrx_word' id='word_1_81' title='bbox 308 433 428 458; x_wconf 88' lang='lat' dir='ltr'>norum,</span> <span class='ocrx_word' id='word_1_82' title='bbox 446 423 638 458; x_wconf 88' lang='lat' dir='ltr'>omniumque</span> <span class='ocrx_word' id='word_1_83' title='bbox 661 422 739 451; x_wconf 71' lang='lat' dir='ltr'>timul</span> <span class='ocrx_word' id='word_1_84' title='bbox 754 420 944 457; x_wconf 62' lang='lat' dir='ltr'>Sanitorum,</span> <span class='ocrx_word' id='word_1_85' title='bbox 963 429 1017 459; x_wconf 89' lang='lat' dir='ltr'>pro</span> <span class='ocrx_word' id='word_1_86' title='bbox 1032 419 1185 449; x_wconf 90' lang='lat' dir='ltr'>Securitate</span> <span class='ocrx_word' id='word_1_87' title='bbox 1201 417 1284 455; x_wconf 87' lang='lat' dir='ltr'>ipsius</span> <span class='ocrx_word' id='word_1_88' title='bbox 1298 415 1369 453; x_wconf 83' lang='lat' dir='ltr'>Epi-</span> 
     </span>
     <span class='ocr_line' id='line_1_12' title="bbox 309 457 1366 501; baseline -0.006 -9"><span class='ocrx_word' id='word_1_89' title='bbox 309 463 385 499; x_wconf 86' lang='lat' dir='ltr'>scopi</span> <span class='ocrx_word' id='word_1_90' title='bbox 400 459 612 499; x_wconf 86' lang='lat' dir='ltr'>Wyntonienfis</span> <span class='ocrx_word' id='word_1_91' title='bbox 624 459 774 497; x_wconf 68' lang='lat' dir='ltr'>Statsisque</span> <span class='ocrx_word' id='word_1_92' title='bbox 788 459 825 488; x_wconf 89' lang='lat' dir='ltr'>sui</span> <span class='ocrx_word' id='word_1_93' title='bbox 840 460 874 489; x_wconf 73' lang='grc' dir='ltr'>δε</span> <span class='ocrx_word' id='word_1_94' title='bbox 890 457 1028 501; x_wconf 84' lang='lat' dir='ltr'>Ecclesiae</span> <span class='ocrx_word' id='word_1_95' title='bbox 1040 458 1096 488; x_wconf 82' lang='lat' dir='ltr'>suae</span> <span class='ocrx_word' id='word_1_96' title='bbox 1111 457 1272 498; x_wconf 64' lang='lat' dir='ltr'>praedie‘tae‚</span> <span class='ocrx_word' id='word_1_97' title='bbox 1305 493 1310 498; x_wconf 34' lang='grc'>1</span> <span class='ocrx_word' id='word_1_98' title='bbox 1355 490 1366 501; x_wconf 51' lang='grc' dir='ltr'>Α</span> 
     </span>
    </p>

    <p class='ocr_par' dir='ltr' id='par_1_7' title="bbox 303 493 1370 650">
     <span class='ocr_line' id='line_1_13' title="bbox 347 493 1370 537; baseline -0.006 -9"><span class='ocrx_word' id='word_1_99' title='bbox 347 499 400 529; x_wconf 79' lang='lat' dir='ltr'>Ne</span> <span class='ocrx_word' id='word_1_100' title='bbox 414 499 463 535; x_wconf 84' lang='lat' dir='ltr'>ipfi</span> <span class='ocrx_word' id='word_1_101' title='bbox 473 521 482 537; x_wconf 93' lang='lat'>,</span> <span class='ocrx_word' id='word_1_102' title='bbox 502 507 535 528; x_wconf 71' lang='lat' dir='ltr'>ex</span> <span class='ocrx_word' id='word_1_103' title='bbox 547 497 644 528; x_wconf 81' lang='lat' dir='ltr'>Caufis</span> <span class='ocrx_word' id='word_1_104' title='bbox 658 496 821 535; x_wconf 70' lang='lat' dir='ltr'>praemiiHS,</span> <span class='ocrx_word' id='word_1_105' title='bbox 845 497 890 527; x_wconf 90' lang='lat' dir='ltr'>seu</span> <span class='ocrx_word' id='word_1_106' title='bbox 902 498 959 527; x_wconf 87' lang='lat' dir='ltr'>aliis</span> <span class='ocrx_word' id='word_1_107' title='bbox 972 506 1037 534; x_wconf 86' lang='lat' dir='ltr'>quae</span> <span class='ocrx_word' id='word_1_108' title='bbox 1050 496 1199 533; x_wconf 87' lang='lat' dir='ltr'>secuntur,</span> <span class='ocrx_word' id='word_1_109' title='bbox 1218 503 1263 524; x_wconf 88' lang='lat' dir='ltr'>aut</span> <span class='ocrx_word' id='word_1_110' title='bbox 1278 493 1370 535; x_wconf 83' lang='lat' dir='ltr'>aliqua</span> 
     </span>
     <span class='ocr_line' id='line_1_14' title="bbox 303 532 1370 576; baseline -0.006 -9"><span class='ocrx_word' id='word_1_111' title='bbox 303 536 473 568; x_wconf 84' lang='lat' dir='ltr'>eorumdem</span> <span class='ocrx_word' id='word_1_112' title='bbox 487 560 496 576; x_wconf 93' lang='lat'>,</span> <span class='ocrx_word' id='word_1_113' title='bbox 522 536 621 567; x_wconf 86' lang='lat' dir='ltr'>futuris</span> <span class='ocrx_word' id='word_1_114' title='bbox 645 537 838 575; x_wconf 72' lang='lat' dir='ltr'>temporibus,</span> <span class='ocrx_word' id='word_1_115' title='bbox 854 535 1006 572; x_wconf 83' lang='lat' dir='ltr'>aliqualiter</span> <span class='ocrx_word' id='word_1_116' title='bbox 1019 534 1214 572; x_wconf 86' lang='lat' dir='ltr'>Impetantur,</span> <span class='ocrx_word' id='word_1_117' title='bbox 1232 532 1370 576; x_wconf 72' lang='lat' dir='ltr'>Occasio—</span> 
     </span>
     <span class='ocr_line' id='line_1_15' title="bbox 304 569 1370 614; baseline -0.006 -8"><span class='ocrx_word' id='word_1_118' title='bbox 304 584 423 613; x_wconf 72' lang='lat' dir='ltr'>nentur,</span> <span class='ocrx_word' id='word_1_119' title='bbox 441 575 485 605; x_wconf 88' lang='lat' dir='ltr'>seu</span> <span class='ocrx_word' id='word_1_120' title='bbox 500 577 529 605; x_wconf 92' lang='lat' dir='ltr'>in</span> <span class='ocrx_word' id='word_1_121' title='bbox 543 575 639 613; x_wconf 86' lang='lat' dir='ltr'>aliquo</span> <span class='ocrx_word' id='word_1_122' title='bbox 655 574 863 612; x_wconf 88' lang='lat' dir='ltr'>Molestentur,</span> <span class='ocrx_word' id='word_1_123' title='bbox 881 574 927 604; x_wconf 89' lang='lat' dir='ltr'>seu</span> <span class='ocrx_word' id='word_1_124' title='bbox 939 574 1083 614; x_wconf 78' lang='lat' dir='ltr'>impetiri,</span> <span class='ocrx_word' id='word_1_125' title='bbox 1102 572 1302 608; x_wconf 89' lang='lat' dir='ltr'>Occasionari,</span> <span class='ocrx_word' id='word_1_126' title='bbox 1323 569 1370 601; x_wconf 92' lang='lat' dir='ltr'>vel</span> 
     </span>
     <span class='ocr_line' id='line_1_16' title="bbox 304 612 595 650; baseline -0.01 -5"><span class='ocrx_word' id='word_1_127' title='bbox 304 612 454 645; x_wconf 79' lang='lat' dir='ltr'>Molestari</span> <span class='ocrx_word' id='word_1_128' title='bbox 469 614 577 644; x_wconf 69' lang='lat' dir='ltr'>valeant</span> <span class='ocrx_word' id='word_1_129' title='bbox 586 637 595 650; x_wconf 92' lang='lat'>,</span> 
     </span>
    </p>

    <p class='ocr_par' dir='ltr' id='par_1_8' title="bbox 342 651 1197 696">
     <span class='ocr_line' id='line_1_17' title="bbox 342 651 1197 696; baseline -0.001 -14"><span class='ocrx_word' id='word_1_130' title='bbox 342 652 376 682; x_wconf 89' lang='lat' dir='ltr'>In</span> <span class='ocrx_word' id='word_1_131' title='bbox 390 662 526 690; x_wconf 85' lang='lat' dir='ltr'>quantum</span> <span class='ocrx_word' id='word_1_132' title='bbox 543 651 689 691; x_wconf 84' lang='lat' dir='ltr'>possumus</span> <span class='ocrx_word' id='word_1_133' title='bbox 705 651 873 689; x_wconf 80' lang='lat' dir='ltr'>providere,</span> <span class='ocrx_word' id='word_1_134' title='bbox 1187 687 1197 696; x_wconf 40' lang='grc' dir='ltr'>Α</span> 
     </span>
    </p>

    <p class='ocr_par' dir='ltr' id='par_1_9' title="bbox 302 685 1372 883">
     <span class='ocr_line' id='line_1_18' title="bbox 342 685 1371 731; baseline -0.006 -9"><span class='ocrx_word' id='word_1_135' title='bbox 342 690 391 722; x_wconf 91' lang='lat' dir='ltr'>De</span> <span class='ocrx_word' id='word_1_136' title='bbox 405 690 504 720; x_wconf 75' lang='lat' dir='ltr'>Gratia</span> <span class='ocrx_word' id='word_1_137' title='bbox 519 689 615 720; x_wconf 75' lang='lat' dir='ltr'>nostra</span> <span class='ocrx_word' id='word_1_138' title='bbox 629 690 753 729; x_wconf 83' lang='lat' dir='ltr'>speciali,</span> <span class='ocrx_word' id='word_1_139' title='bbox 773 692 807 721; x_wconf 89' lang='lat'>&amp;</span> <span class='ocrx_word' id='word_1_140' title='bbox 823 699 856 720; x_wconf 81' lang='lat' dir='ltr'>ex</span> <span class='ocrx_word' id='word_1_141' title='bbox 870 689 947 720; x_wconf 63' lang='lat' dir='ltr'>certi</span> <span class='ocrx_word' id='word_1_142' title='bbox 964 687 1088 720; x_wconf 72' lang='lat' dir='ltr'>Scientia</span> <span class='ocrx_word' id='word_1_143' title='bbox 1104 687 1217 725; x_wconf 86' lang='lat' dir='ltr'>nostra,</span> <span class='ocrx_word' id='word_1_144' title='bbox 1232 696 1264 717; x_wconf 92' lang='lat' dir='ltr'>ac</span> <span class='ocrx_word' id='word_1_145' title='bbox 1277 685 1314 716; x_wconf 91' lang='lat' dir='ltr'>de</span> <span class='ocrx_word' id='word_1_146' title='bbox 1330 685 1371 731; x_wconf 29' lang='lat' dir='ltr'>A·-</span> 
     </span>
     <span class='ocr_line' id='line_1_19' title="bbox 302 725 1372 767; baseline -0.007 -8"><span class='ocrx_word' id='word_1_147' title='bbox 302 730 461 759; x_wconf 71' lang='lat' dir='ltr'>visimento</span> <span class='ocrx_word' id='word_1_148' title='bbox 484 731 515 760; x_wconf 65' lang='grc' dir='ltr'>ὃς</span> <span class='ocrx_word' id='word_1_149' title='bbox 539 729 674 767; x_wconf 85' lang='lat' dir='ltr'>Assensu,</span> <span class='ocrx_word' id='word_1_150' title='bbox 693 729 835 759; x_wconf 72' lang='lat' dir='ltr'>Carii&#39;simi</span> <span class='ocrx_word' id='word_1_151' title='bbox 850 728 996 759; x_wconf 85' lang='lat' dir='ltr'>Avunculi</span> <span class='ocrx_word' id='word_1_152' title='bbox 1018 727 1120 764; x_wconf 85' lang='lat' dir='ltr'>nostri,</span> <span class='ocrx_word' id='word_1_153' title='bbox 1139 725 1280 765; x_wconf 71' lang='lat' dir='ltr'>Johannis</span> <span class='ocrx_word' id='word_1_154' title='bbox 1292 728 1372 761; x_wconf 75' lang='lat' dir='ltr'>Regis</span> 
     </span>
     <span class='ocr_line' id='line_1_20' title="bbox 305 763 1371 809; baseline -0.004 -12"><span class='ocrx_word' id='word_1_155' title='bbox 305 768 428 807; x_wconf 66' lang='lat' dir='ltr'>Castellae</span> <span class='ocrx_word' id='word_1_156' title='bbox 444 767 480 800; x_wconf 56' lang='lat' dir='ltr'>ii»</span> <span class='ocrx_word' id='word_1_157' title='bbox 499 771 622 804; x_wconf 79' lang='lat' dir='ltr'><em>Legionis</em></span> <span class='ocrx_word' id='word_1_158' title='bbox 640 767 731 798; x_wconf 85' lang='lat' dir='ltr'>Ducis</span> <span class='ocrx_word' id='word_1_159' title='bbox 748 767 937 805; x_wconf 81' lang='lat' dir='ltr'>Lancastriae,</span> <span class='ocrx_word' id='word_1_160' title='bbox 956 776 1069 797; x_wconf 83' lang='lat' dir='ltr'>necnon</span> <span class='ocrx_word' id='word_1_161' title='bbox 1083 765 1287 809; x_wconf 54' lang='lat' dir='ltr'>Prffielatorum,</span> <span class='ocrx_word' id='word_1_162' title='bbox 1307 763 1371 793; x_wconf 93' lang='lat' dir='ltr'>Co-</span> 
     </span>
     <span class='ocr_line' id='line_1_21' title="bbox 306 801 1372 845; baseline -0.005 -9"><span class='ocrx_word' id='word_1_163' title='bbox 306 809 427 844; x_wconf 88' lang='lat' dir='ltr'>mitum,</span> <span class='ocrx_word' id='word_1_164' title='bbox 448 805 607 844; x_wconf 71' lang='lat' dir='ltr'>Baronum,</span> <span class='ocrx_word' id='word_1_165' title='bbox 625 807 658 837; x_wconf 66' lang='grc' dir='ltr'>ὃς</span> <span class='ocrx_word' id='word_1_166' title='bbox 678 806 845 845; x_wconf 80' lang='lat' dir='ltr'>Magnarum</span> <span class='ocrx_word' id='word_1_167' title='bbox 855 829 864 845; x_wconf 97' lang='lat'>,</span> <span class='ocrx_word' id='word_1_168' title='bbox 879 816 912 836; x_wconf 90' lang='lat' dir='ltr'>ac</span> <span class='ocrx_word' id='word_1_169' title='bbox 925 806 1047 837; x_wconf 88' lang='lat' dir='ltr'>alic-rum</span> <span class='ocrx_word' id='word_1_170' title='bbox 1062 804 1227 842; x_wconf 79' lang='lat' dir='ltr'>Sapientum</span> <span class='ocrx_word' id='word_1_171' title='bbox 1241 802 1276 833; x_wconf 87' lang='lat' dir='ltr'>de</span> <span class='ocrx_word' id='word_1_172' title='bbox 1287 801 1372 832; x_wconf 90' lang='lat' dir='ltr'>Con-</span> 
     </span>
     <span class='ocr_line' id='line_1_22' title="bbox 305 844 840 883; baseline 0.002 -9"><span class='ocrx_word' id='word_1_173' title='bbox 305 845 372 875; x_wconf 86' lang='lat' dir='ltr'>cilio</span> <span class='ocrx_word' id='word_1_174' title='bbox 387 844 502 882; x_wconf 82' lang='lat' dir='ltr'>nostro,</span> <span class='ocrx_word' id='word_1_175' title='bbox 524 845 622 875; x_wconf 84' lang='lat' dir='ltr'>Nobis</span> <span class='ocrx_word' id='word_1_176' title='bbox 637 845 821 875; x_wconf 81' lang='lat' dir='ltr'>assistentium</span> <span class='ocrx_word' id='word_1_177' title='bbox 831 867 840 883; x_wconf 87' lang='lat'>,</span> 
     </span>
    </p>

    <p class='ocr_par' dir='ltr' id='par_1_10' title="bbox 304 877 1373 1271">
     <span class='ocr_line' id='line_1_23' title="bbox 347 877 1373 923; baseline -0.005 -10"><span class='ocrx_word' id='word_1_178' title='bbox 347 883 594 914; x_wconf 62' lang='lat' dir='ltr'>Rssixiisnxius</span> <span class='ocrx_word' id='word_1_179' title='bbox 621 885 655 915; x_wconf 70' lang='grc' dir='ltr'>ὃ(</span> <span class='ocrx_word' id='word_1_180' title='bbox 680 883 1028 914; x_wconf 68' lang='lat' dir='ltr'>PARDoNAvnius</span> <span class='ocrx_word' id='word_1_181' title='bbox 1057 882 1183 912; x_wconf 83' lang='lat' dir='ltr'>omnino</span> <span class='ocrx_word' id='word_1_182' title='bbox 1200 903 1211 923; x_wconf 77' lang='lat'>,</span> <span class='ocrx_word' id='word_1_183' title='bbox 1235 889 1289 918; x_wconf 90' lang='lat' dir='ltr'>pro</span> <span class='ocrx_word' id='word_1_184' title='bbox 1302 877 1373 909; x_wconf 79' lang='lat' dir='ltr'>No-</span> 
     </span>
     <span class='ocr_line' id='line_1_24' title="bbox 304 918 1371 963; baseline -0.005 -11"><span class='ocrx_word' id='word_1_185' title='bbox 304 923 363 961; x_wconf 91' lang='lat' dir='ltr'>bis,</span> <span class='ocrx_word' id='word_1_186' title='bbox 385 924 417 952; x_wconf 68' lang='grc' dir='ltr'>δε</span> <span class='ocrx_word' id='word_1_187' title='bbox 432 921 602 953; x_wconf 61' lang='grc' dir='ltr'>Ηπτεάὼυε</span> <span class='ocrx_word' id='word_1_188' title='bbox 619 921 738 960; x_wconf 87' lang='lat' dir='ltr'>nostris,</span> <span class='ocrx_word' id='word_1_189' title='bbox 757 922 874 960; x_wconf 63' lang='lat' dir='ltr'>praefato</span> <span class='ocrx_word' id='word_1_190' title='bbox 892 922 1017 960; x_wconf 62' lang='lat' dir='ltr'>Episcopo</span> <span class='ocrx_word' id='word_1_191' title='bbox 1032 920 1211 963; x_wconf 57' lang='lat' dir='ltr'>PVyntorgienJi</span> <span class='ocrx_word' id='word_1_192' title='bbox 1225 918 1371 949; x_wconf 87' lang='lat' dir='ltr'>omnes&amp;</span> 
     </span>
     <span class='ocr_line' id='line_1_25' title="bbox 307 957 1372 1002; baseline -0.005 -11"><span class='ocrx_word' id='word_1_193' title='bbox 307 960 428 1000; x_wconf 85' lang='lat' dir='ltr'>singulos</span> <span class='ocrx_word' id='word_1_194' title='bbox 443 960 583 991; x_wconf 88' lang='lat' dir='ltr'>Articulos</span> <span class='ocrx_word' id='word_1_195' title='bbox 594 960 784 998; x_wconf 58' lang='lat' dir='ltr'>supradictos,</span> <span class='ocrx_word' id='word_1_196' title='bbox 804 961 837 992; x_wconf 71' lang='grc' dir='ltr'>δε</span> <span class='ocrx_word' id='word_1_197' title='bbox 852 962 950 991; x_wconf 86' lang='lat' dir='ltr'>omnia</span> <span class='ocrx_word' id='word_1_198' title='bbox 969 962 1002 992; x_wconf 71' lang='grc' dir='ltr'>ὅ(</span> <span class='ocrx_word' id='word_1_199' title='bbox 1023 959 1168 998; x_wconf 83' lang='lat' dir='ltr'>singulam</span> <span class='ocrx_word' id='word_1_200' title='bbox 1182 957 1283 1002; x_wconf 81' lang='lat' dir='ltr'>eisdem</span> <span class='ocrx_word' id='word_1_201' title='bbox 1291 966 1372 1000; x_wconf 37' lang='lat' dir='ltr'>&#39;con-</span> 
     </span>
     <span class='ocr_line' id='line_1_26' title="bbox 307 994 1370 1040; baseline -0.006 -10"><span class='ocrx_word' id='word_1_202' title='bbox 307 1007 402 1038; x_wconf 85' lang='lat' dir='ltr'>tenta,</span> <span class='ocrx_word' id='word_1_203' title='bbox 421 1010 536 1029; x_wconf 84' lang='lat' dir='ltr'><strong>necnon</strong></span> <span class='ocrx_word' id='word_1_204' title='bbox 557 1009 658 1030; x_wconf 86' lang='lat' dir='ltr'>omnes</span> <span class='ocrx_word' id='word_1_205' title='bbox 674 998 906 1030; x_wconf 86' lang='lat' dir='ltr'>Circumstantias</span> <span class='ocrx_word' id='word_1_206' title='bbox 926 997 1165 1040; x_wconf 33' lang='lat' dir='ltr'>eorumdem,&#39;&amp;</span> <span class='ocrx_word' id='word_1_207' title='bbox 1179 995 1316 1035; x_wconf 87' lang='lat' dir='ltr'>quicquid</span> <span class='ocrx_word' id='word_1_208' title='bbox 1335 994 1370 1039; x_wconf 80' lang='lat' dir='ltr'>ad</span> 
     </span>
     <span class='ocr_line' id='line_1_27' title="bbox 305 1035 1372 1079; baseline -0.005 -11"><span class='ocrx_word' id='word_1_209' title='bbox 305 1038 417 1068; x_wconf 56' lang='lat' dir='ltr'>diffisum</span> <span class='ocrx_word' id='word_1_210' title='bbox 435 1039 533 1068; x_wconf 85' lang='lat' dir='ltr'>Avum</span> <span class='ocrx_word' id='word_1_211' title='bbox 549 1038 681 1069; x_wconf 82' lang='lat' dir='ltr'>nostrum</span> <span class='ocrx_word' id='word_1_212' title='bbox 697 1039 845 1076; x_wconf 71' lang='lat' dir='ltr'>pertinuit,</span> <span class='ocrx_word' id='word_1_213' title='bbox 864 1037 908 1067; x_wconf 91' lang='lat' dir='ltr'>seu</span> <span class='ocrx_word' id='word_1_214' title='bbox 922 1037 956 1067; x_wconf 90' lang='lat' dir='ltr'>ad</span> <span class='ocrx_word' id='word_1_215' title='bbox 970 1036 1040 1067; x_wconf 91' lang='lat' dir='ltr'>Nos</span> <span class='ocrx_word' id='word_1_216' title='bbox 1054 1043 1192 1079; x_wconf 75' lang='lat' dir='ltr'>pertinet,</span> <span class='ocrx_word' id='word_1_217' title='bbox 1209 1035 1254 1078; x_wconf 84' lang='lat' dir='ltr'>vel</span> <span class='ocrx_word' id='word_1_218' title='bbox 1270 1043 1372 1078; x_wconf 79' lang='lat' dir='ltr'>quovis</span> 
     </span>
     <span class='ocr_line' id='line_1_28' title="bbox 307 1071 1373 1117; baseline -0.006 -10"><span class='ocrx_word' id='word_1_219' title='bbox 307 1076 399 1107; x_wconf 86' lang='lat' dir='ltr'>modo</span> <span class='ocrx_word' id='word_1_220' title='bbox 421 1077 558 1114; x_wconf 73' lang='lat' dir='ltr'>pertinere</span> <span class='ocrx_word' id='word_1_221' title='bbox 581 1078 685 1114; x_wconf 78' lang='lat' dir='ltr'>poterit</span> <span class='ocrx_word' id='word_1_222' title='bbox 697 1099 707 1114; x_wconf 88' lang='lat'>,</span> <span class='ocrx_word' id='word_1_223' title='bbox 730 1076 766 1107; x_wconf 88' lang='lat' dir='ltr'>de</span> <span class='ocrx_word' id='word_1_224' title='bbox 781 1076 916 1108; x_wconf 89' lang='lat' dir='ltr'>omnibus</span> <span class='ocrx_word' id='word_1_225' title='bbox 930 1077 963 1107; x_wconf 67' lang='grc' dir='ltr'>ὃς</span> <span class='ocrx_word' id='word_1_226' title='bbox 978 1075 1091 1112; x_wconf 89' lang='lat' dir='ltr'>singulis</span> <span class='ocrx_word' id='word_1_227' title='bbox 1104 1073 1237 1117; x_wconf 81' lang='lat' dir='ltr'>Arriculis</span> <span class='ocrx_word' id='word_1_228' title='bbox 1251 1071 1373 1116; x_wconf 74' lang='lat' dir='ltr'>supradi-</span> 
     </span>
     <span class='ocr_line' id='line_1_29' title="bbox 306 1111 1372 1154; baseline -0.006 -8"><span class='ocrx_word' id='word_1_229' title='bbox 306 1115 360 1146; x_wconf 66' lang='lat' dir='ltr'>etis</span> <span class='ocrx_word' id='word_1_230' title='bbox 373 1138 384 1153; x_wconf 86' lang='lat'>,</span> <span class='ocrx_word' id='word_1_231' title='bbox 409 1116 594 1154; x_wconf 84' lang='lat' dir='ltr'>univerfisque</span> <span class='ocrx_word' id='word_1_232' title='bbox 615 1117 644 1145; x_wconf 90' lang='lat' dir='ltr'>iri</span> <span class='ocrx_word' id='word_1_233' title='bbox 665 1116 769 1145; x_wconf 90' lang='lat' dir='ltr'>eisdem</span> <span class='ocrx_word' id='word_1_234' title='bbox 789 1115 950 1152; x_wconf 79' lang='lat' dir='ltr'>contentis,</span> <span class='ocrx_word' id='word_1_235' title='bbox 974 1114 1007 1144; x_wconf 87' lang='lat'>&amp;</span> <span class='ocrx_word' id='word_1_236' title='bbox 1024 1123 1126 1143; x_wconf 90' lang='lat' dir='ltr'>eorum</span> <span class='ocrx_word' id='word_1_237' title='bbox 1142 1111 1372 1152; x_wconf 72' lang='lat' dir='ltr'>Circumstantiis</span> 
     </span>
     <span class='ocr_line' id='line_1_30' title="bbox 307 1150 1372 1192; baseline -0.006 -8"><span class='ocrx_word' id='word_1_238' title='bbox 307 1154 552 1192; x_wconf 80' lang='lat' dir='ltr'>quibuscumque,</span> <span class='ocrx_word' id='word_1_239' title='bbox 572 1155 605 1184; x_wconf 59' lang='grc' dir='ltr'>ὃς</span> <span class='ocrx_word' id='word_1_240' title='bbox 619 1154 656 1184; x_wconf 90' lang='lat' dir='ltr'>de</span> <span class='ocrx_word' id='word_1_241' title='bbox 669 1154 772 1185; x_wconf 90' lang='lat' dir='ltr'>eisdem</span> <span class='ocrx_word' id='word_1_242' title='bbox 787 1154 922 1184; x_wconf 88' lang='lat' dir='ltr'>omnibus</span> <span class='ocrx_word' id='word_1_243' title='bbox 936 1154 969 1184; x_wconf 91' lang='lat'>&amp;</span> <span class='ocrx_word' id='word_1_244' title='bbox 985 1152 1097 1191; x_wconf 71' lang='lat' dir='ltr'>singulis</span> <span class='ocrx_word' id='word_1_245' title='bbox 1110 1151 1202 1189; x_wconf 88' lang='lat' dir='ltr'>ipsum</span> <span class='ocrx_word' id='word_1_246' title='bbox 1218 1150 1372 1189; x_wconf 80' lang='lat' dir='ltr'><em>Episcopum</em></span> 
     </span>
     <span class='ocr_line' id='line_1_31' title="bbox 309 1189 1370 1231; baseline -0.008 -5"><span class='ocrx_word' id='word_1_247' title='bbox 309 1193 520 1231; x_wconf 58' lang='lat' dir='ltr'>lVrntona-&#39;ensem</span> <span class='ocrx_word' id='word_1_248' title='bbox 534 1215 543 1231; x_wconf 85' lang='lat'>,</span> <span class='ocrx_word' id='word_1_249' title='bbox 566 1192 748 1224; x_wconf 78' lang='lat' dir='ltr'>Successbres</span> <span class='ocrx_word' id='word_1_250' title='bbox 763 1217 773 1230; x_wconf 92' lang='lat'>,</span> <span class='ocrx_word' id='word_1_251' title='bbox 797 1191 935 1223; x_wconf 81' lang='lat' dir='ltr'>Haeredes</span> <span class='ocrx_word' id='word_1_252' title='bbox 948 1216 958 1229; x_wconf 95' lang='lat'>,</span> <span class='ocrx_word' id='word_1_253' title='bbox 982 1192 1015 1222; x_wconf 91' lang='lat'>&amp;</span> <span class='ocrx_word' id='word_1_254' title='bbox 1036 1190 1211 1220; x_wconf 86' lang='lat' dir='ltr'>Executores</span> <span class='ocrx_word' id='word_1_255' title='bbox 1233 1189 1295 1219; x_wconf 88' lang='lat' dir='ltr'>suos</span> <span class='ocrx_word' id='word_1_256' title='bbox 1309 1211 1319 1227; x_wconf 90' lang='lat'>,</span> <span class='ocrx_word' id='word_1_257' title='bbox 1336 1197 1370 1218; x_wconf 89' lang='lat' dir='ltr'>ac</span> 
     </span>
     <span class='ocr_line' id='line_1_32' title="bbox 305 1227 1372 1271; baseline -0.003 -11"><span class='ocrx_word' id='word_1_258' title='bbox 305 1229 464 1262; x_wconf 84' lang='lat' dir='ltr'>Terrarum</span> <span class='ocrx_word' id='word_1_259' title='bbox 489 1230 598 1262; x_wconf 81' lang='lat' dir='ltr'>suarum</span> <span class='ocrx_word' id='word_1_260' title='bbox 619 1232 765 1261; x_wconf 88' lang='lat' dir='ltr'>Tenentes</span> <span class='ocrx_word' id='word_1_261' title='bbox 777 1255 787 1268; x_wconf 90' lang='lat'>,</span> <span class='ocrx_word' id='word_1_262' title='bbox 813 1231 933 1261; x_wconf 86' lang='lat' dir='ltr'>totaliter</span> <span class='ocrx_word' id='word_1_263' title='bbox 959 1229 984 1259; x_wconf 87' lang='lat' dir='ltr'>E</span> <span class='ocrx_word' id='word_1_264' title='bbox 993 1239 1039 1259; x_wconf 83' lang='lat' dir='ltr'>xo</span> <span class='ocrx_word' id='word_1_265' title='bbox 1048 1237 1070 1259; x_wconf 77' lang='lat' dir='ltr'>N</span> <span class='ocrx_word' id='word_1_266' title='bbox 1081 1238 1099 1259; x_wconf 77' lang='grc' dir='ltr'>ε</span> <span class='ocrx_word' id='word_1_267' title='bbox 1110 1237 1133 1258; x_wconf 81' lang='lat' dir='ltr'>R</span> <span class='ocrx_word' id='word_1_268' title='bbox 1146 1238 1164 1258; x_wconf 73' lang='grc' dir='ltr'>Α</span> <span class='ocrx_word' id='word_1_269' title='bbox 1174 1236 1201 1259; x_wconf 85' lang='grc' dir='ltr'><em>Μ</em></span> <span class='ocrx_word' id='word_1_270' title='bbox 1210 1236 1233 1257; x_wconf 83' lang='grc' dir='ltr'><em>υ</em></span> <span class='ocrx_word' id='word_1_271' title='bbox 1243 1236 1255 1257; x_wconf 85' lang='lat' dir='ltr'>s</span> <span class='ocrx_word' id='word_1_272' title='bbox 1271 1250 1285 1271; x_wconf 21' lang='grc' dir='ltr'>,ν</span> <span class='ocrx_word' id='word_1_273' title='bbox 1309 1227 1372 1258; x_wconf 90' lang='lat' dir='ltr'>Ac-</span> 
     </span>
    </p>

    <p class='ocr_par' dir='ltr' id='par_1_11' title="bbox 305 1265 1371 1349">
     <span class='ocr_line' id='line_1_33' title="bbox 336 1265 1371 1308; baseline -0.003 -10"><span class='ocrx_word' id='word_1_274' title='bbox 336 1277 560 1300; x_wconf 58' lang='lat' dir='ltr'>Uissramus</span> <span class='ocrx_word' id='word_1_275' title='bbox 577 1293 587 1307; x_wconf 89' lang='lat'>,</span> <span class='ocrx_word' id='word_1_276' title='bbox 611 1271 644 1300; x_wconf 89' lang='lat'>&amp;</span> <span class='ocrx_word' id='word_1_277' title='bbox 665 1270 776 1308; x_wconf 71' lang='lat' dir='ltr'>peniti‘is</span> <span class='ocrx_word' id='word_1_278' title='bbox 799 1269 1051 1300; x_wconf 60' lang='lat' dir='ltr'>Ansonvmu</span> <span class='ocrx_word' id='word_1_279' title='bbox 1064 1277 1076 1298; x_wconf 88' lang='lat' dir='ltr'>s</span> <span class='ocrx_word' id='word_1_280' title='bbox 1089 1290 1099 1306; x_wconf 98' lang='lat'>,</span> <span class='ocrx_word' id='word_1_281' title='bbox 1124 1276 1176 1307; x_wconf 90' lang='lat' dir='ltr'>pro</span> <span class='ocrx_word' id='word_1_282' title='bbox 1201 1265 1320 1304; x_wconf 87' lang='lat' dir='ltr'>Nobis,</span> <span class='ocrx_word' id='word_1_283' title='bbox 1337 1265 1371 1296; x_wconf 75' lang='grc' dir='ltr'>δε</span> 
     </span>
     <span class='ocr_line' id='line_1_34' title="bbox 305 1278 1340 1349; baseline -0.001 -11"><span class='ocrx_word' id='word_1_284' title='bbox 305 1278 478 1339; x_wconf 54' lang='lat' dir='ltr'>ffiaereciibus</span> <span class='ocrx_word' id='word_1_285' title='bbox 498 1307 597 1339; x_wconf 76' lang='lat' dir='ltr'>nostris</span> <span class='ocrx_word' id='word_1_286' title='bbox 616 1307 715 1339; x_wconf 80' lang='grc' dir='ltr'>ΙΜΡΕ</span> <span class='ocrx_word' id='word_1_287' title='bbox 728 1316 897 1338; x_wconf 82' lang='lat' dir='ltr'>RPETUU</span> <span class='ocrx_word' id='word_1_288' title='bbox 909 1315 953 1337; x_wconf 74' lang='lat' dir='ltr'>m:</span> <span class='ocrx_word' id='word_1_289' title='bbox 1334 1343 1340 1349; x_wconf 45' lang='grc'><em>,</em></span> 
     </span>
    </p>

    <p class='ocr_par' dir='ltr' id='par_1_12' title="bbox 307 1342 1375 1772">
     <span class='ocr_line' id='line_1_35' title="bbox 346 1342 1372 1382; baseline -0.004 -6"><span class='ocrx_word' id='word_1_290' title='bbox 346 1346 596 1377; x_wconf 78' lang='lat' dir='ltr'>REMISIMUS</span> <span class='ocrx_word' id='word_1_291' title='bbox 623 1348 708 1377; x_wconf 87' lang='lat' dir='ltr'>etiam</span> <span class='ocrx_word' id='word_1_292' title='bbox 735 1348 769 1378; x_wconf 91' lang='lat'>&amp;</span> <span class='ocrx_word' id='word_1_293' title='bbox 797 1345 1166 1382; x_wconf 65' lang='lat' dir='ltr'>PinnoNiviiius,</span> <span class='ocrx_word' id='word_1_294' title='bbox 1181 1353 1235 1382; x_wconf 92' lang='lat' dir='ltr'>pro</span> <span class='ocrx_word' id='word_1_295' title='bbox 1254 1342 1372 1381; x_wconf 86' lang='lat' dir='ltr'>Nobis,</span> 
     </span>
     <span class='ocr_line' id='line_1_36' title="bbox 307 1382 1371 1427; baseline -0.003 -12"><span class='ocrx_word' id='word_1_296' title='bbox 307 1384 341 1415; x_wconf 87' lang='lat'>&amp;</span> <span class='ocrx_word' id='word_1_297' title='bbox 364 1384 534 1415; x_wconf 84' lang='lat' dir='ltr'>Haeredibus</span> <span class='ocrx_word' id='word_1_298' title='bbox 557 1384 659 1415; x_wconf 90' lang='lat' dir='ltr'>nostris</span> <span class='ocrx_word' id='word_1_299' title='bbox 671 1409 681 1422; x_wconf 94' lang='lat'>,</span> <span class='ocrx_word' id='word_1_300' title='bbox 699 1394 732 1415; x_wconf 85' lang='lat' dir='ltr'>ex</span> <span class='ocrx_word' id='word_1_301' title='bbox 747 1394 820 1415; x_wconf 89' lang='lat' dir='ltr'>certa</span> <span class='ocrx_word' id='word_1_302' title='bbox 834 1385 955 1416; x_wconf 87' lang='lat' dir='ltr'>Scientia</span> <span class='ocrx_word' id='word_1_303' title='bbox 965 1383 1077 1427; x_wconf 74' lang='lat' dir='ltr'>nostra,</span> <span class='ocrx_word' id='word_1_304' title='bbox 1091 1382 1127 1414; x_wconf 90' lang='lat' dir='ltr'>de</span> <span class='ocrx_word' id='word_1_305' title='bbox 1143 1383 1325 1414; x_wconf 87' lang='lat' dir='ltr'>Avisamento</span> <span class='ocrx_word' id='word_1_306' title='bbox 1337 1382 1371 1412; x_wconf 89' lang='lat'>&amp;</span> 
     </span>
     <span class='ocr_line' id='line_1_37' title="bbox 309 1420 1369 1465; baseline -0.002 -13"><span class='ocrx_word' id='word_1_307' title='bbox 309 1422 427 1453; x_wconf 79' lang='lat' dir='ltr'>Assensu</span> <span class='ocrx_word' id='word_1_308' title='bbox 441 1424 583 1461; x_wconf 61' lang='lat' dir='ltr'>praedietis</span> <span class='ocrx_word' id='word_1_309' title='bbox 592 1447 601 1461; x_wconf 92' lang='lat'>,</span> <span class='ocrx_word' id='word_1_310' title='bbox 619 1424 700 1454; x_wconf 64' lang='lat' dir='ltr'>dieto</span> <span class='ocrx_word' id='word_1_311' title='bbox 716 1423 860 1462; x_wconf 87' lang='lat' dir='ltr'>Episcopo</span> <span class='ocrx_word' id='word_1_312' title='bbox 875 1423 1080 1462; x_wconf 79' lang='lat' dir='ltr'>Wyntonienii</span> <span class='ocrx_word' id='word_1_313' title='bbox 1098 1422 1118 1453; x_wconf 90' lang='lat' dir='ltr'>S</span> <span class='ocrx_word' id='word_1_314' title='bbox 1127 1431 1144 1452; x_wconf 75' lang='lat' dir='ltr'>t:</span> <span class='ocrx_word' id='word_1_315' title='bbox 1154 1431 1171 1465; x_wconf 81' lang='lat' dir='ltr'>c</span> <span class='ocrx_word' id='word_1_316' title='bbox 1181 1431 1204 1451; x_wconf 85' lang='grc' dir='ltr'>τ</span> <span class='ocrx_word' id='word_1_317' title='bbox 1214 1431 1234 1452; x_wconf 81' lang='grc' dir='ltr'>Α</span> <span class='ocrx_word' id='word_1_318' title='bbox 1245 1429 1272 1451; x_wconf 84' lang='grc' dir='ltr'><strong><em>Μ</em></strong></span> <span class='ocrx_word' id='word_1_319' title='bbox 1302 1420 1325 1450; x_wconf 96' lang='lat' dir='ltr'><strong>P</strong></span> <span class='ocrx_word' id='word_1_320' title='bbox 1336 1430 1369 1450; x_wconf 80' lang='grc' dir='ltr'>Α·</span> 
     </span>
     <span class='ocr_line' id='line_1_38' title="bbox 309 1461 1372 1502; baseline -0.003 -11"><span class='ocrx_word' id='word_1_321' title='bbox 309 1471 369 1492; x_wconf 80' lang='lat' dir='ltr'>crs</span> <span class='ocrx_word' id='word_1_322' title='bbox 397 1461 518 1500; x_wconf 83' lang='lat' dir='ltr'>nostrae,</span> <span class='ocrx_word' id='word_1_323' title='bbox 537 1464 570 1494; x_wconf 67' lang='grc' dir='ltr'>ὃς</span> <span class='ocrx_word' id='word_1_324' title='bbox 586 1461 720 1502; x_wconf 90' lang='lat' dir='ltr'>quicquid</span> <span class='ocrx_word' id='word_1_325' title='bbox 735 1462 770 1493; x_wconf 88' lang='lat' dir='ltr'>ad</span> <span class='ocrx_word' id='word_1_326' title='bbox 785 1462 854 1492; x_wconf 87' lang='lat' dir='ltr'>Nos</span> <span class='ocrx_word' id='word_1_327' title='bbox 868 1463 970 1501; x_wconf 89' lang='lat' dir='ltr'>quovis</span> <span class='ocrx_word' id='word_1_328' title='bbox 993 1461 1084 1492; x_wconf 88' lang='lat' dir='ltr'>modo</span> <span class='ocrx_word' id='word_1_329' title='bbox 1099 1469 1233 1499; x_wconf 79' lang='lat' dir='ltr'>pertinet,</span> <span class='ocrx_word' id='word_1_330' title='bbox 1249 1468 1296 1490; x_wconf 86' lang='lat' dir='ltr'>aut</span> <span class='ocrx_word' id='word_1_331' title='bbox 1309 1469 1372 1497; x_wconf 88' lang='lat' dir='ltr'>per-</span> 
     </span>
     <span class='ocr_line' id='line_1_39' title="bbox 309 1497 1373 1540; baseline -0.003 -10"><span class='ocrx_word' id='word_1_332' title='bbox 309 1501 400 1531; x_wconf 90' lang='lat' dir='ltr'>tinere</span> <span class='ocrx_word' id='word_1_333' title='bbox 421 1503 523 1540; x_wconf 88' lang='lat' dir='ltr'>poterit</span> <span class='ocrx_word' id='word_1_334' title='bbox 536 1524 546 1540; x_wconf 96' lang='lat'>,</span> <span class='ocrx_word' id='word_1_335' title='bbox 572 1511 626 1539; x_wconf 88' lang='lat' dir='ltr'>pro</span> <span class='ocrx_word' id='word_1_336' title='bbox 649 1501 828 1532; x_wconf 87' lang='lat' dir='ltr'>omnimodis</span> <span class='ocrx_word' id='word_1_337' title='bbox 843 1500 1071 1537; x_wconf 71' lang='lat' dir='ltr'>proditionibus,</span> <span class='ocrx_word' id='word_1_338' title='bbox 1089 1499 1295 1536; x_wconf 88' lang='lat' dir='ltr'>Seditionibus,</span> <span class='ocrx_word' id='word_1_339' title='bbox 1311 1497 1373 1528; x_wconf 84' lang='lat' dir='ltr'>Ad-</span> 
     </span>
     <span class='ocr_line' id='line_1_40' title="bbox 308 1537 1373 1579; baseline -0.003 -10"><span class='ocrx_word' id='word_1_340' title='bbox 308 1538 450 1570; x_wconf 64' lang='lat' dir='ltr'>haerentiis</span> <span class='ocrx_word' id='word_1_341' title='bbox 466 1540 545 1570; x_wconf 78' lang='lat' dir='ltr'>faCtis</span> <span class='ocrx_word' id='word_1_342' title='bbox 558 1539 685 1571; x_wconf 84' lang='lat' dir='ltr'>Inimicis</span> <span class='ocrx_word' id='word_1_343' title='bbox 702 1540 771 1570; x_wconf 65' lang='lat' dir='ltr'>dieii</span> <span class='ocrx_word' id='word_1_344' title='bbox 787 1540 842 1571; x_wconf 90' lang='lat' dir='ltr'>Avi</span> <span class='ocrx_word' id='word_1_345' title='bbox 860 1539 949 1570; x_wconf 86' lang='lat' dir='ltr'>nostri</span> <span class='ocrx_word' id='word_1_346' title='bbox 962 1539 1008 1570; x_wconf 92' lang='lat' dir='ltr'>vel</span> <span class='ocrx_word' id='word_1_347' title='bbox 1023 1538 1140 1576; x_wconf 90' lang='lat' dir='ltr'>nostris,</span> <span class='ocrx_word' id='word_1_348' title='bbox 1159 1537 1373 1579; x_wconf 73' lang='lat' dir='ltr'>Receptamen-</span> 
     </span>
     <span class='ocr_line' id='line_1_41' title="bbox 309 1575 1372 1619; baseline -0.003 -11"><span class='ocrx_word' id='word_1_349' title='bbox 309 1579 342 1608; x_wconf 89' lang='lat' dir='ltr'>tis</span> <span class='ocrx_word' id='word_1_350' title='bbox 364 1577 550 1609; x_wconf 88' lang='lat' dir='ltr'>Proditorum</span> <span class='ocrx_word' id='word_1_351' title='bbox 566 1602 575 1616; x_wconf 95' lang='lat'>,</span> <span class='ocrx_word' id='word_1_352' title='bbox 603 1578 746 1609; x_wconf 87' lang='lat' dir='ltr'>Felonum</span> <span class='ocrx_word' id='word_1_353' title='bbox 760 1601 770 1617; x_wconf 91' lang='lat'>,</span> <span class='ocrx_word' id='word_1_354' title='bbox 798 1580 831 1610; x_wconf 76' lang='grc' dir='ltr'>δε</span> <span class='ocrx_word' id='word_1_355' title='bbox 852 1578 1043 1609; x_wconf 90' lang='lat' dir='ltr'>Inimicorum</span> <span class='ocrx_word' id='word_1_356' title='bbox 1064 1577 1134 1608; x_wconf 65' lang='lat' dir='ltr'>dieti</span> <span class='ocrx_word' id='word_1_357' title='bbox 1151 1576 1207 1607; x_wconf 89' lang='lat' dir='ltr'>Avi</span> <span class='ocrx_word' id='word_1_358' title='bbox 1222 1575 1311 1606; x_wconf 86' lang='lat' dir='ltr'>nostri</span> <span class='ocrx_word' id='word_1_359' title='bbox 1326 1579 1372 1619; x_wconf 67' lang='lat' dir='ltr'>icti</span> 
     </span>
     <span class='ocr_line' id='line_1_42' title="bbox 308 1615 1375 1655; baseline -0.003 -9"><span class='ocrx_word' id='word_1_360' title='bbox 308 1616 475 1647; x_wconf 89' lang='lat' dir='ltr'>nostrorum</span> <span class='ocrx_word' id='word_1_361' title='bbox 491 1627 497 1646; x_wconf 91' lang='lat'>:</span> <span class='ocrx_word' id='word_1_362' title='bbox 525 1617 643 1648; x_wconf 81' lang='lat' dir='ltr'>Affensu</span> <span class='ocrx_word' id='word_1_363' title='bbox 654 1640 663 1655; x_wconf 87' lang='lat'>,</span> <span class='ocrx_word' id='word_1_364' title='bbox 686 1617 841 1654; x_wconf 80' lang='lat' dir='ltr'>Concilio,</span> <span class='ocrx_word' id='word_1_365' title='bbox 859 1618 893 1648; x_wconf 88' lang='lat'>&amp;</span> <span class='ocrx_word' id='word_1_366' title='bbox 906 1626 1094 1655; x_wconf 87' lang='lat' dir='ltr'>quocumque</span> <span class='ocrx_word' id='word_1_367' title='bbox 1106 1616 1231 1653; x_wconf 86' lang='lat' dir='ltr'>Favore,</span> <span class='ocrx_word' id='word_1_368' title='bbox 1250 1615 1375 1645; x_wconf 90' lang='lat' dir='ltr'>lnimicis</span> 
     </span>
     <span class='ocr_line' id='line_1_43' title="bbox 311 1653 1374 1697; baseline -0.001 -13"><span class='ocrx_word' id='word_1_369' title='bbox 311 1655 394 1691; x_wconf 90' lang='lat' dir='ltr'>ipsius</span> <span class='ocrx_word' id='word_1_370' title='bbox 407 1655 465 1686; x_wconf 90' lang='lat' dir='ltr'>Avi</span> <span class='ocrx_word' id='word_1_371' title='bbox 476 1655 520 1686; x_wconf 81' lang='lat' dir='ltr'>seu</span> <span class='ocrx_word' id='word_1_372' title='bbox 537 1655 637 1685; x_wconf 84' lang='lat' dir='ltr'>nostris</span> <span class='ocrx_word' id='word_1_373' title='bbox 652 1655 778 1695; x_wconf 82' lang='lat' dir='ltr'>praestitis</span> <span class='ocrx_word' id='word_1_374' title='bbox 794 1656 850 1686; x_wconf 93' lang='lat' dir='ltr'>five</span> <span class='ocrx_word' id='word_1_375' title='bbox 865 1656 943 1686; x_wconf 70' lang='lat' dir='ltr'>faffis</span> <span class='ocrx_word' id='word_1_376' title='bbox 958 1665 964 1685; x_wconf 78' lang='lat' dir='ltr'>t</span> <span class='ocrx_word' id='word_1_377' title='bbox 993 1655 1093 1694; x_wconf 78' lang='lat' dir='ltr'>Regali</span> <span class='ocrx_word' id='word_1_378' title='bbox 1105 1654 1247 1685; x_wconf 86' lang='lat' dir='ltr'>Potestate</span> <span class='ocrx_word' id='word_1_379' title='bbox 1262 1653 1308 1697; x_wconf 74' lang='lat' dir='ltr'>scu</span> <span class='ocrx_word' id='word_1_380' title='bbox 1320 1653 1374 1691; x_wconf 92' lang='lat' dir='ltr'>Ju-</span> 
     </span>
     <span class='ocr_line' id='line_1_44' title="bbox 309 1691 1374 1732; baseline -0.003 -8"><span class='ocrx_word' id='word_1_381' title='bbox 309 1693 467 1724; x_wconf 69' lang='lat' dir='ltr'>risdiciione</span> <span class='ocrx_word' id='word_1_382' title='bbox 481 1718 491 1732; x_wconf 89' lang='lat'>,</span> <span class='ocrx_word' id='word_1_383' title='bbox 518 1694 567 1725; x_wconf 88' lang='lat' dir='ltr'>fibi</span> <span class='ocrx_word' id='word_1_384' title='bbox 590 1694 728 1732; x_wconf 84' lang='lat' dir='ltr'>assumpta</span> <span class='ocrx_word' id='word_1_385' title='bbox 750 1695 915 1725; x_wconf 69' lang='lat' dir='ltr'>auctoritate</span> <span class='ocrx_word' id='word_1_386' title='bbox 934 1693 1063 1732; x_wconf 77' lang='lat' dir='ltr'>propria,</span> <span class='ocrx_word' id='word_1_387' title='bbox 1082 1693 1182 1724; x_wconf 93' lang='lat' dir='ltr'>colore</span> <span class='ocrx_word' id='word_1_388' title='bbox 1197 1691 1374 1722; x_wconf 86' lang='lat' dir='ltr'>Officiorum</span> 
     </span>
     <span class='ocr_line' id='line_1_45' title="bbox 309 1730 1374 1772; baseline -0.001 -11"><span class='ocrx_word' id='word_1_389' title='bbox 309 1731 439 1770; x_wconf 89' lang='lat' dir='ltr'>suorum,</span> <span class='ocrx_word' id='word_1_390' title='bbox 458 1733 490 1763; x_wconf 90' lang='lat'>&amp;</span> <span class='ocrx_word' id='word_1_391' title='bbox 506 1733 562 1763; x_wconf 89' lang='lat' dir='ltr'>alio</span> <span class='ocrx_word' id='word_1_392' title='bbox 577 1732 668 1763; x_wconf 91' lang='lat' dir='ltr'>modo</span> <span class='ocrx_word' id='word_1_393' title='bbox 684 1743 867 1772; x_wconf 84' lang='lat' dir='ltr'>quocumque</span> <span class='ocrx_word' id='word_1_394' title='bbox 882 1757 891 1770; x_wconf 78' lang='lat'>,</span> <span class='ocrx_word' id='word_1_395' title='bbox 909 1733 980 1763; x_wconf 87' lang='lat' dir='ltr'>infra</span> <span class='ocrx_word' id='word_1_396' title='bbox 1001 1732 1136 1771; x_wconf 81' lang='lat' dir='ltr'>Regnum</span> <span class='ocrx_word' id='word_1_397' title='bbox 1158 1731 1288 1762; x_wconf 87' lang='lat' dir='ltr'>nostruin</span> <span class='ocrx_word' id='word_1_398' title='bbox 1311 1730 1374 1772; x_wconf 81' lang='lat' dir='ltr'>An-</span> 
     </span>
    </p>

    <p class='ocr_par' dir='ltr' id='par_1_13' title="bbox 331 1770 1373 1810">
     <span class='ocr_line' id='line_1_46' title="bbox 331 1770 1373 1810; baseline -0.001 -10"><span class='ocrx_word' id='word_1_399' title='bbox 331 1770 373 1800; x_wconf 75' lang='lat' dir='ltr'>lia:</span> <span class='ocrx_word' id='word_1_400' title='bbox 388 1772 420 1802; x_wconf 75' lang='grc' dir='ltr'>δε</span> <span class='ocrx_word' id='word_1_401' title='bbox 434 1781 524 1801; x_wconf 75' lang='lat' dir='ltr'>extra:</span> <span class='ocrx_word' id='word_1_402' title='bbox 544 1772 577 1802; x_wconf 64' lang='grc' dir='ltr'>ὃς</span> <span class='ocrx_word' id='word_1_403' title='bbox 594 1782 646 1810; x_wconf 91' lang='lat' dir='ltr'>pro</span> <span class='ocrx_word' id='word_1_404' title='bbox 659 1772 836 1802; x_wconf 85' lang='lat' dir='ltr'>omnimodis</span> <span class='ocrx_word' id='word_1_405' title='bbox 851 1771 1068 1809; x_wconf 89' lang='lat' dir='ltr'>Inobedientiis,</span> <span class='ocrx_word' id='word_1_406' title='bbox 1089 1770 1309 1807; x_wconf 82' lang='lat' dir='ltr'>Amiffionibus,</span> <span class='ocrx_word' id='word_1_407' title='bbox 1328 1772 1373 1799; x_wconf 80' lang='lat' dir='ltr'>(eu</span> 
     </span>
    </p>

    <p class='ocr_par' dir='ltr' id='par_1_14' title="bbox 308 1809 1382 2727">
     <span class='ocr_line' id='line_1_47' title="bbox 336 1809 1372 1848; baseline -0.002 -9"><span class='ocrx_word' id='word_1_408' title='bbox 336 1809 517 1839; x_wconf 87' lang='lat' dir='ltr'>erditionibus</span> <span class='ocrx_word' id='word_1_409' title='bbox 525 1809 702 1847; x_wconf 87' lang='lat' dir='ltr'>Civitatum,</span> <span class='ocrx_word' id='word_1_410' title='bbox 722 1810 878 1848; x_wconf 85' lang='lat' dir='ltr'>Villarum‚</span> <span class='ocrx_word' id='word_1_411' title='bbox 897 1809 1083 1848; x_wconf 85' lang='lat' dir='ltr'>Castrorum,</span> <span class='ocrx_word' id='word_1_412' title='bbox 1103 1809 1372 1841; x_wconf 69' lang='lat' dir='ltr'>&amp;Fortalitiorumx</span> 
     </span>
     <span class='ocr_line' id='line_1_48' title="bbox 308 1847 1376 1891; baseline -0.002 -12"><span class='ocrx_word' id='word_1_413' title='bbox 308 1848 343 1879; x_wconf 91' lang='lat'>&amp;</span> <span class='ocrx_word' id='word_1_414' title='bbox 368 1857 420 1884; x_wconf 90' lang='lat' dir='ltr'>pro</span> <span class='ocrx_word' id='word_1_415' title='bbox 442 1848 594 1878; x_wconf 88' lang='lat' dir='ltr'>Obfidibus</span> <span class='ocrx_word' id='word_1_416' title='bbox 617 1850 651 1881; x_wconf 68' lang='grc' dir='ltr'>ὅ(</span> <span class='ocrx_word' id='word_1_417' title='bbox 672 1848 833 1879; x_wconf 88' lang='lat' dir='ltr'>Prisonariis</span> <span class='ocrx_word' id='word_1_418' title='bbox 847 1873 856 1886; x_wconf 97' lang='lat'>,</span> <span class='ocrx_word' id='word_1_419' title='bbox 880 1850 938 1879; x_wconf 75' lang='lat' dir='ltr'>tarn</span> <span class='ocrx_word' id='word_1_420' title='bbox 961 1847 1130 1888; x_wconf 85' lang='lat' dir='ltr'>Regalibus,</span> <span class='ocrx_word' id='word_1_421' title='bbox 1146 1849 1233 1886; x_wconf 78' lang='lat' dir='ltr'>quarn</span> <span class='ocrx_word' id='word_1_422' title='bbox 1248 1847 1321 1891; x_wconf 63' lang='lat' dir='ltr'>aliis,</span> <span class='ocrx_word' id='word_1_423' title='bbox 1339 1847 1376 1877; x_wconf 90' lang='lat' dir='ltr'>de</span> 
     </span>
     <span class='ocr_line' id='line_1_49' title="bbox 309 1885 1374 1925; baseline -0.001 -9"><span class='ocrx_word' id='word_1_424' title='bbox 309 1886 444 1925; x_wconf 77' lang='lat' dir='ltr'>Francia,</span> <span class='ocrx_word' id='word_1_425' title='bbox 463 1887 496 1917; x_wconf 90' lang='lat'>&amp;</span> <span class='ocrx_word' id='word_1_426' title='bbox 512 1888 568 1917; x_wconf 92' lang='lat' dir='ltr'>aliis</span> <span class='ocrx_word' id='word_1_427' title='bbox 585 1885 740 1918; x_wconf 82' lang='lat' dir='ltr'>Obsidibus</span> <span class='ocrx_word' id='word_1_428' title='bbox 761 1888 794 1918; x_wconf 91' lang='lat'>&amp;</span> <span class='ocrx_word' id='word_1_429' title='bbox 809 1886 969 1917; x_wconf 89' lang='lat' dir='ltr'>Prisonariis</span> <span class='ocrx_word' id='word_1_430' title='bbox 982 1885 1225 1925; x_wconf 89' lang='lat' dir='ltr'>quibuscumque,</span> <span class='ocrx_word' id='word_1_431' title='bbox 1243 1886 1374 1924; x_wconf 85' lang='lat' dir='ltr'>qualiter-</span> 
     </span>
     <span class='ocr_line' id='line_1_50' title="bbox 310 1924 1375 1964; baseline -0.001 -9"><span class='ocrx_word' id='word_1_432' title='bbox 310 1934 377 1955; x_wconf 91' lang='lat' dir='ltr'>cum</span> <span class='ocrx_word' id='word_1_433' title='bbox 402 1936 435 1956; x_wconf 92' lang='lat' dir='ltr'>ue</span> <span class='ocrx_word' id='word_1_434' title='bbox 458 1925 624 1956; x_wconf 88' lang='lat' dir='ltr'>Deliberatis</span> <span class='ocrx_word' id='word_1_435' title='bbox 637 1949 646 1964; x_wconf 92' lang='lat'>,</span> <span class='ocrx_word' id='word_1_436' title='bbox 671 1925 717 1957; x_wconf 89' lang='lat' dir='ltr'>seu</span> <span class='ocrx_word' id='word_1_437' title='bbox 740 1935 794 1963; x_wconf 87' lang='lat' dir='ltr'>pro</span> <span class='ocrx_word' id='word_1_438' title='bbox 807 1925 948 1956; x_wconf 89' lang='lat' dir='ltr'>Evafione</span> <span class='ocrx_word' id='word_1_439' title='bbox 962 1924 1145 1956; x_wconf 85' lang='lat' dir='ltr'>eorumdem:</span> <span class='ocrx_word' id='word_1_440' title='bbox 1165 1925 1289 1964; x_wconf 81' lang='lat' dir='ltr'>Treugis</span> <span class='ocrx_word' id='word_1_441' title='bbox 1301 1924 1375 1954; x_wconf 93' lang='lat' dir='ltr'>solu-</span> 
     </span>
     <span class='ocr_line' id='line_1_51' title="bbox 312 1962 1378 2001; baseline 0.001 -8"><span class='ocrx_word' id='word_1_442' title='bbox 312 1964 358 1993; x_wconf 76' lang='lat' dir='ltr'>tis:</span> <span class='ocrx_word' id='word_1_443' title='bbox 408 1964 579 1994; x_wconf 67' lang='lat' dir='ltr'>onduclibus</span> <span class='ocrx_word' id='word_1_444' title='bbox 592 1964 726 2001; x_wconf 84' lang='lat' dir='ltr'>diruptis,</span> <span class='ocrx_word' id='word_1_445' title='bbox 740 1966 772 1996; x_wconf 92' lang='lat'>&amp;</span> <span class='ocrx_word' id='word_1_446' title='bbox 790 1974 851 1995; x_wconf 90' lang='lat' dir='ltr'>non</span> <span class='ocrx_word' id='word_1_447' title='bbox 866 1965 1017 1995; x_wconf 88' lang='lat' dir='ltr'>observatis</span> <span class='ocrx_word' id='word_1_448' title='bbox 1031 1964 1072 1994; x_wconf 92' lang='lat' dir='ltr'>ob</span> <span class='ocrx_word' id='word_1_449' title='bbox 1088 1963 1246 1994; x_wconf 66' lang='lat' dir='ltr'>Defectum</span> <span class='ocrx_word' id='word_1_450' title='bbox 1261 1965 1295 1995; x_wconf 89' lang='lat'>&amp;</span> <span class='ocrx_word' id='word_1_451' title='bbox 1310 1962 1378 1994; x_wconf 87' lang='lat' dir='ltr'>Ne-</span> 
     </span>
     <span class='ocr_line' id='line_1_52' title="bbox 308 2001 1375 2044; baseline 0 -12"><span class='ocrx_word' id='word_1_452' title='bbox 308 2001 470 2041; x_wconf 59' lang='lat' dir='ltr'>sligentiam</span> <span class='ocrx_word' id='word_1_453' title='bbox 480 2026 488 2040; x_wconf 94' lang='lat'>,</span> <span class='ocrx_word' id='word_1_454' title='bbox 504 2002 560 2034; x_wconf 86' lang='lat' dir='ltr'>five</span> <span class='ocrx_word' id='word_1_455' title='bbox 582 2013 632 2041; x_wconf 91' lang='lat' dir='ltr'>per</span> <span class='ocrx_word' id='word_1_456' title='bbox 645 2002 796 2034; x_wconf 86' lang='lat' dir='ltr'>Assensurn</span> <span class='ocrx_word' id='word_1_457' title='bbox 811 2003 892 2042; x_wconf 88' lang='lat' dir='ltr'>ipfius</span> <span class='ocrx_word' id='word_1_458' title='bbox 910 2003 1028 2042; x_wconf 84' lang='lat' dir='ltr'>Episcopi</span> <span class='ocrx_word' id='word_1_459' title='bbox 1043 2001 1256 2044; x_wconf 71' lang='lat' dir='ltr'>PVyntonienfis:</span> <span class='ocrx_word' id='word_1_460' title='bbox 1277 2012 1309 2032; x_wconf 88' lang='lat' dir='ltr'>ac</span> <span class='ocrx_word' id='word_1_461' title='bbox 1323 2012 1375 2040; x_wconf 92' lang='lat' dir='ltr'>pro</span> 
     </span>
     <span class='ocr_line' id='line_1_53' title="bbox 310 2040 1376 2080; baseline 0.001 -10"><span class='ocrx_word' id='word_1_462' title='bbox 310 2040 531 2071; x_wconf 86' lang='lat' dir='ltr'>Venditionibus</span> <span class='ocrx_word' id='word_1_463' title='bbox 547 2051 593 2072; x_wconf 87' lang='lat' dir='ltr'>aut</span> <span class='ocrx_word' id='word_1_464' title='bbox 608 2042 866 2073; x_wconf 88' lang='lat' dir='ltr'>Deliberationibus</span> <span class='ocrx_word' id='word_1_465' title='bbox 879 2041 1062 2080; x_wconf 88' lang='lat' dir='ltr'>Castrorum,</span> <span class='ocrx_word' id='word_1_466' title='bbox 1082 2042 1101 2061; x_wconf 68' lang='lat'>*¹³</span> <span class='ocrx_word' id='word_1_467' title='bbox 1121 2041 1297 2079; x_wconf 87' lang='lat' dir='ltr'>Civitatum,</span> <span class='ocrx_word' id='word_1_468' title='bbox 1307 2040 1376 2071; x_wconf 89' lang='lat' dir='ltr'>Bur-</span> 
     </span>
     <span class='ocr_line' id='line_1_54' title="bbox 309 2080 1378 2119; baseline -0.001 -9"><span class='ocrx_word' id='word_1_469' title='bbox 309 2089 413 2119; x_wconf 90' lang='lat' dir='ltr'>gorum</span> <span class='ocrx_word' id='word_1_470' title='bbox 430 2104 439 2119; x_wconf 89' lang='lat'>,</span> <span class='ocrx_word' id='word_1_471' title='bbox 467 2080 602 2110; x_wconf 85' lang='lat' dir='ltr'>Villarum</span> <span class='ocrx_word' id='word_1_472' title='bbox 660 2080 860 2111; x_wconf 86' lang='lat' dir='ltr'>Maneriorum</span> <span class='ocrx_word' id='word_1_473' title='bbox 874 2103 884 2119; x_wconf 87' lang='lat'>‚</span> <span class='ocrx_word' id='word_1_474' title='bbox 918 2080 1150 2111; x_wconf 85' lang='lat' dir='ltr'>Hamelettorum</span> <span class='ocrx_word' id='word_1_475' title='bbox 1166 2103 1175 2118; x_wconf 95' lang='lat'>,</span> <span class='ocrx_word' id='word_1_476' title='bbox 1199 2080 1355 2110; x_wconf 87' lang='lat' dir='ltr'>Terrarum</span> <span class='ocrx_word' id='word_1_477' title='bbox 1368 2104 1378 2119; x_wconf 86' lang='lat'>,</span> 
     </span>
     <span class='ocr_line' id='line_1_55' title="bbox 309 2103 1379 2158; baseline 0 -9"><span class='ocrx_word' id='word_1_478' title='bbox 309 2119 559 2149; x_wconf 85' lang='lat' dir='ltr'>Tenenientorum</span> <span class='ocrx_word' id='word_1_479' title='bbox 573 2141 582 2156; x_wconf 87' lang='lat'>,</span> <span class='ocrx_word' id='word_1_480' title='bbox 607 2103 785 2150; x_wconf 77' lang='lat' dir='ltr'>Reddituum</span> <span class='ocrx_word' id='word_1_481' title='bbox 801 2142 811 2158; x_wconf 85' lang='lat'>,</span> <span class='ocrx_word' id='word_1_482' title='bbox 834 2121 867 2151; x_wconf 70' lang='grc' dir='ltr'>ὃ(</span> <span class='ocrx_word' id='word_1_483' title='bbox 883 2119 1090 2157; x_wconf 90' lang='lat' dir='ltr'>Servitiorum,</span> <span class='ocrx_word' id='word_1_484' title='bbox 1108 2118 1270 2155; x_wconf 88' lang='lat' dir='ltr'>Obfidum,</span> <span class='ocrx_word' id='word_1_485' title='bbox 1285 2117 1379 2149; x_wconf 88' lang='lat' dir='ltr'>Priso-</span> 
     </span>
     <span class='ocr_line' id='line_1_56' title="bbox 309 2157 1374 2197; baseline -0.001 -9"><span class='ocrx_word' id='word_1_486' title='bbox 309 2159 468 2195; x_wconf 84' lang='lat' dir='ltr'>nariorum,</span> <span class='ocrx_word' id='word_1_487' title='bbox 487 2159 545 2188; x_wconf 75' lang='lat' dir='ltr'>tam</span> <span class='ocrx_word' id='word_1_488' title='bbox 559 2158 588 2187; x_wconf 88' lang='lat' dir='ltr'>in</span> <span class='ocrx_word' id='word_1_489' title='bbox 606 2158 651 2189; x_wconf 90' lang='lat' dir='ltr'>An</span> <span class='ocrx_word' id='word_1_490' title='bbox 673 2158 726 2197; x_wconf 89' lang='lat' dir='ltr'>lia,</span> <span class='ocrx_word' id='word_1_491' title='bbox 743 2160 832 2196; x_wconf 78' lang='lat' dir='ltr'>quam</span> <span class='ocrx_word' id='word_1_492' title='bbox 845 2160 874 2188; x_wconf 90' lang='lat' dir='ltr'>in</span> <span class='ocrx_word' id='word_1_493' title='bbox 889 2158 1025 2197; x_wconf 85' lang='lat' dir='ltr'>Francia,</span> <span class='ocrx_word' id='word_1_494' title='bbox 1044 2157 1200 2196; x_wconf 89' lang='lat' dir='ltr'>Britannia,</span> <span class='ocrx_word' id='word_1_495' title='bbox 1219 2157 1374 2195; x_wconf 87' lang='lat' dir='ltr'>Vasconia,</span> 
     </span>
     <span class='ocr_line' id='line_1_57' title="bbox 311 2196 1377 2235; baseline -0.001 -8"><span class='ocrx_word' id='word_1_496' title='bbox 311 2197 344 2227; x_wconf 67' lang='grc' dir='ltr'>ὃ(</span> <span class='ocrx_word' id='word_1_497' title='bbox 359 2196 442 2234; x_wconf 87' lang='lat' dir='ltr'>alibi,</span> <span class='ocrx_word' id='word_1_498' title='bbox 461 2197 520 2226; x_wconf 72' lang='lat' dir='ltr'>tani</span> <span class='ocrx_word' id='word_1_499' title='bbox 535 2197 602 2226; x_wconf 90' lang='lat' dir='ltr'>citra</span> <span class='ocrx_word' id='word_1_500' title='bbox 620 2196 646 2226; x_wconf 66' lang='lat' dir='ltr'><em>N</em></span> <span class='ocrx_word' id='word_1_501' title='bbox 660 2207 722 2235; x_wconf 78' lang='lat' dir='ltr'>are,</span> <span class='ocrx_word' id='word_1_502' title='bbox 740 2198 828 2235; x_wconf 79' lang='lat' dir='ltr'>quam</span> <span class='ocrx_word' id='word_1_503' title='bbox 844 2197 914 2228; x_wconf 82' lang='lat' dir='ltr'>ultra</span> <span class='ocrx_word' id='word_1_504' title='bbox 930 2197 1029 2235; x_wconf 86' lang='lat' dir='ltr'>Mare,</span> <span class='ocrx_word' id='word_1_505' title='bbox 1047 2197 1107 2227; x_wconf 74' lang='lat' dir='ltr'>tam</span> <span class='ocrx_word' id='word_1_506' title='bbox 1122 2196 1248 2227; x_wconf 87' lang='lat' dir='ltr'>Inimicis</span> <span class='ocrx_word' id='word_1_507' title='bbox 1264 2196 1377 2234; x_wconf 90' lang='lat' dir='ltr'>nostris,</span> 
     </span>
     <span class='ocr_line' id='line_1_58' title="bbox 310 2235 1376 2273; baseline 0 -8"><span class='ocrx_word' id='word_1_508' title='bbox 310 2236 398 2272; x_wconf 73' lang='lat' dir='ltr'>quarn</span> <span class='ocrx_word' id='word_1_509' title='bbox 418 2235 487 2264; x_wconf 89' lang='lat' dir='ltr'>aliis:</span> <span class='ocrx_word' id='word_1_510' title='bbox 498 2236 531 2266; x_wconf 65' lang='grc' dir='ltr'>ὃς</span> <span class='ocrx_word' id='word_1_511' title='bbox 552 2245 603 2271; x_wconf 86' lang='lat' dir='ltr'>pro</span> <span class='ocrx_word' id='word_1_512' title='bbox 617 2236 792 2266; x_wconf 85' lang='lat' dir='ltr'>omnimodis</span> <span class='ocrx_word' id='word_1_513' title='bbox 807 2235 1000 2273; x_wconf 88' lang='lat' dir='ltr'>Calumpniis,</span> <span class='ocrx_word' id='word_1_514' title='bbox 1015 2236 1060 2266; x_wconf 89' lang='lat' dir='ltr'>seu</span> <span class='ocrx_word' id='word_1_515' title='bbox 1075 2235 1376 2273; x_wconf 87' lang='lat' dir='ltr'>Impetitionibus,vel</span> 
     </span>
     <span class='ocr_line' id='line_1_59' title="bbox 311 2273 1378 2313; baseline 0 -10"><span class='ocrx_word' id='word_1_516' title='bbox 311 2273 516 2312; x_wconf 86' lang='lat' dir='ltr'>Suspitionibus</span> <span class='ocrx_word' id='word_1_517' title='bbox 534 2273 646 2312; x_wconf 82' lang='lat' dir='ltr'>Sigilli,</span> <span class='ocrx_word' id='word_1_518' title='bbox 673 2274 742 2305; x_wconf 63' lang='lat' dir='ltr'>dieii</span> <span class='ocrx_word' id='word_1_519' title='bbox 765 2275 822 2305; x_wconf 90' lang='lat' dir='ltr'>Avi</span> <span class='ocrx_word' id='word_1_520' title='bbox 844 2274 933 2305; x_wconf 90' lang='lat' dir='ltr'>nostri</span> <span class='ocrx_word' id='word_1_521' title='bbox 955 2283 1001 2304; x_wconf 90' lang='lat' dir='ltr'>aut</span> <span class='ocrx_word' id='word_1_522' title='bbox 1022 2273 1154 2313; x_wconf 89' lang='lat' dir='ltr'>Nostri,</span> <span class='ocrx_word' id='word_1_523' title='bbox 1177 2273 1378 2311; x_wconf 71' lang='lat' dir='ltr'>Controfaffi,</span> 
     </span>
     <span class='ocr_line' id='line_1_60' title="bbox 312 2310 1378 2351; baseline -0.001 -8"><span class='ocrx_word' id='word_1_524' title='bbox 312 2310 488 2351; x_wconf 67' lang='lat' dir='ltr'>confracti,</span> <span class='ocrx_word' id='word_1_525' title='bbox 513 2313 559 2342; x_wconf 88' lang='lat' dir='ltr'>vel</span> <span class='ocrx_word' id='word_1_526' title='bbox 600 2323 709 2344; x_wconf 89' lang='lat' dir='ltr'>uocum</span> <span class='ocrx_word' id='word_1_527' title='bbox 732 2323 767 2344; x_wconf 90' lang='lat' dir='ltr'>ue</span> <span class='ocrx_word' id='word_1_528' title='bbox 785 2314 841 2344; x_wconf 77' lang='lat' dir='ltr'>alio</span> <span class='ocrx_word' id='word_1_529' title='bbox 864 2313 956 2344; x_wconf 90' lang='lat' dir='ltr'>modo</span> <span class='ocrx_word' id='word_1_530' title='bbox 978 2312 1084 2344; x_wconf 87' lang='lat' dir='ltr'>Violati</span> <span class='ocrx_word' id='word_1_531' title='bbox 1103 2312 1149 2344; x_wconf 88' lang='lat' dir='ltr'>seu</span> <span class='ocrx_word' id='word_1_532' title='bbox 1171 2312 1322 2350; x_wconf 71' lang='lat' dir='ltr'>Despecti:</span> <span class='ocrx_word' id='word_1_533' title='bbox 1343 2314 1378 2343; x_wconf 90' lang='lat'>&amp;</span> 
     </span>
     <span class='ocr_line' id='line_1_61' title="bbox 311 2350 1379 2391; baseline 0 -10"><span class='ocrx_word' id='word_1_534' title='bbox 311 2361 364 2388; x_wconf 90' lang='lat' dir='ltr'>pro</span> <span class='ocrx_word' id='word_1_535' title='bbox 387 2351 566 2382; x_wconf 81' lang='lat' dir='ltr'>omnimodis</span> <span class='ocrx_word' id='word_1_536' title='bbox 621 2353 710 2382; x_wconf 90' lang='lat' dir='ltr'>omici</span> <span class='ocrx_word' id='word_1_537' title='bbox 733 2353 763 2382; x_wconf 91' lang='lat' dir='ltr'>iis</span> <span class='ocrx_word' id='word_1_538' title='bbox 777 2374 787 2391; x_wconf 89' lang='lat'>,</span> <span class='ocrx_word' id='word_1_539' title='bbox 809 2352 932 2383; x_wconf 88' lang='lat' dir='ltr'>Feloniis</span> <span class='ocrx_word' id='word_1_540' title='bbox 947 2375 957 2390; x_wconf 88' lang='lat'>,</span> <span class='ocrx_word' id='word_1_541' title='bbox 977 2351 1134 2390; x_wconf 84' lang='lat' dir='ltr'>Incendiis,</span> <span class='ocrx_word' id='word_1_542' title='bbox 1153 2350 1305 2389; x_wconf 75' lang='lat' dir='ltr'>Roberfis,</span> <span class='ocrx_word' id='word_1_543' title='bbox 1323 2350 1379 2381; x_wconf 88' lang='lat' dir='ltr'>La-</span> 
     </span>
     <span class='ocr_line' id='line_1_62' title="bbox 311 2389 1379 2429; baseline 0.001 -10"><span class='ocrx_word' id='word_1_544' title='bbox 311 2390 435 2420; x_wconf 90' lang='lat' dir='ltr'>trociniis</span> <span class='ocrx_word' id='word_1_545' title='bbox 452 2413 462 2428; x_wconf 91' lang='lat'>,</span> <span class='ocrx_word' id='word_1_546' title='bbox 487 2389 786 2429; x_wconf 83' lang='lat' dir='ltr'>Transgreffionibus‚</span> <span class='ocrx_word' id='word_1_547' title='bbox 810 2391 869 2421; x_wconf 72' lang='lat' dir='ltr'>tarn</span> <span class='ocrx_word' id='word_1_548' title='bbox 891 2390 928 2421; x_wconf 93' lang='lat' dir='ltr'>de</span> <span class='ocrx_word' id='word_1_549' title='bbox 947 2390 1079 2428; x_wconf 89' lang='lat' dir='ltr'>Foresta,</span> <span class='ocrx_word' id='word_1_550' title='bbox 1099 2391 1186 2429; x_wconf 69' lang='lat' dir='ltr'>quarn</span> <span class='ocrx_word' id='word_1_551' title='bbox 1200 2389 1256 2420; x_wconf 86' lang='lat' dir='ltr'>alio</span> <span class='ocrx_word' id='word_1_552' title='bbox 1270 2389 1379 2428; x_wconf 87' lang='lat' dir='ltr'>modo,</span> 
     </span>
     <span class='ocr_line' id='line_1_63' title="bbox 312 2427 1380 2467; baseline 0 -9"><span class='ocrx_word' id='word_1_553' title='bbox 312 2427 486 2460; x_wconf 69' lang='lat' dir='ltr'>Miilefac&#39;tis:</span> <span class='ocrx_word' id='word_1_554' title='bbox 501 2428 614 2467; x_wconf 89' lang='lat' dir='ltr'>Jurium</span> <span class='ocrx_word' id='word_1_555' title='bbox 628 2429 661 2460; x_wconf 87' lang='lat'>&amp;</span> <span class='ocrx_word' id='word_1_556' title='bbox 678 2428 877 2460; x_wconf 83' lang='lat' dir='ltr'>Proficuorum</span> <span class='ocrx_word' id='word_1_557' title='bbox 892 2428 1057 2459; x_wconf 89' lang='lat' dir='ltr'>nostrorum</span> <span class='ocrx_word' id='word_1_558' title='bbox 1066 2428 1311 2459; x_wconf 83' lang='lat' dir='ltr'>Concelamentis:</span> <span class='ocrx_word' id='word_1_559' title='bbox 1330 2428 1380 2459; x_wconf 86' lang='lat' dir='ltr'>fal-</span> 
     </span>
     <span class='ocr_line' id='line_1_64' title="bbox 311 2466 1379 2505; baseline 0 -7"><span class='ocrx_word' id='word_1_560' title='bbox 311 2467 343 2498; x_wconf 88' lang='lat' dir='ltr'>sis</span> <span class='ocrx_word' id='word_1_561' title='bbox 357 2468 390 2498; x_wconf 85' lang='lat'>&amp;</span> <span class='ocrx_word' id='word_1_562' title='bbox 408 2467 486 2497; x_wconf 74' lang='lat' dir='ltr'>malis</span> <span class='ocrx_word' id='word_1_563' title='bbox 499 2467 632 2497; x_wconf 82' lang='lat' dir='ltr'>Consiliis</span> <span class='ocrx_word' id='word_1_564' title='bbox 647 2469 681 2498; x_wconf 90' lang='lat'>&amp;</span> <span class='ocrx_word' id='word_1_565' title='bbox 695 2467 946 2498; x_wconf 84' lang='lat' dir='ltr'>Ordinationibus:</span> <span class='ocrx_word' id='word_1_566' title='bbox 968 2467 1166 2505; x_wconf 89' lang='lat' dir='ltr'>Forstallariis,</span> <span class='ocrx_word' id='word_1_567' title='bbox 1185 2466 1379 2498; x_wconf 85' lang='lat' dir='ltr'>Confoedera-</span> 
     </span>
     <span class='ocr_line' id='line_1_65' title="bbox 312 2505 1380 2544; baseline 0.001 -9"><span class='ocrx_word' id='word_1_568' title='bbox 312 2507 455 2543; x_wconf 87' lang='lat' dir='ltr'>tionibus,</span> <span class='ocrx_word' id='word_1_569' title='bbox 475 2505 757 2544; x_wconf 88' lang='lat' dir='ltr'>Conspirationibus,</span> <span class='ocrx_word' id='word_1_570' title='bbox 776 2506 976 2544; x_wconf 84' lang='lat' dir='ltr'>Cambipertiis</span> <span class='ocrx_word' id='word_1_571' title='bbox 988 2529 998 2544; x_wconf 94' lang='lat'>‚</span> <span class='ocrx_word' id='word_1_572' title='bbox 1015 2506 1234 2544; x_wconf 83' lang='lat' dir='ltr'>Ambidextriis,</span> <span class='ocrx_word' id='word_1_573' title='bbox 1251 2506 1380 2543; x_wconf 84' lang='lat' dir='ltr'>Alligan-</span> 
     </span>
     <span class='ocr_line' id='line_1_66' title="bbox 313 2544 1380 2583; baseline 0.002 -10"><span class='ocrx_word' id='word_1_574' title='bbox 313 2545 357 2573; x_wconf 87' lang='lat' dir='ltr'>tiis</span> <span class='ocrx_word' id='word_1_575' title='bbox 370 2568 379 2581; x_wconf 95' lang='lat'>,</span> <span class='ocrx_word' id='word_1_576' title='bbox 404 2544 543 2574; x_wconf 68' lang='lat' dir='ltr'>Falsirum</span> <span class='ocrx_word' id='word_1_577' title='bbox 568 2544 757 2583; x_wconf 82' lang='lat' dir='ltr'>Qerelarum</span> <span class='ocrx_word' id='word_1_578' title='bbox 783 2545 1006 2576; x_wconf 86' lang='lat' dir='ltr'>Manutenentiis</span> <span class='ocrx_word' id='word_1_579' title='bbox 1021 2567 1031 2583; x_wconf 89' lang='lat'>‚</span> <span class='ocrx_word' id='word_1_580' title='bbox 1050 2545 1235 2583; x_wconf 78' lang='lat' dir='ltr'>FallitatibuS,</span> <span class='ocrx_word' id='word_1_581' title='bbox 1253 2544 1380 2583; x_wconf 87' lang='lat' dir='ltr'>Injuri&#39;is,</span> 
     </span>
     <span class='ocr_line' id='line_1_67' title="bbox 317 2581 1380 2622; baseline 0.001 -10"><span class='ocrx_word' id='word_1_582' title='bbox 317 2581 570 2621; x_wconf 66' lang='lat' dir='ltr'>oppressionibus,</span> <span class='ocrx_word' id='word_1_583' title='bbox 591 2584 708 2622; x_wconf 80' lang='lat' dir='ltr'>Usuris,</span> <span class='ocrx_word' id='word_1_584' title='bbox 724 2583 954 2622; x_wconf 68' lang='lat' dir='ltr'>EXtorsionibus,</span> <span class='ocrx_word' id='word_1_585' title='bbox 972 2583 1203 2622; x_wconf 90' lang='lat' dir='ltr'>Collusionibus‚</span> <span class='ocrx_word' id='word_1_586' title='bbox 1222 2583 1304 2614; x_wconf 87' lang='lat' dir='ltr'>Falsis</span> <span class='ocrx_word' id='word_1_587' title='bbox 1319 2583 1380 2613; x_wconf 89' lang='lat' dir='ltr'>Iin-</span> 
     </span>
     <span class='ocr_line' id='line_1_68' title="bbox 313 2621 1382 2660; baseline 0.004 -11"><span class='ocrx_word' id='word_1_588' title='bbox 313 2621 525 2658; x_wconf 84' lang='lat' dir='ltr'>prisonamentis</span> <span class='ocrx_word' id='word_1_589' title='bbox 542 2623 574 2651; x_wconf 67' lang='grc' dir='ltr'>ὃς</span> <span class='ocrx_word' id='word_1_590' title='bbox 589 2622 694 2660; x_wconf 84' lang='lat' dir='ltr'>injustis</span> <span class='ocrx_word' id='word_1_591' title='bbox 709 2622 978 2653; x_wconf 88' lang='lat' dir='ltr'>Incarcerationibus</span> <span class='ocrx_word' id='word_1_592' title='bbox 993 2622 1159 2653; x_wconf 88' lang='lat' dir='ltr'>Hominum</span> <span class='ocrx_word' id='word_1_593' title='bbox 1173 2631 1382 2660; x_wconf 83' lang='lat' dir='ltr'>quorumcum—</span> 
     </span>
     <span class='ocr_line' id='line_1_69' title="bbox 313 2658 1380 2727; baseline 0.004 -39"><span class='ocrx_word' id='word_1_594' title='bbox 313 2668 386 2727; x_wconf 50' lang='grc' dir='ltr'>ἕπε,</span> <span class='ocrx_word' id='word_1_595' title='bbox 405 2658 649 2697; x_wconf 85' lang='lat' dir='ltr'>Deceptionibus,</span> <span class='ocrx_word' id='word_1_596' title='bbox 664 2660 901 2698; x_wconf 89' lang='lat' dir='ltr'>Conventiculis,</span> <span class='ocrx_word' id='word_1_597' title='bbox 919 2660 1099 2699; x_wconf 84' lang='lat' dir='ltr'>Excessibus,</span> <span class='ocrx_word' id='word_1_598' title='bbox 1119 2661 1301 2700; x_wconf 87' lang='lat' dir='ltr'>Dampnibus</span> <span class='ocrx_word' id='word_1_599' title='bbox 1319 2684 1328 2700; x_wconf 91' lang='lat'>,</span> <span class='ocrx_word' id='word_1_600' title='bbox 1347 2662 1380 2692; x_wconf 91' lang='lat'>&amp;</span> 
     </span>
    </p>

    <p class='ocr_par' dir='ltr' id='par_1_15' title="bbox 313 2698 1384 3008">
     <span class='ocr_line' id='line_1_70' title="bbox 348 2698 1383 2737; baseline 0.002 -9"><span class='ocrx_word' id='word_1_601' title='bbox 348 2698 536 2728; x_wconf 78' lang='lat' dir='ltr'>ravarninibus</span> <span class='ocrx_word' id='word_1_602' title='bbox 550 2721 559 2736; x_wconf 93' lang='lat'>,</span> <span class='ocrx_word' id='word_1_603' title='bbox 583 2698 616 2728; x_wconf 72' lang='grc' dir='ltr'>ὅ(</span> <span class='ocrx_word' id='word_1_604' title='bbox 641 2699 864 2737; x_wconf 87' lang='lat' dir='ltr'>quibuscumque</span> <span class='ocrx_word' id='word_1_605' title='bbox 887 2699 981 2730; x_wconf 69' lang='lat' dir='ltr'>Dictis</span> <span class='ocrx_word' id='word_1_606' title='bbox 1004 2699 1095 2730; x_wconf 70' lang='lat' dir='ltr'>Faffls</span> <span class='ocrx_word' id='word_1_607' title='bbox 1109 2700 1154 2730; x_wconf 90' lang='lat' dir='ltr'>vel</span> <span class='ocrx_word' id='word_1_608' title='bbox 1168 2699 1268 2730; x_wconf 89' lang='lat' dir='ltr'>Rebus</span> <span class='ocrx_word' id='word_1_609' title='bbox 1283 2700 1383 2730; x_wconf 89' lang='lat' dir='ltr'>illicitis</span> 
     </span>
     <span class='ocr_line' id='line_1_71' title="bbox 314 2736 1381 2775; baseline 0.004 -10"><span class='ocrx_word' id='word_1_610' title='bbox 314 2737 360 2766; x_wconf 90' lang='lat' dir='ltr'>seu</span> <span class='ocrx_word' id='word_1_611' title='bbox 381 2736 534 2766; x_wconf 86' lang='lat' dir='ltr'>inhonestis</span> <span class='ocrx_word' id='word_1_612' title='bbox 551 2760 560 2774; x_wconf 94' lang='lat'>,</span> <span class='ocrx_word' id='word_1_613' title='bbox 578 2737 694 2774; x_wconf 73' lang='lat' dir='ltr'>praefato</span> <span class='ocrx_word' id='word_1_614' title='bbox 717 2737 784 2767; x_wconf 87' lang='lat' dir='ltr'>Avo</span> <span class='ocrx_word' id='word_1_615' title='bbox 800 2737 915 2775; x_wconf 88' lang='lat' dir='ltr'>nostro,</span> <span class='ocrx_word' id='word_1_616' title='bbox 933 2737 1050 2775; x_wconf 84' lang='lat' dir='ltr'>Nobis,</span> <span class='ocrx_word' id='word_1_617' title='bbox 1067 2738 1113 2768; x_wconf 91' lang='lat' dir='ltr'>vel</span> <span class='ocrx_word' id='word_1_618' title='bbox 1126 2738 1206 2768; x_wconf 88' lang='lat' dir='ltr'>alicui</span> <span class='ocrx_word' id='word_1_619' title='bbox 1221 2738 1258 2769; x_wconf 87' lang='lat' dir='ltr'>de</span> <span class='ocrx_word' id='word_1_620' title='bbox 1271 2738 1381 2775; x_wconf 81' lang='lat' dir='ltr'>Regno</span> 
     </span>
     <span class='ocr_line' id='line_1_72' title="bbox 315 2774 1382 2815; baseline 0.002 -10"><span class='ocrx_word' id='word_1_621' title='bbox 315 2774 416 2805; x_wconf 79' lang='lat' dir='ltr'>nostro</span> <span class='ocrx_word' id='word_1_622' title='bbox 439 2775 680 2813; x_wconf 81' lang='lat' dir='ltr'>qualitercumque</span> <span class='ocrx_word' id='word_1_623' title='bbox 698 2776 768 2806; x_wconf 55' lang='lat' dir='ltr'>actis</span> <span class='ocrx_word' id='word_1_624' title='bbox 785 2798 794 2814; x_wconf 86' lang='lat'>‚</span> <span class='ocrx_word' id='word_1_625' title='bbox 813 2777 995 2814; x_wconf 89' lang='lat' dir='ltr'>perpetratis,</span> <span class='ocrx_word' id='word_1_626' title='bbox 1015 2776 1060 2805; x_wconf 90' lang='lat' dir='ltr'>seu</span> <span class='ocrx_word' id='word_1_627' title='bbox 1075 2777 1171 2806; x_wconf 84' lang='lat' dir='ltr'>illatis:</span> <span class='ocrx_word' id='word_1_628' title='bbox 1191 2777 1225 2807; x_wconf 69' lang='grc' dir='ltr'>ὅ(</span> <span class='ocrx_word' id='word_1_629' title='bbox 1239 2787 1292 2815; x_wconf 88' lang='lat' dir='ltr'>pro</span> <span class='ocrx_word' id='word_1_630' title='bbox 1306 2777 1382 2809; x_wconf 89' lang='lat' dir='ltr'>Eva—</span> 
     </span>
     <span class='ocr_line' id='line_1_73' title="bbox 315 2813 1379 2852; baseline 0.003 -9"><span class='ocrx_word' id='word_1_631' title='bbox 315 2813 440 2843; x_wconf 87' lang='lat' dir='ltr'>sionibus</span> <span class='ocrx_word' id='word_1_632' title='bbox 460 2814 493 2843; x_wconf 67' lang='grc' dir='ltr'>ὃ(</span> <span class='ocrx_word' id='word_1_633' title='bbox 517 2813 660 2851; x_wconf 85' lang='lat' dir='ltr'>Eschapiis</span> <span class='ocrx_word' id='word_1_634' title='bbox 674 2814 853 2851; x_wconf 85' lang='lat' dir='ltr'>Latronum,</span> <span class='ocrx_word' id='word_1_635' title='bbox 872 2814 1032 2852; x_wconf 85' lang='lat' dir='ltr'>Felonum,</span> <span class='ocrx_word' id='word_1_636' title='bbox 1048 2815 1082 2844; x_wconf 61' lang='grc' dir='ltr'>ὃς</span> <span class='ocrx_word' id='word_1_637' title='bbox 1095 2813 1279 2845; x_wconf 89' lang='lat' dir='ltr'>Clericorum</span> <span class='ocrx_word' id='word_1_638' title='bbox 1296 2814 1379 2846; x_wconf 92' lang='lat' dir='ltr'>Con-</span> 
     </span>
     <span class='ocr_line' id='line_1_74' title="bbox 313 2851 1382 2892; baseline 0.003 -10"><span class='ocrx_word' id='word_1_639' title='bbox 313 2852 459 2882; x_wconf 69' lang='lat' dir='ltr'>vistorum</span> <span class='ocrx_word' id='word_1_640' title='bbox 476 2862 482 2881; x_wconf 77' lang='lat'>2</span> <span class='ocrx_word' id='word_1_641' title='bbox 509 2851 675 2891; x_wconf 81' lang='lat' dir='ltr'>Ignorantiis</span> <span class='ocrx_word' id='word_1_642' title='bbox 700 2853 926 2891; x_wconf 88' lang='lat' dir='ltr'>quibuscumque</span> <span class='ocrx_word' id='word_1_643' title='bbox 946 2853 980 2883; x_wconf 89' lang='lat'>&amp;</span> <span class='ocrx_word' id='word_1_644' title='bbox 1005 2851 1236 2890; x_wconf 85' lang='lat' dir='ltr'>Mesprifionibus</span> <span class='ocrx_word' id='word_1_645' title='bbox 1251 2878 1261 2892; x_wconf 89' lang='lat'>,</span> <span class='ocrx_word' id='word_1_646' title='bbox 1279 2854 1336 2884; x_wconf 69' lang='lat' dir='ltr'>tarn</span> <span class='ocrx_word' id='word_1_647' title='bbox 1353 2856 1382 2885; x_wconf 93' lang='lat' dir='ltr'>in</span> 
     </span>
     <span class='ocr_line' id='line_1_75' title="bbox 318 2889 1382 2931; baseline 0.004 -11"><span class='ocrx_word' id='word_1_648' title='bbox 318 2889 471 2928; x_wconf 87' lang='lat' dir='ltr'>Praecepto</span> <span class='ocrx_word' id='word_1_649' title='bbox 488 2891 565 2922; x_wconf 64' lang='lat' dir='ltr'>facto</span> <span class='ocrx_word' id='word_1_650' title='bbox 579 2892 636 2921; x_wconf 87' lang='lat' dir='ltr'>aliis</span> <span class='ocrx_word' id='word_1_651' title='bbox 654 2890 793 2922; x_wconf 82' lang='lat' dir='ltr'>Ministris</span> <span class='ocrx_word' id='word_1_652' title='bbox 809 2892 890 2929; x_wconf 85' lang='lat' dir='ltr'>iplius</span> <span class='ocrx_word' id='word_1_653' title='bbox 904 2892 960 2922; x_wconf 89' lang='lat' dir='ltr'>Avi</span> <span class='ocrx_word' id='word_1_654' title='bbox 974 2890 1083 2930; x_wconf 79' lang='lat' dir='ltr'>nostri,</span> <span class='ocrx_word' id='word_1_655' title='bbox 1100 2892 1186 2929; x_wconf 73' lang='lat' dir='ltr'>quam</span> <span class='ocrx_word' id='word_1_656' title='bbox 1203 2901 1252 2929; x_wconf 90' lang='lat' dir='ltr'>per</span> <span class='ocrx_word' id='word_1_657' title='bbox 1265 2891 1382 2931; x_wconf 87' lang='lat' dir='ltr'>seipsum</span> 
     </span>
     <span class='ocr_line' id='line_1_76' title="bbox 317 2928 1381 2969; baseline 0.002 -10"><span class='ocrx_word' id='word_1_658' title='bbox 317 2928 519 2968; x_wconf 70' lang='lat' dir='ltr'>Episcopum,</span> <span class='ocrx_word' id='word_1_659' title='bbox 544 2939 577 2960; x_wconf 89' lang='lat' dir='ltr'>ac</span> <span class='ocrx_word' id='word_1_660' title='bbox 599 2930 772 2960; x_wconf 89' lang='lat' dir='ltr'>omnimodis</span> <span class='ocrx_word' id='word_1_661' title='bbox 792 2931 848 2960; x_wconf 84' lang='lat' dir='ltr'>aliis</span> <span class='ocrx_word' id='word_1_662' title='bbox 869 2929 1002 2960; x_wconf 85' lang='lat' dir='ltr'>Articulis</span> <span class='ocrx_word' id='word_1_663' title='bbox 1018 2953 1028 2969; x_wconf 82' lang='lat'>,</span> <span class='ocrx_word' id='word_1_664' title='bbox 1046 2939 1145 2960; x_wconf 91' lang='lat' dir='ltr'>contra</span> <span class='ocrx_word' id='word_1_665' title='bbox 1159 2929 1268 2960; x_wconf 65' lang='lat' dir='ltr'>dictum</span> <span class='ocrx_word' id='word_1_666' title='bbox 1284 2931 1381 2961; x_wconf 91' lang='lat' dir='ltr'>Avum</span> 
     </span>
     <span class='ocr_line' id='line_1_77' title="bbox 317 2967 1384 3008; baseline 0.003 -11"><span class='ocrx_word' id='word_1_667' title='bbox 317 2967 464 3007; x_wconf 91' lang='lat' dir='ltr'>nostrum,</span> <span class='ocrx_word' id='word_1_668' title='bbox 485 2968 541 2998; x_wconf 91' lang='lat' dir='ltr'>sive</span> <span class='ocrx_word' id='word_1_669' title='bbox 556 2979 654 2999; x_wconf 87' lang='lat' dir='ltr'>contra</span> <span class='ocrx_word' id='word_1_670' title='bbox 667 2968 753 3006; x_wconf 91' lang='lat' dir='ltr'>Nos,</span> <span class='ocrx_word' id='word_1_671' title='bbox 769 2967 936 3006; x_wconf 86' lang='lat' dir='ltr'>Coronam,</span> <span class='ocrx_word' id='word_1_672' title='bbox 952 2968 1128 3008; x_wconf 86' lang='lat' dir='ltr'>Dignitatem</span> <span class='ocrx_word' id='word_1_673' title='bbox 1150 2968 1274 3006; x_wconf 87' lang='lat' dir='ltr'>Regiam</span> <span class='ocrx_word' id='word_1_674' title='bbox 1317 2969 1384 3000; x_wconf 91' lang='lat' dir='ltr'>Ma-</span> 
     </span>
    </p>

    <p class='ocr_par' dir='ltr' id='par_1_16' title="bbox 337 3006 1382 3047">
     <span class='ocr_line' id='line_1_78' title="bbox 337 3006 1382 3047; baseline 0.003 -11"><span class='ocrx_word' id='word_1_675' title='bbox 337 3006 472 3044; x_wconf 87' lang='lat' dir='ltr'>estatem,</span> <span class='ocrx_word' id='word_1_676' title='bbox 497 3006 566 3036; x_wconf 64' lang='lat' dir='ltr'>dieti</span> <span class='ocrx_word' id='word_1_677' title='bbox 587 3008 645 3038; x_wconf 88' lang='lat' dir='ltr'>Avi</span> <span class='ocrx_word' id='word_1_678' title='bbox 663 3007 752 3037; x_wconf 90' lang='lat' dir='ltr'>nostri</span> <span class='ocrx_word' id='word_1_679' title='bbox 773 3006 820 3037; x_wconf 88' lang='lat' dir='ltr'>seu</span> <span class='ocrx_word' id='word_1_680' title='bbox 841 3007 986 3038; x_wconf 90' lang='lat' dir='ltr'>Nostram</span> <span class='ocrx_word' id='word_1_681' title='bbox 1002 3031 1012 3046; x_wconf 96' lang='lat'>,</span> <span class='ocrx_word' id='word_1_682' title='bbox 1035 3007 1081 3038; x_wconf 92' lang='lat' dir='ltr'>seu</span> <span class='ocrx_word' id='word_1_683' title='bbox 1105 3006 1267 3038; x_wconf 84' lang='lat' dir='ltr'>Laesionem</span> <span class='ocrx_word' id='word_1_684' title='bbox 1312 3010 1382 3047; x_wconf 85' lang='lat' dir='ltr'>egiae</span> 
     </span>
    </p>

    <p class='ocr_par' dir='ltr' id='par_1_17' title="bbox 315 3044 1385 4087">
     <span class='ocr_line' id='line_1_79' title="bbox 346 3044 1383 3085; baseline 0.004 -12"><span class='ocrx_word' id='word_1_685' title='bbox 346 3044 482 3083; x_wconf 77' lang='lat' dir='ltr'>lagestatis</span> <span class='ocrx_word' id='word_1_686' title='bbox 496 3067 506 3083; x_wconf 92' lang='lat'>,</span> <span class='ocrx_word' id='word_1_687' title='bbox 532 3045 704 3076; x_wconf 88' lang='lat' dir='ltr'>Comunem</span> <span class='ocrx_word' id='word_1_688' title='bbox 726 3046 836 3085; x_wconf 81' lang='lat' dir='ltr'>Legem</span> <span class='ocrx_word' id='word_1_689' title='bbox 853 3046 976 3083; x_wconf 85' lang='lat' dir='ltr'>Terrae,</span> <span class='ocrx_word' id='word_1_690' title='bbox 1000 3046 1109 3077; x_wconf 84' lang='lat' dir='ltr'>Statura</span> <span class='ocrx_word' id='word_1_691' title='bbox 1123 3070 1132 3084; x_wconf 91' lang='lat'>,</span> <span class='ocrx_word' id='word_1_692' title='bbox 1158 3045 1360 3077; x_wconf 89' lang='lat' dir='ltr'>Ordinationes</span> <span class='ocrx_word' id='word_1_693' title='bbox 1373 3071 1383 3085; x_wconf 91' lang='lat'>,</span> 
     </span>
     <span class='ocr_line' id='line_1_80' title="bbox 317 3082 1382 3124; baseline 0.003 -11"><span class='ocrx_word' id='word_1_694' title='bbox 317 3082 577 3122; x_wconf 89' lang='lat' dir='ltr'>Proclamationes,</span> <span class='ocrx_word' id='word_1_695' title='bbox 596 3086 629 3115; x_wconf 72' lang='grc' dir='ltr'>ὃς</span> <span class='ocrx_word' id='word_1_696' title='bbox 643 3083 844 3122; x_wconf 77' lang='lat' dir='ltr'>Inhibitiones,</span> <span class='ocrx_word' id='word_1_697' title='bbox 860 3094 924 3115; x_wconf 89' lang='lat' dir='ltr'>ante</span> <span class='ocrx_word' id='word_1_698' title='bbox 937 3085 1000 3115; x_wconf 88' lang='lat' dir='ltr'>haec</span> <span class='ocrx_word' id='word_1_699' title='bbox 1016 3093 1147 3123; x_wconf 87' lang='lat' dir='ltr'>tempora</span> <span class='ocrx_word' id='word_1_700' title='bbox 1160 3085 1233 3116; x_wconf 88' lang='lat' dir='ltr'>edita</span> <span class='ocrx_word' id='word_1_701' title='bbox 1245 3085 1291 3116; x_wconf 91' lang='lat' dir='ltr'>vel</span> <span class='ocrx_word' id='word_1_702' title='bbox 1300 3085 1382 3124; x_wconf 63' lang='lat' dir='ltr'>faeta,</span> 
     </span>
     <span class='ocr_line' id='line_1_81' title="bbox 317 3122 1384 3163; baseline 0.003 -11"><span class='ocrx_word' id='word_1_703' title='bbox 317 3132 383 3160; x_wconf 64' lang='lat' dir='ltr'>quoe</span> <span class='ocrx_word' id='word_1_704' title='bbox 405 3132 453 3160; x_wconf 88' lang='lat' dir='ltr'>per</span> <span class='ocrx_word' id='word_1_705' title='bbox 476 3122 564 3162; x_wconf 86' lang='lat' dir='ltr'>ipsum</span> <span class='ocrx_word' id='word_1_706' title='bbox 583 3122 736 3161; x_wconf 76' lang='lat' dir='ltr'>Epifiopum</span> <span class='ocrx_word' id='word_1_707' title='bbox 758 3123 967 3162; x_wconf 62' lang='lat' dir='ltr'>Wyntonienfi’m</span> <span class='ocrx_word' id='word_1_708' title='bbox 983 3147 992 3161; x_wconf 96' lang='lat'>,</span> <span class='ocrx_word' id='word_1_709' title='bbox 1011 3133 1198 3162; x_wconf 90' lang='lat' dir='ltr'>quocumque</span> <span class='ocrx_word' id='word_1_710' title='bbox 1214 3124 1322 3163; x_wconf 90' lang='lat' dir='ltr'>modo,</span> <span class='ocrx_word' id='word_1_711' title='bbox 1339 3125 1384 3155; x_wconf 88' lang='lat' dir='ltr'>di-</span> 
     </span>
     <span class='ocr_line' id='line_1_82' title="bbox 318 3161 1383 3201; baseline 0.003 -11"><span class='ocrx_word' id='word_1_712' title='bbox 318 3169 422 3191; x_wconf 88' lang='lat' dir='ltr'>cuntur</span> <span class='ocrx_word' id='word_1_713' title='bbox 438 3161 483 3191; x_wconf 75' lang='lat' dir='ltr'>vel</span> <span class='ocrx_word' id='word_1_714' title='bbox 498 3161 554 3191; x_wconf 94' lang='lat' dir='ltr'>dici</span> <span class='ocrx_word' id='word_1_715' title='bbox 572 3169 704 3198; x_wconf 88' lang='lat' dir='ltr'>poterunt</span> <span class='ocrx_word' id='word_1_716' title='bbox 717 3169 782 3191; x_wconf 88' lang='lat' dir='ltr'>ante</span> <span class='ocrx_word' id='word_1_717' title='bbox 795 3162 858 3192; x_wconf 88' lang='lat' dir='ltr'>haec</span> <span class='ocrx_word' id='word_1_718' title='bbox 872 3171 1002 3199; x_wconf 89' lang='lat' dir='ltr'>tempora</span> <span class='ocrx_word' id='word_1_719' title='bbox 1022 3163 1187 3201; x_wconf 89' lang='lat' dir='ltr'>perpetrari,</span> <span class='ocrx_word' id='word_1_720' title='bbox 1204 3163 1237 3193; x_wconf 90' lang='lat'>&amp;</span> <span class='ocrx_word' id='word_1_721' title='bbox 1252 3171 1305 3200; x_wconf 88' lang='lat' dir='ltr'>pro</span> <span class='ocrx_word' id='word_1_722' title='bbox 1317 3173 1383 3193; x_wconf 91' lang='lat' dir='ltr'>om-</span> 
     </span>
     <span class='ocr_line' id='line_1_83' title="bbox 317 3198 1383 3240; baseline 0.002 -11"><span class='ocrx_word' id='word_1_723' title='bbox 317 3200 442 3230; x_wconf 89' lang='lat' dir='ltr'>nimodis</span> <span class='ocrx_word' id='word_1_724' title='bbox 458 3198 674 3237; x_wconf 87' lang='lat' dir='ltr'>Inobedientiis,</span> <span class='ocrx_word' id='word_1_725' title='bbox 691 3199 835 3238; x_wconf 86' lang='lat' dir='ltr'>Offenfis,</span> <span class='ocrx_word' id='word_1_726' title='bbox 851 3201 884 3231; x_wconf 91' lang='lat'>&amp;</span> <span class='ocrx_word' id='word_1_727' title='bbox 898 3200 1192 3240; x_wconf 80' lang='lat' dir='ltr'>Transgreffionibus,</span> <span class='ocrx_word' id='word_1_728' title='bbox 1210 3202 1383 3239; x_wconf 91' lang='lat' dir='ltr'>cuicumque</span> 
     </span>
     <span class='ocr_line' id='line_1_84' title="bbox 318 3237 1381 3278; baseline 0.003 -11"><span class='ocrx_word' id='word_1_729' title='bbox 318 3237 433 3268; x_wconf 85' lang='lat' dir='ltr'>Locum</span> <span class='ocrx_word' id='word_1_730' title='bbox 455 3238 523 3268; x_wconf 67' lang='lat' dir='ltr'>die&#39;ti</span> <span class='ocrx_word' id='word_1_731' title='bbox 545 3238 601 3268; x_wconf 86' lang='lat' dir='ltr'>Avi</span> <span class='ocrx_word' id='word_1_732' title='bbox 622 3237 710 3268; x_wconf 91' lang='lat' dir='ltr'>nostri</span> <span class='ocrx_word' id='word_1_733' title='bbox 725 3239 770 3269; x_wconf 92' lang='lat' dir='ltr'>seu</span> <span class='ocrx_word' id='word_1_734' title='bbox 786 3238 875 3269; x_wconf 87' lang='lat' dir='ltr'>nostri</span> <span class='ocrx_word' id='word_1_735' title='bbox 891 3241 1068 3277; x_wconf 90' lang='lat' dir='ltr'>tenentium,</span> <span class='ocrx_word' id='word_1_736' title='bbox 1086 3239 1319 3278; x_wconf 83' lang='lat' dir='ltr'>Officiariorum,</span> <span class='ocrx_word' id='word_1_737' title='bbox 1334 3240 1381 3270; x_wconf 87' lang='lat' dir='ltr'>seu</span> 
     </span>
     <span class='ocr_line' id='line_1_85' title="bbox 315 3275 1383 3316; baseline 0.001 -10"><span class='ocrx_word' id='word_1_738' title='bbox 315 3275 520 3307; x_wconf 85' lang='lat' dir='ltr'>Ministrorum</span> <span class='ocrx_word' id='word_1_739' title='bbox 540 3275 662 3315; x_wconf 89' lang='lat' dir='ltr'>ejusdem</span> <span class='ocrx_word' id='word_1_740' title='bbox 687 3277 742 3307; x_wconf 90' lang='lat' dir='ltr'>Avi</span> <span class='ocrx_word' id='word_1_741' title='bbox 763 3277 853 3307; x_wconf 88' lang='lat' dir='ltr'>nostri</span> <span class='ocrx_word' id='word_1_742' title='bbox 875 3277 921 3308; x_wconf 91' lang='lat' dir='ltr'>seu</span> <span class='ocrx_word' id='word_1_743' title='bbox 935 3278 1118 3315; x_wconf 89' lang='lat' dir='ltr'>nostrorum,</span> <span class='ocrx_word' id='word_1_744' title='bbox 1135 3279 1213 3309; x_wconf 87' lang='lat' dir='ltr'>illatis</span> <span class='ocrx_word' id='word_1_745' title='bbox 1227 3278 1271 3307; x_wconf 88' lang='lat' dir='ltr'>vel</span> <span class='ocrx_word' id='word_1_746' title='bbox 1285 3278 1383 3316; x_wconf 55' lang='lat' dir='ltr'>saetis,</span> 
     </span>
     <span class='ocr_line' id='line_1_86' title="bbox 317 3314 1385 3355; baseline 0.002 -11"><span class='ocrx_word' id='word_1_747' title='bbox 317 3323 348 3345; x_wconf 93' lang='lat' dir='ltr'>ut</span> <span class='ocrx_word' id='word_1_748' title='bbox 363 3316 391 3345; x_wconf 91' lang='lat' dir='ltr'>in</span> <span class='ocrx_word' id='word_1_749' title='bbox 408 3315 642 3352; x_wconf 86' lang='lat' dir='ltr'>Gubernatione,</span> <span class='ocrx_word' id='word_1_750' title='bbox 659 3314 826 3352; x_wconf 69' lang='lat' dir='ltr'>Duffione,</span> <span class='ocrx_word' id='word_1_751' title='bbox 845 3315 1064 3355; x_wconf 90' lang='lat' dir='ltr'>Diminutione,</span> <span class='ocrx_word' id='word_1_752' title='bbox 1082 3316 1290 3353; x_wconf 89' lang='lat' dir='ltr'>Ordinatione,</span> <span class='ocrx_word' id='word_1_753' title='bbox 1309 3316 1385 3347; x_wconf 88' lang='lat' dir='ltr'>Mis·</span> 
     </span>
     <span class='ocr_line' id='line_1_87' title="bbox 318 3353 1384 3393; baseline 0.002 -10"><span class='ocrx_word' id='word_1_754' title='bbox 318 3353 395 3384; x_wconf 88' lang='lat' dir='ltr'>sione</span> <span class='ocrx_word' id='word_1_755' title='bbox 410 3353 575 3384; x_wconf 89' lang='lat' dir='ltr'>Hominum</span> <span class='ocrx_word' id='word_1_756' title='bbox 588 3354 622 3384; x_wconf 90' lang='lat' dir='ltr'>ad</span> <span class='ocrx_word' id='word_1_757' title='bbox 638 3354 740 3391; x_wconf 89' lang='lat' dir='ltr'>Arma,</span> <span class='ocrx_word' id='word_1_758' title='bbox 759 3354 992 3393; x_wconf 83' lang='lat' dir='ltr'>Sagittariorum,</span> <span class='ocrx_word' id='word_1_759' title='bbox 1012 3355 1250 3393; x_wconf 86' lang='lat' dir='ltr'>Marinariorum,</span> <span class='ocrx_word' id='word_1_760' title='bbox 1265 3357 1298 3387; x_wconf 90' lang='lat'>&amp;</span> <span class='ocrx_word' id='word_1_761' title='bbox 1314 3355 1384 3385; x_wconf 89' lang='lat' dir='ltr'>alio-</span> 
     </span>
     <span class='ocr_line' id='line_1_88' title="bbox 319 3392 1385 3433; baseline 0.002 -12"><span class='ocrx_word' id='word_1_762' title='bbox 319 3401 384 3421; x_wconf 88' lang='lat' dir='ltr'>rum</span> <span class='ocrx_word' id='word_1_763' title='bbox 400 3393 430 3422; x_wconf 87' lang='lat' dir='ltr'>iri</span> <span class='ocrx_word' id='word_1_764' title='bbox 445 3392 564 3423; x_wconf 85' lang='lat' dir='ltr'>Guerris</span> <span class='ocrx_word' id='word_1_765' title='bbox 577 3392 658 3430; x_wconf 90' lang='lat' dir='ltr'>ipfius</span> <span class='ocrx_word' id='word_1_766' title='bbox 674 3393 732 3423; x_wconf 91' lang='lat' dir='ltr'>Avi</span> <span class='ocrx_word' id='word_1_767' title='bbox 748 3392 921 3431; x_wconf 73' lang='lat' dir='ltr'>nostri,tam</span> <span class='ocrx_word' id='word_1_768' title='bbox 937 3395 965 3423; x_wconf 88' lang='lat' dir='ltr'>in</span> <span class='ocrx_word' id='word_1_769' title='bbox 979 3394 1136 3433; x_wconf 83' lang='lat' dir='ltr'>Hibernia,</span> <span class='ocrx_word' id='word_1_770' title='bbox 1152 3394 1284 3432; x_wconf 90' lang='lat' dir='ltr'>Francia,</span> <span class='ocrx_word' id='word_1_771' title='bbox 1299 3393 1385 3423; x_wconf 92' lang='lat' dir='ltr'>Nor-</span> 
     </span>
     <span class='ocr_line' id='line_1_89' title="bbox 320 3430 1385 3471; baseline 0.003 -12"><span class='ocrx_word' id='word_1_772' title='bbox 320 3432 435 3460; x_wconf 88' lang='lat' dir='ltr'>mannia</span> <span class='ocrx_word' id='word_1_773' title='bbox 449 3453 459 3467; x_wconf 85' lang='lat'>,</span> <span class='ocrx_word' id='word_1_774' title='bbox 482 3430 622 3461; x_wconf 88' lang='lat' dir='ltr'>Britannia</span> <span class='ocrx_word' id='word_1_775' title='bbox 637 3454 646 3469; x_wconf 96' lang='lat'>,</span> <span class='ocrx_word' id='word_1_776' title='bbox 675 3431 828 3470; x_wconf 84' lang='lat' dir='ltr'>Vasconia,</span> <span class='ocrx_word' id='word_1_777' title='bbox 848 3433 882 3463; x_wconf 88' lang='lat'>&amp;</span> <span class='ocrx_word' id='word_1_778' title='bbox 897 3432 1008 3471; x_wconf 87' lang='lat' dir='ltr'>Scotia,</span> <span class='ocrx_word' id='word_1_779' title='bbox 1024 3435 1111 3470; x_wconf 68' lang='lat' dir='ltr'>quiim</span> <span class='ocrx_word' id='word_1_780' title='bbox 1124 3433 1208 3471; x_wconf 87' lang='lat' dir='ltr'>alibi,</span> <span class='ocrx_word' id='word_1_781' title='bbox 1225 3432 1270 3463; x_wconf 92' lang='lat' dir='ltr'>seu</span> <span class='ocrx_word' id='word_1_782' title='bbox 1285 3431 1385 3462; x_wconf 86' lang='lat' dir='ltr'>Perdi-</span> 
     </span>
     <span class='ocr_line' id='line_1_90' title="bbox 319 3468 1383 3509; baseline 0.002 -11"><span class='ocrx_word' id='word_1_783' title='bbox 319 3469 417 3506; x_wconf 79' lang='lat' dir='ltr'>tione,</span> <span class='ocrx_word' id='word_1_784' title='bbox 436 3468 607 3507; x_wconf 88' lang='lat' dir='ltr'>Occisione,</span> <span class='ocrx_word' id='word_1_785' title='bbox 623 3479 669 3500; x_wconf 80' lang='lat' dir='ltr'>aut</span> <span class='ocrx_word' id='word_1_786' title='bbox 682 3470 738 3500; x_wconf 90' lang='lat' dir='ltr'>alio</span> <span class='ocrx_word' id='word_1_787' title='bbox 754 3469 932 3509; x_wconf 85' lang='lat' dir='ltr'>Insortunio,</span> <span class='ocrx_word' id='word_1_788' title='bbox 949 3471 993 3500; x_wconf 91' lang='lat' dir='ltr'>seu</span> <span class='ocrx_word' id='word_1_789' title='bbox 1010 3471 1093 3502; x_wconf 85' lang='lat' dir='ltr'>Malo</span> <span class='ocrx_word' id='word_1_790' title='bbox 1107 3472 1236 3508; x_wconf 87' lang='lat' dir='ltr'>Eventu,</span> <span class='ocrx_word' id='word_1_791' title='bbox 1256 3480 1305 3508; x_wconf 86' lang='lat' dir='ltr'>per</span> <span class='ocrx_word' id='word_1_792' title='bbox 1320 3471 1383 3501; x_wconf 89' lang='lat' dir='ltr'>De-</span> 
     </span>
     <span class='ocr_line' id='line_1_91' title="bbox 318 3506 1383 3550; baseline 0.002 -13"><span class='ocrx_word' id='word_1_793' title='bbox 318 3506 429 3549; x_wconf 67' lang='lat' dir='ltr'>fectum</span> <span class='ocrx_word' id='word_1_794' title='bbox 439 3532 447 3544; x_wconf 85' lang='lat'>,</span> <span class='ocrx_word' id='word_1_795' title='bbox 464 3508 641 3546; x_wconf 88' lang='lat' dir='ltr'>Consilium,</span> <span class='ocrx_word' id='word_1_796' title='bbox 657 3509 702 3539; x_wconf 91' lang='lat' dir='ltr'>vel</span> <span class='ocrx_word' id='word_1_797' title='bbox 715 3508 933 3548; x_wconf 80' lang='lat' dir='ltr'>Negligentiam</span> <span class='ocrx_word' id='word_1_798' title='bbox 949 3510 1031 3547; x_wconf 89' lang='lat' dir='ltr'>ipfius</span> <span class='ocrx_word' id='word_1_799' title='bbox 1045 3510 1180 3549; x_wconf 87' lang='lat' dir='ltr'>Episcopi</span> <span class='ocrx_word' id='word_1_800' title='bbox 1188 3509 1383 3550; x_wconf 86' lang='lat' dir='ltr'>Wyntonien—</span> 
     </span>
     <span class='ocr_line' id='line_1_92' title="bbox 322 3546 1383 3588; baseline 0.005 -14"><span class='ocrx_word' id='word_1_801' title='bbox 322 3547 371 3582; x_wconf 77' lang='lat' dir='ltr'>iis,</span> <span class='ocrx_word' id='word_1_802' title='bbox 389 3555 435 3576; x_wconf 89' lang='lat' dir='ltr'>aut</span> <span class='ocrx_word' id='word_1_803' title='bbox 447 3546 501 3576; x_wconf 87' lang='lat' dir='ltr'>alio</span> <span class='ocrx_word' id='word_1_804' title='bbox 517 3546 606 3577; x_wconf 90' lang='lat' dir='ltr'>modo</span> <span class='ocrx_word' id='word_1_805' title='bbox 623 3557 806 3585; x_wconf 88' lang='lat' dir='ltr'>quocumque</span> <span class='ocrx_word' id='word_1_806' title='bbox 819 3548 909 3587; x_wconf 77' lang='lat' dir='ltr'>ipsum</span> <span class='ocrx_word' id='word_1_807' title='bbox 927 3550 1177 3588; x_wconf 82' lang='lat' dir='ltr'>contingentibus,</span> <span class='ocrx_word' id='word_1_808' title='bbox 1190 3550 1223 3580; x_wconf 89' lang='lat'>&amp;</span> <span class='ocrx_word' id='word_1_809' title='bbox 1237 3558 1290 3585; x_wconf 87' lang='lat' dir='ltr'>pro</span> <span class='ocrx_word' id='word_1_810' title='bbox 1305 3549 1383 3579; x_wconf 87' lang='lat' dir='ltr'>malo</span> 
     </span>
     <span class='ocr_line' id='line_1_93' title="bbox 322 3582 1383 3626; baseline 0.004 -13"><span class='ocrx_word' id='word_1_811' title='bbox 322 3582 477 3624; x_wconf 81' lang='lat' dir='ltr'>Regimine</span> <span class='ocrx_word' id='word_1_812' title='bbox 498 3585 530 3615; x_wconf 66' lang='grc' dir='ltr'>ὃς</span> <span class='ocrx_word' id='word_1_813' title='bbox 551 3585 767 3617; x_wconf 81' lang='lat' dir='ltr'>Gubernatione</span> <span class='ocrx_word' id='word_1_814' title='bbox 788 3586 881 3617; x_wconf 69' lang='lat' dir='ltr'>Status</span> <span class='ocrx_word' id='word_1_815' title='bbox 903 3587 972 3617; x_wconf 62' lang='lat' dir='ltr'>diffi</span> <span class='ocrx_word' id='word_1_816' title='bbox 998 3587 1054 3617; x_wconf 89' lang='lat' dir='ltr'>Avi</span> <span class='ocrx_word' id='word_1_817' title='bbox 1068 3588 1200 3618; x_wconf 87' lang='lat' dir='ltr'>nostri&amp;</span> <span class='ocrx_word' id='word_1_818' title='bbox 1216 3586 1312 3625; x_wconf 81' lang='lat' dir='ltr'>Regni</span> <span class='ocrx_word' id='word_1_819' title='bbox 1326 3587 1383 3626; x_wconf 83' lang='lat' dir='ltr'>sui,</span> 
     </span>
     <span class='ocr_line' id='line_1_94' title="bbox 320 3622 1384 3663; baseline 0.004 -11"><span class='ocrx_word' id='word_1_820' title='bbox 320 3626 365 3652; x_wconf 87' lang='lat' dir='ltr'>1eu</span> <span class='ocrx_word' id='word_1_821' title='bbox 388 3622 586 3661; x_wconf 81' lang='lat' dir='ltr'>Negotiorum</span> <span class='ocrx_word' id='word_1_822' title='bbox 608 3625 641 3654; x_wconf 75' lang='grc' dir='ltr'>δε</span> <span class='ocrx_word' id='word_1_823' title='bbox 662 3624 772 3655; x_wconf 87' lang='lat' dir='ltr'>Rerum</span> <span class='ocrx_word' id='word_1_824' title='bbox 796 3625 920 3663; x_wconf 90' lang='lat' dir='ltr'>ejusdem</span> <span class='ocrx_word' id='word_1_825' title='bbox 942 3625 999 3655; x_wconf 86' lang='lat' dir='ltr'>Avi</span> <span class='ocrx_word' id='word_1_826' title='bbox 1013 3626 1100 3656; x_wconf 88' lang='lat' dir='ltr'>nostri</span> <span class='ocrx_word' id='word_1_827' title='bbox 1113 3636 1149 3657; x_wconf 81' lang='lat' dir='ltr'>eit</span> <span class='ocrx_word' id='word_1_828' title='bbox 1160 3624 1289 3656; x_wconf 87' lang='lat' dir='ltr'>Confilio</span> <span class='ocrx_word' id='word_1_829' title='bbox 1300 3625 1384 3663; x_wconf 84' lang='lat' dir='ltr'>ipsius</span> 
     </span>
     <span class='ocr_line' id='line_1_95' title="bbox 324 3659 1384 3705; baseline 0.005 -16"><span class='ocrx_word' id='word_1_830' title='bbox 324 3659 456 3700; x_wconf 84' lang='lat' dir='ltr'>Episcopi</span> <span class='ocrx_word' id='word_1_831' title='bbox 469 3661 702 3700; x_wconf 86' lang='lat' dir='ltr'>Wyntoniensis,</span> <span class='ocrx_word' id='word_1_832' title='bbox 718 3663 907 3695; x_wconf 89' lang='lat' dir='ltr'>Ordinatione</span> <span class='ocrx_word' id='word_1_833' title='bbox 922 3663 969 3694; x_wconf 67' lang='lat' dir='ltr'>sua</span> <span class='ocrx_word' id='word_1_834' title='bbox 983 3664 1029 3694; x_wconf 92' lang='lat' dir='ltr'>vel</span> <span class='ocrx_word' id='word_1_835' title='bbox 1044 3663 1232 3705; x_wconf 69' lang='lat' dir='ltr'>negligentia,</span> <span class='ocrx_word' id='word_1_836' title='bbox 1250 3664 1384 3694; x_wconf 87' lang='lat' dir='ltr'>ubicum—</span> 
     </span>
     <span class='ocr_line' id='line_1_96' title="bbox 322 3700 1383 3741; baseline 0.005 -13"><span class='ocrx_word' id='word_1_837' title='bbox 322 3707 378 3735; x_wconf 86' lang='lat' dir='ltr'>que</span> <span class='ocrx_word' id='word_1_838' title='bbox 392 3700 475 3730; x_wconf 79' lang='lat' dir='ltr'>fuerit</span> <span class='ocrx_word' id='word_1_839' title='bbox 493 3701 523 3730; x_wconf 92' lang='lat' dir='ltr'>in</span> <span class='ocrx_word' id='word_1_840' title='bbox 543 3700 645 3739; x_wconf 84' lang='lat' dir='ltr'>Anglia</span> <span class='ocrx_word' id='word_1_841' title='bbox 664 3701 710 3732; x_wconf 86' lang='lat' dir='ltr'>vel</span> <span class='ocrx_word' id='word_1_842' title='bbox 723 3710 818 3740; x_wconf 76' lang='lat' dir='ltr'>extra,</span> <span class='ocrx_word' id='word_1_843' title='bbox 835 3703 868 3733; x_wconf 90' lang='lat'>&amp;</span> <span class='ocrx_word' id='word_1_844' title='bbox 884 3713 937 3739; x_wconf 86' lang='lat' dir='ltr'>pro</span> <span class='ocrx_word' id='word_1_845' title='bbox 951 3704 1126 3734; x_wconf 85' lang='lat' dir='ltr'>omnimodis</span> <span class='ocrx_word' id='word_1_846' title='bbox 1139 3702 1326 3741; x_wconf 83' lang='lat' dir='ltr'>Captionibus</span> <span class='ocrx_word' id='word_1_847' title='bbox 1337 3703 1383 3733; x_wconf 93' lang='lat' dir='ltr'>vel</span> 
     </span>
     <span class='ocr_line' id='line_1_97' title="bbox 324 3737 1385 3780; baseline 0.004 -14"><span class='ocrx_word' id='word_1_848' title='bbox 324 3737 529 3768; x_wconf 81' lang='lat' dir='ltr'>Amii&#39;sionibus</span> <span class='ocrx_word' id='word_1_849' title='bbox 550 3738 682 3769; x_wconf 87' lang='lat' dir='ltr'>Navium</span> <span class='ocrx_word' id='word_1_850' title='bbox 696 3763 706 3777; x_wconf 93' lang='lat'>,</span> <span class='ocrx_word' id='word_1_851' title='bbox 734 3739 916 3779; x_wconf 84' lang='lat' dir='ltr'>Bargearum,</span> <span class='ocrx_word' id='word_1_852' title='bbox 935 3740 1107 3772; x_wconf 87' lang='lat' dir='ltr'>Batellorum</span> <span class='ocrx_word' id='word_1_853' title='bbox 1118 3765 1127 3780; x_wconf 88' lang='lat'>,</span> <span class='ocrx_word' id='word_1_854' title='bbox 1142 3743 1176 3773; x_wconf 90' lang='lat'>&amp;</span> <span class='ocrx_word' id='word_1_855' title='bbox 1191 3741 1311 3772; x_wconf 86' lang='lat' dir='ltr'>aliorum</span> <span class='ocrx_word' id='word_1_856' title='bbox 1326 3740 1385 3771; x_wconf 94' lang='lat' dir='ltr'>Va-</span> 
     </span>
     <span class='ocr_line' id='line_1_98' title="bbox 323 3773 1381 3818; baseline 0.007 -16"><span class='ocrx_word' id='word_1_857' title='bbox 323 3773 416 3818; x_wconf 85' lang='lat' dir='ltr'>sorum</span> <span class='ocrx_word' id='word_1_858' title='bbox 431 3777 589 3813; x_wconf 88' lang='lat' dir='ltr'>hujusmodi</span> <span class='ocrx_word' id='word_1_859' title='bbox 604 3777 683 3814; x_wconf 87' lang='lat' dir='ltr'>supra</span> <span class='ocrx_word' id='word_1_860' title='bbox 700 3777 799 3815; x_wconf 77' lang='lat' dir='ltr'>Mare,</span> <span class='ocrx_word' id='word_1_861' title='bbox 817 3780 846 3808; x_wconf 87' lang='lat' dir='ltr'>iti</span> <span class='ocrx_word' id='word_1_862' title='bbox 860 3778 1000 3809; x_wconf 86' lang='lat' dir='ltr'>Portubus</span> <span class='ocrx_word' id='word_1_863' title='bbox 1018 3779 1106 3810; x_wconf 75' lang='lat' dir='ltr'>Maris</span> <span class='ocrx_word' id='word_1_864' title='bbox 1122 3781 1167 3810; x_wconf 89' lang='lat' dir='ltr'>vel</span> <span class='ocrx_word' id='word_1_865' title='bbox 1178 3779 1259 3817; x_wconf 80' lang='lat' dir='ltr'>alibi,</span> <span class='ocrx_word' id='word_1_866' title='bbox 1277 3780 1337 3809; x_wconf 71' lang='lat' dir='ltr'>tam</span> <span class='ocrx_word' id='word_1_867' title='bbox 1352 3781 1381 3809; x_wconf 90' lang='lat' dir='ltr'>in</span> 
     </span>
     <span class='ocr_line' id='line_1_99' title="bbox 325 3810 1383 3855; baseline 0.007 -15"><span class='ocrx_word' id='word_1_868' title='bbox 325 3810 424 3850; x_wconf 82' lang='lat' dir='ltr'>Anglia</span> <span class='ocrx_word' id='word_1_869' title='bbox 439 3815 485 3844; x_wconf 91' lang='lat' dir='ltr'>vel</span> <span class='ocrx_word' id='word_1_870' title='bbox 499 3824 590 3845; x_wconf 79' lang='lat' dir='ltr'>extra:</span> <span class='ocrx_word' id='word_1_871' title='bbox 609 3816 643 3846; x_wconf 69' lang='grc' dir='ltr'>δε</span> <span class='ocrx_word' id='word_1_872' title='bbox 658 3826 711 3853; x_wconf 86' lang='lat' dir='ltr'>pro</span> <span class='ocrx_word' id='word_1_873' title='bbox 724 3817 902 3846; x_wconf 88' lang='lat' dir='ltr'>omnimodis</span> <span class='ocrx_word' id='word_1_874' title='bbox 915 3816 1002 3847; x_wconf 89' lang='lat' dir='ltr'>Bonis</span> <span class='ocrx_word' id='word_1_875' title='bbox 1012 3819 1046 3848; x_wconf 90' lang='lat'><strong>&amp;</strong></span> <span class='ocrx_word' id='word_1_876' title='bbox 1061 3817 1175 3849; x_wconf 87' lang='lat' dir='ltr'>Catallis</span> <span class='ocrx_word' id='word_1_877' title='bbox 1187 3819 1274 3855; x_wconf 90' lang='lat' dir='ltr'>captis</span> <span class='ocrx_word' id='word_1_878' title='bbox 1287 3818 1316 3846; x_wconf 93' lang='lat' dir='ltr'>in</span> <span class='ocrx_word' id='word_1_879' title='bbox 1331 3819 1383 3847; x_wconf 89' lang='lat' dir='ltr'>eis-</span> 
     </span>
     <span class='ocr_line' id='line_1_100' title="bbox 322 3848 1383 3894; baseline 0.007 -16"><span class='ocrx_word' id='word_1_880' title='bbox 322 3848 392 3892; x_wconf 77' lang='lat' dir='ltr'>dem</span> <span class='ocrx_word' id='word_1_881' title='bbox 412 3850 485 3882; x_wconf 89' lang='lat' dir='ltr'>Vasis</span> <span class='ocrx_word' id='word_1_882' title='bbox 501 3876 511 3890; x_wconf 91' lang='lat'>,</span> <span class='ocrx_word' id='word_1_883' title='bbox 529 3853 631 3884; x_wconf 88' lang='lat' dir='ltr'>Morte</span> <span class='ocrx_word' id='word_1_884' title='bbox 644 3853 798 3891; x_wconf 91' lang='lat' dir='ltr'>Hominis,</span> <span class='ocrx_word' id='word_1_885' title='bbox 817 3854 961 3894; x_wconf 86' lang='lat' dir='ltr'>Captione</span> <span class='ocrx_word' id='word_1_886' title='bbox 975 3855 1216 3894; x_wconf 86' lang='lat' dir='ltr'>Prisonariorutn‚</span> <span class='ocrx_word' id='word_1_887' title='bbox 1233 3855 1383 3893; x_wconf 88' lang='lat' dir='ltr'>Redemp-</span> 
     </span>
     <span class='ocr_line' id='line_1_101' title="bbox 322 3888 1382 3933; baseline 0.007 -16"><span class='ocrx_word' id='word_1_888' title='bbox 322 3888 463 3930; x_wconf 76' lang='lat' dir='ltr'>tionibus,</span> <span class='ocrx_word' id='word_1_889' title='bbox 480 3891 538 3920; x_wconf 68' lang='lat' dir='ltr'>tarn</span> <span class='ocrx_word' id='word_1_890' title='bbox 552 3901 682 3929; x_wconf 88' lang='lat' dir='ltr'>tempore</span> <span class='ocrx_word' id='word_1_891' title='bbox 697 3892 836 3931; x_wconf 86' lang='lat' dir='ltr'>Guerrae,</span> <span class='ocrx_word' id='word_1_892' title='bbox 854 3894 942 3931; x_wconf 73' lang='lat' dir='ltr'>quarn</span> <span class='ocrx_word' id='word_1_893' title='bbox 956 3895 985 3923; x_wconf 90' lang='lat' dir='ltr'>iri</span> <span class='ocrx_word' id='word_1_894' title='bbox 1000 3903 1132 3933; x_wconf 90' lang='lat' dir='ltr'>tempore</span> <span class='ocrx_word' id='word_1_895' title='bbox 1139 3895 1322 3932; x_wconf 84' lang='lat' dir='ltr'>Treugarum</span> <span class='ocrx_word' id='word_1_896' title='bbox 1337 3896 1382 3924; x_wconf 91' lang='lat' dir='ltr'>vel</span> 
     </span>
     <span class='ocr_line' id='line_1_102' title="bbox 320 3922 1383 3970; baseline 0.006 -15"><span class='ocrx_word' id='word_1_897' title='bbox 320 3922 402 3955; x_wconf 89' lang='lat' dir='ltr'>Pacis</span> <span class='ocrx_word' id='word_1_898' title='bbox 451 3936 496 3957; x_wconf 89' lang='lat' dir='ltr'>aut</span> <span class='ocrx_word' id='word_1_899' title='bbox 517 3929 567 3959; x_wconf 85' lang='lat' dir='ltr'>ali&#39;a</span> <span class='ocrx_word' id='word_1_900' title='bbox 582 3931 742 3967; x_wconf 76' lang='lat' dir='ltr'>hujusmodi</span> <span class='ocrx_word' id='word_1_901' title='bbox 756 3930 848 3961; x_wconf 69' lang='lat' dir='ltr'>Causa</span> <span class='ocrx_word' id='word_1_902' title='bbox 863 3941 1056 3970; x_wconf 85' lang='lat' dir='ltr'>quacumque:</span> <span class='ocrx_word' id='word_1_903' title='bbox 1077 3933 1122 3964; x_wconf 89' lang='lat' dir='ltr'>Ac</span> <span class='ocrx_word' id='word_1_904' title='bbox 1136 3935 1219 3964; x_wconf 85' lang='lat' dir='ltr'>etiarn</span> <span class='ocrx_word' id='word_1_905' title='bbox 1232 3933 1383 3962; x_wconf 86' lang='lat' dir='ltr'>omnimo-</span> 
     </span>
     <span class='ocr_line' id='line_1_103' title="bbox 322 3962 1382 4008; baseline 0.006 -13"><span class='ocrx_word' id='word_1_906' title='bbox 322 3962 370 3992; x_wconf 77' lang='lat' dir='ltr'>das</span> <span class='ocrx_word' id='word_1_907' title='bbox 388 4001 394 4006; x_wconf 27' lang='grc' dir='ltr'><strong>ῃ</strong></span> <span class='ocrx_word' id='word_1_908' title='bbox 420 3962 554 4004; x_wconf 60' lang='lat' dir='ltr'>[lagana-5,</span> <span class='ocrx_word' id='word_1_909' title='bbox 574 3967 594 3996; x_wconf 94' lang='lat' dir='ltr'>fi</span> <span class='ocrx_word' id='word_1_910' title='bbox 610 3979 674 4006; x_wconf 70' lang='lat' dir='ltr'>quat:</span> <span class='ocrx_word' id='word_1_911' title='bbox 690 3971 718 3999; x_wconf 86' lang='lat' dir='ltr'>in</span> <span class='ocrx_word' id='word_1_912' title='bbox 733 3969 822 4006; x_wconf 87' lang='lat' dir='ltr'>ipsum</span> <span class='ocrx_word' id='word_1_913' title='bbox 833 3970 1030 4000; x_wconf 73' lang='lat' dir='ltr'>occasionibus</span> <span class='ocrx_word' id='word_1_914' title='bbox 1045 3972 1186 4008; x_wconf 70' lang='lat' dir='ltr'>praediffis</span> <span class='ocrx_word' id='word_1_915' title='bbox 1200 3971 1301 4002; x_wconf 89' lang='lat' dir='ltr'>fuerint</span> <span class='ocrx_word' id='word_1_916' title='bbox 1314 3981 1382 4008; x_wconf 85' lang='lat' dir='ltr'>pro—</span> 
     </span>
     <span class='ocr_line' id='line_1_104' title="bbox 327 4000 1382 4047; baseline 0.009 -17"><span class='ocrx_word' id='word_1_917' title='bbox 327 4000 476 4045; x_wconf 71' lang='lat' dir='ltr'>mulgatae,</span> <span class='ocrx_word' id='word_1_918' title='bbox 492 4004 525 4033; x_wconf 90' lang='lat'>&amp;</span> <span class='ocrx_word' id='word_1_919' title='bbox 539 4014 708 4044; x_wconf 88' lang='lat' dir='ltr'>quamquam</span> <span class='ocrx_word' id='word_1_920' title='bbox 724 4008 801 4037; x_wconf 89' lang='lat' dir='ltr'>idern</span> <span class='ocrx_word' id='word_1_921' title='bbox 815 4009 870 4045; x_wconf 83' lang='lat' dir='ltr'>Epi</span> <span class='ocrx_word' id='word_1_922' title='bbox 882 4006 954 4046; x_wconf 59' lang='lat' dir='ltr'>&amp;opus</span> <span class='ocrx_word' id='word_1_923' title='bbox 968 4009 1128 4047; x_wconf 67' lang='lat' dir='ltr'>ijtonien</span> <span class='ocrx_word' id='word_1_924' title='bbox 1139 4020 1162 4039; x_wconf 70' lang='grc' dir='ltr'>ιε</span> <span class='ocrx_word' id='word_1_925' title='bbox 1176 4018 1251 4040; x_wconf 75' lang='lat' dir='ltr'>extra</span> <span class='ocrx_word' id='word_1_926' title='bbox 1263 4008 1382 4040; x_wconf 89' lang='lat' dir='ltr'>Protec-</span> 
     </span>
     <span class='ocr_line' id='line_1_105' title="bbox 324 4040 1382 4087; baseline 0.007 -16"><span class='ocrx_word' id='word_1_927' title='bbox 324 4047 435 4071; x_wconf 86' lang='lat' dir='ltr'>uonem</span> <span class='ocrx_word' id='word_1_928' title='bbox 453 4040 534 4079; x_wconf 81' lang='lat' dir='ltr'>ipsius</span> <span class='ocrx_word' id='word_1_929' title='bbox 555 4043 613 4075; x_wconf 87' lang='lat' dir='ltr'>Avi</span> <span class='ocrx_word' id='word_1_930' title='bbox 632 4045 721 4076; x_wconf 87' lang='lat' dir='ltr'>nostri</span> <span class='ocrx_word' id='word_1_931' title='bbox 742 4046 790 4077; x_wconf 86' lang='lat' dir='ltr'>seu</span> <span class='ocrx_word' id='word_1_932' title='bbox 809 4056 850 4078; x_wconf 85' lang='lat' dir='ltr'>uo</span> <span class='ocrx_word' id='word_1_933' title='bbox 877 4055 935 4077; x_wconf 83' lang='lat' dir='ltr'>rain</span> <span class='ocrx_word' id='word_1_934' title='bbox 948 4045 1042 4084; x_wconf 87' lang='lat' dir='ltr'>aliquo</span> <span class='ocrx_word' id='word_1_935' title='bbox 1056 4057 1087 4084; x_wconf 77' lang='lat' dir='ltr'>tn</span> <span class='ocrx_word' id='word_1_936' title='bbox 1129 4057 1149 4078; x_wconf 92' lang='lat'><em>0</em></span> <span class='ocrx_word' id='word_1_937' title='bbox 1164 4048 1268 4087; x_wconf 85' lang='lat' dir='ltr'>positus</span> <span class='ocrx_word' id='word_1_938' title='bbox 1281 4046 1382 4087; x_wconf 83' lang='lat' dir='ltr'>fuerit,</span> 
     </span>
    </p>
   </div>
   <div class='ocr_carea' id='block_1_7' title="bbox 1445 298 2588 343">
    <p class='ocr_par' dir='ltr' id='par_1_18' title="bbox 1445 298 2588 343">
     <span class='ocr_line' id='line_1_106' title="bbox 1445 298 2588 343; baseline 0.008 -15"><span class='ocrx_word' id='word_1_939' title='bbox 1445 298 1669 330; x_wconf 82' lang='lat' dir='ltr'>Pardonavimus</span> <span class='ocrx_word' id='word_1_940' title='bbox 1691 300 1803 339; x_wconf 84' lang='lat' dir='ltr'>insuper</span> <span class='ocrx_word' id='word_1_941' title='bbox 1825 301 1859 332; x_wconf 78' lang='grc' dir='ltr'>δε</span> <span class='ocrx_word' id='word_1_942' title='bbox 1881 301 2073 340; x_wconf 86' lang='lat' dir='ltr'>Remisirnus,</span> <span class='ocrx_word' id='word_1_943' title='bbox 2089 312 2142 341; x_wconf 87' lang='lat' dir='ltr'>pro</span> <span class='ocrx_word' id='word_1_944' title='bbox 2155 304 2273 343; x_wconf 84' lang='lat' dir='ltr'>Nobis,</span> <span class='ocrx_word' id='word_1_945' title='bbox 2290 304 2325 336; x_wconf 92' lang='lat'>&amp;</span> <span class='ocrx_word' id='word_1_946' title='bbox 2336 304 2471 335; x_wconf 84' lang='lat' dir='ltr'>Haeredi-</span> <span class='ocrx_word' id='word_1_947' title='bbox 2489 305 2541 332; x_wconf 69' lang='grc' dir='ltr'>λῦε·</span> <span class='ocrx_word' id='word_1_948' title='bbox 2562 315 2588 332; x_wconf 86' lang='lat'>2·</span> 
     </span>
    </p>
   </div>
   <div class='ocr_carea' id='block_1_8' title="bbox 1402 337 2483 4010">
    <p class='ocr_par' dir='ltr' id='par_1_19' title="bbox 1405 337 2475 1034">
     <span class='ocr_line' id='line_1_107' title="bbox 1407 337 2472 379; baseline 0.009 -13"><span class='ocrx_word' id='word_1_949' title='bbox 1407 337 1459 366; x_wconf 92' lang='lat' dir='ltr'>bus</span> <span class='ocrx_word' id='word_1_950' title='bbox 1480 337 1582 368; x_wconf 90' lang='lat' dir='ltr'>nostris</span> <span class='ocrx_word' id='word_1_951' title='bbox 1595 361 1604 376; x_wconf 89' lang='lat'>,</span> <span class='ocrx_word' id='word_1_952' title='bbox 1629 340 1662 369; x_wconf 87' lang='lat'>&amp;</span> <span class='ocrx_word' id='word_1_953' title='bbox 1685 348 1719 369; x_wconf 84' lang='lat' dir='ltr'>ex</span> <span class='ocrx_word' id='word_1_954' title='bbox 1741 348 1817 370; x_wconf 90' lang='lat' dir='ltr'>certa</span> <span class='ocrx_word' id='word_1_955' title='bbox 1830 339 1954 370; x_wconf 84' lang='lat' dir='ltr'>Scientia</span> <span class='ocrx_word' id='word_1_956' title='bbox 1968 340 2080 379; x_wconf 84' lang='lat' dir='ltr'>nostra,</span> <span class='ocrx_word' id='word_1_957' title='bbox 2096 341 2133 371; x_wconf 90' lang='lat' dir='ltr'>de</span> <span class='ocrx_word' id='word_1_958' title='bbox 2144 342 2225 374; x_wconf 68' lang='lat' dir='ltr'>dietis</span> <span class='ocrx_word' id='word_1_959' title='bbox 2238 343 2421 375; x_wconf 86' lang='lat' dir='ltr'>Avisamento</span> <span class='ocrx_word' id='word_1_960' title='bbox 2437 345 2472 376; x_wconf 93' lang='lat'>&amp;</span> 
     </span>
     <span class='ocr_line' id='line_1_108' title="bbox 1405 375 2472 421; baseline 0.006 -15"><span class='ocrx_word' id='word_1_961' title='bbox 1405 375 1525 407; x_wconf 87' lang='lat' dir='ltr'>Assensu</span> <span class='ocrx_word' id='word_1_962' title='bbox 1538 377 1608 408; x_wconf 60' lang='lat' dir='ltr'>dieti</span> <span class='ocrx_word' id='word_1_963' title='bbox 1624 377 1769 408; x_wconf 89' lang='lat' dir='ltr'>Avunculi</span> <span class='ocrx_word' id='word_1_964' title='bbox 1783 377 1871 408; x_wconf 80' lang='lat' dir='ltr'>nostri</span> <span class='ocrx_word' id='word_1_965' title='bbox 1885 379 1918 410; x_wconf 89' lang='lat'>&amp;</span> <span class='ocrx_word' id='word_1_966' title='bbox 1931 379 2070 417; x_wconf 90' lang='lat' dir='ltr'>aliorum,</span> <span class='ocrx_word' id='word_1_967' title='bbox 2083 379 2202 419; x_wconf 83' lang='lat' dir='ltr'>praefato</span> <span class='ocrx_word' id='word_1_968' title='bbox 2216 382 2340 421; x_wconf 82' lang='lat' dir='ltr'>Episcopo</span> <span class='ocrx_word' id='word_1_969' title='bbox 2358 384 2472 421; x_wconf 66' lang='lat' dir='ltr'>thnto-</span> 
     </span>
     <span class='ocr_line' id='line_1_109' title="bbox 1405 414 2471 455; baseline 0.01 -13"><span class='ocrx_word' id='word_1_970' title='bbox 1405 414 1488 455; x_wconf 82' lang='lat' dir='ltr'>nienfi</span> <span class='ocrx_word' id='word_1_971' title='bbox 1498 417 1680 446; x_wconf 90' lang='lat' dir='ltr'>omnimodas</span> <span class='ocrx_word' id='word_1_972' title='bbox 1695 416 1890 454; x_wconf 86' lang='lat' dir='ltr'>Receptiones</span> <span class='ocrx_word' id='word_1_973' title='bbox 1904 426 2155 455; x_wconf 86' lang='lat' dir='ltr'>quorumcumque</span> <span class='ocrx_word' id='word_1_974' title='bbox 2169 418 2327 452; x_wconf 90' lang='lat' dir='ltr'>Munerum</span> <span class='ocrx_word' id='word_1_975' title='bbox 2341 421 2387 452; x_wconf 89' lang='lat' dir='ltr'>seu</span> <span class='ocrx_word' id='word_1_976' title='bbox 2403 420 2471 452; x_wconf 93' lang='lat' dir='ltr'>Do-</span> 
     </span>
     <span class='ocr_line' id='line_1_110' title="bbox 1406 454 2473 498; baseline 0.008 -16"><span class='ocrx_word' id='word_1_977' title='bbox 1406 462 1529 492; x_wconf 89' lang='lat' dir='ltr'>norum,</span> <span class='ocrx_word' id='word_1_978' title='bbox 1549 454 1585 484; x_wconf 90' lang='lat' dir='ltr'>de</span> <span class='ocrx_word' id='word_1_979' title='bbox 1601 455 1826 494; x_wconf 86' lang='lat' dir='ltr'>quibuscumque</span> <span class='ocrx_word' id='word_1_980' title='bbox 1840 455 1966 493; x_wconf 88' lang='lat' dir='ltr'>personis</span> <span class='ocrx_word' id='word_1_981' title='bbox 1981 464 2015 485; x_wconf 82' lang='lat' dir='ltr'>ex</span> <span class='ocrx_word' id='word_1_982' title='bbox 2028 465 2211 493; x_wconf 88' lang='lat' dir='ltr'>quacumque</span> <span class='ocrx_word' id='word_1_983' title='bbox 2225 457 2318 490; x_wconf 67' lang='lat' dir='ltr'>Causa</span> <span class='ocrx_word' id='word_1_984' title='bbox 2339 469 2473 498; x_wconf 86' lang='lat' dir='ltr'>recepto-</span> 
     </span>
     <span class='ocr_line' id='line_1_111' title="bbox 1407 492 2473 535; baseline 0.008 -15"><span class='ocrx_word' id='word_1_985' title='bbox 1407 501 1487 529; x_wconf 87' lang='lat' dir='ltr'>rum,</span> <span class='ocrx_word' id='word_1_986' title='bbox 1505 492 1577 522; x_wconf 90' lang='lat' dir='ltr'>dum</span> <span class='ocrx_word' id='word_1_987' title='bbox 1590 494 1619 523; x_wconf 92' lang='lat' dir='ltr'>in</span> <span class='ocrx_word' id='word_1_988' title='bbox 1635 494 1731 532; x_wconf 86' lang='lat' dir='ltr'>aliquo</span> <span class='ocrx_word' id='word_1_989' title='bbox 1748 493 1861 524; x_wconf 87' lang='lat' dir='ltr'>Officio</span> <span class='ocrx_word' id='word_1_990' title='bbox 1873 494 1955 532; x_wconf 88' lang='lat' dir='ltr'>ipfius</span> <span class='ocrx_word' id='word_1_991' title='bbox 1970 493 2028 524; x_wconf 79' lang='lat' dir='ltr'>Avi</span> <span class='ocrx_word' id='word_1_992' title='bbox 2049 493 2139 524; x_wconf 89' lang='lat' dir='ltr'>nostri</span> <span class='ocrx_word' id='word_1_993' title='bbox 2155 495 2202 525; x_wconf 90' lang='lat' dir='ltr'>seu</span> <span class='ocrx_word' id='word_1_994' title='bbox 2222 495 2259 526; x_wconf 90' lang='lat' dir='ltr'>de</span> <span class='ocrx_word' id='word_1_995' title='bbox 2272 496 2409 530; x_wconf 85' lang='lat' dir='ltr'>Concilio</span> <span class='ocrx_word' id='word_1_996' title='bbox 2429 499 2473 535; x_wconf 87' lang='lat' dir='ltr'>ip-</span> 
     </span>
     <span class='ocr_line' id='line_1_112' title="bbox 1409 529 2472 571; baseline 0.007 -12"><span class='ocrx_word' id='word_1_997' title='bbox 1409 529 1460 559; x_wconf 85' lang='lat' dir='ltr'>sius</span> <span class='ocrx_word' id='word_1_998' title='bbox 1479 529 1568 562; x_wconf 90' lang='lat' dir='ltr'>fuerat</span> <span class='ocrx_word' id='word_1_999' title='bbox 1584 542 1590 561; x_wconf 74' lang='lat'>1</span> <span class='ocrx_word' id='word_1_1000' title='bbox 1611 531 1647 562; x_wconf 91' lang='lat' dir='ltr'>Et</span> <span class='ocrx_word' id='word_1_1001' title='bbox 1661 533 1853 570; x_wconf 87' lang='lat' dir='ltr'>quascumque</span> <span class='ocrx_word' id='word_1_1002' title='bbox 1865 532 2066 564; x_wconf 87' lang='lat' dir='ltr'>Revelationes</span> <span class='ocrx_word' id='word_1_1003' title='bbox 2079 532 2280 571; x_wconf 85' lang='lat' dir='ltr'>cujuscumque</span> <span class='ocrx_word' id='word_1_1004' title='bbox 2295 535 2414 568; x_wconf 71' lang='lat' dir='ltr'>Consilii</span> <span class='ocrx_word' id='word_1_1005' title='bbox 2429 537 2472 567; x_wconf 89' lang='lat' dir='ltr'>di-</span> 
     </span>
     <span class='ocr_line' id='line_1_113' title="bbox 1408 567 2472 610; baseline 0.008 -13"><span class='ocrx_word' id='word_1_1006' title='bbox 1408 568 1447 598; x_wconf 67' lang='lat' dir='ltr'>&amp;i</span> <span class='ocrx_word' id='word_1_1007' title='bbox 1463 567 1520 598; x_wconf 88' lang='lat' dir='ltr'>Avi</span> <span class='ocrx_word' id='word_1_1008' title='bbox 1533 569 1621 600; x_wconf 90' lang='lat' dir='ltr'>nostri</span> <span class='ocrx_word' id='word_1_1009' title='bbox 1634 571 1667 601; x_wconf 89' lang='lat'>&amp;</span> <span class='ocrx_word' id='word_1_1010' title='bbox 1681 571 1776 610; x_wconf 81' lang='lat' dir='ltr'>Regni</span> <span class='ocrx_word' id='word_1_1011' title='bbox 1789 571 1842 602; x_wconf 88' lang='lat' dir='ltr'>sui:</span> <span class='ocrx_word' id='word_1_1012' title='bbox 1861 581 1978 602; x_wconf 89' lang='lat' dir='ltr'>necnon</span> <span class='ocrx_word' id='word_1_1013' title='bbox 1991 571 2185 609; x_wconf 86' lang='lat' dir='ltr'>quascumque</span> <span class='ocrx_word' id='word_1_1014' title='bbox 2193 571 2335 604; x_wconf 87' lang='lat' dir='ltr'>Licentias</span> <span class='ocrx_word' id='word_1_1015' title='bbox 2345 576 2378 606; x_wconf 64' lang='grc' dir='ltr'>ὃς</span> <span class='ocrx_word' id='word_1_1016' title='bbox 2387 574 2472 607; x_wconf 88' lang='lat' dir='ltr'>Con-</span> 
     </span>
     <span class='ocr_line' id='line_1_114' title="bbox 1409 605 2472 652; baseline 0.008 -16"><span class='ocrx_word' id='word_1_1017' title='bbox 1409 605 1564 644; x_wconf 64' lang='lat' dir='ltr'>ceffionec,</span> <span class='ocrx_word' id='word_1_1018' title='bbox 1582 618 1631 645; x_wconf 89' lang='lat' dir='ltr'>per</span> <span class='ocrx_word' id='word_1_1019' title='bbox 1650 609 1740 646; x_wconf 86' lang='lat' dir='ltr'>ipsum</span> <span class='ocrx_word' id='word_1_1020' title='bbox 1762 609 1866 647; x_wconf 85' lang='lat' dir='ltr'>Episco</span> <span class='ocrx_word' id='word_1_1021' title='bbox 1888 620 1938 640; x_wconf 89' lang='lat' dir='ltr'>um</span> <span class='ocrx_word' id='word_1_1022' title='bbox 1959 610 2063 649; x_wconf 60' lang='lat' dir='ltr'>factas,</span> <span class='ocrx_word' id='word_1_1023' title='bbox 2080 610 2117 640; x_wconf 92' lang='lat' dir='ltr'>de</span> <span class='ocrx_word' id='word_1_1024' title='bbox 2133 610 2214 640; x_wconf 86' lang='lat' dir='ltr'>Auro</span> <span class='ocrx_word' id='word_1_1025' title='bbox 2226 610 2260 640; x_wconf 91' lang='lat'>&amp;</span> <span class='ocrx_word' id='word_1_1026' title='bbox 2276 610 2421 652; x_wconf 83' lang='lat' dir='ltr'>Argento,</span> <span class='ocrx_word' id='word_1_1027' title='bbox 2440 615 2472 644; x_wconf 88' lang='lat' dir='ltr'>in</span> 
     </span>
     <span class='ocr_line' id='line_1_115' title="bbox 1408 620 2470 691; baseline 0.009 -17"><span class='ocrx_word' id='word_1_1028' title='bbox 1408 643 1504 683; x_wconf 87' lang='lat' dir='ltr'>Plata,</span> <span class='ocrx_word' id='word_1_1029' title='bbox 1524 646 1615 690; x_wconf 82' lang='lat' dir='ltr'>Maffa</span> <span class='ocrx_word' id='word_1_1030' title='bbox 1629 647 1675 677; x_wconf 82' lang='lat' dir='ltr'>vel</span> <span class='ocrx_word' id='word_1_1031' title='bbox 1691 646 1831 686; x_wconf 78' lang='lat' dir='ltr'>Moneta,</span> <span class='ocrx_word' id='word_1_1032' title='bbox 1850 620 1927 678; x_wconf 61' lang='lat' dir='ltr'>vpafis</span> <span class='ocrx_word' id='word_1_1033' title='bbox 1941 648 2039 678; x_wconf 88' lang='lat' dir='ltr'>Aureis</span> <span class='ocrx_word' id='word_1_1034' title='bbox 2051 649 2097 680; x_wconf 86' lang='lat' dir='ltr'>vel</span> <span class='ocrx_word' id='word_1_1035' title='bbox 2111 648 2279 688; x_wconf 86' lang='lat' dir='ltr'>Argenteis,</span> <span class='ocrx_word' id='word_1_1036' title='bbox 2297 648 2470 691; x_wconf 85' lang='lat' dir='ltr'>Armaturis,</span> 
     </span>
     <span class='ocr_line' id='line_1_116' title="bbox 1409 683 2470 728; baseline 0.007 -15"><span class='ocrx_word' id='word_1_1037' title='bbox 1409 683 1558 715; x_wconf 87' lang='lat' dir='ltr'>Artellariis</span> <span class='ocrx_word' id='word_1_1038' title='bbox 1572 709 1582 723; x_wconf 83' lang='lat'>,</span> <span class='ocrx_word' id='word_1_1039' title='bbox 1607 685 1714 722; x_wconf 87' lang='lat' dir='ltr'>Bladis,</span> <span class='ocrx_word' id='word_1_1040' title='bbox 1731 686 1828 724; x_wconf 91' lang='lat' dir='ltr'>Vino,</span> <span class='ocrx_word' id='word_1_1041' title='bbox 1848 686 1950 723; x_wconf 78' lang='lat' dir='ltr'>Lanis,</span> <span class='ocrx_word' id='word_1_1042' title='bbox 1968 686 2081 726; x_wconf 90' lang='lat' dir='ltr'>Coriis,</span> <span class='ocrx_word' id='word_1_1043' title='bbox 2100 686 2225 718; x_wconf 89' lang='lat' dir='ltr'>Pellibus</span> <span class='ocrx_word' id='word_1_1044' title='bbox 2238 687 2354 728; x_wconf 80' lang='lat' dir='ltr'>lanatis,</span> <span class='ocrx_word' id='word_1_1045' title='bbox 2371 688 2470 721; x_wconf 88' lang='lat' dir='ltr'>Plum-</span> 
     </span>
     <span class='ocr_line' id='line_1_117' title="bbox 1408 722 2471 764; baseline 0.008 -13"><span class='ocrx_word' id='word_1_1046' title='bbox 1408 722 1450 752; x_wconf 93' lang='lat' dir='ltr'>bo</span> <span class='ocrx_word' id='word_1_1047' title='bbox 1464 745 1474 761; x_wconf 91' lang='lat'>,</span> <span class='ocrx_word' id='word_1_1048' title='bbox 1500 723 1609 754; x_wconf 84' lang='lat' dir='ltr'>Stanno</span> <span class='ocrx_word' id='word_1_1049' title='bbox 1623 748 1632 762; x_wconf 92' lang='lat'>,</span> <span class='ocrx_word' id='word_1_1050' title='bbox 1659 723 1864 755; x_wconf 89' lang='lat' dir='ltr'>Mercimoniis</span> <span class='ocrx_word' id='word_1_1051' title='bbox 1880 747 1891 764; x_wconf 92' lang='lat'>,</span> <span class='ocrx_word' id='word_1_1052' title='bbox 1918 724 2113 764; x_wconf 59' lang='lat' dir='ltr'>victualibus,</span> <span class='ocrx_word' id='word_1_1053' title='bbox 2131 725 2233 764; x_wconf 88' lang='lat' dir='ltr'>Equis,</span> <span class='ocrx_word' id='word_1_1054' title='bbox 2252 727 2285 758; x_wconf 73' lang='grc' dir='ltr'>δε</span> <span class='ocrx_word' id='word_1_1055' title='bbox 2296 727 2354 758; x_wconf 89' lang='lat' dir='ltr'>aliis</span> <span class='ocrx_word' id='word_1_1056' title='bbox 2369 727 2471 760; x_wconf 75' lang='lat' dir='ltr'>Rebus</span> 
     </span>
     <span class='ocr_line' id='line_1_118' title="bbox 1410 761 2473 804; baseline 0.007 -13"><span class='ocrx_word' id='word_1_1057' title='bbox 1410 761 1652 800; x_wconf 86' lang='lat' dir='ltr'>quibuscumque,</span> <span class='ocrx_word' id='word_1_1058' title='bbox 1671 771 1747 793; x_wconf 77' lang='lat' dir='ltr'>extra</span> <span class='ocrx_word' id='word_1_1059' title='bbox 1762 763 1900 800; x_wconf 81' lang='lat' dir='ltr'>Regnum</span> <span class='ocrx_word' id='word_1_1060' title='bbox 1915 763 2045 794; x_wconf 89' lang='lat' dir='ltr'>nostrum</span> <span class='ocrx_word' id='word_1_1061' title='bbox 2063 763 2177 801; x_wconf 85' lang='lat' dir='ltr'>Angliae</span> <span class='ocrx_word' id='word_1_1062' title='bbox 2191 764 2359 804; x_wconf 86' lang='lat' dir='ltr'>educendis,</span> <span class='ocrx_word' id='word_1_1063' title='bbox 2378 767 2424 797; x_wconf 89' lang='lat' dir='ltr'>vel</span> <span class='ocrx_word' id='word_1_1064' title='bbox 2435 767 2473 798; x_wconf 84' lang='lat' dir='ltr'>de</span> 
     </span>
     <span class='ocr_line' id='line_1_119' title="bbox 1410 798 2474 844; baseline 0.007 -15"><span class='ocrx_word' id='word_1_1065' title='bbox 1410 798 1484 829; x_wconf 94' lang='lat' dir='ltr'>Villa</span> <span class='ocrx_word' id='word_1_1066' title='bbox 1498 800 1601 831; x_wconf 80' lang='lat' dir='ltr'>Caleiii</span> <span class='ocrx_word' id='word_1_1067' title='bbox 1613 801 1679 831; x_wconf 84' lang='lat' dir='ltr'>alibi</span> <span class='ocrx_word' id='word_1_1068' title='bbox 1692 801 1845 839; x_wconf 87' lang='lat' dir='ltr'>ducendis,</span> <span class='ocrx_word' id='word_1_1069' title='bbox 1863 811 1963 832; x_wconf 90' lang='lat' dir='ltr'>contra</span> <span class='ocrx_word' id='word_1_1070' title='bbox 1975 800 2084 833; x_wconf 82' lang='lat' dir='ltr'>Statuta</span> <span class='ocrx_word' id='word_1_1071' title='bbox 2095 825 2105 839; x_wconf 95' lang='lat'>,</span> <span class='ocrx_word' id='word_1_1072' title='bbox 2129 801 2344 844; x_wconf 84' lang='lat' dir='ltr'>Ordinationes,</span> <span class='ocrx_word' id='word_1_1073' title='bbox 2365 803 2474 836; x_wconf 87' lang='lat' dir='ltr'>Inhibi-</span> 
     </span>
     <span class='ocr_line' id='line_1_120' title="bbox 1410 838 2475 879; baseline 0.008 -11"><span class='ocrx_word' id='word_1_1074' title='bbox 1410 838 1518 878; x_wconf 85' lang='lat' dir='ltr'>tiones,</span> <span class='ocrx_word' id='word_1_1075' title='bbox 1536 838 1742 878; x_wconf 82' lang='lat' dir='ltr'>Defenfiones,</span> <span class='ocrx_word' id='word_1_1076' title='bbox 1760 842 1794 872; x_wconf 75' lang='grc' dir='ltr'>ὃς</span> <span class='ocrx_word' id='word_1_1077' title='bbox 1816 840 2056 871; x_wconf 84' lang='lat' dir='ltr'>Proclamationes</span> <span class='ocrx_word' id='word_1_1078' title='bbox 2072 863 2082 879; x_wconf 93' lang='lat'>,</span> <span class='ocrx_word' id='word_1_1079' title='bbox 2107 841 2136 870; x_wconf 90' lang='lat' dir='ltr'>iri</span> <span class='ocrx_word' id='word_1_1080' title='bbox 2150 844 2326 874; x_wconf 90' lang='lat' dir='ltr'>contrarium</span> <span class='ocrx_word' id='word_1_1081' title='bbox 2340 844 2414 875; x_wconf 61' lang='lat' dir='ltr'>sadra</span> <span class='ocrx_word' id='word_1_1082' title='bbox 2427 844 2475 876; x_wconf 85' lang='lat' dir='ltr'>vel</span> 
     </span>
     <span class='ocr_line' id='line_1_121' title="bbox 1410 876 2473 920; baseline 0.008 -14"><span class='ocrx_word' id='word_1_1083' title='bbox 1410 876 1500 915; x_wconf 88' lang='lat' dir='ltr'>edita,</span> <span class='ocrx_word' id='word_1_1084' title='bbox 1518 878 1550 908; x_wconf 72' lang='grc' dir='ltr'>ὅ(</span> <span class='ocrx_word' id='word_1_1085' title='bbox 1566 880 1650 910; x_wconf 86' lang='lat' dir='ltr'>etiam</span> <span class='ocrx_word' id='word_1_1086' title='bbox 1665 878 1849 909; x_wconf 89' lang='lat' dir='ltr'>Inhibitiones</span> <span class='ocrx_word' id='word_1_1087' title='bbox 1865 879 1899 910; x_wconf 92' lang='lat'>&amp;</span> <span class='ocrx_word' id='word_1_1088' title='bbox 1914 878 2119 918; x_wconf 85' lang='lat' dir='ltr'>Defensiones,</span> <span class='ocrx_word' id='word_1_1089' title='bbox 2138 889 2188 916; x_wconf 92' lang='lat' dir='ltr'>per</span> <span class='ocrx_word' id='word_1_1090' title='bbox 2201 880 2290 917; x_wconf 89' lang='lat' dir='ltr'>ipsum</span> <span class='ocrx_word' id='word_1_1091' title='bbox 2304 882 2389 914; x_wconf 61' lang='lat' dir='ltr'>saetas</span> <span class='ocrx_word' id='word_1_1092' title='bbox 2404 905 2414 920; x_wconf 88' lang='lat'>‚</span> <span class='ocrx_word' id='word_1_1093' title='bbox 2435 883 2473 914; x_wconf 91' lang='lat' dir='ltr'>de</span> 
     </span>
     <span class='ocr_line' id='line_1_122' title="bbox 1408 915 2473 961; baseline 0.007 -16"><span class='ocrx_word' id='word_1_1094' title='bbox 1408 915 1569 953; x_wconf 89' lang='lat' dir='ltr'>hujusmodi</span> <span class='ocrx_word' id='word_1_1095' title='bbox 1591 916 1792 948; x_wconf 90' lang='lat' dir='ltr'>Mercimoniis</span> <span class='ocrx_word' id='word_1_1096' title='bbox 1844 917 2022 948; x_wconf 66' lang='lat' dir='ltr'>Vkstualibus</span> <span class='ocrx_word' id='word_1_1097' title='bbox 2037 941 2047 956; x_wconf 88' lang='lat'>‚</span> <span class='ocrx_word' id='word_1_1098' title='bbox 2072 919 2106 950; x_wconf 89' lang='lat'>&amp;</span> <span class='ocrx_word' id='word_1_1099' title='bbox 2126 917 2228 948; x_wconf 87' lang='lat' dir='ltr'>Rebus</span> <span class='ocrx_word' id='word_1_1100' title='bbox 2240 928 2256 948; x_wconf 91' lang='lat' dir='ltr'>a</span> <span class='ocrx_word' id='word_1_1101' title='bbox 2269 920 2350 951; x_wconf 52' lang='lat' dir='ltr'>dicio</span> <span class='ocrx_word' id='word_1_1102' title='bbox 2366 920 2473 961; x_wconf 88' lang='lat' dir='ltr'>Regno</span> 
     </span>
     <span class='ocr_line' id='line_1_123' title="bbox 1409 941 2474 998; baseline 0.007 -14"><span class='ocrx_word' id='word_1_1103' title='bbox 1409 954 1509 985; x_wconf 93' lang='lat' dir='ltr'>nostro</span> <span class='ocrx_word' id='word_1_1104' title='bbox 1531 955 1644 994; x_wconf 78' lang='lat' dir='ltr'>Angliae</span> <span class='ocrx_word' id='word_1_1105' title='bbox 1662 941 1857 995; x_wconf 75' lang='lat' dir='ltr'>traducendis,</span> <span class='ocrx_word' id='word_1_1106' title='bbox 1874 965 1975 988; x_wconf 90' lang='lat' dir='ltr'>contra</span> <span class='ocrx_word' id='word_1_1107' title='bbox 1989 957 2114 995; x_wconf 82' lang='lat' dir='ltr'>Statura,</span> <span class='ocrx_word' id='word_1_1108' title='bbox 2131 956 2348 998; x_wconf 82' lang='lat' dir='ltr'>Ordinationes,</span> <span class='ocrx_word' id='word_1_1109' title='bbox 2365 957 2474 991; x_wconf 86' lang='lat' dir='ltr'>Inhibi-</span> 
     </span>
     <span class='ocr_line' id='line_1_124' title="bbox 1409 994 2239 1034; baseline 0.004 -11"><span class='ocrx_word' id='word_1_1110' title='bbox 1409 994 1516 1032; x_wconf 89' lang='lat' dir='ltr'>tiones,</span> <span class='ocrx_word' id='word_1_1111' title='bbox 1536 994 1741 1032; x_wconf 81' lang='lat' dir='ltr'>Defenfiones‚</span> <span class='ocrx_word' id='word_1_1112' title='bbox 1759 996 1792 1026; x_wconf 92' lang='lat'>&amp;</span> <span class='ocrx_word' id='word_1_1113' title='bbox 1808 994 2048 1026; x_wconf 86' lang='lat' dir='ltr'>Proclamationes</span> <span class='ocrx_word' id='word_1_1114' title='bbox 2062 995 2239 1034; x_wconf 84' lang='lat' dir='ltr'>hujusmodi:</span> 
     </span>
    </p>

    <p class='ocr_par' dir='ltr' id='par_1_20' title="bbox 1402 1031 2480 2350">
     <span class='ocr_line' id='line_1_125' title="bbox 1448 1031 2472 1075; baseline 0.005 -13"><span class='ocrx_word' id='word_1_1115' title='bbox 1448 1031 1565 1070; x_wconf 88' lang='lat' dir='ltr'>Insuper</span> <span class='ocrx_word' id='word_1_1116' title='bbox 1588 1033 1806 1063; x_wconf 72' lang='lat' dir='ltr'>Pardanavimus</span> <span class='ocrx_word' id='word_1_1117' title='bbox 1827 1034 1861 1065; x_wconf 90' lang='lat'>&amp;</span> <span class='ocrx_word' id='word_1_1118' title='bbox 1883 1036 1958 1064; x_wconf 82' lang='lat' dir='ltr'>Remi</span> <span class='ocrx_word' id='word_1_1119' title='bbox 1970 1045 2037 1063; x_wconf 76' lang='lat' dir='ltr'>imur</span> <span class='ocrx_word' id='word_1_1120' title='bbox 2058 1035 2182 1065; x_wconf 87' lang='lat' dir='ltr'>omnino</span> <span class='ocrx_word' id='word_1_1121' title='bbox 2196 1059 2206 1073; x_wconf 93' lang='lat'>,</span> <span class='ocrx_word' id='word_1_1122' title='bbox 2230 1045 2284 1073; x_wconf 91' lang='lat' dir='ltr'>pro</span> <span class='ocrx_word' id='word_1_1123' title='bbox 2302 1033 2418 1075; x_wconf 85' lang='lat' dir='ltr'>Nobis,</span> <span class='ocrx_word' id='word_1_1124' title='bbox 2439 1037 2472 1068; x_wconf 72' lang='grc' dir='ltr'>ὃς</span> 
     </span>
     <span class='ocr_line' id='line_1_126' title="bbox 1408 1068 2473 1112; baseline 0.006 -12"><span class='ocrx_word' id='word_1_1125' title='bbox 1408 1068 1580 1102; x_wconf 87' lang='lat' dir='ltr'>Haeredibus</span> <span class='ocrx_word' id='word_1_1126' title='bbox 1600 1072 1698 1102; x_wconf 89' lang='lat' dir='ltr'>nostris</span> <span class='ocrx_word' id='word_1_1127' title='bbox 1712 1095 1723 1110; x_wconf 93' lang='lat'>,</span> <span class='ocrx_word' id='word_1_1128' title='bbox 1745 1074 1779 1103; x_wconf 68' lang='grc' dir='ltr'>ὃς</span> <span class='ocrx_word' id='word_1_1129' title='bbox 1801 1081 1834 1102; x_wconf 88' lang='lat' dir='ltr'>ex</span> <span class='ocrx_word' id='word_1_1130' title='bbox 1852 1082 1927 1104; x_wconf 84' lang='lat' dir='ltr'>certa</span> <span class='ocrx_word' id='word_1_1131' title='bbox 1956 1073 2057 1104; x_wconf 85' lang='lat' dir='ltr'>cientia</span> <span class='ocrx_word' id='word_1_1132' title='bbox 2068 1073 2181 1112; x_wconf 85' lang='lat' dir='ltr'>nostra,</span> <span class='ocrx_word' id='word_1_1133' title='bbox 2195 1073 2231 1104; x_wconf 91' lang='lat' dir='ltr'>de</span> <span class='ocrx_word' id='word_1_1134' title='bbox 2247 1075 2265 1093; x_wconf 67' lang='lat'>*³</span> <span class='ocrx_word' id='word_1_1135' title='bbox 2277 1074 2361 1105; x_wconf 60' lang='lat' dir='ltr'>dictis</span> <span class='ocrx_word' id='word_1_1136' title='bbox 2375 1076 2473 1107; x_wconf 87' lang='lat' dir='ltr'>Avisa-</span> 
     </span>
     <span class='ocr_line' id='line_1_127' title="bbox 1410 1109 2474 1153; baseline 0.006 -15"><span class='ocrx_word' id='word_1_1137' title='bbox 1410 1118 1511 1140; x_wconf 89' lang='lat' dir='ltr'>merito</span> <span class='ocrx_word' id='word_1_1138' title='bbox 1523 1110 1557 1140; x_wconf 87' lang='lat'>&amp;</span> <span class='ocrx_word' id='word_1_1139' title='bbox 1571 1109 1690 1141; x_wconf 84' lang='lat' dir='ltr'>Assensu</span> <span class='ocrx_word' id='word_1_1140' title='bbox 1702 1110 1771 1141; x_wconf 68' lang='lat' dir='ltr'>dieti</span> <span class='ocrx_word' id='word_1_1141' title='bbox 1788 1111 1932 1142; x_wconf 89' lang='lat' dir='ltr'>Avunculi</span> <span class='ocrx_word' id='word_1_1142' title='bbox 1956 1110 2046 1142; x_wconf 90' lang='lat' dir='ltr'>nostri</span> <span class='ocrx_word' id='word_1_1143' title='bbox 2096 1113 2130 1144; x_wconf 90' lang='lat'>&amp;</span> <span class='ocrx_word' id='word_1_1144' title='bbox 2144 1112 2282 1151; x_wconf 86' lang='lat' dir='ltr'>aliorum,</span> <span class='ocrx_word' id='word_1_1145' title='bbox 2301 1115 2384 1143; x_wconf 82' lang='lat' dir='ltr'>eidem</span> <span class='ocrx_word' id='word_1_1146' title='bbox 2405 1116 2474 1153; x_wconf 87' lang='lat' dir='ltr'>Epi-</span> 
     </span>
     <span class='ocr_line' id='line_1_128' title="bbox 1402 1134 2472 1194; baseline 0.008 -18"><span class='ocrx_word' id='word_1_1147' title='bbox 1402 1145 1479 1186; x_wconf 84' lang='lat' dir='ltr'>scopo</span> <span class='ocrx_word' id='word_1_1148' title='bbox 1497 1148 1680 1194; x_wconf 72' lang='lat' dir='ltr'>Wyntonienfi</span> <span class='ocrx_word' id='word_1_1149' title='bbox 1698 1149 1880 1181; x_wconf 87' lang='lat' dir='ltr'>Omnimoda</span> <span class='ocrx_word' id='word_1_1150' title='bbox 1901 1149 2006 1180; x_wconf 82' lang='lat' dir='ltr'>Debita</span> <span class='ocrx_word' id='word_1_1151' title='bbox 2021 1172 2032 1188; x_wconf 84' lang='lat'>,</span> <span class='ocrx_word' id='word_1_1152' title='bbox 2055 1134 2205 1189; x_wconf 77' lang='lat' dir='ltr'>Compota</span> <span class='ocrx_word' id='word_1_1153' title='bbox 2218 1175 2228 1190; x_wconf 93' lang='lat'>‚</span> <span class='ocrx_word' id='word_1_1154' title='bbox 2256 1151 2385 1184; x_wconf 84' lang='lat' dir='ltr'>Praestita</span> <span class='ocrx_word' id='word_1_1155' title='bbox 2397 1175 2407 1192; x_wconf 87' lang='lat'>,</span> <span class='ocrx_word' id='word_1_1156' title='bbox 2438 1154 2472 1185; x_wconf 76' lang='grc' dir='ltr'>δε</span> 
     </span>
     <span class='ocr_line' id='line_1_129' title="bbox 1409 1186 2474 1230; baseline 0.007 -14"><span class='ocrx_word' id='word_1_1157' title='bbox 1409 1186 1542 1217; x_wconf 88' lang='lat' dir='ltr'>Summas</span> <span class='ocrx_word' id='word_1_1158' title='bbox 1556 1186 1768 1227; x_wconf 88' lang='lat' dir='ltr'>Denariorum,</span> <span class='ocrx_word' id='word_1_1159' title='bbox 1784 1188 1863 1219; x_wconf 62' lang='lat' dir='ltr'>dieto</span> <span class='ocrx_word' id='word_1_1160' title='bbox 1879 1187 1946 1220; x_wconf 90' lang='lat' dir='ltr'>Avo</span> <span class='ocrx_word' id='word_1_1161' title='bbox 1960 1188 2077 1228; x_wconf 88' lang='lat' dir='ltr'>nostro,</span> <span class='ocrx_word' id='word_1_1162' title='bbox 2095 1190 2141 1220; x_wconf 91' lang='lat' dir='ltr'>vel</span> <span class='ocrx_word' id='word_1_1163' title='bbox 2151 1189 2267 1229; x_wconf 80' lang='lat' dir='ltr'>Nobis,</span> <span class='ocrx_word' id='word_1_1164' title='bbox 2285 1200 2319 1222; x_wconf 84' lang='lat' dir='ltr'>ex</span> <span class='ocrx_word' id='word_1_1165' title='bbox 2334 1201 2474 1230; x_wconf 87' lang='lat' dir='ltr'>quacum-</span> 
     </span>
     <span class='ocr_line' id='line_1_130' title="bbox 1409 1225 2473 1269; baseline 0.007 -14"><span class='ocrx_word' id='word_1_1166' title='bbox 1409 1235 1466 1263; x_wconf 89' lang='lat' dir='ltr'>que</span> <span class='ocrx_word' id='word_1_1167' title='bbox 1489 1225 1572 1256; x_wconf 71' lang='lat' dir='ltr'>causa</span> <span class='ocrx_word' id='word_1_1168' title='bbox 1595 1226 1640 1257; x_wconf 89' lang='lat' dir='ltr'>vel</span> <span class='ocrx_word' id='word_1_1169' title='bbox 1661 1226 1831 1266; x_wconf 76' lang='lat' dir='ltr'>occasione,</span> <span class='ocrx_word' id='word_1_1170' title='bbox 1848 1227 1894 1258; x_wconf 92' lang='lat' dir='ltr'>seu</span> <span class='ocrx_word' id='word_1_1171' title='bbox 1909 1237 2096 1267; x_wconf 89' lang='lat' dir='ltr'>quocumque</span> <span class='ocrx_word' id='word_1_1172' title='bbox 2109 1228 2226 1267; x_wconf 89' lang='lat' dir='ltr'>colore,</span> <span class='ocrx_word' id='word_1_1173' title='bbox 2241 1228 2424 1269; x_wconf 89' lang='lat' dir='ltr'>debitorum,</span> <span class='ocrx_word' id='word_1_1174' title='bbox 2438 1241 2473 1262; x_wconf 82' lang='lat' dir='ltr'>ac</span> 
     </span>
     <span class='ocr_line' id='line_1_131' title="bbox 1409 1265 2474 1306; baseline 0.006 -12"><span class='ocrx_word' id='word_1_1175' title='bbox 1409 1274 1542 1301; x_wconf 73' lang='lat' dir='ltr'>quaecum</span> <span class='ocrx_word' id='word_1_1176' title='bbox 1566 1275 1601 1295; x_wconf 88' lang='lat' dir='ltr'>ue</span> <span class='ocrx_word' id='word_1_1177' title='bbox 1623 1265 1784 1297; x_wconf 89' lang='lat' dir='ltr'>Solutiones</span> <span class='ocrx_word' id='word_1_1178' title='bbox 1796 1291 1806 1304; x_wconf 87' lang='lat'>,</span> <span class='ocrx_word' id='word_1_1179' title='bbox 1833 1266 2029 1298; x_wconf 87' lang='lat' dir='ltr'>Liberationes</span> <span class='ocrx_word' id='word_1_1180' title='bbox 2044 1291 2053 1305; x_wconf 94' lang='lat'>,</span> <span class='ocrx_word' id='word_1_1181' title='bbox 2070 1266 2286 1306; x_wconf 67' lang='lat' dir='ltr'>Ordinationes,</span> <span class='ocrx_word' id='word_1_1182' title='bbox 2301 1267 2474 1306; x_wconf 85' lang='lat' dir='ltr'>Affignatio-</span> 
     </span>
     <span class='ocr_line' id='line_1_132' title="bbox 1407 1304 2474 1347; baseline 0.005 -14"><span class='ocrx_word' id='word_1_1183' title='bbox 1407 1312 1476 1342; x_wconf 87' lang='lat' dir='ltr'>nes,</span> <span class='ocrx_word' id='word_1_1184' title='bbox 1495 1304 1528 1335; x_wconf 86' lang='lat'>&amp;</span> <span class='ocrx_word' id='word_1_1185' title='bbox 1571 1314 1692 1342; x_wconf 86' lang='lat' dir='ltr'>raecepta</span> <span class='ocrx_word' id='word_1_1186' title='bbox 1706 1327 1716 1343; x_wconf 91' lang='lat'>‚</span> <span class='ocrx_word' id='word_1_1187' title='bbox 1739 1315 1789 1343; x_wconf 87' lang='lat' dir='ltr'>per</span> <span class='ocrx_word' id='word_1_1188' title='bbox 1810 1305 1900 1344; x_wconf 87' lang='lat' dir='ltr'>ipsum</span> <span class='ocrx_word' id='word_1_1189' title='bbox 1914 1305 2092 1345; x_wconf 87' lang='lat' dir='ltr'>Episcopum</span> <span class='ocrx_word' id='word_1_1190' title='bbox 2113 1305 2149 1336; x_wconf 91' lang='lat' dir='ltr'>de</span> <span class='ocrx_word' id='word_1_1191' title='bbox 2159 1306 2295 1344; x_wconf 81' lang='lat' dir='ltr'>denariis,</span> <span class='ocrx_word' id='word_1_1192' title='bbox 2308 1306 2474 1347; x_wconf 86' lang='lat' dir='ltr'>Jocalibus,</span> 
     </span>
     <span class='ocr_line' id='line_1_133' title="bbox 1410 1340 2472 1383; baseline 0.007 -13"><span class='ocrx_word' id='word_1_1193' title='bbox 1410 1340 1513 1372; x_wconf 89' lang='lat' dir='ltr'>Pannis</span> <span class='ocrx_word' id='word_1_1194' title='bbox 1528 1365 1539 1380; x_wconf 90' lang='lat'>,</span> <span class='ocrx_word' id='word_1_1195' title='bbox 1561 1344 1595 1374; x_wconf 75' lang='grc' dir='ltr'>δε</span> <span class='ocrx_word' id='word_1_1196' title='bbox 1616 1344 1673 1374; x_wconf 88' lang='lat' dir='ltr'>aliis</span> <span class='ocrx_word' id='word_1_1197' title='bbox 1693 1345 1776 1375; x_wconf 86' lang='lat' dir='ltr'>rebus</span> <span class='ocrx_word' id='word_1_1198' title='bbox 1791 1368 1801 1382; x_wconf 95' lang='lat'>,</span> <span class='ocrx_word' id='word_1_1199' title='bbox 1828 1346 1857 1374; x_wconf 91' lang='lat' dir='ltr'>in</span> <span class='ocrx_word' id='word_1_1200' title='bbox 1873 1343 1995 1375; x_wconf 82' lang='lat' dir='ltr'>Camera</span> <span class='ocrx_word' id='word_1_1201' title='bbox 2008 1345 2090 1382; x_wconf 87' lang='lat' dir='ltr'>ipfius</span> <span class='ocrx_word' id='word_1_1202' title='bbox 2102 1344 2161 1376; x_wconf 93' lang='lat' dir='ltr'>Avi</span> <span class='ocrx_word' id='word_1_1203' title='bbox 2176 1345 2282 1383; x_wconf 87' lang='lat' dir='ltr'>nostri,</span> <span class='ocrx_word' id='word_1_1204' title='bbox 2300 1346 2345 1376; x_wconf 90' lang='lat' dir='ltr'>vel</span> <span class='ocrx_word' id='word_1_1205' title='bbox 2358 1346 2420 1377; x_wconf 88' lang='lat' dir='ltr'>alias</span> <span class='ocrx_word' id='word_1_1206' title='bbox 2435 1348 2472 1377; x_wconf 92' lang='lat' dir='ltr'>de</span> 
     </span>
     <span class='ocr_line' id='line_1_134' title="bbox 1405 1379 2471 1423; baseline 0.005 -13"><span class='ocrx_word' id='word_1_1207' title='bbox 1405 1379 1552 1411; x_wconf 90' lang='lat' dir='ltr'>Thesauro</span> <span class='ocrx_word' id='word_1_1208' title='bbox 1567 1382 1632 1421; x_wconf 91' lang='lat' dir='ltr'>suo,</span> <span class='ocrx_word' id='word_1_1209' title='bbox 1656 1383 1684 1412; x_wconf 94' lang='lat' dir='ltr'>in</span> <span class='ocrx_word' id='word_1_1210' title='bbox 1704 1382 1786 1414; x_wconf 88' lang='lat' dir='ltr'>Rece</span> <span class='ocrx_word' id='word_1_1211' title='bbox 1807 1383 1988 1420; x_wconf 77' lang='lat' dir='ltr'>taScaccarii</span> <span class='ocrx_word' id='word_1_1212' title='bbox 2009 1384 2047 1414; x_wconf 75' lang='lat' dir='ltr'>fiii</span> <span class='ocrx_word' id='word_1_1213' title='bbox 2060 1408 2069 1420; x_wconf 86' lang='lat'>,</span> <span class='ocrx_word' id='word_1_1214' title='bbox 2095 1383 2224 1414; x_wconf 73' lang='lat' dir='ltr'>Personae</span> <span class='ocrx_word' id='word_1_1215' title='bbox 2240 1385 2413 1423; x_wconf 85' lang='lat' dir='ltr'>cuicumque</span> <span class='ocrx_word' id='word_1_1216' title='bbox 2429 1385 2471 1415; x_wconf 87' lang='lat' dir='ltr'>fa-</span> 
     </span>
     <span class='ocr_line' id='line_1_135' title="bbox 1408 1419 2476 1462; baseline 0.005 -13"><span class='ocrx_word' id='word_1_1217' title='bbox 1408 1419 1474 1449; x_wconf 69' lang='lat' dir='ltr'>eia:</span> <span class='ocrx_word' id='word_1_1218' title='bbox 1502 1429 1618 1450; x_wconf 89' lang='lat' dir='ltr'>necnon</span> <span class='ocrx_word' id='word_1_1219' title='bbox 1645 1422 1779 1452; x_wconf 88' lang='lat' dir='ltr'>omnimo</span> <span class='ocrx_word' id='word_1_1220' title='bbox 1801 1432 1816 1452; x_wconf 90' lang='lat' dir='ltr'>a</span> <span class='ocrx_word' id='word_1_1221' title='bbox 1845 1421 1952 1453; x_wconf 89' lang='lat' dir='ltr'>Debita</span> <span class='ocrx_word' id='word_1_1222' title='bbox 1973 1423 2006 1453; x_wconf 65' lang='grc' dir='ltr'>ὃς</span> <span class='ocrx_word' id='word_1_1223' title='bbox 2031 1421 2179 1460; x_wconf 85' lang='lat' dir='ltr'>Compota</span> <span class='ocrx_word' id='word_1_1224' title='bbox 2191 1422 2335 1462; x_wconf 86' lang='lat' dir='ltr'>Jocalium</span> <span class='ocrx_word' id='word_1_1225' title='bbox 2351 1424 2381 1455; x_wconf 86' lang='lat'>&amp;</span> <span class='ocrx_word' id='word_1_1226' title='bbox 2401 1424 2476 1454; x_wconf 89' lang='lat' dir='ltr'>Pan-</span> 
     </span>
     <span class='ocr_line' id='line_1_136' title="bbox 1409 1459 2476 1530; baseline 0.007 -43"><span class='ocrx_word' id='word_1_1227' title='bbox 1409 1467 1530 1496; x_wconf 89' lang='lat' dir='ltr'>norum,</span> <span class='ocrx_word' id='word_1_1228' title='bbox 1550 1469 1599 1497; x_wconf 86' lang='lat' dir='ltr'>per</span> <span class='ocrx_word' id='word_1_1229' title='bbox 1614 1460 1704 1499; x_wconf 85' lang='lat' dir='ltr'>ipsum</span> <span class='ocrx_word' id='word_1_1230' title='bbox 1723 1459 1877 1500; x_wconf 80' lang='lat' dir='ltr'>Episcopum</span> <span class='ocrx_word' id='word_1_1231' title='bbox 1892 1460 2123 1530; x_wconf 52' lang='lat' dir='ltr'>Hlyntonietgem,</span> <span class='ocrx_word' id='word_1_1232' title='bbox 2142 1460 2358 1501; x_wconf 88' lang='lat' dir='ltr'>Receptorum,</span> <span class='ocrx_word' id='word_1_1233' title='bbox 2377 1463 2423 1494; x_wconf 89' lang='lat' dir='ltr'>vel</span> <span class='ocrx_word' id='word_1_1234' title='bbox 2439 1463 2476 1494; x_wconf 92' lang='lat' dir='ltr'>de</span> 
     </span>
     <span class='ocr_line' id='line_1_137' title="bbox 1408 1495 2475 1540; baseline 0.007 -14"><span class='ocrx_word' id='word_1_1235' title='bbox 1408 1495 1589 1540; x_wconf 80' lang='lat' dir='ltr'>Thesauraria</span> <span class='ocrx_word' id='word_1_1236' title='bbox 1604 1498 1685 1538; x_wconf 89' lang='lat' dir='ltr'>ipfius</span> <span class='ocrx_word' id='word_1_1237' title='bbox 1698 1498 1754 1531; x_wconf 91' lang='lat' dir='ltr'>Avi</span> <span class='ocrx_word' id='word_1_1238' title='bbox 1768 1499 1858 1530; x_wconf 89' lang='lat' dir='ltr'>nostri</span> <span class='ocrx_word' id='word_1_1239' title='bbox 1871 1499 1915 1530; x_wconf 92' lang='lat' dir='ltr'>vel</span> <span class='ocrx_word' id='word_1_1240' title='bbox 1930 1500 2026 1530; x_wconf 90' lang='lat' dir='ltr'>nostra</span> <span class='ocrx_word' id='word_1_1241' title='bbox 2060 1508 2245 1538; x_wconf 89' lang='lat' dir='ltr'>uinptorum:</span> <span class='ocrx_word' id='word_1_1242' title='bbox 2264 1501 2298 1533; x_wconf 92' lang='lat'>&amp;</span> <span class='ocrx_word' id='word_1_1243' title='bbox 2313 1501 2350 1531; x_wconf 88' lang='lat' dir='ltr'>de</span> <span class='ocrx_word' id='word_1_1244' title='bbox 2359 1501 2475 1533; x_wconf 90' lang='lat' dir='ltr'>Reven-</span> 
     </span>
     <span class='ocr_line' id='line_1_138' title="bbox 1408 1535 2475 1579; baseline 0.007 -16"><span class='ocrx_word' id='word_1_1245' title='bbox 1408 1535 1533 1566; x_wconf 88' lang='lat' dir='ltr'>tionibus</span> <span class='ocrx_word' id='word_1_1246' title='bbox 1548 1559 1558 1575; x_wconf 94' lang='lat'>,</span> <span class='ocrx_word' id='word_1_1247' title='bbox 1584 1536 1711 1569; x_wconf 84' lang='lat' dir='ltr'>Exitibus</span> <span class='ocrx_word' id='word_1_1248' title='bbox 1725 1561 1737 1576; x_wconf 92' lang='lat'>‚</span> <span class='ocrx_word' id='word_1_1249' title='bbox 1755 1537 2017 1576; x_wconf 83' lang='lat' dir='ltr'>Redemptionibus</span> <span class='ocrx_word' id='word_1_1250' title='bbox 2036 1538 2277 1578; x_wconf 83' lang='lat' dir='ltr'>Prisonariorum,</span> <span class='ocrx_word' id='word_1_1251' title='bbox 2295 1538 2454 1571; x_wconf 86' lang='lat' dir='ltr'>Civitatum</span> <span class='ocrx_word' id='word_1_1252' title='bbox 2465 1565 2475 1579; x_wconf 88' lang='lat'>,</span> 
     </span>
     <span class='ocr_line' id='line_1_139' title="bbox 1411 1571 2476 1618; baseline 0.007 -15"><span class='ocrx_word' id='word_1_1253' title='bbox 1411 1571 1598 1614; x_wconf 88' lang='lat' dir='ltr'>Castrorum,</span> <span class='ocrx_word' id='word_1_1254' title='bbox 1614 1575 1793 1616; x_wconf 88' lang='lat' dir='ltr'>Burgorum,</span> <span class='ocrx_word' id='word_1_1255' title='bbox 1811 1577 1966 1615; x_wconf 87' lang='lat' dir='ltr'>Villarum,</span> <span class='ocrx_word' id='word_1_1256' title='bbox 1982 1576 2181 1609; x_wconf 89' lang='lat' dir='ltr'>Maneriorum</span> <span class='ocrx_word' id='word_1_1257' title='bbox 2195 1602 2205 1616; x_wconf 92' lang='lat'>,</span> <span class='ocrx_word' id='word_1_1258' title='bbox 2225 1578 2476 1618; x_wconf 86' lang='lat' dir='ltr'>Hamelettorum,</span> 
     </span>
     <span class='ocr_line' id='line_1_140' title="bbox 1410 1611 2477 1656; baseline 0.005 -13"><span class='ocrx_word' id='word_1_1259' title='bbox 1410 1611 1856 1654; x_wconf 87' lang='lat' dir='ltr'>Terrarum,Tenementorum,</span> <span class='ocrx_word' id='word_1_1260' title='bbox 1874 1615 2071 1654; x_wconf 88' lang='lat' dir='ltr'>Reddituum,</span> <span class='ocrx_word' id='word_1_1261' title='bbox 2086 1616 2119 1647; x_wconf 91' lang='lat'>&amp;</span> <span class='ocrx_word' id='word_1_1262' title='bbox 2135 1616 2321 1648; x_wconf 86' lang='lat' dir='ltr'>Servitiorum</span> <span class='ocrx_word' id='word_1_1263' title='bbox 2335 1626 2477 1656; x_wconf 88' lang='lat' dir='ltr'>quorum-</span> 
     </span>
     <span class='ocr_line' id='line_1_141' title="bbox 1409 1652 2475 1696; baseline 0.006 -15"><span class='ocrx_word' id='word_1_1264' title='bbox 1409 1660 1535 1689; x_wconf 87' lang='lat' dir='ltr'>cumque</span> <span class='ocrx_word' id='word_1_1265' title='bbox 1549 1676 1559 1690; x_wconf 92' lang='lat'>,</span> <span class='ocrx_word' id='word_1_1266' title='bbox 1584 1652 1640 1684; x_wconf 92' lang='lat' dir='ltr'>five</span> <span class='ocrx_word' id='word_1_1267' title='bbox 1664 1653 1748 1685; x_wconf 89' lang='lat' dir='ltr'>fuerit</span> <span class='ocrx_word' id='word_1_1268' title='bbox 1769 1654 1841 1685; x_wconf 69' lang='lat' dir='ltr'>insta</span> <span class='ocrx_word' id='word_1_1269' title='bbox 1863 1654 2000 1695; x_wconf 86' lang='lat' dir='ltr'>Regnum</span> <span class='ocrx_word' id='word_1_1270' title='bbox 2020 1654 2150 1686; x_wconf 87' lang='lat' dir='ltr'>nostrum</span> <span class='ocrx_word' id='word_1_1271' title='bbox 2164 1654 2292 1695; x_wconf 84' lang='lat' dir='ltr'>Angliae,</span> <span class='ocrx_word' id='word_1_1272' title='bbox 2310 1655 2367 1687; x_wconf 89' lang='lat' dir='ltr'>five</span> <span class='ocrx_word' id='word_1_1273' title='bbox 2381 1665 2475 1696; x_wconf 80' lang='lat' dir='ltr'>eirtra,</span> 
     </span>
     <span class='ocr_line' id='line_1_142' title="bbox 1410 1691 2475 1731; baseline 0.006 -11"><span class='ocrx_word' id='word_1_1274' title='bbox 1410 1699 1598 1729; x_wconf 89' lang='lat' dir='ltr'>quocumque</span> <span class='ocrx_word' id='word_1_1275' title='bbox 1620 1691 1773 1730; x_wconf 89' lang='lat' dir='ltr'>Nomine,</span> <span class='ocrx_word' id='word_1_1276' title='bbox 1799 1692 1889 1724; x_wconf 89' lang='lat' dir='ltr'>Causa</span> <span class='ocrx_word' id='word_1_1277' title='bbox 1903 1718 1913 1731; x_wconf 97' lang='lat'>,</span> <span class='ocrx_word' id='word_1_1278' title='bbox 1939 1694 1985 1724; x_wconf 87' lang='lat' dir='ltr'>vel</span> <span class='ocrx_word' id='word_1_1279' title='bbox 2001 1692 2111 1725; x_wconf 88' lang='lat' dir='ltr'>Colore</span> <span class='ocrx_word' id='word_1_1280' title='bbox 2130 1694 2308 1725; x_wconf 87' lang='lat' dir='ltr'>censeantur:</span> <span class='ocrx_word' id='word_1_1281' title='bbox 2327 1696 2362 1726; x_wconf 92' lang='lat'>&amp;</span> <span class='ocrx_word' id='word_1_1282' title='bbox 2375 1698 2475 1727; x_wconf 91' lang='lat' dir='ltr'>omni-</span> 
     </span>
     <span class='ocr_line' id='line_1_143' title="bbox 1410 1729 2474 1773; baseline 0.006 -14"><span class='ocrx_word' id='word_1_1283' title='bbox 1410 1729 1509 1759; x_wconf 81' lang='lat' dir='ltr'>modas</span> <span class='ocrx_word' id='word_1_1284' title='bbox 1533 1730 1672 1761; x_wconf 69' lang='lat' dir='ltr'>Actiones</span> <span class='ocrx_word' id='word_1_1285' title='bbox 1686 1755 1696 1768; x_wconf 85' lang='lat'>,</span> <span class='ocrx_word' id='word_1_1286' title='bbox 1722 1730 1918 1768; x_wconf 79' lang='lat' dir='ltr'>Imperitiones</span> <span class='ocrx_word' id='word_1_1287' title='bbox 1932 1755 1942 1770; x_wconf 84' lang='lat'>,</span> <span class='ocrx_word' id='word_1_1288' title='bbox 1966 1733 2000 1762; x_wconf 90' lang='lat'>&amp;</span> <span class='ocrx_word' id='word_1_1289' title='bbox 2021 1732 2186 1763; x_wconf 88' lang='lat' dir='ltr'>Demandas</span> <span class='ocrx_word' id='word_1_1290' title='bbox 2206 1731 2445 1765; x_wconf 87' lang='lat' dir='ltr'>Conventionum</span> <span class='ocrx_word' id='word_1_1291' title='bbox 2463 1757 2474 1773; x_wconf 88' lang='lat'>,</span> 
     </span>
     <span class='ocr_line' id='line_1_144' title="bbox 1413 1766 2473 1811; baseline 0.007 -14"><span class='ocrx_word' id='word_1_1292' title='bbox 1413 1766 1611 1806; x_wconf 86' lang='lat' dir='ltr'>Dispositionis</span> <span class='ocrx_word' id='word_1_1293' title='bbox 1625 1793 1634 1807; x_wconf 87' lang='lat'>,</span> <span class='ocrx_word' id='word_1_1294' title='bbox 1660 1768 1864 1808; x_wconf 85' lang='lat' dir='ltr'>Injunxtionis,</span> <span class='ocrx_word' id='word_1_1295' title='bbox 1881 1771 1915 1802; x_wconf 90' lang='lat'>&amp;</span> <span class='ocrx_word' id='word_1_1296' title='bbox 1931 1769 2189 1802; x_wconf 84' lang='lat' dir='ltr'>Administrationis</span> <span class='ocrx_word' id='word_1_1297' title='bbox 2200 1770 2357 1811; x_wconf 88' lang='lat' dir='ltr'>Thesauri,</span> <span class='ocrx_word' id='word_1_1298' title='bbox 2375 1772 2473 1804; x_wconf 86' lang='lat' dir='ltr'>Bono·-</span> 
     </span>
     <span class='ocr_line' id='line_1_145' title="bbox 1413 1807 2474 1859; baseline 0.007 -23"><span class='ocrx_word' id='word_1_1299' title='bbox 1413 1816 1478 1836; x_wconf 90' lang='lat' dir='ltr'>rum</span> <span class='ocrx_word' id='word_1_1300' title='bbox 1491 1830 1502 1844; x_wconf 90' lang='lat'>,</span> <span class='ocrx_word' id='word_1_1301' title='bbox 1525 1808 1558 1838; x_wconf 92' lang='lat'>&amp;</span> <span class='ocrx_word' id='word_1_1302' title='bbox 1580 1807 1757 1838; x_wconf 84' lang='lat' dir='ltr'>Catallorum</span> <span class='ocrx_word' id='word_1_1303' title='bbox 1770 1833 1780 1847; x_wconf 96' lang='lat'>,</span> <span class='ocrx_word' id='word_1_1304' title='bbox 1803 1819 1836 1839; x_wconf 87' lang='lat' dir='ltr'>ac</span> <span class='ocrx_word' id='word_1_1305' title='bbox 1856 1809 1972 1840; x_wconf 85' lang='lat' dir='ltr'>aliarum</span> <span class='ocrx_word' id='word_1_1306' title='bbox 1991 1808 2102 1840; x_wconf 80' lang='lat' dir='ltr'>Remm</span> <span class='ocrx_word' id='word_1_1307' title='bbox 2121 1809 2167 1839; x_wconf 87' lang='lat' dir='ltr'>seu</span> <span class='ocrx_word' id='word_1_1308' title='bbox 2181 1809 2376 1849; x_wconf 84' lang='lat' dir='ltr'>Negotiorum</span> <span class='ocrx_word' id='word_1_1309' title='bbox 2391 1811 2474 1859; x_wconf 79' lang='lat' dir='ltr'>ipfius</span> 
     </span>
     <span class='ocr_line' id='line_1_146' title="bbox 1414 1844 2474 1888; baseline 0.005 -13"><span class='ocrx_word' id='word_1_1310' title='bbox 1414 1844 1471 1887; x_wconf 83' lang='grc' dir='ltr'>ᾼνί</span> <span class='ocrx_word' id='word_1_1311' title='bbox 1486 1845 1576 1876; x_wconf 89' lang='lat' dir='ltr'>nostri</span> <span class='ocrx_word' id='word_1_1312' title='bbox 1591 1856 1852 1886; x_wconf 83' lang='lat' dir='ltr'>quorumcumque:</span> <span class='ocrx_word' id='word_1_1313' title='bbox 1873 1858 1990 1879; x_wconf 88' lang='lat' dir='ltr'>necnon</span> <span class='ocrx_word' id='word_1_1314' title='bbox 2005 1847 2146 1886; x_wconf 85' lang='lat' dir='ltr'>Receptas</span> <span class='ocrx_word' id='word_1_1315' title='bbox 2160 1847 2381 1888; x_wconf 87' lang='lat' dir='ltr'>Custumarum‚</span> <span class='ocrx_word' id='word_1_1316' title='bbox 2398 1852 2474 1881; x_wconf 74' lang='lat' dir='ltr'>Sub-</span> 
     </span>
     <span class='ocr_line' id='line_1_147' title="bbox 1412 1882 2474 1927; baseline 0.006 -14"><span class='ocrx_word' id='word_1_1317' title='bbox 1412 1882 1546 1915; x_wconf 84' lang='lat' dir='ltr'>iidiorum</span> <span class='ocrx_word' id='word_1_1318' title='bbox 1559 1909 1569 1923; x_wconf 91' lang='lat'>,</span> <span class='ocrx_word' id='word_1_1319' title='bbox 1590 1885 1775 1921; x_wconf 90' lang='lat' dir='ltr'>Solutionum</span> <span class='ocrx_word' id='word_1_1320' title='bbox 1789 1910 1799 1925; x_wconf 95' lang='lat'>,</span> <span class='ocrx_word' id='word_1_1321' title='bbox 1824 1887 1893 1917; x_wconf 90' lang='lat' dir='ltr'>Auri</span> <span class='ocrx_word' id='word_1_1322' title='bbox 1908 1887 1942 1918; x_wconf 90' lang='lat'>&amp;</span> <span class='ocrx_word' id='word_1_1323' title='bbox 1957 1886 2092 1925; x_wconf 85' lang='lat' dir='ltr'>Argenti,</span> <span class='ocrx_word' id='word_1_1324' title='bbox 2107 1896 2159 1924; x_wconf 91' lang='lat' dir='ltr'>per</span> <span class='ocrx_word' id='word_1_1325' title='bbox 2173 1886 2408 1927; x_wconf 85' lang='lat' dir='ltr'>Obligationem,</span> <span class='ocrx_word' id='word_1_1326' title='bbox 2426 1888 2474 1919; x_wconf 86' lang='lat' dir='ltr'>In-</span> 
     </span>
     <span class='ocr_line' id='line_1_148' title="bbox 1411 1922 2475 1965; baseline 0.005 -13"><span class='ocrx_word' id='word_1_1327' title='bbox 1411 1922 1560 1954; x_wconf 90' lang='lat' dir='ltr'>denturam</span> <span class='ocrx_word' id='word_1_1328' title='bbox 1572 1947 1582 1960; x_wconf 84' lang='lat'>,</span> <span class='ocrx_word' id='word_1_1329' title='bbox 1609 1924 1785 1955; x_wconf 66' lang='lat' dir='ltr'>Promissum</span> <span class='ocrx_word' id='word_1_1330' title='bbox 1800 1948 1810 1964; x_wconf 93' lang='lat'>,</span> <span class='ocrx_word' id='word_1_1331' title='bbox 1828 1925 2008 1965; x_wconf 85' lang='lat' dir='ltr'>Loquelam‚</span> <span class='ocrx_word' id='word_1_1332' title='bbox 2025 1925 2209 1963; x_wconf 84' lang='lat' dir='ltr'>Receptum,</span> <span class='ocrx_word' id='word_1_1333' title='bbox 2226 1925 2273 1954; x_wconf 90' lang='lat' dir='ltr'>vel</span> <span class='ocrx_word' id='word_1_1334' title='bbox 2285 1926 2362 1955; x_wconf 90' lang='lat' dir='ltr'>aliter</span> <span class='ocrx_word' id='word_1_1335' title='bbox 2377 1936 2475 1965; x_wconf 85' lang='lat' dir='ltr'>recep-</span> 
     </span>
     <span class='ocr_line' id='line_1_149' title="bbox 1412 1961 2476 2001; baseline 0.005 -11"><span class='ocrx_word' id='word_1_1336' title='bbox 1412 1969 1510 1992; x_wconf 90' lang='lat' dir='ltr'>torum</span> <span class='ocrx_word' id='word_1_1337' title='bbox 1528 1972 1534 1991; x_wconf 90' lang='lat'>:</span> <span class='ocrx_word' id='word_1_1338' title='bbox 1563 1961 1660 1994; x_wconf 77' lang='lat' dir='ltr'>Exitus</span> <span class='ocrx_word' id='word_1_1339' title='bbox 1674 1986 1683 2001; x_wconf 90' lang='lat'>‚</span> <span class='ocrx_word' id='word_1_1340' title='bbox 1708 1963 1868 1996; x_wconf 85' lang='lat' dir='ltr'>Proventus</span> <span class='ocrx_word' id='word_1_1341' title='bbox 1883 1987 1893 2000; x_wconf 83' lang='lat'>,</span> <span class='ocrx_word' id='word_1_1342' title='bbox 1918 1963 2138 2001; x_wconf 84' lang='lat' dir='ltr'>Emolumenta,</span> <span class='ocrx_word' id='word_1_1343' title='bbox 2152 1964 2186 1995; x_wconf 68' lang='grc' dir='ltr'>ὃ(</span> <span class='ocrx_word' id='word_1_1344' title='bbox 2199 1964 2371 1995; x_wconf 83' lang='lat' dir='ltr'>omnimoda</span> <span class='ocrx_word' id='word_1_1345' title='bbox 2386 1964 2476 1995; x_wconf 85' lang='lat' dir='ltr'>Profi-</span> 
     </span>
     <span class='ocr_line' id='line_1_150' title="bbox 1412 2000 2476 2043; baseline 0.004 -13"><span class='ocrx_word' id='word_1_1346' title='bbox 1412 2009 1482 2043; x_wconf 81' lang='lat' dir='ltr'>cua,</span> <span class='ocrx_word' id='word_1_1347' title='bbox 1499 2000 1579 2031; x_wconf 58' lang='lat' dir='ltr'>dicio</span> <span class='ocrx_word' id='word_1_1348' title='bbox 1596 2001 1663 2032; x_wconf 88' lang='lat' dir='ltr'>Avo</span> <span class='ocrx_word' id='word_1_1349' title='bbox 1679 2001 1776 2040; x_wconf 91' lang='lat' dir='ltr'>nstro,</span> <span class='ocrx_word' id='word_1_1350' title='bbox 1794 2003 1839 2034; x_wconf 87' lang='lat' dir='ltr'>vel</span> <span class='ocrx_word' id='word_1_1351' title='bbox 1857 2002 1972 2041; x_wconf 91' lang='lat' dir='ltr'>Nobis,</span> <span class='ocrx_word' id='word_1_1352' title='bbox 1993 2012 2027 2033; x_wconf 85' lang='lat' dir='ltr'>ex</span> <span class='ocrx_word' id='word_1_1353' title='bbox 2041 2002 2267 2041; x_wconf 83' lang='lat' dir='ltr'>quibuscumque</span> <span class='ocrx_word' id='word_1_1354' title='bbox 2279 2003 2366 2034; x_wconf 85' lang='lat' dir='ltr'>caufis</span> <span class='ocrx_word' id='word_1_1355' title='bbox 2378 2027 2388 2040; x_wconf 94' lang='lat'>,</span> <span class='ocrx_word' id='word_1_1356' title='bbox 2407 2013 2476 2042; x_wconf 87' lang='lat' dir='ltr'>qua-</span> 
     </span>
     <span class='ocr_line' id='line_1_151' title="bbox 1411 2038 2476 2082; baseline 0.004 -14"><span class='ocrx_word' id='word_1_1357' title='bbox 1411 2038 1603 2077; x_wconf 88' lang='lat' dir='ltr'>litercumque</span> <span class='ocrx_word' id='word_1_1358' title='bbox 1629 2042 1794 2078; x_wconf 89' lang='lat' dir='ltr'>pertinentia</span> <span class='ocrx_word' id='word_1_1359' title='bbox 1811 2052 1817 2072; x_wconf 81' lang='lat' dir='ltr'><strong><em>z</em></strong></span> <span class='ocrx_word' id='word_1_1360' title='bbox 1842 2042 1875 2073; x_wconf 76' lang='grc' dir='ltr'>δε</span> <span class='ocrx_word' id='word_1_1361' title='bbox 1899 2043 2068 2073; x_wconf 89' lang='lat' dir='ltr'>omnimoda</span> <span class='ocrx_word' id='word_1_1362' title='bbox 2092 2041 2321 2072; x_wconf 84' lang='lat' dir='ltr'>Amerciamenta</span> <span class='ocrx_word' id='word_1_1363' title='bbox 2332 2065 2341 2080; x_wconf 91' lang='lat'>,</span> <span class='ocrx_word' id='word_1_1364' title='bbox 2369 2042 2451 2072; x_wconf 85' lang='lat' dir='ltr'>Fines</span> <span class='ocrx_word' id='word_1_1365' title='bbox 2465 2067 2476 2082; x_wconf 87' lang='lat'>,</span> 
     </span>
     <span class='ocr_line' id='line_1_152' title="bbox 1414 2076 2478 2120; baseline 0.005 -13"><span class='ocrx_word' id='word_1_1366' title='bbox 1414 2076 1512 2108; x_wconf 83' lang='lat' dir='ltr'>Exitus</span> <span class='ocrx_word' id='word_1_1367' title='bbox 1535 2078 1706 2110; x_wconf 69' lang='lat' dir='ltr'>Forisfaestos</span> <span class='ocrx_word' id='word_1_1368' title='bbox 1723 2104 1733 2118; x_wconf 98' lang='lat'>,</span> <span class='ocrx_word' id='word_1_1369' title='bbox 1752 2079 1860 2111; x_wconf 65' lang='lat' dir='ltr'>Catulla</span> <span class='ocrx_word' id='word_1_1370' title='bbox 1875 2080 2044 2119; x_wconf 59' lang='lat' dir='ltr'>Forisfaeh,</span> <span class='ocrx_word' id='word_1_1371' title='bbox 2062 2081 2096 2112; x_wconf 90' lang='lat'>&amp;</span> <span class='ocrx_word' id='word_1_1372' title='bbox 2107 2080 2278 2111; x_wconf 81' lang='lat' dir='ltr'>omnimoda</span> <span class='ocrx_word' id='word_1_1373' title='bbox 2291 2080 2341 2111; x_wconf 89' lang='lat' dir='ltr'>alia</span> <span class='ocrx_word' id='word_1_1374' title='bbox 2355 2080 2478 2120; x_wconf 88' lang='lat' dir='ltr'>Debita,</span> 
     </span>
     <span class='ocr_line' id='line_1_153' title="bbox 1415 2114 2479 2158; baseline 0.005 -12"><span class='ocrx_word' id='word_1_1375' title='bbox 1415 2114 1563 2155; x_wconf 88' lang='lat' dir='ltr'>Compota</span> <span class='ocrx_word' id='word_1_1376' title='bbox 1574 2140 1584 2156; x_wconf 89' lang='lat'>,</span> <span class='ocrx_word' id='word_1_1377' title='bbox 1610 2117 1737 2149; x_wconf 84' lang='lat' dir='ltr'>Praestita</span> <span class='ocrx_word' id='word_1_1378' title='bbox 1749 2142 1758 2156; x_wconf 86' lang='lat'>,</span> <span class='ocrx_word' id='word_1_1379' title='bbox 1777 2119 1810 2149; x_wconf 89' lang='lat'>&amp;</span> <span class='ocrx_word' id='word_1_1380' title='bbox 1825 2118 1924 2150; x_wconf 88' lang='lat' dir='ltr'>Onera</span> <span class='ocrx_word' id='word_1_1381' title='bbox 1938 2119 2098 2157; x_wconf 80' lang='lat' dir='ltr'>hujusmodi</span> <span class='ocrx_word' id='word_1_1382' title='bbox 2113 2141 2123 2157; x_wconf 85' lang='lat'>,</span> <span class='ocrx_word' id='word_1_1383' title='bbox 2149 2119 2225 2149; x_wconf 76' lang='lat' dir='ltr'>unde</span> <span class='ocrx_word' id='word_1_1384' title='bbox 2241 2119 2394 2157; x_wconf 61' lang='lat' dir='ltr'>praedictus</span> <span class='ocrx_word' id='word_1_1385' title='bbox 2408 2119 2479 2158; x_wconf 87' lang='lat' dir='ltr'>Epi·</span> 
     </span>
     <span class='ocr_line' id='line_1_154' title="bbox 1413 2154 2480 2198; baseline 0.004 -13"><span class='ocrx_word' id='word_1_1386' title='bbox 1413 2154 1514 2194; x_wconf 90' lang='lat' dir='ltr'>scopus</span> <span class='ocrx_word' id='word_1_1387' title='bbox 1530 2155 1760 2196; x_wconf 90' lang='lat' dir='ltr'>Wyntoniensis,</span> <span class='ocrx_word' id='word_1_1388' title='bbox 1777 2157 1812 2188; x_wconf 89' lang='lat' dir='ltr'>ad</span> <span class='ocrx_word' id='word_1_1389' title='bbox 1826 2157 1941 2195; x_wconf 86' lang='lat' dir='ltr'>praesens</span> <span class='ocrx_word' id='word_1_1390' title='bbox 1949 2157 2090 2189; x_wconf 83' lang='lat' dir='ltr'>Oneratus</span> <span class='ocrx_word' id='word_1_1391' title='bbox 2104 2156 2162 2194; x_wconf 89' lang='lat' dir='ltr'>est,</span> <span class='ocrx_word' id='word_1_1392' title='bbox 2180 2157 2226 2188; x_wconf 90' lang='lat' dir='ltr'>vel</span> <span class='ocrx_word' id='word_1_1393' title='bbox 2239 2157 2280 2188; x_wconf 90' lang='lat' dir='ltr'>est</span> <span class='ocrx_word' id='word_1_1394' title='bbox 2293 2157 2480 2198; x_wconf 86' lang='lat' dir='ltr'>Onerandus,</span> 
     </span>
     <span class='ocr_line' id='line_1_155' title="bbox 1413 2195 2476 2237; baseline 0.003 -13"><span class='ocrx_word' id='word_1_1395' title='bbox 1413 2204 1460 2224; x_wconf 88' lang='lat' dir='ltr'>aut</span> <span class='ocrx_word' id='word_1_1396' title='bbox 1482 2196 1585 2232; x_wconf 85' lang='lat' dir='ltr'>poterit</span> <span class='ocrx_word' id='word_1_1397' title='bbox 1607 2195 1727 2227; x_wconf 88' lang='lat' dir='ltr'>Onerari</span> <span class='ocrx_word' id='word_1_1398' title='bbox 1749 2196 1794 2227; x_wconf 90' lang='lat' dir='ltr'>vel</span> <span class='ocrx_word' id='word_1_1399' title='bbox 1815 2195 1942 2234; x_wconf 88' lang='lat' dir='ltr'>Impetiri</span> <span class='ocrx_word' id='word_1_1400' title='bbox 1964 2207 2014 2235; x_wconf 89' lang='lat' dir='ltr'>per</span> <span class='ocrx_word' id='word_1_1401' title='bbox 2030 2196 2116 2235; x_wconf 87' lang='lat' dir='ltr'>Nos,</span> <span class='ocrx_word' id='word_1_1402' title='bbox 2133 2195 2178 2227; x_wconf 90' lang='lat' dir='ltr'>vel</span> <span class='ocrx_word' id='word_1_1403' title='bbox 2193 2195 2332 2227; x_wconf 78' lang='lat' dir='ltr'>Haeredes</span> <span class='ocrx_word' id='word_1_1404' title='bbox 2345 2197 2476 2237; x_wconf 88' lang='lat' dir='ltr'>nostros,</span> 
     </span>
     <span class='ocr_line' id='line_1_156' title="bbox 1413 2233 2476 2274; baseline 0.004 -12"><span class='ocrx_word' id='word_1_1405' title='bbox 1413 2242 1460 2263; x_wconf 88' lang='lat' dir='ltr'>aut</span> <span class='ocrx_word' id='word_1_1406' title='bbox 1475 2233 1647 2272; x_wconf 90' lang='lat' dir='ltr'>Justiciarios</span> <span class='ocrx_word' id='word_1_1407' title='bbox 1663 2258 1673 2274; x_wconf 93' lang='lat'>,</span> <span class='ocrx_word' id='word_1_1408' title='bbox 1695 2234 1816 2265; x_wconf 67' lang='lat' dir='ltr'>Barones</span> <span class='ocrx_word' id='word_1_1409' title='bbox 1827 2235 1863 2265; x_wconf 92' lang='lat' dir='ltr'>de</span> <span class='ocrx_word' id='word_1_1410' title='bbox 1876 2235 2044 2274; x_wconf 79' lang='lat' dir='ltr'>Scaccario,</span> <span class='ocrx_word' id='word_1_1411' title='bbox 2062 2235 2108 2265; x_wconf 91' lang='lat' dir='ltr'>seu</span> <span class='ocrx_word' id='word_1_1412' title='bbox 2120 2235 2188 2265; x_wconf 89' lang='lat' dir='ltr'>alios</span> <span class='ocrx_word' id='word_1_1413' title='bbox 2202 2236 2397 2273; x_wconf 88' lang='lat' dir='ltr'>quoscumque</span> <span class='ocrx_word' id='word_1_1414' title='bbox 2414 2235 2476 2266; x_wconf 88' lang='lat' dir='ltr'>Mi-</span> 
     </span>
     <span class='ocr_line' id='line_1_157' title="bbox 1413 2270 2477 2312; baseline 0.005 -11"><span class='ocrx_word' id='word_1_1415' title='bbox 1413 2270 1514 2302; x_wconf 86' lang='lat' dir='ltr'>nistros</span> <span class='ocrx_word' id='word_1_1416' title='bbox 1536 2272 1649 2304; x_wconf 87' lang='lat' dir='ltr'>nostros</span> <span class='ocrx_word' id='word_1_1417' title='bbox 1664 2296 1674 2311; x_wconf 85' lang='lat'>‚</span> <span class='ocrx_word' id='word_1_1418' title='bbox 1696 2274 1726 2304; x_wconf 88' lang='lat' dir='ltr'>in</span> <span class='ocrx_word' id='word_1_1419' title='bbox 1747 2283 1928 2312; x_wconf 85' lang='lat' dir='ltr'>quacumque</span> <span class='ocrx_word' id='word_1_1420' title='bbox 1948 2273 2036 2305; x_wconf 86' lang='lat' dir='ltr'>Curia</span> <span class='ocrx_word' id='word_1_1421' title='bbox 2056 2273 2169 2311; x_wconf 90' lang='lat' dir='ltr'>nostra,</span> <span class='ocrx_word' id='word_1_1422' title='bbox 2185 2273 2232 2305; x_wconf 89' lang='lat' dir='ltr'>vel</span> <span class='ocrx_word' id='word_1_1423' title='bbox 2246 2273 2407 2305; x_wconf 89' lang='lat' dir='ltr'>Haeredum</span> <span class='ocrx_word' id='word_1_1424' title='bbox 2421 2285 2477 2306; x_wconf 89' lang='lat' dir='ltr'>no·</span> 
     </span>
     <span class='ocr_line' id='line_1_158' title="bbox 1413 2310 2000 2350; baseline 0.002 -10"><span class='ocrx_word' id='word_1_1425' title='bbox 1413 2310 1555 2349; x_wconf 87' lang='lat' dir='ltr'>strorum,</span> <span class='ocrx_word' id='word_1_1426' title='bbox 1575 2322 1628 2349; x_wconf 89' lang='lat' dir='ltr'>pro</span> <span class='ocrx_word' id='word_1_1427' title='bbox 1642 2320 1771 2350; x_wconf 83' lang='lat' dir='ltr'>tempore</span> <span class='ocrx_word' id='word_1_1428' title='bbox 1780 2313 1839 2350; x_wconf 88' lang='lat' dir='ltr'>jam</span> <span class='ocrx_word' id='word_1_1429' title='bbox 1854 2312 2000 2343; x_wconf 55' lang='lat' dir='ltr'>transadio.</span> 
     </span>
    </p>

    <p class='ocr_par' dir='ltr' id='par_1_21' title="bbox 1412 2349 2483 3398">
     <span class='ocr_line' id='line_1_159' title="bbox 1450 2349 2478 2390; baseline 0.002 -11"><span class='ocrx_word' id='word_1_1430' title='bbox 1450 2349 1798 2381; x_wconf 71' lang='lat' dir='ltr'>PARDoNAvnviUs</span> <span class='ocrx_word' id='word_1_1431' title='bbox 1823 2352 1908 2382; x_wconf 85' lang='lat' dir='ltr'>etiam</span> <span class='ocrx_word' id='word_1_1432' title='bbox 1929 2352 1963 2382; x_wconf 90' lang='lat'>&amp;</span> <span class='ocrx_word' id='word_1_1433' title='bbox 1988 2350 2236 2381; x_wconf 70' lang='lat' dir='ltr'>REMisnvtus</span> <span class='ocrx_word' id='word_1_1434' title='bbox 2253 2375 2262 2389; x_wconf 87' lang='lat'><strong>‚</strong></span> <span class='ocrx_word' id='word_1_1435' title='bbox 2285 2361 2340 2390; x_wconf 86' lang='lat' dir='ltr'>pro</span> <span class='ocrx_word' id='word_1_1436' title='bbox 2359 2350 2478 2390; x_wconf 78' lang='lat' dir='ltr'>Nobis,</span> 
     </span>
     <span class='ocr_line' id='line_1_160' title="bbox 1413 2387 2477 2428; baseline 0.001 -9"><span class='ocrx_word' id='word_1_1437' title='bbox 1413 2388 1447 2419; x_wconf 90' lang='lat'>&amp;</span> <span class='ocrx_word' id='word_1_1438' title='bbox 1458 2387 1628 2419; x_wconf 85' lang='lat' dir='ltr'>Haeredibus</span> <span class='ocrx_word' id='word_1_1439' title='bbox 1644 2389 1762 2428; x_wconf 88' lang='lat' dir='ltr'>nostris,</span> <span class='ocrx_word' id='word_1_1440' title='bbox 1780 2398 1814 2420; x_wconf 87' lang='lat' dir='ltr'>ex</span> <span class='ocrx_word' id='word_1_1441' title='bbox 1829 2399 1906 2420; x_wconf 89' lang='lat' dir='ltr'>certa</span> <span class='ocrx_word' id='word_1_1442' title='bbox 1917 2390 2027 2420; x_wconf 86' lang='lat' dir='ltr'>scientia</span> <span class='ocrx_word' id='word_1_1443' title='bbox 2041 2389 2154 2428; x_wconf 81' lang='lat' dir='ltr'>nostra,</span> <span class='ocrx_word' id='word_1_1444' title='bbox 2171 2389 2208 2420; x_wconf 91' lang='lat' dir='ltr'>de</span> <span class='ocrx_word' id='word_1_1445' title='bbox 2221 2389 2302 2420; x_wconf 71' lang='lat' dir='ltr'>dietis</span> <span class='ocrx_word' id='word_1_1446' title='bbox 2311 2389 2477 2420; x_wconf 84' lang='lat' dir='ltr'>Avisamen-</span> 
     </span>
     <span class='ocr_line' id='line_1_161' title="bbox 1412 2427 2477 2467; baseline 0.003 -11"><span class='ocrx_word' id='word_1_1447' title='bbox 1412 2435 1445 2456; x_wconf 92' lang='lat' dir='ltr'>to</span> <span class='ocrx_word' id='word_1_1448' title='bbox 1466 2428 1500 2458; x_wconf 88' lang='lat'>&amp;</span> <span class='ocrx_word' id='word_1_1449' title='bbox 1523 2427 1641 2459; x_wconf 78' lang='lat' dir='ltr'>Affensu</span> <span class='ocrx_word' id='word_1_1450' title='bbox 1663 2428 1734 2459; x_wconf 72' lang='lat' dir='ltr'>disti</span> <span class='ocrx_word' id='word_1_1451' title='bbox 1756 2428 1902 2459; x_wconf 90' lang='lat' dir='ltr'>Avunculi</span> <span class='ocrx_word' id='word_1_1452' title='bbox 1916 2428 2007 2460; x_wconf 89' lang='lat' dir='ltr'>nostri</span> <span class='ocrx_word' id='word_1_1453' title='bbox 2021 2430 2054 2461; x_wconf 90' lang='lat'>&amp;</span> <span class='ocrx_word' id='word_1_1454' title='bbox 2069 2428 2208 2466; x_wconf 85' lang='lat' dir='ltr'>aliorum,</span> <span class='ocrx_word' id='word_1_1455' title='bbox 2225 2428 2356 2459; x_wconf 87' lang='lat' dir='ltr'>eidemE</span> <span class='ocrx_word' id='word_1_1456' title='bbox 2378 2428 2477 2467; x_wconf 84' lang='lat' dir='ltr'>iscopo</span> 
     </span>
     <span class='ocr_line' id='line_1_162' title="bbox 1414 2464 2480 2507; baseline 0.002 -12"><span class='ocrx_word' id='word_1_1457' title='bbox 1414 2464 1618 2504; x_wconf 89' lang='lat' dir='ltr'>Wyntonienfi</span> <span class='ocrx_word' id='word_1_1458' title='bbox 1638 2467 1819 2498; x_wconf 88' lang='lat' dir='ltr'>omnimodas</span> <span class='ocrx_word' id='word_1_1459' title='bbox 1838 2467 2018 2498; x_wconf 87' lang='lat' dir='ltr'>Donationes</span> <span class='ocrx_word' id='word_1_1460' title='bbox 2032 2491 2042 2507; x_wconf 88' lang='lat'>‚</span> <span class='ocrx_word' id='word_1_1461' title='bbox 2064 2467 2256 2498; x_wconf 84' lang='lat' dir='ltr'>Alienationes</span> <span class='ocrx_word' id='word_1_1462' title='bbox 2271 2491 2281 2506; x_wconf 96' lang='lat'>,</span> <span class='ocrx_word' id='word_1_1463' title='bbox 2299 2468 2334 2498; x_wconf 92' lang='lat'>&amp;</span> <span class='ocrx_word' id='word_1_1464' title='bbox 2377 2467 2480 2506; x_wconf 88' lang='lat' dir='ltr'>dquisi-</span> 
     </span>
     <span class='ocr_line' id='line_1_163' title="bbox 1414 2504 2476 2545; baseline 0.003 -12"><span class='ocrx_word' id='word_1_1465' title='bbox 1414 2504 1505 2534; x_wconf 74' lang='lat' dir='ltr'>tiones</span> <span class='ocrx_word' id='word_1_1466' title='bbox 1520 2528 1529 2542; x_wconf 94' lang='lat'>,</span> <span class='ocrx_word' id='word_1_1467' title='bbox 1551 2515 1600 2542; x_wconf 92' lang='lat' dir='ltr'>per</span> <span class='ocrx_word' id='word_1_1468' title='bbox 1618 2506 1708 2544; x_wconf 91' lang='lat' dir='ltr'>ipsum</span> <span class='ocrx_word' id='word_1_1469' title='bbox 1728 2506 1813 2537; x_wconf 53' lang='lat' dir='ltr'>sadras</span> <span class='ocrx_word' id='word_1_1470' title='bbox 1831 2505 1915 2545; x_wconf 77' lang='lat' dir='ltr'>(dum</span> <span class='ocrx_word' id='word_1_1471' title='bbox 1933 2516 2027 2537; x_wconf 90' lang='lat' dir='ltr'>tamen</span> <span class='ocrx_word' id='word_1_1472' title='bbox 2048 2516 2109 2536; x_wconf 90' lang='lat' dir='ltr'>non</span> <span class='ocrx_word' id='word_1_1473' title='bbox 2121 2505 2156 2536; x_wconf 91' lang='lat' dir='ltr'>ad</span> <span class='ocrx_word' id='word_1_1474' title='bbox 2171 2505 2296 2537; x_wconf 90' lang='lat' dir='ltr'>Manum</span> <span class='ocrx_word' id='word_1_1475' title='bbox 2312 2505 2476 2543; x_wconf 86' lang='lat' dir='ltr'>Mortuam)</span> 
     </span>
     <span class='ocr_line' id='line_1_164' title="bbox 1414 2541 2480 2584; baseline 0.004 -13"><span class='ocrx_word' id='word_1_1476' title='bbox 1414 2541 1450 2572; x_wconf 92' lang='lat' dir='ltr'>de</span> <span class='ocrx_word' id='word_1_1477' title='bbox 1470 2543 1568 2573; x_wconf 82' lang='lat' dir='ltr'>Terris</span> <span class='ocrx_word' id='word_1_1478' title='bbox 1588 2545 1622 2575; x_wconf 90' lang='lat'>&amp;</span> <span class='ocrx_word' id='word_1_1479' title='bbox 1640 2545 1840 2582; x_wconf 89' lang='lat' dir='ltr'>Tenementis,</span> <span class='ocrx_word' id='word_1_1480' title='bbox 1859 2555 1922 2584; x_wconf 78' lang='lat' dir='ltr'>quae</span> <span class='ocrx_word' id='word_1_1481' title='bbox 1937 2546 1974 2576; x_wconf 91' lang='lat' dir='ltr'>de</span> <span class='ocrx_word' id='word_1_1482' title='bbox 1984 2545 2045 2583; x_wconf 90' lang='lat' dir='ltr'>ipso</span> <span class='ocrx_word' id='word_1_1483' title='bbox 2061 2545 2129 2575; x_wconf 91' lang='lat' dir='ltr'>Avo</span> <span class='ocrx_word' id='word_1_1484' title='bbox 2143 2544 2261 2582; x_wconf 87' lang='lat' dir='ltr'>nostro,</span> <span class='ocrx_word' id='word_1_1485' title='bbox 2277 2545 2323 2575; x_wconf 89' lang='lat' dir='ltr'>seu</span> <span class='ocrx_word' id='word_1_1486' title='bbox 2335 2545 2391 2575; x_wconf 88' lang='lat' dir='ltr'>aliis</span> <span class='ocrx_word' id='word_1_1487' title='bbox 2406 2544 2480 2575; x_wconf 89' lang='lat' dir='ltr'>Pro-</span> 
     </span>
     <span class='ocr_line' id='line_1_165' title="bbox 1413 2582 2479 2622; baseline 0.002 -11"><span class='ocrx_word' id='word_1_1488' title='bbox 1413 2583 1587 2619; x_wconf 83' lang='lat' dir='ltr'>genitoribus</span> <span class='ocrx_word' id='word_1_1489' title='bbox 1602 2583 1719 2621; x_wconf 77' lang='lat' dir='ltr'>nostris,</span> <span class='ocrx_word' id='word_1_1490' title='bbox 1737 2584 1920 2622; x_wconf 80' lang='lat' dir='ltr'>tenebantur,</span> <span class='ocrx_word' id='word_1_1491' title='bbox 1936 2584 1993 2614; x_wconf 92' lang='lat' dir='ltr'>fine</span> <span class='ocrx_word' id='word_1_1492' title='bbox 2008 2583 2140 2614; x_wconf 90' lang='lat' dir='ltr'>Licentia</span> <span class='ocrx_word' id='word_1_1493' title='bbox 2154 2582 2262 2620; x_wconf 86' lang='lat' dir='ltr'>Regia:</span> <span class='ocrx_word' id='word_1_1494' title='bbox 2282 2585 2316 2614; x_wconf 72' lang='grc' dir='ltr'>δε</span> <span class='ocrx_word' id='word_1_1495' title='bbox 2330 2585 2479 2613; x_wconf 90' lang='lat' dir='ltr'>omnimo-</span> 
     </span>
     <span class='ocr_line' id='line_1_166' title="bbox 1415 2620 2477 2660; baseline 0.003 -11"><span class='ocrx_word' id='word_1_1496' title='bbox 1415 2621 1450 2650; x_wconf 89' lang='lat' dir='ltr'>da</span> <span class='ocrx_word' id='word_1_1497' title='bbox 1466 2620 1584 2651; x_wconf 89' lang='lat' dir='ltr'>Relevia</span> <span class='ocrx_word' id='word_1_1498' title='bbox 1600 2622 1633 2652; x_wconf 67' lang='grc' dir='ltr'>ὃς</span> <span class='ocrx_word' id='word_1_1499' title='bbox 1649 2622 1797 2660; x_wconf 89' lang='lat' dir='ltr'>Scutagia‚</span> <span class='ocrx_word' id='word_1_1500' title='bbox 1812 2632 1877 2660; x_wconf 82' lang='lat' dir='ltr'>quae</span> <span class='ocrx_word' id='word_1_1501' title='bbox 1892 2632 1957 2653; x_wconf 89' lang='lat' dir='ltr'>ante</span> <span class='ocrx_word' id='word_1_1502' title='bbox 1973 2623 2035 2653; x_wconf 68' lang='lat' dir='ltr'>haec</span> <span class='ocrx_word' id='word_1_1503' title='bbox 2051 2631 2180 2659; x_wconf 85' lang='lat' dir='ltr'>tempora</span> <span class='ocrx_word' id='word_1_1504' title='bbox 2193 2630 2347 2652; x_wconf 91' lang='lat' dir='ltr'>evenerunt</span> <span class='ocrx_word' id='word_1_1505' title='bbox 2362 2623 2389 2652; x_wconf 93' lang='lat' dir='ltr'>iri</span> <span class='ocrx_word' id='word_1_1506' title='bbox 2397 2622 2477 2660; x_wconf 86' lang='lat' dir='ltr'>Reg-</span> 
     </span>
     <span class='ocr_line' id='line_1_167' title="bbox 1415 2659 2479 2700; baseline 0.002 -12"><span class='ocrx_word' id='word_1_1507' title='bbox 1415 2669 1456 2689; x_wconf 90' lang='lat' dir='ltr'>no</span> <span class='ocrx_word' id='word_1_1508' title='bbox 1478 2659 1576 2690; x_wconf 91' lang='lat' dir='ltr'>nostro</span> <span class='ocrx_word' id='word_1_1509' title='bbox 1598 2659 1731 2700; x_wconf 83' lang='lat' dir='ltr'>Angliae:</span> <span class='ocrx_word' id='word_1_1510' title='bbox 1757 2662 1790 2692; x_wconf 90' lang='lat'>&amp;</span> <span class='ocrx_word' id='word_1_1511' title='bbox 1808 2661 1989 2692; x_wconf 88' lang='lat' dir='ltr'>omnimodas</span> <span class='ocrx_word' id='word_1_1512' title='bbox 2011 2660 2149 2691; x_wconf 63' lang='lat' dir='ltr'>Actiones</span> <span class='ocrx_word' id='word_1_1513' title='bbox 2163 2684 2173 2699; x_wconf 91' lang='lat'>,</span> <span class='ocrx_word' id='word_1_1514' title='bbox 2192 2659 2347 2699; x_wconf 86' lang='lat' dir='ltr'>Qierelas,</span> <span class='ocrx_word' id='word_1_1515' title='bbox 2366 2661 2399 2691; x_wconf 90' lang='lat'>&amp;</span> <span class='ocrx_word' id='word_1_1516' title='bbox 2415 2659 2479 2690; x_wconf 91' lang='lat' dir='ltr'>De-</span> 
     </span>
     <span class='ocr_line' id='line_1_168' title="bbox 1417 2698 2480 2738; baseline 0.002 -11"><span class='ocrx_word' id='word_1_1517' title='bbox 1417 2698 1531 2729; x_wconf 87' lang='lat' dir='ltr'>mandas</span> <span class='ocrx_word' id='word_1_1518' title='bbox 1546 2721 1556 2736; x_wconf 91' lang='lat'>,</span> <span class='ocrx_word' id='word_1_1519' title='bbox 1584 2699 1666 2730; x_wconf 78' lang='lat' dir='ltr'>reales</span> <span class='ocrx_word' id='word_1_1520' title='bbox 1682 2722 1692 2738; x_wconf 84' lang='lat'>,</span> <span class='ocrx_word' id='word_1_1521' title='bbox 1717 2699 1871 2738; x_wconf 88' lang='lat' dir='ltr'>personales</span> <span class='ocrx_word' id='word_1_1522' title='bbox 1885 2725 1894 2738; x_wconf 95' lang='lat'>,</span> <span class='ocrx_word' id='word_1_1523' title='bbox 1913 2701 1946 2731; x_wconf 87' lang='lat'>&amp;</span> <span class='ocrx_word' id='word_1_1524' title='bbox 1963 2701 2078 2738; x_wconf 84' lang='lat' dir='ltr'>mixtas,</span> <span class='ocrx_word' id='word_1_1525' title='bbox 2097 2708 2164 2738; x_wconf 82' lang='lat' dir='ltr'>quas</span> <span class='ocrx_word' id='word_1_1526' title='bbox 2180 2699 2271 2730; x_wconf 66' lang='lat' dir='ltr'>dietus</span> <span class='ocrx_word' id='word_1_1527' title='bbox 2290 2699 2371 2730; x_wconf 88' lang='lat' dir='ltr'>Avus</span> <span class='ocrx_word' id='word_1_1528' title='bbox 2383 2699 2480 2729; x_wconf 86' lang='lat' dir='ltr'>noster</span> 
     </span>
     <span class='ocr_line' id='line_1_169' title="bbox 1415 2736 2481 2778; baseline 0.001 -12"><span class='ocrx_word' id='word_1_1529' title='bbox 1415 2736 1513 2767; x_wconf 88' lang='lat' dir='ltr'>habuit</span> <span class='ocrx_word' id='word_1_1530' title='bbox 1537 2737 1580 2768; x_wconf 88' lang='lat' dir='ltr'>vel</span> <span class='ocrx_word' id='word_1_1531' title='bbox 1599 2739 1702 2769; x_wconf 86' lang='lat' dir='ltr'>habere</span> <span class='ocrx_word' id='word_1_1532' title='bbox 1714 2740 1807 2776; x_wconf 88' lang='lat' dir='ltr'>potuit</span> <span class='ocrx_word' id='word_1_1533' title='bbox 1821 2748 1870 2776; x_wconf 88' lang='lat' dir='ltr'>per</span> <span class='ocrx_word' id='word_1_1534' title='bbox 1883 2739 1910 2769; x_wconf 89' lang='lat' dir='ltr'>se</span> <span class='ocrx_word' id='word_1_1535' title='bbox 1929 2748 2058 2778; x_wconf 85' lang='lat' dir='ltr'>tanturn,</span> <span class='ocrx_word' id='word_1_1536' title='bbox 2076 2739 2122 2768; x_wconf 91' lang='lat' dir='ltr'>vel</span> <span class='ocrx_word' id='word_1_1537' title='bbox 2135 2738 2200 2768; x_wconf 66' lang='lat' dir='ltr'>alias</span> <span class='ocrx_word' id='word_1_1538' title='bbox 2216 2738 2396 2776; x_wconf 66' lang='lat' dir='ltr'>conjune&#39;tim</span> <span class='ocrx_word' id='word_1_1539' title='bbox 2411 2746 2481 2768; x_wconf 90' lang='lat' dir='ltr'>cum</span> 
     </span>
     <span class='ocr_line' id='line_1_170' title="bbox 1414 2775 2482 2816; baseline 0.001 -11"><span class='ocrx_word' id='word_1_1540' title='bbox 1414 2776 1472 2806; x_wconf 90' lang='lat' dir='ltr'>aliis</span> <span class='ocrx_word' id='word_1_1541' title='bbox 1495 2775 1623 2807; x_wconf 91' lang='lat' dir='ltr'>Personis</span> <span class='ocrx_word' id='word_1_1542' title='bbox 1637 2801 1646 2815; x_wconf 92' lang='lat'>,</span> <span class='ocrx_word' id='word_1_1543' title='bbox 1668 2777 1713 2807; x_wconf 91' lang='lat' dir='ltr'>vel</span> <span class='ocrx_word' id='word_1_1544' title='bbox 1736 2787 1803 2815; x_wconf 77' lang='lat' dir='ltr'>quas</span> <span class='ocrx_word' id='word_1_1545' title='bbox 1818 2777 1887 2808; x_wconf 86' lang='lat' dir='ltr'>Nos</span> <span class='ocrx_word' id='word_1_1546' title='bbox 1900 2778 2054 2816; x_wconf 84' lang='lat' dir='ltr'>habemus,</span> <span class='ocrx_word' id='word_1_1547' title='bbox 2072 2777 2118 2808; x_wconf 89' lang='lat' dir='ltr'>vel</span> <span class='ocrx_word' id='word_1_1548' title='bbox 2132 2777 2235 2808; x_wconf 88' lang='lat' dir='ltr'>habere</span> <span class='ocrx_word' id='word_1_1549' title='bbox 2248 2778 2422 2814; x_wconf 83' lang='lat' dir='ltr'>poterimus,</span> <span class='ocrx_word' id='word_1_1550' title='bbox 2437 2786 2482 2806; x_wconf 88' lang='lat' dir='ltr'>er-</span> 
     </span>
     <span class='ocr_line' id='line_1_171' title="bbox 1416 2814 2482 2856; baseline 0 -11"><span class='ocrx_word' id='word_1_1551' title='bbox 1416 2824 1453 2852; x_wconf 84' lang='lat' dir='ltr'>ga</span> <span class='ocrx_word' id='word_1_1552' title='bbox 1474 2815 1625 2852; x_wconf 80' lang='lat' dir='ltr'>praefiitum</span> <span class='ocrx_word' id='word_1_1553' title='bbox 1646 2814 1798 2855; x_wconf 81' lang='lat' dir='ltr'>Episcopum</span> <span class='ocrx_word' id='word_1_1554' title='bbox 1821 2815 2051 2856; x_wconf 66' lang='lat' dir='ltr'>usyntoniensbm,</span> <span class='ocrx_word' id='word_1_1555' title='bbox 2068 2815 2217 2847; x_wconf 90' lang='lat' dir='ltr'>occasione</span> <span class='ocrx_word' id='word_1_1556' title='bbox 2231 2816 2392 2854; x_wconf 89' lang='lat' dir='ltr'>aliquorum</span> <span class='ocrx_word' id='word_1_1557' title='bbox 2405 2815 2482 2845; x_wconf 84' lang='lat' dir='ltr'>Prae-</span> 
     </span>
     <span class='ocr_line' id='line_1_172' title="bbox 1419 2853 2482 2894; baseline 0.001 -12"><span class='ocrx_word' id='word_1_1558' title='bbox 1419 2853 1567 2884; x_wconf 83' lang='lat' dir='ltr'>missorum</span> <span class='ocrx_word' id='word_1_1559' title='bbox 1583 2878 1592 2890; x_wconf 91' lang='lat'>,</span> <span class='ocrx_word' id='word_1_1560' title='bbox 1616 2855 1661 2885; x_wconf 90' lang='lat' dir='ltr'>seu</span> <span class='ocrx_word' id='word_1_1561' title='bbox 1684 2856 1805 2886; x_wconf 87' lang='lat' dir='ltr'>aliorum</span> <span class='ocrx_word' id='word_1_1562' title='bbox 1827 2865 2076 2893; x_wconf 89' lang='lat' dir='ltr'>quorumcumque</span> <span class='ocrx_word' id='word_1_1563' title='bbox 2091 2878 2102 2894; x_wconf 89' lang='lat'>,</span> <span class='ocrx_word' id='word_1_1564' title='bbox 2124 2854 2160 2885; x_wconf 93' lang='lat' dir='ltr'>de</span> <span class='ocrx_word' id='word_1_1565' title='bbox 2179 2864 2310 2892; x_wconf 89' lang='lat' dir='ltr'>tempore</span> <span class='ocrx_word' id='word_1_1566' title='bbox 2324 2855 2482 2892; x_wconf 63' lang='lat' dir='ltr'>praeterito,</span> 
     </span>
     <span class='ocr_line' id='line_1_173' title="bbox 1416 2892 2482 2934; baseline 0 -13"><span class='ocrx_word' id='word_1_1567' title='bbox 1416 2892 1461 2921; x_wconf 88' lang='lat' dir='ltr'>seu</span> <span class='ocrx_word' id='word_1_1568' title='bbox 1483 2894 1591 2923; x_wconf 88' lang='lat' dir='ltr'>ratione</span> <span class='ocrx_word' id='word_1_1569' title='bbox 1610 2893 1726 2934; x_wconf 80' lang='lat' dir='ltr'>Paffagii</span> <span class='ocrx_word' id='word_1_1570' title='bbox 1741 2918 1750 2933; x_wconf 96' lang='lat'>,</span> <span class='ocrx_word' id='word_1_1571' title='bbox 1777 2893 1922 2924; x_wconf 86' lang='lat' dir='ltr'>Lanarum</span> <span class='ocrx_word' id='word_1_1572' title='bbox 1938 2917 1947 2933; x_wconf 91' lang='lat'>,</span> <span class='ocrx_word' id='word_1_1573' title='bbox 1974 2893 2151 2932; x_wconf 83' lang='lat' dir='ltr'>Coriorum,</span> <span class='ocrx_word' id='word_1_1574' title='bbox 2169 2893 2291 2924; x_wconf 87' lang='lat' dir='ltr'>Pellium</span> <span class='ocrx_word' id='word_1_1575' title='bbox 2306 2893 2482 2930; x_wconf 81' lang='lat' dir='ltr'>lanutarum,</span> 
     </span>
     <span class='ocr_line' id='line_1_174' title="bbox 1417 2929 2481 2970; baseline -0.001 -10"><span class='ocrx_word' id='word_1_1576' title='bbox 1417 2931 1462 2960; x_wconf 87' lang='lat' dir='ltr'>vel</span> <span class='ocrx_word' id='word_1_1577' title='bbox 1484 2931 1598 2962; x_wconf 80' lang='lat' dir='ltr'>aliarum</span> <span class='ocrx_word' id='word_1_1578' title='bbox 1623 2932 1864 2964; x_wconf 84' lang='lat' dir='ltr'>Mercandisarum</span> <span class='ocrx_word' id='word_1_1579' title='bbox 1880 2933 1915 2963; x_wconf 90' lang='lat' dir='ltr'>ad</span> <span class='ocrx_word' id='word_1_1580' title='bbox 1931 2941 2019 2970; x_wconf 85' lang='lat' dir='ltr'>partes</span> <span class='ocrx_word' id='word_1_1581' title='bbox 2030 2932 2160 2970; x_wconf 82' lang='lat' dir='ltr'>Exreras,</span> <span class='ocrx_word' id='word_1_1582' title='bbox 2179 2939 2279 2962; x_wconf 90' lang='lat' dir='ltr'>contra</span> <span class='ocrx_word' id='word_1_1583' title='bbox 2291 2930 2414 2967; x_wconf 77' lang='lat' dir='ltr'>Statura,</span> <span class='ocrx_word' id='word_1_1584' title='bbox 2432 2929 2481 2959; x_wconf 83' lang='lat' dir='ltr'>In-</span> 
     </span>
     <span class='ocr_line' id='line_1_175' title="bbox 1417 2968 2480 3008; baseline -0.001 -10"><span class='ocrx_word' id='word_1_1585' title='bbox 1417 2968 1568 3001; x_wconf 88' lang='lat' dir='ltr'>hibitiones</span> <span class='ocrx_word' id='word_1_1586' title='bbox 1576 2993 1587 3008; x_wconf 82' lang='grc'>,</span> <span class='ocrx_word' id='word_1_1587' title='bbox 1605 2972 1637 3001; x_wconf 88' lang='lat'>&amp;</span> <span class='ocrx_word' id='word_1_1588' title='bbox 1651 2971 1854 3003; x_wconf 89' lang='lat' dir='ltr'>Ordinationes</span> <span class='ocrx_word' id='word_1_1589' title='bbox 1863 2994 1873 3008; x_wconf 85' lang='lat'>,</span> <span class='ocrx_word' id='word_1_1590' title='bbox 1891 2972 1958 3001; x_wconf 90' lang='lat' dir='ltr'>inde</span> <span class='ocrx_word' id='word_1_1591' title='bbox 1972 2971 2060 3008; x_wconf 60' lang='lat' dir='ltr'>faita,</span> <span class='ocrx_word' id='word_1_1592' title='bbox 2078 2972 2137 3000; x_wconf 69' lang='lat' dir='ltr'>tarn</span> <span class='ocrx_word' id='word_1_1593' title='bbox 2149 2978 2319 3006; x_wconf 88' lang='lat' dir='ltr'>coopertura</span> <span class='ocrx_word' id='word_1_1594' title='bbox 2332 2968 2366 2998; x_wconf 92' lang='lat'>&amp;</span> <span class='ocrx_word' id='word_1_1595' title='bbox 2382 2969 2480 2998; x_wconf 87' lang='lat' dir='ltr'>nomi-</span> 
     </span>
     <span class='ocr_line' id='line_1_176' title="bbox 1418 3006 2480 3049; baseline -0.001 -12"><span class='ocrx_word' id='word_1_1596' title='bbox 1418 3016 1455 3037; x_wconf 89' lang='lat' dir='ltr'>ne</span> <span class='ocrx_word' id='word_1_1597' title='bbox 1476 3008 1676 3039; x_wconf 84' lang='lat' dir='ltr'>Mercatorum</span> <span class='ocrx_word' id='word_1_1598' title='bbox 1692 3033 1702 3049; x_wconf 93' lang='lat'>,</span> <span class='ocrx_word' id='word_1_1599' title='bbox 1726 3010 1773 3040; x_wconf 88' lang='lat' dir='ltr'>vel</span> <span class='ocrx_word' id='word_1_1600' title='bbox 1792 3009 1892 3039; x_wconf 91' lang='lat' dir='ltr'>colore</span> <span class='ocrx_word' id='word_1_1601' title='bbox 1912 3009 2074 3039; x_wconf 89' lang='lat' dir='ltr'>Literarum</span> <span class='ocrx_word' id='word_1_1602' title='bbox 2096 3008 2259 3037; x_wconf 82' lang='lat' dir='ltr'>Patentiiim</span> <span class='ocrx_word' id='word_1_1603' title='bbox 2282 3006 2480 3036; x_wconf 87' lang='lat' dir='ltr'>concessarum</span> 
     </span>
     <span class='ocr_line' id='line_1_177' title="bbox 1416 3044 2481 3087; baseline -0.001 -12"><span class='ocrx_word' id='word_1_1604' title='bbox 1416 3046 1491 3084; x_wconf 85' lang='lat' dir='ltr'>apud</span> <span class='ocrx_word' id='word_1_1605' title='bbox 1500 3047 1663 3087; x_wconf 80' lang='lat' dir='ltr'>Durdraght</span> <span class='ocrx_word' id='word_1_1606' title='bbox 1673 3071 1682 3086; x_wconf 90' lang='lat'>,</span> <span class='ocrx_word' id='word_1_1607' title='bbox 1703 3049 1747 3078; x_wconf 90' lang='lat' dir='ltr'>vel</span> <span class='ocrx_word' id='word_1_1608' title='bbox 1762 3048 1827 3079; x_wconf 90' lang='lat' dir='ltr'>alibi</span> <span class='ocrx_word' id='word_1_1609' title='bbox 1842 3048 1870 3077; x_wconf 90' lang='lat' dir='ltr'>in</span> <span class='ocrx_word' id='word_1_1610' title='bbox 1887 3046 2232 3084; x_wconf 84' lang='lat' dir='ltr'>partibusTransmarinis,</span> <span class='ocrx_word' id='word_1_1611' title='bbox 2249 3046 2336 3082; x_wconf 71' lang='lat' dir='ltr'>quam</span> <span class='ocrx_word' id='word_1_1612' title='bbox 2350 3044 2405 3075; x_wconf 92' lang='lat' dir='ltr'>alio</span> <span class='ocrx_word' id='word_1_1613' title='bbox 2415 3055 2481 3075; x_wconf 89' lang='lat' dir='ltr'>mo-</span> 
     </span>
     <span class='ocr_line' id='line_1_178' title="bbox 1417 3082 2481 3126; baseline -0.003 -11"><span class='ocrx_word' id='word_1_1614' title='bbox 1417 3084 1458 3115; x_wconf 91' lang='lat' dir='ltr'>do</span> <span class='ocrx_word' id='word_1_1615' title='bbox 1471 3095 1674 3124; x_wconf 85' lang='lat' dir='ltr'>quocumque,</span> <span class='ocrx_word' id='word_1_1616' title='bbox 1691 3086 1737 3117; x_wconf 91' lang='lat' dir='ltr'>seu</span> <span class='ocrx_word' id='word_1_1617' title='bbox 1749 3085 1945 3118; x_wconf 87' lang='lat' dir='ltr'>occasionibus</span> <span class='ocrx_word' id='word_1_1618' title='bbox 1959 3085 2034 3122; x_wconf 81' lang='lat' dir='ltr'>aliis,</span> <span class='ocrx_word' id='word_1_1619' title='bbox 2048 3085 2106 3115; x_wconf 73' lang='lat' dir='ltr'>tam</span> <span class='ocrx_word' id='word_1_1620' title='bbox 2121 3083 2157 3114; x_wconf 85' lang='lat' dir='ltr'>de</span> <span class='ocrx_word' id='word_1_1621' title='bbox 2172 3092 2301 3121; x_wconf 89' lang='lat' dir='ltr'>tempore</span> <span class='ocrx_word' id='word_1_1622' title='bbox 2316 3082 2434 3126; x_wconf 69' lang='lat' dir='ltr'>bVqlreri</span> <span class='ocrx_word' id='word_1_1623' title='bbox 2448 3084 2481 3113; x_wconf 81' lang='lat' dir='ltr'>de</span> 
     </span>
     <span class='ocr_line' id='line_1_179' title="bbox 1418 3121 2480 3161; baseline -0.005 -5"><span class='ocrx_word' id='word_1_1624' title='bbox 1418 3123 1542 3154; x_wconf 76' lang='lat' dir='ltr'>chmmn</span> <span class='ocrx_word' id='word_1_1625' title='bbox 1562 3126 1596 3157; x_wconf 87' lang='lat'>&amp;</span> <span class='ocrx_word' id='word_1_1626' title='bbox 1617 3125 1773 3155; x_wconf 88' lang='lat' dir='ltr'>Sociorum</span> <span class='ocrx_word' id='word_1_1627' title='bbox 1791 3124 1908 3154; x_wconf 91' lang='lat' dir='ltr'>suorum</span> <span class='ocrx_word' id='word_1_1628' title='bbox 1922 3148 1932 3161; x_wconf 94' lang='lat'>,</span> <span class='ocrx_word' id='word_1_1629' title='bbox 1957 3133 2046 3161; x_wconf 89' lang='lat' dir='ltr'>nuper</span> <span class='ocrx_word' id='word_1_1630' title='bbox 2062 3122 2267 3152; x_wconf 90' lang='lat' dir='ltr'>Firmariorum</span> <span class='ocrx_word' id='word_1_1631' title='bbox 2283 3121 2480 3152; x_wconf 81' lang='lat' dir='ltr'>Subiidiorum</span> 
     </span>
     <span class='ocr_line' id='line_1_180' title="bbox 1418 3161 2481 3200; baseline -0.002 -8"><span class='ocrx_word' id='word_1_1632' title='bbox 1418 3162 1452 3192; x_wconf 73' lang='grc' dir='ltr'>δε</span> <span class='ocrx_word' id='word_1_1633' title='bbox 1475 3162 1681 3193; x_wconf 88' lang='lat' dir='ltr'>Costumarum</span> <span class='ocrx_word' id='word_1_1634' title='bbox 1704 3162 1785 3200; x_wconf 87' lang='lat' dir='ltr'>ipfius</span> <span class='ocrx_word' id='word_1_1635' title='bbox 1808 3162 1864 3192; x_wconf 94' lang='lat' dir='ltr'>Avi</span> <span class='ocrx_word' id='word_1_1636' title='bbox 1884 3162 1995 3200; x_wconf 85' lang='lat' dir='ltr'>nostri,</span> <span class='ocrx_word' id='word_1_1637' title='bbox 2019 3161 2106 3200; x_wconf 62' lang='lat' dir='ltr'>quam</span> <span class='ocrx_word' id='word_1_1638' title='bbox 2130 3161 2186 3191; x_wconf 83' lang='lat' dir='ltr'>alio</span> <span class='ocrx_word' id='word_1_1639' title='bbox 2200 3170 2329 3199; x_wconf 88' lang='lat' dir='ltr'>tempore</span> <span class='ocrx_word' id='word_1_1640' title='bbox 2365 3170 2481 3191; x_wconf 88' lang='lat' dir='ltr'>necnon</span> 
     </span>
     <span class='ocr_line' id='line_1_181' title="bbox 1417 3183 2482 3238; baseline -0.001 -8"><span class='ocrx_word' id='word_1_1641' title='bbox 1417 3202 1568 3231; x_wconf 67' lang='lat' dir='ltr'>occasione</span> <span class='ocrx_word' id='word_1_1642' title='bbox 1587 3201 1742 3238; x_wconf 84' lang='lat' dir='ltr'>aliquarum</span> <span class='ocrx_word' id='word_1_1643' title='bbox 1758 3200 1979 3237; x_wconf 86' lang='lat' dir='ltr'>Impofitionum</span> <span class='ocrx_word' id='word_1_1644' title='bbox 1992 3201 2071 3238; x_wconf 88' lang='lat' dir='ltr'>super</span> <span class='ocrx_word' id='word_1_1645' title='bbox 2088 3199 2196 3237; x_wconf 85' lang='lat' dir='ltr'>Lanas,</span> <span class='ocrx_word' id='word_1_1646' title='bbox 2213 3198 2317 3237; x_wconf 88' lang='lat' dir='ltr'>Coria,</span> <span class='ocrx_word' id='word_1_1647' title='bbox 2337 3183 2428 3229; x_wconf 54' lang='lat' dir='ltr'>belles</span> <span class='ocrx_word' id='word_1_1648' title='bbox 2442 3199 2482 3229; x_wconf 89' lang='lat' dir='ltr'>la-</span> 
     </span>
     <span class='ocr_line' id='line_1_182' title="bbox 1418 3237 2483 3277; baseline 0 -9"><span class='ocrx_word' id='word_1_1649' title='bbox 1418 3248 1496 3269; x_wconf 84' lang='lat' dir='ltr'>nutas</span> <span class='ocrx_word' id='word_1_1650' title='bbox 1512 3261 1522 3276; x_wconf 82' lang='lat'>‚</span> <span class='ocrx_word' id='word_1_1651' title='bbox 1544 3240 1588 3269; x_wconf 89' lang='lat' dir='ltr'>seu</span> <span class='ocrx_word' id='word_1_1652' title='bbox 1609 3240 1701 3277; x_wconf 87' lang='lat' dir='ltr'>aliqua</span> <span class='ocrx_word' id='word_1_1653' title='bbox 1721 3240 1771 3270; x_wconf 84' lang='lat' dir='ltr'>alia</span> <span class='ocrx_word' id='word_1_1654' title='bbox 1792 3238 1986 3270; x_wconf 88' lang='lat' dir='ltr'>Mercimonia</span> <span class='ocrx_word' id='word_1_1655' title='bbox 2007 3248 2198 3277; x_wconf 79' lang='lat' dir='ltr'>quaecumque</span> <span class='ocrx_word' id='word_1_1656' title='bbox 2215 3261 2225 3276; x_wconf 96' lang='lat'>,</span> <span class='ocrx_word' id='word_1_1657' title='bbox 2249 3247 2348 3269; x_wconf 86' lang='lat' dir='ltr'>contra</span> <span class='ocrx_word' id='word_1_1658' title='bbox 2360 3237 2483 3277; x_wconf 81' lang='lat' dir='ltr'>Statura,</span> 
     </span>
     <span class='ocr_line' id='line_1_183' title="bbox 1419 3275 2483 3318; baseline 0 -12"><span class='ocrx_word' id='word_1_1659' title='bbox 1419 3276 1639 3316; x_wconf 81' lang='lat' dir='ltr'>Ordinationes,</span> <span class='ocrx_word' id='word_1_1660' title='bbox 1658 3278 1857 3314; x_wconf 73' lang='lat' dir='ltr'>inhibitiones,</span> <span class='ocrx_word' id='word_1_1661' title='bbox 1875 3278 1907 3308; x_wconf 68' lang='grc' dir='ltr'>ὅ(</span> <span class='ocrx_word' id='word_1_1662' title='bbox 1918 3277 2158 3308; x_wconf 76' lang='lat' dir='ltr'>proclamationes</span> <span class='ocrx_word' id='word_1_1663' title='bbox 2173 3276 2304 3314; x_wconf 88' lang='lat' dir='ltr'>quascum</span> <span class='ocrx_word' id='word_1_1664' title='bbox 2327 3286 2362 3306; x_wconf 90' lang='lat' dir='ltr'>ue</span> <span class='ocrx_word' id='word_1_1665' title='bbox 2370 3299 2388 3318; x_wconf 29' lang='grc' dir='ltr'>,ι</span> <span class='ocrx_word' id='word_1_1666' title='bbox 2397 3275 2483 3306; x_wconf 63' lang='lat' dir='ltr'>faeta-</span> 
     </span>
     <span class='ocr_line' id='line_1_184' title="bbox 1419 3315 2483 3357; baseline 0 -12"><span class='ocrx_word' id='word_1_1667' title='bbox 1419 3325 1501 3353; x_wconf 89' lang='lat' dir='ltr'>rum,</span> <span class='ocrx_word' id='word_1_1668' title='bbox 1520 3316 1595 3347; x_wconf 87' lang='lat' dir='ltr'>unde</span> <span class='ocrx_word' id='word_1_1669' title='bbox 1609 3317 1759 3355; x_wconf 65' lang='lat' dir='ltr'>praedictus</span> <span class='ocrx_word' id='word_1_1670' title='bbox 1776 3316 1915 3356; x_wconf 71' lang='lat' dir='ltr'>Episcopus</span> <span class='ocrx_word' id='word_1_1671' title='bbox 1931 3315 2123 3357; x_wconf 75' lang='lat' dir='ltr'>W&#39;yntonienfis</span> <span class='ocrx_word' id='word_1_1672' title='bbox 2132 3315 2280 3353; x_wconf 85' lang='lat' dir='ltr'>Impetitus</span> <span class='ocrx_word' id='word_1_1673' title='bbox 2293 3325 2309 3346; x_wconf 91' lang='lat' dir='ltr'>e</span> <span class='ocrx_word' id='word_1_1674' title='bbox 2341 3339 2352 3353; x_wconf 96' lang='lat'>,</span> <span class='ocrx_word' id='word_1_1675' title='bbox 2371 3317 2417 3346; x_wconf 80' lang='lat' dir='ltr'>ieu</span> <span class='ocrx_word' id='word_1_1676' title='bbox 2432 3315 2483 3345; x_wconf 86' lang='lat' dir='ltr'>ali·</span> 
     </span>
     <span class='ocr_line' id='line_1_185' title="bbox 1420 3354 2301 3398; baseline 0.005 -14"><span class='ocrx_word' id='word_1_1677' title='bbox 1420 3354 1537 3393; x_wconf 84' lang='lat' dir='ltr'>qualiter</span> <span class='ocrx_word' id='word_1_1678' title='bbox 1551 3356 1653 3393; x_wconf 88' lang='lat' dir='ltr'>poterit</span> <span class='ocrx_word' id='word_1_1679' title='bbox 1666 3355 1808 3394; x_wconf 75' lang='lat' dir='ltr'>impetiri:</span> <span class='ocrx_word' id='word_1_1680' title='bbox 2233 3392 2238 3398; x_wconf 39' lang='lat'><strong>¹</strong></span> <span class='ocrx_word' id='word_1_1681' title='bbox 2296 3392 2301 3397; x_wconf 38' lang='lat'><em>¹</em></span> 
     </span>
    </p>

    <p class='ocr_par' dir='ltr' id='par_1_22' title="bbox 1416 3391 2483 3933">
     <span class='ocr_line' id='line_1_186' title="bbox 1457 3391 2482 3432; baseline 0 -9"><span class='ocrx_word' id='word_1_1682' title='bbox 1457 3393 1535 3432; x_wconf 75' lang='lat' dir='ltr'>Qiae</span> <span class='ocrx_word' id='word_1_1683' title='bbox 1549 3394 1666 3432; x_wconf 87' lang='lat' dir='ltr'>quidem</span> <span class='ocrx_word' id='word_1_1684' title='bbox 1679 3396 1776 3425; x_wconf 86' lang='lat' dir='ltr'>omnia</span> <span class='ocrx_word' id='word_1_1685' title='bbox 1789 3395 1821 3425; x_wconf 74' lang='grc' dir='ltr'>δε</span> <span class='ocrx_word' id='word_1_1686' title='bbox 1836 3393 1941 3432; x_wconf 81' lang='lat' dir='ltr'>singula</span> <span class='ocrx_word' id='word_1_1687' title='bbox 1950 3393 2143 3432; x_wconf 66' lang='lat' dir='ltr'>praedista,&amp;</span> <span class='ocrx_word' id='word_1_1688' title='bbox 2158 3401 2255 3423; x_wconf 87' lang='lat' dir='ltr'>omnia</span> <span class='ocrx_word' id='word_1_1689' title='bbox 2268 3391 2318 3421; x_wconf 88' lang='lat' dir='ltr'>alia</span> <span class='ocrx_word' id='word_1_1690' title='bbox 2334 3401 2482 3430; x_wconf 86' lang='lat' dir='ltr'>quaecum-</span> 
     </span>
     <span class='ocr_line' id='line_1_187' title="bbox 1419 3430 2482 3472; baseline 0 -10"><span class='ocrx_word' id='word_1_1691' title='bbox 1419 3442 1475 3469; x_wconf 92' lang='lat' dir='ltr'>que</span> <span class='ocrx_word' id='word_1_1692' title='bbox 1489 3442 1553 3470; x_wconf 80' lang='lat' dir='ltr'>quae</span> <span class='ocrx_word' id='word_1_1693' title='bbox 1570 3443 1619 3470; x_wconf 88' lang='lat' dir='ltr'>per</span> <span class='ocrx_word' id='word_1_1694' title='bbox 1632 3433 1721 3470; x_wconf 86' lang='lat' dir='ltr'>ipsum</span> <span class='ocrx_word' id='word_1_1695' title='bbox 1731 3433 1884 3472; x_wconf 84' lang='lat' dir='ltr'>Episcopum</span> <span class='ocrx_word' id='word_1_1696' title='bbox 1893 3434 2108 3471; x_wconf 77' lang='lat' dir='ltr'>lVyntoniensem</span> <span class='ocrx_word' id='word_1_1697' title='bbox 2123 3431 2212 3468; x_wconf 78' lang='lat' dir='ltr'>male,</span> <span class='ocrx_word' id='word_1_1698' title='bbox 2227 3431 2418 3470; x_wconf 85' lang='lat' dir='ltr'>negligenter,</span> <span class='ocrx_word' id='word_1_1699' title='bbox 2436 3430 2482 3462; x_wconf 80' lang='lat' dir='ltr'>vel</span> 
     </span>
     <span class='ocr_line' id='line_1_188' title="bbox 1419 3469 2481 3513; baseline -0.001 -13"><span class='ocrx_word' id='word_1_1700' title='bbox 1419 3471 1609 3501; x_wconf 80' lang='lat' dir='ltr'>incommode</span> <span class='ocrx_word' id='word_1_1701' title='bbox 1631 3473 1713 3504; x_wconf 67' lang='lat' dir='ltr'>Facta</span> <span class='ocrx_word' id='word_1_1702' title='bbox 1727 3495 1736 3511; x_wconf 90' lang='lat'>‚</span> <span class='ocrx_word' id='word_1_1703' title='bbox 1759 3471 1935 3512; x_wconf 70' lang='lat' dir='ltr'>Transgressa</span> <span class='ocrx_word' id='word_1_1704' title='bbox 1950 3494 1960 3509; x_wconf 84' lang='lat'>‚</span> <span class='ocrx_word' id='word_1_1705' title='bbox 1985 3471 2058 3502; x_wconf 71' lang='lat' dir='ltr'>Aeta</span> <span class='ocrx_word' id='word_1_1706' title='bbox 2070 3494 2080 3509; x_wconf 84' lang='lat'>,</span> <span class='ocrx_word' id='word_1_1707' title='bbox 2099 3469 2276 3508; x_wconf 87' lang='lat' dir='ltr'>Perpetrata,</span> <span class='ocrx_word' id='word_1_1708' title='bbox 2291 3469 2337 3500; x_wconf 88' lang='lat' dir='ltr'>vel</span> <span class='ocrx_word' id='word_1_1709' title='bbox 2369 3478 2481 3513; x_wconf 49' lang='lat' dir='ltr'>uoquoj</span> 
     </span>
     <span class='ocr_line' id='line_1_189' title="bbox 1420 3508 2478 3549; baseline -0.002 -10"><span class='ocrx_word' id='word_1_1710' title='bbox 1420 3509 1511 3540; x_wconf 90' lang='lat' dir='ltr'>modo</span> <span class='ocrx_word' id='word_1_1711' title='bbox 1526 3509 1713 3549; x_wconf 89' lang='lat' dir='ltr'>Mesprifiata,</span> <span class='ocrx_word' id='word_1_1712' title='bbox 1732 3510 1836 3549; x_wconf 61' lang='lat' dir='ltr'>Dicta,</span> <span class='ocrx_word' id='word_1_1713' title='bbox 1853 3510 1899 3542; x_wconf 89' lang='lat' dir='ltr'>vel</span> <span class='ocrx_word' id='word_1_1714' title='bbox 1911 3509 2113 3548; x_wconf 62' lang='lat' dir='ltr'>conjecturam</span> <span class='ocrx_word' id='word_1_1715' title='bbox 2124 3509 2258 3546; x_wconf 84' lang='lat' dir='ltr'>fuerunt,</span> <span class='ocrx_word' id='word_1_1716' title='bbox 2273 3508 2331 3539; x_wconf 68' lang='lat' dir='ltr'>tam</span> <span class='ocrx_word' id='word_1_1717' title='bbox 2366 3518 2382 3538; x_wconf 91' lang='lat' dir='ltr'>e</span> <span class='ocrx_word' id='word_1_1718' title='bbox 2395 3517 2478 3538; x_wconf 90' lang='lat' dir='ltr'>omni</span> 
     </span>
     <span class='ocr_line' id='line_1_190' title="bbox 1416 3545 2480 3588; baseline -0.003 -10"><span class='ocrx_word' id='word_1_1719' title='bbox 1416 3556 1550 3586; x_wconf 88' lang='lat' dir='ltr'>tempore</span> <span class='ocrx_word' id='word_1_1720' title='bbox 1569 3559 1628 3587; x_wconf 90' lang='lat' dir='ltr'>quo</span> <span class='ocrx_word' id='word_1_1721' title='bbox 1649 3550 1738 3581; x_wconf 86' lang='lat' dir='ltr'>fuerat</span> <span class='ocrx_word' id='word_1_1722' title='bbox 1750 3551 1778 3580; x_wconf 93' lang='lat' dir='ltr'>in</span> <span class='ocrx_word' id='word_1_1723' title='bbox 1792 3549 2017 3588; x_wconf 76' lang='lat' dir='ltr'>quibuscumque</span> <span class='ocrx_word' id='word_1_1724' title='bbox 2031 3547 2160 3586; x_wconf 81' lang='lat' dir='ltr'>Officiis,</span> <span class='ocrx_word' id='word_1_1725' title='bbox 2179 3546 2337 3584; x_wconf 88' lang='lat' dir='ltr'>Gradibus,</span> <span class='ocrx_word' id='word_1_1726' title='bbox 2360 3546 2406 3577; x_wconf 92' lang='lat' dir='ltr'>vel</span> <span class='ocrx_word' id='word_1_1727' title='bbox 2419 3545 2480 3576; x_wconf 88' lang='lat' dir='ltr'>Sta-</span> 
     </span>
     <span class='ocr_line' id='line_1_191' title="bbox 1418 3587 2481 3629; baseline -0.002 -13"><span class='ocrx_word' id='word_1_1728' title='bbox 1418 3588 1492 3617; x_wconf 87' lang='lat' dir='ltr'>tibus</span> <span class='ocrx_word' id='word_1_1729' title='bbox 1506 3597 1575 3617; x_wconf 89' lang='lat' dir='ltr'>curn</span> <span class='ocrx_word' id='word_1_1730' title='bbox 1596 3588 1735 3627; x_wconf 68' lang='lat' dir='ltr'>praediCto</span> <span class='ocrx_word' id='word_1_1731' title='bbox 1751 3588 1817 3618; x_wconf 89' lang='lat' dir='ltr'>Avo</span> <span class='ocrx_word' id='word_1_1732' title='bbox 1832 3587 1950 3624; x_wconf 88' lang='lat' dir='ltr'>nostro,</span> <span class='ocrx_word' id='word_1_1733' title='bbox 1969 3588 2054 3625; x_wconf 67' lang='lat' dir='ltr'>quam</span> <span class='ocrx_word' id='word_1_1734' title='bbox 2067 3587 2122 3617; x_wconf 86' lang='lat' dir='ltr'>alio</span> <span class='ocrx_word' id='word_1_1735' title='bbox 2136 3595 2268 3624; x_wconf 88' lang='lat' dir='ltr'>tempore</span> <span class='ocrx_word' id='word_1_1736' title='bbox 2280 3593 2481 3629; x_wconf 74' lang='lat' dir='ltr'>quocumque,</span> 
     </span>
     <span class='ocr_line' id='line_1_192' title="bbox 1419 3624 2481 3665; baseline -0.002 -10"><span class='ocrx_word' id='word_1_1737' title='bbox 1419 3627 1479 3655; x_wconf 73' lang='lat' dir='ltr'>tam</span> <span class='ocrx_word' id='word_1_1738' title='bbox 1501 3626 1601 3657; x_wconf 90' lang='lat' dir='ltr'>colore</span> <span class='ocrx_word' id='word_1_1739' title='bbox 1622 3626 1801 3657; x_wconf 89' lang='lat' dir='ltr'>Officiorum</span> <span class='ocrx_word' id='word_1_1740' title='bbox 1818 3650 1827 3665; x_wconf 91' lang='lat'>,</span> <span class='ocrx_word' id='word_1_1741' title='bbox 1852 3625 2021 3664; x_wconf 89' lang='lat' dir='ltr'>Graduum,</span> <span class='ocrx_word' id='word_1_1742' title='bbox 2039 3625 2085 3656; x_wconf 90' lang='lat' dir='ltr'>vel</span> <span class='ocrx_word' id='word_1_1743' title='bbox 2099 3625 2228 3656; x_wconf 79' lang='lat' dir='ltr'>Statuum</span> <span class='ocrx_word' id='word_1_1744' title='bbox 2245 3624 2375 3660; x_wconf 85' lang='lat' dir='ltr'>illorum,</span> <span class='ocrx_word' id='word_1_1745' title='bbox 2394 3631 2481 3665; x_wconf 73' lang='lat' dir='ltr'>quam</span> 
     </span>
     <span class='ocr_line' id='line_1_193' title="bbox 1418 3660 2481 3705; baseline -0.003 -11"><span class='ocrx_word' id='word_1_1746' title='bbox 1418 3664 1496 3694; x_wconf 88' lang='lat' dir='ltr'>aliter</span> <span class='ocrx_word' id='word_1_1747' title='bbox 1517 3664 1705 3703; x_wconf 90' lang='lat' dir='ltr'>quovismodo</span> <span class='ocrx_word' id='word_1_1748' title='bbox 1719 3688 1729 3703; x_wconf 89' lang='lat'>,</span> <span class='ocrx_word' id='word_1_1749' title='bbox 1755 3666 1788 3696; x_wconf 92' lang='lat'>&amp;</span> <span class='ocrx_word' id='word_1_1750' title='bbox 1810 3664 1945 3703; x_wconf 84' lang='lat' dir='ltr'>quicquid</span> <span class='ocrx_word' id='word_1_1751' title='bbox 1968 3664 2002 3695; x_wconf 82' lang='lat' dir='ltr'>ad</span> <span class='ocrx_word' id='word_1_1752' title='bbox 2017 3664 2130 3695; x_wconf 50' lang='lat' dir='ltr'>dmum</span> <span class='ocrx_word' id='word_1_1753' title='bbox 2145 3664 2244 3694; x_wconf 78' lang='lat' dir='ltr'>Avum</span> <span class='ocrx_word' id='word_1_1754' title='bbox 2255 3660 2384 3705; x_wconf 74' lang='lat' dir='ltr'>nostrum</span> <span class='ocrx_word' id='word_1_1755' title='bbox 2399 3669 2481 3704; x_wconf 76' lang='lat' dir='ltr'>perti-</span> 
     </span>
     <span class='ocr_line' id='line_1_194' title="bbox 1419 3698 2482 3744; baseline -0.005 -12"><span class='ocrx_word' id='word_1_1756' title='bbox 1419 3704 1497 3742; x_wconf 90' lang='lat' dir='ltr'>nuit,</span> <span class='ocrx_word' id='word_1_1757' title='bbox 1514 3704 1560 3734; x_wconf 89' lang='lat' dir='ltr'>seu</span> <span class='ocrx_word' id='word_1_1758' title='bbox 1581 3703 1616 3734; x_wconf 93' lang='lat' dir='ltr'>ad</span> <span class='ocrx_word' id='word_1_1759' title='bbox 1638 3703 1707 3734; x_wconf 88' lang='lat' dir='ltr'>Nos</span> <span class='ocrx_word' id='word_1_1760' title='bbox 1727 3704 1864 3742; x_wconf 89' lang='lat' dir='ltr'>pertinet,</span> <span class='ocrx_word' id='word_1_1761' title='bbox 1882 3712 1927 3734; x_wconf 91' lang='lat' dir='ltr'>aut</span> <span class='ocrx_word' id='word_1_1762' title='bbox 1942 3704 2078 3741; x_wconf 86' lang='lat' dir='ltr'>pertinere</span> <span class='ocrx_word' id='word_1_1763' title='bbox 2094 3703 2197 3740; x_wconf 90' lang='lat' dir='ltr'>poterit</span> <span class='ocrx_word' id='word_1_1764' title='bbox 2232 3709 2285 3739; x_wconf 89' lang='lat' dir='ltr'>pro</span> <span class='ocrx_word' id='word_1_1765' title='bbox 2299 3698 2404 3744; x_wconf 81' lang='lat' dir='ltr'>eisdem</span> <span class='ocrx_word' id='word_1_1766' title='bbox 2418 3708 2482 3735; x_wconf 90' lang='lat' dir='ltr'>qui-</span> 
     </span>
     <span class='ocr_line' id='line_1_195' title="bbox 1420 3735 2483 3780; baseline -0.002 -9"><span class='ocrx_word' id='word_1_1767' title='bbox 1420 3741 1598 3779; x_wconf 90' lang='lat' dir='ltr'>buscumque</span> <span class='ocrx_word' id='word_1_1768' title='bbox 1618 3742 1745 3773; x_wconf 85' lang='lat' dir='ltr'>Ratione</span> <span class='ocrx_word' id='word_1_1769' title='bbox 1759 3766 1768 3779; x_wconf 91' lang='lat'>,</span> <span class='ocrx_word' id='word_1_1770' title='bbox 1786 3741 1880 3773; x_wconf 70' lang='lat' dir='ltr'>Causa</span> <span class='ocrx_word' id='word_1_1771' title='bbox 1892 3766 1903 3779; x_wconf 96' lang='lat'>,</span> <span class='ocrx_word' id='word_1_1772' title='bbox 1925 3743 1971 3773; x_wconf 89' lang='lat' dir='ltr'>vel</span> <span class='ocrx_word' id='word_1_1773' title='bbox 1985 3741 2098 3772; x_wconf 90' lang='lat' dir='ltr'>Colore</span> <span class='ocrx_word' id='word_1_1774' title='bbox 2110 3764 2120 3779; x_wconf 88' lang='lat'>,</span> <span class='ocrx_word' id='word_1_1775' title='bbox 2134 3751 2193 3779; x_wconf 84' lang='lat' dir='ltr'>prae</span> <span class='ocrx_word' id='word_1_1776' title='bbox 2221 3747 2252 3769; x_wconf 88' lang='lat' dir='ltr'>to</span> <span class='ocrx_word' id='word_1_1777' title='bbox 2263 3735 2483 3780; x_wconf 55' lang='lat' dir='ltr'>EptfiopvsssVyn-</span> 
     </span>
     <span class='ocr_line' id='line_1_196' title="bbox 1419 3773 2482 3822; baseline 0.002 -15"><span class='ocrx_word' id='word_1_1778' title='bbox 1419 3780 1529 3819; x_wconf 77' lang='lat' dir='ltr'>tonienfi</span> <span class='ocrx_word' id='word_1_1779' title='bbox 1552 3780 1799 3811; x_wconf 74' lang='lat' dir='ltr'>REMrSiMus</span> <span class='ocrx_word' id='word_1_1780' title='bbox 1817 3803 1827 3819; x_wconf 95' lang='lat'>,</span> <span class='ocrx_word' id='word_1_1781' title='bbox 1850 3778 2230 3822; x_wconf 60' lang='lat' dir='ltr'>ermxxaviiuusssc²</span> <span class='ocrx_word' id='word_1_1782' title='bbox 2247 3773 2429 3821; x_wconf 29' lang='lat' dir='ltr'>pro—N0b152</span> <span class='ocrx_word' id='word_1_1783' title='bbox 2447 3776 2482 3807; x_wconf 90' lang='lat'>&amp;</span> 
     </span>
     <span class='ocr_line' id='line_1_197' title="bbox 1418 3814 2483 3858; baseline -0.006 -10"><span class='ocrx_word' id='word_1_1784' title='bbox 1418 3816 1589 3849; x_wconf 83' lang='lat' dir='ltr'>Haeredibus</span> <span class='ocrx_word' id='word_1_1785' title='bbox 1604 3819 1724 3858; x_wconf 84' lang='lat' dir='ltr'>nostris,</span> <span class='ocrx_word' id='word_1_1786' title='bbox 1742 3819 1756 3849; x_wconf 93' lang='lat' dir='ltr'>I</span> <span class='ocrx_word' id='word_1_1787' title='bbox 1766 3827 1793 3849; x_wconf 85' lang='lat' dir='ltr'>M</span> <span class='ocrx_word' id='word_1_1788' title='bbox 1802 3828 1819 3849; x_wconf 72' lang='grc' dir='ltr'>Ρ</span> <span class='ocrx_word' id='word_1_1789' title='bbox 1829 3828 1846 3849; x_wconf 79' lang='grc' dir='ltr'>ε</span> <span class='ocrx_word' id='word_1_1790' title='bbox 1855 3828 1878 3849; x_wconf 86' lang='lat' dir='ltr'>R</span> <span class='ocrx_word' id='word_1_1791' title='bbox 1889 3828 1908 3848; x_wconf 69' lang='grc' dir='ltr'>Ρ</span> <span class='ocrx_word' id='word_1_1792' title='bbox 1916 3828 1933 3849; x_wconf 81' lang='lat' dir='ltr'>E</span> <span class='ocrx_word' id='word_1_1793' title='bbox 1942 3827 1965 3848; x_wconf 78' lang='lat' dir='ltr'>T</span> <span class='ocrx_word' id='word_1_1794' title='bbox 1974 3827 1996 3848; x_wconf 83' lang='grc' dir='ltr'><em>υ</em></span> <span class='ocrx_word' id='word_1_1795' title='bbox 2006 3827 2029 3848; x_wconf 80' lang='lat' dir='ltr'>u</span> <span class='ocrx_word' id='word_1_1796' title='bbox 2040 3826 2083 3856; x_wconf 83' lang='lat' dir='ltr'>M,</span> <span class='ocrx_word' id='word_1_1797' title='bbox 2101 3816 2248 3857; x_wconf 46' lang='lat' dir='ltr'>totaliter,</span> <span class='ocrx_word' id='word_1_1798' title='bbox 2256 3814 2289 3856; x_wconf 71' lang='grc' dir='ltr'>ὃς</span> <span class='ocrx_word' id='word_1_1799' title='bbox 2305 3821 2430 3858; x_wconf 81' lang='lat' dir='ltr'>integre,</span> <span class='ocrx_word' id='word_1_1800' title='bbox 2448 3822 2483 3844; x_wconf 82' lang='lat' dir='ltr'>ex</span> 
     </span>
     <span class='ocr_line' id='line_1_198' title="bbox 1418 3851 2483 3895; baseline -0.003 -9"><span class='ocrx_word' id='word_1_1801' title='bbox 1418 3865 1493 3887; x_wconf 87' lang='lat' dir='ltr'>certa</span> <span class='ocrx_word' id='word_1_1802' title='bbox 1509 3857 1632 3888; x_wconf 87' lang='lat' dir='ltr'>Scientia</span> <span class='ocrx_word' id='word_1_1803' title='bbox 1643 3857 1739 3888; x_wconf 89' lang='lat' dir='ltr'>nostra</span> <span class='ocrx_word' id='word_1_1804' title='bbox 1753 3881 1763 3895; x_wconf 97' lang='lat'>,</span> <span class='ocrx_word' id='word_1_1805' title='bbox 1791 3857 1814 3888; x_wconf 93' lang='lat' dir='ltr'>P</span> <span class='ocrx_word' id='word_1_1806' title='bbox 1824 3868 1843 3887; x_wconf 80' lang='lat' dir='ltr'>A</span> <span class='ocrx_word' id='word_1_1807' title='bbox 1854 3867 1877 3887; x_wconf 83' lang='lat' dir='ltr'>R</span> <span class='ocrx_word' id='word_1_1808' title='bbox 1888 3867 1910 3887; x_wconf 88' lang='lat' dir='ltr'>D</span> <span class='ocrx_word' id='word_1_1809' title='bbox 1918 3867 1939 3886; x_wconf 94' lang='lat' dir='ltr'>o</span> <span class='ocrx_word' id='word_1_1810' title='bbox 1951 3865 1974 3887; x_wconf 76' lang='lat' dir='ltr'>N</span> <span class='ocrx_word' id='word_1_1811' title='bbox 1985 3867 2005 3887; x_wconf 79' lang='lat' dir='ltr'>A</span> <span class='ocrx_word' id='word_1_1812' title='bbox 2014 3867 2033 3887; x_wconf 91' lang='lat' dir='ltr'>v</span> <span class='ocrx_word' id='word_1_1813' title='bbox 2042 3866 2053 3886; x_wconf 95' lang='lat'>1</span> <span class='ocrx_word' id='word_1_1814' title='bbox 2063 3865 2091 3886; x_wconf 84' lang='lat' dir='ltr'><strong>M</strong></span> <span class='ocrx_word' id='word_1_1815' title='bbox 2100 3864 2124 3885; x_wconf 88' lang='lat' dir='ltr'>u</span> <span class='ocrx_word' id='word_1_1816' title='bbox 2132 3864 2145 3885; x_wconf 85' lang='lat' dir='ltr'>s</span> <span class='ocrx_word' id='word_1_1817' title='bbox 2168 3853 2204 3883; x_wconf 93' lang='lat' dir='ltr'>de</span> <span class='ocrx_word' id='word_1_1818' title='bbox 2220 3851 2302 3882; x_wconf 67' lang='lat' dir='ltr'>dietis</span> <span class='ocrx_word' id='word_1_1819' title='bbox 2317 3851 2483 3883; x_wconf 75' lang='lat' dir='ltr'>AVisamen-</span> 
     </span>
     <span class='ocr_line' id='line_1_199' title="bbox 1419 3894 2191 3933; baseline -0.004 -10"><span class='ocrx_word' id='word_1_1820' title='bbox 1419 3902 1450 3924; x_wconf 92' lang='lat' dir='ltr'>to</span> <span class='ocrx_word' id='word_1_1821' title='bbox 1465 3895 1499 3925; x_wconf 88' lang='lat'>&amp;</span> <span class='ocrx_word' id='word_1_1822' title='bbox 1515 3895 1651 3933; x_wconf 84' lang='lat' dir='ltr'>Affensu,</span> <span class='ocrx_word' id='word_1_1823' title='bbox 1669 3895 1741 3925; x_wconf 72' lang='lat' dir='ltr'>died</span> <span class='ocrx_word' id='word_1_1824' title='bbox 1754 3895 1899 3926; x_wconf 87' lang='lat' dir='ltr'>Avunculi</span> <span class='ocrx_word' id='word_1_1825' title='bbox 1911 3895 2000 3925; x_wconf 91' lang='lat' dir='ltr'>nostri</span> <span class='ocrx_word' id='word_1_1826' title='bbox 2013 3896 2047 3926; x_wconf 90' lang='lat'>&amp;</span> <span class='ocrx_word' id='word_1_1827' title='bbox 2061 3894 2191 3924; x_wconf 87' lang='lat' dir='ltr'>aliorum:</span> 
     </span>
    </p>

    <p class='ocr_par' dir='ltr' id='par_1_23' title="bbox 1419 3929 2483 4010">
     <span class='ocr_line' id='line_1_200' title="bbox 1453 3929 2483 3973; baseline -0.002 -11"><span class='ocrx_word' id='word_1_1828' title='bbox 1453 3933 1599 3965; x_wconf 87' lang='lat' dir='ltr'>Nolentes</span> <span class='ocrx_word' id='word_1_1829' title='bbox 1638 3934 1699 3964; x_wconf 77' lang='lat' dir='ltr'>uod</span> <span class='ocrx_word' id='word_1_1830' title='bbox 1719 3934 1870 3971; x_wconf 63' lang='lat' dir='ltr'>praedidffis</span> <span class='ocrx_word' id='word_1_1831' title='bbox 1887 3933 2026 3973; x_wconf 79' lang='lat' dir='ltr'>Episcopus</span> <span class='ocrx_word' id='word_1_1832' title='bbox 2046 3933 2205 3970; x_wconf 74' lang='lat' dir='ltr'>Wyntonien</span> <span class='ocrx_word' id='word_1_1833' title='bbox 2217 3940 2238 3958; x_wconf 85' lang='lat'>15</span> <span class='ocrx_word' id='word_1_1834' title='bbox 2252 3952 2262 3968; x_wconf 77' lang='lat'>,</span> <span class='ocrx_word' id='word_1_1835' title='bbox 2286 3929 2483 3968; x_wconf 77' lang='lat' dir='ltr'>Succeffore8‚</span> 
     </span>
     <span class='ocr_line' id='line_1_201' title="bbox 1419 3945 2483 4010; baseline -0.003 -9"><span class='ocrx_word' id='word_1_1836' title='bbox 1419 3969 1577 4010; x_wconf 83' lang='lat' dir='ltr'>Haeredes,</span> <span class='ocrx_word' id='word_1_1837' title='bbox 1595 3945 1639 4003; x_wconf 54' lang='lat' dir='ltr'>vgl</span> <span class='ocrx_word' id='word_1_1838' title='bbox 1655 3972 1830 4003; x_wconf 73' lang='lat' dir='ltr'>Executores</span> <span class='ocrx_word' id='word_1_1839' title='bbox 1846 3973 1902 4009; x_wconf 88' lang='lat' dir='ltr'>sui,</span> <span class='ocrx_word' id='word_1_1840' title='bbox 1917 3980 1964 4002; x_wconf 93' lang='lat' dir='ltr'>aut</span> <span class='ocrx_word' id='word_1_1841' title='bbox 1977 3971 2130 4000; x_wconf 87' lang='lat' dir='ltr'>Terrarum</span> <span class='ocrx_word' id='word_1_1842' title='bbox 2142 3967 2251 3998; x_wconf 88' lang='lat' dir='ltr'>suarum</span> <span class='ocrx_word' id='word_1_1843' title='bbox 2265 3967 2429 4006; x_wconf 84' lang='lat' dir='ltr'>Tenenres,</span> <span class='ocrx_word' id='word_1_1844' title='bbox 2446 3967 2483 3998; x_wconf 89' lang='lat' dir='ltr'>de</span> 
     </span>
    </p>
   </div>
   <div class='ocr_carea' id='block_1_9' title="bbox 1419 4006 2610 4048">
    <p class='ocr_par' dir='ltr' id='par_1_24' title="bbox 1419 4006 2610 4048">
     <span class='ocr_line' id='line_1_202' title="bbox 1419 4006 2610 4048; baseline -0.004 -9"><span class='ocrx_word' id='word_1_1845' title='bbox 1419 4018 1542 4048; x_wconf 87' lang='lat' dir='ltr'>caetero,</span> <span class='ocrx_word' id='word_1_1846' title='bbox 1558 4011 1669 4041; x_wconf 86' lang='lat' dir='ltr'>Futuris</span> <span class='ocrx_word' id='word_1_1847' title='bbox 1688 4012 1709 4030; x_wconf 70' lang='lat'>³*</span> <span class='ocrx_word' id='word_1_1848' title='bbox 1724 4011 1921 4048; x_wconf 82' lang='lat' dir='ltr'>Temporibus</span> <span class='ocrx_word' id='word_1_1849' title='bbox 1954 4007 2104 4038; x_wconf 84' lang='lat' dir='ltr'>occafione</span> <span class='ocrx_word' id='word_1_1850' title='bbox 2116 4006 2275 4044; x_wconf 85' lang='lat' dir='ltr'>hujusmodi</span> <span class='ocrx_word' id='word_1_1851' title='bbox 2289 4006 2483 4043; x_wconf 85' lang='lat' dir='ltr'>Debitorum,</span> <span class='ocrx_word' id='word_1_1852' title='bbox 2501 4007 2522 4026; x_wconf 82' lang='lat'>¹¹¹</span> <span class='ocrx_word' id='word_1_1853' title='bbox 2544 4006 2610 4034; x_wconf 88' lang='lat' dir='ltr'>v11.</span> 
     </span>
    </p>
   </div>
   <div class='ocr_carea' id='block_1_10' title="bbox 1420 4031 2485 4118">
    <p class='ocr_par' dir='ltr' id='par_1_25' title="bbox 1420 4031 2485 4118">
     <span class='ocr_line' id='line_1_203' title="bbox 1420 4031 2484 4113; baseline -0.003 -35"><span class='ocrx_word' id='word_1_1854' title='bbox 1420 4045 1639 4086; x_wconf 79' lang='lat' dir='ltr'>Compotorum</span> <span class='ocrx_word' id='word_1_1855' title='bbox 1655 4073 1665 4087; x_wconf 89' lang='lat'>,</span> <span class='ocrx_word' id='word_1_1856' title='bbox 1689 4048 1886 4080; x_wconf 82' lang='lat' dir='ltr'>Praestitorutn</span> <span class='ocrx_word' id='word_1_1857' title='bbox 1899 4069 1911 4086; x_wconf 83' lang='lat'>,</span> <span class='ocrx_word' id='word_1_1858' title='bbox 1929 4031 2064 4086; x_wconf 42' lang='lat' dir='ltr'>bimum,</span> <span class='ocrx_word' id='word_1_1859' title='bbox 2084 4043 2484 4113; x_wconf 52' lang='grc' dir='ltr'>Αωετείαωεηῑοωωῖϋξὲἰ-</span> 
     </span>
     <span class='ocr_line' id='line_1_204' title="bbox 2474 4104 2485 4118; baseline 0 0"><span class='ocrx_word' id='word_1_1860' title='bbox 2474 4104 2485 4118; x_wconf 67' lang='lat'><em>2</em></span> 
     </span>
    </p>
   </div>
   <div class='ocr_carea' id='block_1_11' title="bbox 2491 1072 2586 1146">
    <p class='ocr_par' dir='ltr' id='par_1_26' title="bbox 2491 1072 2586 1146">
     <span class='ocr_line' id='line_1_205' title="bbox 2491 1072 2586 1101; baseline 0.011 -1"><span class='ocrx_word' id='word_1_1861' title='bbox 2491 1072 2505 1088; x_wconf 66' lang='lat'><strong><em>⁴</em></strong></span> <span class='ocrx_word' id='word_1_1862' title='bbox 2517 1073 2586 1101; x_wconf 87' lang='lat' dir='ltr'>v11.</span> 
     </span>
     <span class='ocr_line' id='line_1_206' title="bbox 2495 1112 2556 1146; baseline 0.033 -9"><span class='ocrx_word' id='word_1_1863' title='bbox 2495 1112 2556 1146; x_wconf 82' lang='lat'><strong>¹⁶7·</strong></span> 
     </span>
    </p>
   </div>
   <div class='ocr_carea' id='block_1_12' title="bbox 2507 4045 2567 4074">
    <p class='ocr_par' dir='ltr' id='par_1_27' title="bbox 2507 4045 2567 4074">
     <span class='ocr_line' id='line_1_207' title="bbox 2507 4045 2567 4074; baseline 0.017 -1"><span class='ocrx_word' id='word_1_1864' title='bbox 2507 4045 2567 4074; x_wconf 80' lang='lat'>168.</span> 
     </span>
    </p>
   </div>
   <div class='ocr_carea' id='block_1_13' title="bbox 1517 4360 2791 4368">
    <p class='ocr_par' dir='ltr' id='par_1_28' title="bbox 1517 4360 2791 4368">
     <span class='ocr_line' id='line_1_208' title="bbox 1517 4360 2791 4368; baseline 0 5"><span class='ocrx_word' id='word_1_1865' title='bbox 1517 4360 2791 4368; x_wconf 95' lang='lat' dir='ltr'> </span> 
     </span>
    </p>
   </div>
   <div class='ocr_carea' id='block_1_14' title="bbox 2638 0 2912 1868">
    <p class='ocr_par' dir='ltr' id='par_1_29' title="bbox 2638 0 2912 1868">
     <span class='ocr_line' id='line_1_209' title="bbox 2638 0 2912 1868; baseline 0 0"><span class='ocrx_word' id='word_1_1866' title='bbox 2638 0 2912 1868; x_wconf 95' lang='lat' dir='ltr'> </span> 
     </span>
    </p>
   </div>
   <div class='ocr_carea' id='block_1_15' title="bbox 2746 1916 2912 2621">
    <p class='ocr_par' dir='ltr' id='par_1_30' title="bbox 2746 1916 2912 2621">
     <span class='ocr_line' id='line_1_210' title="bbox 2746 1916 2912 2621; baseline 0 1747"><span class='ocrx_word' id='word_1_1867' title='bbox 2746 1916 2912 2621; x_wconf 95' lang='lat' dir='ltr'> </span> 
     </span>
    </p>
   </div>
   <div class='ocr_carea' id='block_1_16' title="bbox 2678 2967 2912 3876">
    <p class='ocr_par' dir='ltr' id='par_1_31' title="bbox 2678 2967 2912 3876">
     <span class='ocr_line' id='line_1_211' title="bbox 2678 2967 2912 3876; baseline 0 0"><span class='ocrx_word' id='word_1_1868' title='bbox 2678 2967 2912 3876; x_wconf 95' lang='lat' dir='ltr'> </span> 
     </span>
    </p>
   </div>
   <div class='ocr_carea' id='block_1_17' title="bbox 2906 930 2912 2202">
    <p class='ocr_par' dir='ltr' id='par_1_32' title="bbox 2906 930 2912 2202">
     <span class='ocr_line' id='line_1_212' title="bbox 2906 930 2912 2202; baseline 0 0"><span class='ocrx_word' id='word_1_1869' title='bbox 2906 930 2912 2202; x_wconf 95' lang='lat' dir='ltr'> </span> 
     </span>
    </p>
   </div>
  </div>
 </body>
</html>
