2561 4251
176 106 227 154 56

25 183 107 216 Anu.
123 184 164 217 D.
208 185 243 216 In
260 185 404 216 Dominio
419 183 517 214 nostro
528 182 672 212 antedicto
687 189 800 218 tenere,
817 180 851 211 δε
864 179 903 209 eis
918 176 1039 219 gaudere
1053 170 1236 214 permittatis,

51 225 138 264 1362.
173 225 275 265 absque
300 225 434 264 aliquibus
455 221 642 252 Novitatibus
662 220 708 250 seu
730 217 972 255 Imperitionibus,
993 212 1085 244 eidem
1105 210 1237 245 Comm,

27 264 98 291 Edv.
117 273 144 301 3.
176 264 221 294 seu
237 271 334 294 contra
353 261 459 300 ipsum,
475 260 589 289 interim
600 257 807 296 attemptandis.
1006 290 1011 295 ,
1127 287 1141 292 Ν

206 301 273 333 Dat.
287 301 360 339 apud
374 297 661 330 Westmonastenum
670 319 680 336 ,
698 296 834 328 vicesimo
845 291 970 324 secundo
983 288 1030 320 die
1046 286 1153 318 Martii.

858 371 911 399 Per
926 366 1009 408 ipsicm
1025 368 1131 403 Regem.

174 506 222 537 De
246 504 369 547 Corpore
393 497 547 545 Johannis
575 497 611 530 de
635 492 847 530 Lucembruch
871 492 1005 538 defunfli
1023 516 1033 531 ,
1070 486 1114 522 ad
1138 495 1241 534 partes

349 548 608 593 Transmarinas‚
632 545 676 587 ad
689 541 897 590 sepeliendum
921 539 1063 574 ducendo.

29 630 106 662 Arm·
124 629 166 662 D.
181 631 305 688 REX
324 632 566 670 Vicecomitibus,
594 631 768 669 Majoribus,
786 627 914 664 Ballivis,
932 623 1086 662 Ministris,
1105 620 1241 652 Custodi-

53 670 139 709 1362-
207 709 212 714 ⁸
259 672 309 701 bus
325 671 464 702 Portuum
480 670 588 709 Maris,
604 672 638 701 ὃ(
650 670 707 700 aliis
720 667 861 699 Fidelibus
874 666 943 704 suis,
959 663 993 694 ad
1007 672 1080 701 quos
1094 662 1242 700 praesentes

28 713 82 735 An.
102 711 145 744 36-
178 708 280 739 Literae
298 711 493 748 pervenerint,
508 709 642 740 Salutem.

28 751 60 774 E.
81 756 106 782 3-
210 748 308 778 Sciatis
323 748 404 787 quod
414 770 424 786 ,

28 786 166 821 Fraac.36.
212 785 292 816 Cum
303 786 447 825 johannes
459 787 495 816 de
511 784 714 816 Lucemburch
733 783 834 820 Miles,
853 780 1026 812 Castellanus
1038 777 1076 822 de
1087 775 1194 821 Insula,

28 827 57 850 Ε·
88 831 113 859 3-
211 824 301 854 Obses
316 836 386 864 pro,
403 824 545 855 cariffimo
560 824 652 854 Fratre
666 823 781 859 nostro,
802 821 884 858 Rege
907 820 1051 856 Franciae,
1069 827 1100 847 in
1113 815 1239 847 C1V1tate

28 870 66 888 ¹7²·
88 868 132 896 ¹4·
171 862 269 893 nostra
284 864 446 894 Londoniae
463 864 537 893 viam
552 862 685 893 universae
698 861 798 891 Carnis
814 860 845 890 sit
860 857 1011 897 ingressus,
1111 893 1116 898 .

213 901 326 940 Corpus
340 903 420 933 suum
442 903 470 931 in
490 901 614 940 quodam
631 899 808 931 Monasterio
829 898 925 928 Sancti
945 893 1118 925 Christofori
1137 890 1242 935 deDFa-

169 940 281 1010 {dempni
300 942 330 971 in
353 941 488 978 FranCia,
506 942 535 970 in
557 939 656 970 ultima
679 938 833 969 Voluntate
854 936 919 973 sua,
940 934 1073 972 legaverit
1093 931 1239 969 809011011-

193 990 240 1010 um

213 1018 247 1048 N
251 1002 282 1048 ’os
293 1041 302 1057 ,
324 1018 566 1055 contemplatione
585 1016 656 1047 disti
676 1015 777 1046 Fratris
797 1012 902 1052 nostri,
920 1011 1048 1041 volentes
1063 1015 1190 1051 gratiam
1208 1015 1238 1035 in

172 1055 228 1087 hac
247 1067 322 1096 parte
343 1058 433 1087 facere
459 1057 625 1094 specialem,
648 1053 837 1084 concessimus
855 1052 888 1082 &
913 1050 1072 1093 Licentiam
1091 1045 1241 1089 dedimuS,

172 1096 281 1126 Amicis
300 1098 332 1126 &
349 1096 541 1125 Servientibus
564 1092 798 1132 didfiJohannis,
818 1090 898 1128 quod
919 1090 969 1127 ipii
986 1087 1100 1124 Corpus
1117 1082 1238 1127 eiusdem

169 1134 325 1173 Johannis,
344 1145 358 1162 a
374 1133 497 1163 Civitate
510 1133 606 1163 nostra
622 1131 797 1166 Londoniae,
817 1129 903 1166 usque
916 1127 950 1158 ad
967 1126 1069 1163 Mare,
1087 1124 1120 1154 &
1136 1120 1237 1152 abinde

172 1173 257 1212 usque
269 1173 301 1202 ad
316 1172 427 1202 dictum
443 1171 654 1202 Monasterium
673 1169 770 1200 Sancti
785 1166 976 1204 Christofori,
991 1166 1093 1195 ducere
1115 1159 1238 1199 possint,
1273 1181 1318 1213 EM

175 1211 283 1242 ibidem
299 1210 517 1250 sepeliendum,
532 1211 605 1247 juxta
619 1208 803 1239 Voluntatem
814 1206 890 1236 suam
905 1205 1096 1245 praedictam,

214 1250 251 1280 Et
266 1250 331 1279 ideo
345 1249 428 1280 vobis
444 1249 609 1278 mandamus
624 1246 703 1286 quod
720 1245 839 1276 Amicos
861 1244 895 1274 &
911 1243 1068 1273 Servientes
1091 1238 1172 1284 ipsius
1185 1236 1240 1306 {1⁰-

177 1289 292 1326 hannis,
310 1286 423 1326 Corpus
439 1287 560 1326 ejusdem
592 1285 724 1322 ohannis,
742 1293 810 1314 curn
833 1283 967 1321 Qatuor
981 1279 1165 1321 FalconibuS,
1210 1286 1241 1306 e-

177 1328 258 1358 cunia
268 1350 277 1363 ,
292 1327 325 1357 ὃ(
341 1327 398 1356 aliis
411 1326 496 1356 Bonis
508 1327 541 1356 &
604 1324 672 1355 tallis
687 1324 739 1353 suis
750 1345 759 1360 ,
777 1322 810 1352 ad
825 1322 910 1352 dictas
924 1329 1013 1360 partes
1028 1318 1050 1348 F
1052 1326 1170 1354 raneiae,
1190 1324 1242 1360 pro

174 1365 324 1405 Sepultura
339 1364 384 1395 sua
400 1365 505 1395 ibidem
519 1362 663 1400 facienda,
683 1362 750 1392 sicut
766 1360 934 1400 praedictum
948 1358 1006 1396 est,
1023 1368 1039 1388 a
1058 1355 1137 1401 (11ᾃᾶ
1159 1353 1243 1384 er·

175 1413 231 1436 tate
247 1403 341 1434 nostra
357 1404 517 1433 Londoniae
530 1402 634 1433 ducere
650 1400 815 1440 permittatis
831 1400 859 1429 in
876 1397 969 1428 forma
983 1395 1134 1437 praedicta
1154 1433 1158 1438 ι

213 1442 331 1473 Proviso
353 1443 462 1482 semper
484 1441 563 1481 quod
587 1441 695 1478 Arcus,
713 1439 848 1478 SagittaS,
873 1437 918 1467 seu
942 1436 1107 1466 Armaturas
1127 1432 1246 1476 aliquas,

175 1491 222 1512 aut
241 1481 347 1511 Literas
360 1481 510 1520 suspectas,
529 1484 574 1510 ieu
589 1479 689 1517 Equos
703 1479 830 1516 aliquos,
849 1483 896 1505 aut
909 1475 998 1514 aliqua
1009 1474 1062 1504 alia
1075 1473 1158 1506 nobis
1171 1479 1245 1509 prae-

176 1519 330 1589 judlicialia‚
347 1519 445 1550 secum
460 1530 519 1549 non
534 1519 662 1549 deferant
678 1518 780 1555 quovis
797 1515 897 1545 modo.

232 1569 250 1588 n
267 1558 346 1588 cu'us
381 1559 441 1588 &c.

193 1635 208 1640 „-
252 1568 341 1627 Teii:
353 1581 440 1637 ’Rege
454 1595 529 1636 apud
542 1593 850 1631 Westmonasterium,
868 1590 1006 1622 vicesimo
1019 1588 1097 1620 sexto
1111 1587 1156 1618 die
1166 1584 1248 1616 Mar-

179 1643 221 1666 tu.

920 1670 973 1697 Per
991 1665 1143 1696 Concilium.

541 1802 599 1832 Pro
622 1797 709 1829 Duce
731 1792 891 1828 meoniae.

31 1888 109 1920 Ann.
130 1887 166 1918 D.
189 1884 330 1942 REX,
350 1885 411 1928 &c.
431 1883 564 1931 Salutem.
605 1922 610 1927 ³
698 1921 703 1927 ⁸
871 1920 876 1925 .

58 1927 142 1966 1362.
283 1926 383 1954 Sciatis
405 1922 485 1960 quod
509 1922 676 1962 suscepimus
696 1931 725 1951 in
749 1919 965 1950 protectionem
987 1918 1021 1949 &
1042 1916 1250 1948 Defensionem

32 1971 84 1994 An.
106 1968 148 1999 36-
186 1962 327 2000 nostram,
354 1971 470 1992 necnon
494 1962 523 1990 in
545 1961 650 1991 salvum
676 1960 709 1990 δε
735 1959 862 1990 securum
889 1957 1078 1988 Conductum
1101 1956 1250 1995 nostrum,

31 2008 63 2033 Ε.
85 1999 111 2040 3Ῑ
184 2000 334 2031 Tliomam
356 2001 391 2031 de
413 1999 555 2038 Stafford,
583 1999 728 2028 Valettum
752 1997 846 2028 Ducis
866 1996 1019 2026 Burboniae
1034 2018 1044 2033 ,
1062 1995 1177 2033 eundo,
1197 2004 1250 2034 pro

67 2042 132 2071 lbid.
184 2040 321 2079 Negotiis
333 2041 412 2077 ipz'ius
421 2038 529 2076 Ducis,
546 2039 579 2068 ad
593 2047 682 2076 partes
700 2037 844 2076 Franciae,
862 2035 971 2066 ibidem
985 2032 1142 2072 morand0‚
1161 2035 1251 2065 &ex-

182 2080 251 2109 inde
266 2080 295 2108 iu
313 2079 445 2115 Angliam
463 2077 624 2114 redeundo,

216 2116 253 2148 Et
267 2118 332 2148 ideo
349 2117 445 2154 vobis,
462 2114 493 2150 cr}
503 2127 522 2145 c.
536 2123 618 2154 prout
633 2118 661 2144 in
669 2112 803 2155 fimilibus
820 2113 853 2143 de
871 2112 1008 2143 Condublu
1026 2113 1142 2142 Literis.

337 2245 396 2275 Pro
421 2244 534 2274 Comae
558 2238 594 2272 de
617 2237 767 2273 Vendome
789 2241 825 2277 ω’*
851 2240 963 2271 Fratre
986 2238 1061 2283 ejus.

35 2338 165 2370 ,ann-D·
185 2327 334 2390 COnies
349 2327 384 2357 de
400 2325 553 2356 Vcndome
573 2325 605 2355 Sc
620 2323 722 2354 Simon
738 2323 773 2353 de
795 2322 968 2361 Vendome,
989 2323 1086 2354 Frater
1109 2323 1183 2361 ejm,
1201 2321 1251 2352 ha-

56 2382 141 2418 1362.
259 2368 326 2397 berit
346 2366 452 2395 Literas
466 2364 554 2402 Regis
566 2362 601 2392 de
617 2363 692 2392 salvo
705 2361 865 2392 conductu
880 2362 1038 2398 (videlicet)
1062 2362 1179 2400 quilibet
1201 2371 1253 2392 eo-

33 2422 87 2446 An,
110 2420 142 2454 35
186 2417 251 2438 rum
264 2405 406 2435 veniendo
421 2405 449 2432 in
466 2402 601 2441 Regnum
618 2402 748 2439 Angliae,
764 2410 831 2431 cum
845 2400 950 2430 Tribus
964 2399 1108 2430 Militibus
1119 2401 1152 2431 &
1168 2400 1254 2430 Duo-

34 2461 65 2485 13.
85 2465 109 2482 ,,
146 2440 153 2446 ’
186 2446 281 2476 decim
299 2443 462 2479 Scutiferis,
477 2440 643 2478 Capelllanis
658 2441 690 2470 esc
707 2438 846 2477 Clericis,
865 2440 894 2469 in
908 2438 1058 2469 Comitiva
1073 2438 1136 2475 sua,
1153 2439 1185 2469 &
1202 2448 1253 2469 eo-

71 2475 137 2523 gzid‚
188 2494 251 2515 rum
268 2483 388 2512 familiis
404 2481 436 2511 δε
460 2479 561 2518 Equis,
576 2478 719 2508 Hernefiis
741 2479 774 2508 ὃ(
797 2477 900 2515 Bonis,
918 2477 1024 2507 ibidem
1043 2478 1201 2514 morando,
1219 2477 1252 2507 &

187 2522 289 2553 exinde
306 2523 333 2550 in
346 2520 493 2561 franciam
508 2517 666 2555 redeundo,
685 2516 769 2554 usque
789 2516 824 2546 ad
838 2516 955 2546 Festum
968 2515 1068 2546 Sansti
1084 2515 1251 2554 Michaelis,

188 2561 322 2600 proximo
337 2561 479 2594 iuturum,
495 2558 644 2587 duraturas.

223 2599 292 2630 Dat.
308 2599 381 2636 apud
397 2594 702 2632 Westmonasterium,
719 2593 860 2625 tricesimo
873 2593 919 2623 die
934 2592 1042 2624 Martii.

870 2673 924 2700 Per
943 2670 1025 2710 ipftcm
1043 2673 1148 2708 Regem.

55 2807 71 2824 ⁸
88 2806 141 2834 vt.
191 2801 306 2846 >‘'ssI'apa
328 2798 372 2832 ad
386 2802 515 2846 Regem,
565 2809 635 2843 uper
658 2796 842 2831 Dedm‘lione
872 2804 936 2826 100
960 2793 1095 2826 Milium
1117 2793 1256 2825 Floreno-

35 2854 73 2883 35
77 2854 103 2880 7·
242 2862 311 2882 rum
339 2848 375 2881 de
399 2851 548 2888 Summa,
580 2858 635 2892 per
661 2849 769 2893 Regem
795 2845 925 2876 franciae
941 2840 1089 2887 sblvenda
1107 2867 1117 2884 ,
1153 2844 1189 2879 ὠ·
1219 2839 1256 2874 de

239 2896 400 2944 recipiendo
431 2894 606 2929 tantundem
625 2894 661 2928 de
678 2891 810 2936 Subfidio
827 2891 920 2924 Cleri.

39 2991 172 3024 Arm-D,
224 2982 407 3022 Nnocentius
429 2980 598 3020 Episcopus,
623 2981 726 3011 Servus
758 2979 912 3009 Servorum
942 2975 1026 3015 Dei,
1050 2974 1204 3006 Carissimo
1228 2977 1258 3006 in

62 3033 148 3071 1362,
242 3020 360 3066 Christo
376 3020 462 3063 Filio,
476 3020 625 3064 'Edwardo
642 3020 719 3058 Regi
733 3017 846 3056 Angliae
855 3014 976 3054 Illustri,
996 3015 1121 3046 Salutem
1135 3014 1257 3054 &Apo-

40 3073 155 3108 Ai1.36,
194 3058 596 3103 stolicam‘BenediCtionem..
769 3095 774 3098 Ι
800 3095 804 3099 Ι
869 3093 874 3098 1

40 3114 71 3138 Ε,
96 3119 120 3140 2,
230 3100 405 3136 Recepimus
419 3107 508 3135 nuper
525 3097 624 3135 Regiae
639 3095 819 3127 Celsitudinis
840 3092 973 3129 Litteras,
991 3091 1089 3122 nostro
1105 3090 1257 3129 Apostola·

43 3153 83 3176 Ex
96 3143 156 3175 'Au-
194 3140 234 3170 tui
249 3137 410 3174 destinatas,
430 3135 572 3175 Responsa
586 3136 666 3173 super
681 3134 818 3172 pluribus,
837 3142 902 3169 quse
920 3142 935 3162 a
952 3129 1126 3162 Celiitudine
1145 3130 1259 3166 praefata

39 3194 104 3223 ngr,
196 3178 363 3217 petivimus,
381 3174 483 3206 nostris
497 3175 567 3203 votis
580 3176 614 3205 ὃς
629 3173 762 3203 Petitioni
777 3171 953 3205 conformia,
973 3170 1159 3200 continentes.

232 3215 373 3259 Equidem
393 3213 458 3248 (Fili
470 3212 619 3246 cariffime)
637 3220 719 3242 tuum
735 3211 771 3241 de
784 3208 916 3239 servanda
937 3208 1012 3239 Pace
1026 3210 1123 3246 (quam
1139 3205 1188 3235 Tu
1208 3207 1259 3243 δε,

194 3256 347 3286 carissimus
360 3254 390 3282 in
403 3251 521 3282 Christo
538 3251 624 3281 Filius
638 3249 749 3287 noster,
765 3248 909 3286 Johannes
922 3246 988 3276 Rex
1002 3247 1127 3276 Franciae
1136 3243 1261 3282 Illustris,

193 3295 327 3331 aspirante
341 3291 490 3327 Domino,
508 3287 677 3324 firmavistis,
692 3286 858 3317 laudandum
875 3285 1055 3325 Propositum
1069 3282 1262 3322 multipliciter

195 3334 225 3363 in
242 3332 376 3362 Domino
390 3328 634 3359 commendamus.

237 3371 326 3408 Super
338 3379 373 3398 eo
385 3377 479 3398 autem
488 3391 498 3405 ,
513 3366 608 3405 quiid,

232 3409 292 3439 Pro
309 3407 493 3438 Deduetione
506 3406 541 3435 de
554 3404 631 3435 cerni
644 3403 779 3434 Pecunia:
788 3400 909 3431 Summa
919 3423 928 3438 ,
945 3407 1031 3437 quam
1045 3396 1175 3441 praefatus
1184 3396 1261 3435 Rex,

198 3450 227 3478 in
243 3447 328 3477 Festo
343 3445 564 3475 Resurrectionis
578 3443 719 3479 Domini,
739 3441 870 3481 proximo
886 3439 999 3475 futuro,
1017 3436 1069 3468 tibi
1078 3435 1183 3467 iolvere
1199 3445 1263 3466 cer-

198 3489 231 3518 tis
247 3495 280 3516 cx
296 3485 380 3516 caulis
398 3493 524 3519 tenetur,
1115 3513 1120 3518 Ι
1201 3513 1205 3518 Ι

236 3524 393 3554 Pecuniam
411 3521 533 3551 Subiidii
549 3520 677 3551 Centum
701 3518 818 3549 Milium
834 3516 1037 3552 Florenorum,
1052 3513 1123 3544 boni
1136 3511 1207 3542 Auri
1228 3513 1262 3544 &

200 3563 336 3593 Ponderis
351 3561 373 3590 F
376 3560 521 3597 letemini,
1070 3590 1075 3596 ι

237 3601 329 3638 Qod
345 3598 453 3629 Praelati
467 3599 499 3628 &
516 3596 617 3628 Clerus
632 3597 672 3626 tui
688 3595 785 3633 Regni
800 3593 896 3630 nobis,
914 3601 968 3629 pro
988 3590 1090 3620 nostris
1109 3589 1142 3620 &
1158 3588 1264 3620 Eccle-

202 3639 246 3669 sire
262 3640 404 3668 Romanae
418 3636 583 3674 urgentibus
595 3633 817 3670 ncceiiitatibus,
836 3630 983 3673 liberaliter
998 3629 1188 3671 obtulerunt,

239 3677 380 3715 Quamvis
391 3675 524 3705 Termini
538 3673 690 3703 Solutionis
703 3672 771 3702 dicti
787 3669 924 3706 Sublidii,
944 3678 991 3709 per
1002 3667 1135 3709 praelatos
1150 3673 1190 3696 tui
1198 3665 1260 3695 Re-

201 3716 270 3754 gni,
284 3716 343 3751 jam
360 3713 485 3752 praefixi,
504 3712 644 3741 lonoiores
661 3710 712 3740 sint
727 3712 812 3748 quam
827 3709 963 3738 terminus
978 3706 1048 3736 dieti
1065 3703 1155 3741 Festi,

243 3752 384 3789 Recipere
398 3754 428 3781 iri
443 3750 547 3780 eisdem
554 3735 708 3779 *Terminis
720 3747 864 3784 obtulisti,
882 3755 960 3776 tuam
982 3743 1190 3775 Liberalitatem
1213 3741 1263 3772 ha-

205 3791 319 3821 buimus
335 3790 414 3819 valde
428 3798 550 3827 gratam,

244 3827 490 3864 Norificamusque
502 3828 553 3857 tibi
568 3824 648 3864 quod
665 3823 776 3854 Gentes
789 3823 858 3853 (11611
872 3822 978 3860 Regis,
996 3817 1156 3859 hujusmodi
1173 3817 1265 3849 Obla-

206 3867 286 3897 tione
297 3865 427 3904 percepta
440 3887 448 3900 ,
465 3866 583 3896 similem
603 3865 756 3894 Summam
772 3860 902 3891 Centum
919 3859 1037 3890 Milium
1059 3858 1266 3894 Florenorum,

205 3904 275 3935 boni
293 3903 363 3934 Auri
378 3903 411 3933 ὃς
430 3902 564 3934 Ponderis
584 3901 759 3939 Florentini,
776 3909 864 3939 nuper
884 3899 988 3929 nostrae
1008 3896 1141 3930 Camerae
1158 3895 1266 3927 realiter

204 3941 374 3982 affignarunt
381 3962 391 3979 ,

632 80 1438 137 CONVENTIONES,
1491 80 1875 133 LITERAE,

1286 204 1291 209 ⁸
1312 165 1528 196 Venerabilibus
1543 165 1684 198 Fratribus
1696 166 1799 197 nostris
1976 163 2202 204 Archiepiscopo
2217 160 2344 192 Cantua-

1270 204 1366 241 riensi,
1384 205 1418 236 &
1433 204 1576 242 Episcopo
1589 205 1709 242 Elienfi,
1726 214 1797 243 quos
1811 202 1845 234 ad
1874 203 1934 234 hoc
1950 211 1997 234 tua
2010 204 2148 235 Serenitas
2168 201 2346 239 nominavit,

1272 252 1323 280 per
1333 243 1396 272 alias
1410 243 1520 273 nostras
1531 242 1628 273 damus
1645 243 1766 273 Litteras
1777 243 1806 271 in
1822 240 1984 280 Mandatis,
2008 242 2089 280 quod
2132 240 2247 271 raedieta
2260 238 2343 270 Cen-

1272 290 1336 311 tum
1351 281 1434 311 Milia
1448 281 1634 311 Florenorum
1648 280 1721 311 dieti
1732 279 1868 315 Subfidii,
1883 280 1914 309 in
1926 279 2075 311 Terminis
2086 290 2100 311 a
2132 280 2208 318 hoc,
2225 286 2257 309 ut
2265 287 2341 317 prae-

1271 318 1393 358 dicitur,
1412 319 1563 358 ordinatis,
1581 318 1708 348 studeant
1721 319 1832 357 exigere
1846 318 1880 349 &
1894 317 2006 354 levare,

1316 356 1550 388 Contradictores
1572 357 1750 388 Auctoritate
1770 355 1867 386 nostra
1881 377 1891 394 ‚
1916 365 1967 393 per
1987 354 2145 387 Censuiam
2164 353 2341 387 Ecclesiasti-

1274 405 1358 434 cam,
1377 396 1577 434 Appellatione
1590 395 1761 434 postposita,
1778 393 2008 434 compescendo,

1313 433 1350 464 Et
1362 434 1417 472 ipsa
1432 434 1560 466 Centum
1577 433 1659 465 Milia
1674 434 1864 464 Florenorum
1879 432 1971 472 Tibi,
1989 434 2038 464 seu
2055 439 2112 462 tuae
2133 431 2284 474 Camerae,
2302 434 2344 465 as-

1275 472 1400 511 signare,
1419 472 1520 517 exinde
1533 473 1569 504 ab
1580 472 1679 505 eadem
1695 472 1850 503 Serenitate
1871 480 2026 512 oportunas
2042 470 2268 510 Recognitionis
2281 472 2345 505 Lit-

1281 519 1350 542 teras
1369 520 1518 548 recepturi.
1648 516 1652 521 ¹

1317 549 1416 618 Qliare
1429 549 1536 589 placeat
1551 548 1589 579 M
1624 548 1776 580 nificentiae
1795 556 1868 587 tuae,
1885 548 2040 580 secundum
2082 547 2157 586 uod,
2176 555 2208 579 ut
2229 550 2346 587 praefer-

1274 595 1336 626 tur,
1367 588 1500 618 iberaliter
1514 587 1607 618 obtuli
1636 589 1661 626 i,
1678 587 1794 627 praefata
1807 586 1937 618 Centum
1949 586 2035 619 Milia
2049 558 2239 618 fflorenorum
2252 587 2343 620 dedu-

1280 636 1345 657 cere
1367 626 1403 657 de
1418 625 1577 658 hu'usmodi
1591 625 1711 656 Summa
1725 626 1841 663 majori,
1857 635 1944 664 quam
1964 627 2018 656 tibi
2038 626 2132 658 dietus
2155 625 2222 656 Rex
2239 624 2345 658 solvere

1274 666 1304 695 in
1341 666 1438 696 raefaro
1479 665 1539 696 esto
1553 673 1682 702 tenetur,
1697 664 1731 695 &
1746 664 1824 701 super
1837 663 1896 694 hoc
1909 663 2037 695 Nunciis
2049 665 2173 702 eiusdem
2180 663 2266 705 Regis
2272 673 2345 696 con-

1279 714 1313 736 ce
1334 714 1379 734 ere
1392 703 1612 743 Recognitionis
1627 703 1661 733 &
1681 702 1841 741 Qiitantiae
1856 701 1975 733 Litteras
1988 710 2149 741 oportunas.

1314 742 1383 774 Dat.
1396 743 1534 774 Avinion.
1550 741 1616 772 Kal.
1630 741 1752 780 Aprilis,
1770 738 1958 771 Pontificatfis
1972 740 2062 772 nostri
2077 743 2165 774 Anno
2179 741 2319 773 Decimo.

1951 819 1988 848 G.
2004 816 2036 847 de
2053 819 2190 850 Romanis.

1891 894 1946 926 Sub
1965 894 2033 926 Finis
2051 893 2243 926 Cannabaceis.

1430 1024 1525 1068 Super
1549 1019 1735 1054 Deduc‘lione
1754 1021 1791 1058 ὠ·
1817 1020 1988 1065 Receptione
2062 1019 2187 1054 redieris.

1311 1105 1497 1137 Nnocentius
1525 1106 1682 1147 Episcopus
1696 1128 1707 1144 ‚
1731 1103 1833 1136 Servus
1854 1102 2010 1135 Servorum
2035 1103 2110 1144 Dei,
2136 1104 2351 1137 Venerabilibus

1328 1143 1487 1183 Fratribus,
1593 1143 1819 1182 Archiepiscopo
1840 1142 2048 1181 Cantuariensi,
2065 1145 2100 1176 &
2203 1144 2348 1184 Episcopo

1320 1185 1392 1223 ensi,
1412 1183 1536 1214 Salutem
1549 1184 1582 1215 &
1598 1182 1797 1221 Apostolicam
1811 1180 2063 1212 Benedictionem.

1296 1221 1456 1265 ⁴Debitum
1471 1221 1625 1260 AEquitatis
1639 1221 1780 1261 exposcit,
1803 1219 1932 1259 saepeque
1953 1219 2120 1251 neceffitatis
2140 1221 2267 1253 articulus
2287 1223 2345 1252 exi-

1275 1267 1334 1299 git,
1358 1269 1388 1291 ut
1408 1271 1459 1299 ea,
1473 1271 1537 1300 quae
1560 1271 1612 1300 pro
1631 1259 1716 1291 causis
1735 1259 1901 1299 urgentibus
1920 1258 2103 1297 ordinantur,
2118 1261 2246 1299 quamvis
2266 1261 2342 1299 prius

1278 1299 1429 1337 spontanea
1444 1300 1566 1338 fuerint,
1582 1299 1616 1330 ad
1630 1298 1806 1330 obviandum
1826 1306 1921 1329 tamen
1941 1297 2083 1334 Litigiosis
2101 1298 2135 1329 &
2157 1297 2293 1338 Discolis,
2310 1298 2346 1329 ad

1281 1347 1431 1376 oportunae
1445 1338 1598 1369 coertionis
1612 1337 1770 1368 Vinculum
1779 1336 1962 1374 reducantur,
1981 1336 2102 1367 Dudum
2110 1337 2256 1377 siquidem,
2263 1345 2349 1375 prout

1280 1377 1446 1408 Fraternitas
1461 1377 1551 1408 vestra
1566 1377 1663 1415 novit,
1682 1376 1762 1414 Vos,
1782 1375 1815 1406 &
1827 1374 1992 1406 aliiPraelati
2002 1398 2012 1413 ,
2028 1375 2275 1407 &Ecclefiasticae
2282 1376 2352 1407 Per-

1279 1415 1357 1446 sonae
1379 1415 1474 1455 Regni
1494 1416 1629 1454 Angliae,
1649 1414 1763 1446 Sandtae
1782 1414 1928 1444 Romanae
1949 1413 2102 1452 Ecclesiae,
2120 1414 2209 1446 Matri
2232 1414 2350 1454 vestrae,

1283 1454 1436 1485 multarum
1450 1454 1684 1486 Tribulationum
1698 1455 1731 1485 &
1750 1452 1961 1483 Neceffitatum
1980 1452 2128 1492 Angustias
2149 1455 2282 1492 patienti,
2299 1454 2349 1485 Fi-

1279 1492 1347 1523 lialis
1367 1491 1580 1531 Compassionis
1601 1493 1761 1523 exhibentes
1780 1489 1935 1528 affectum,
1953 1490 2037 1530 eique
2051 1492 2178 1524 volentes
2193 1493 2222 1523 in
2241 1492 2348 1524 eisdem

1281 1530 1502 1562 Neceffitatibus
1517 1531 1664 1563 subvenire
1672 1553 1682 1569 ‚
1697 1530 1781 1561 nobis
1795 1530 1941 1561 liberaliter
1953 1530 2094 1562 obtulistis
2107 1528 2259 1570 gratuitum
2272 1531 2349 1563 Sub-

1281 1570 1382 1601 sidium
1397 1570 1526 1601 Centum
1542 1569 1660 1600 Milium
1675 1569 1861 1600 Florenorum
1871 1591 1881 1607 ,

1332 1610 1350 1627 ⁷*
1367 1608 1508 1648 Nosque,
1535 1608 1739 1639 considerantes
1758 1606 1879 1638 Viarum
1900 1607 2037 1646 pericula,
2054 1607 2087 1639 &
2108 1607 2212 1640 diversa
2232 1608 2348 1640 incom-

1237 1689 1239 1691 .
1286 1647 1373 1677 moda
1385 1657 1450 1686 quae
1462 1647 1646 1678 verisimiliter
1667 1646 1780 1683 possent
1798 1646 1964 1685 contingere
1985 1647 2015 1676 in
2039 1646 2173 1678 Pecuniae
2187 1647 2349 1680 hu'ustnodi

1285 1686 1320 1716 ad
1335 1685 1498 1717 Romanam
1513 1685 1633 1716 Curiam
1649 1683 1806 1723 Miffione,
1822 1684 1856 1715 &
1871 1685 1906 1715 ab
1921 1683 2023 1715 eisdem
2039 1684 2174 1716 Pei'iculis
2188 1687 2223 1718 &
2245 1697 2350 1718 ncom-

1288 1725 1382 1768 modis
1396 1735 1443 1764 per
1459 1723 1670 1764 providentiam
1692 1723 1790 1753 utilem
1812 1732 1989 1760 praecavere,
2012 1723 2154 1762 ipsamque
2175 1724 2331 1757 Pecuniam

1286 1763 1368 1794 dictis
1381 1763 1604 1794 Neceffiratibus
1619 1762 1703 1792 nimis
1724 1762 1905 1800 urgentibus,
1923 1762 2070 1799 quamcito
2089 1762 2180 1801 posset
2201 1763 2278 1804 fieri,
2294 1749 2350 1794 no3

1290 1802 1354 1832 strae
1368 1802 1491 1872 affifinari
1507 1801 1638 1832 Camerae
1651 1800 1812 1838 cupientes,
1827 1799 2013 1838 subscriptum
2034 1800 2157 1832 modum
2169 1801 2200 1832 in
2214 1801 2267 1834 hac
2288 1813 2351 1841 par-

1287 1848 1316 1872 te
1325 1843 1421 1919 50Υὲ
1434 1843 1507 1872 imus
1522 1839 1734 1878 adhibendum,
1752 1838 1904 1878 videlicet,
2350 1838 2352 1841 ’

1362 1890 1401 1911 110

1324 1903 1593 1957 Cum,'cariffimus
1607 1919 1636 1948 in
1653 1915 1771 1947 Christo
1788 1915 1872 1946 Filius
1894 1914 2007 1954 noster,
2023 1915 2169 1955 johannes
2187 1917 2253 1948 Rex
2266 1919 2355 1951 Fran.

1285 1958 1338 1988 ciae
1353 1957 1469 1989 Illustris
1484 1957 1627 1995 quandam
1642 1955 1777 1986 Pecuniae
1790 1954 1956 1991 Summam,
1974 1956 2056 1985 certis
2070 1955 2105 1986 de
2127 1957 2230 1995 causis,
2249 1958 2353 1989 cariffi-

1286 2006 1338 2027 mo
1359 1998 1388 2027 in
1408 1996 1528 2027 Christo
1546 1996 1618 2026 Filio
1639 1993 1754 2031 nostro,
1780 1992 1924 2024 Edwardo
1945 1992 2021 2032 Regi
2041 1993 2152 2033 Angliae
2176 1994 2298 2035 Illustri,
2321 1999 2354 2028 in

1287 2035 1372 2066 Festo
1396 2035 1624 2067 Resurrectionis
1646 2032 1831 2070 Dominicae,
1853 2032 1987 2070 proximo
2013 2031 2158 2072 secuturo,
2183 2033 2290 2066 solvere
2309 2043 2353 2067 te.

1289 2085 1388 2105 neatur

1327 2114 1364 2146 Et
1377 2098 1453 2144 idem
1471 2112 1534 2144 Rex
1549 2111 1680 2152 Angliae,
1700 2116 1785 2149 prout
1800 2117 1890 2152 nuper
1910 2109 1992 2139 nobis
2010 2119 2060 2149 per
2078 2110 2134 2141 suas
2153 2110 2272 2142 Litteras
2290 2113 2356 2144 inti-

1294 2155 1398 2192 mavit,
1414 2153 1449 2182 ad
1489 2162 1563 2183 reces
1583 2151 1705 2187 nostras,
1724 2148 1897 2179 coriceflerit
1916 2147 2056 2178 deducere
2076 2148 2183 2180 dictam
2205 2150 2356 2182 Summam

1292 2192 1420 2223 Centum
1437 2191 1460 2221 11
1477 2192 1564 2221 illium
1585 2189 1774 2220 Florenorum
1790 2185 1946 2230 deMajori
1963 2186 2100 2226 Summa,
2117 2197 2203 2227 quam
2221 2190 2251 2220 in
2272 2189 2355 2221 dieto

1292 2230 1378 2261 Festo
1393 2232 1419 2261 ei
1434 2230 1518 2260 debet
1533 2228 1639 2259 solvere
1656 2226 1718 2257 Rex
1735 2226 1860 2255 Franciae
1874 2225 2047 2264 praelibatus,

1325 2269 1363 2300 Et
1377 2269 1479 2300 deinde
1494 2269 1615 2308 recipere
1628 2266 1704 2298 (11613
1717 2264 1845 2295 Centum
1860 2262 1954 2293 Millia
1977 2263 2183 2304 Florenorum,
2202 2266 2285 2297 nobis
2305 2267 2356 2298 de-

1288 2308 1347 2339 bita
1361 2318 1414 2348 pro
1427 2307 1558 2338 Subsidio
1572 2304 1730 2345 supradieio
1739 2326 1748 2342 ,
1766 2302 1895 2346 quamvis
1909 2301 2041 2332 Termini
2053 2302 2205 2335 Solutionis
2219 2305 2357 2337 faciendae

1289 2347 1325 2378 de
1341 2348 1402 2385 ipso
1416 2346 1546 2376 Subsidio
1560 2344 1623 2384 post
1640 2342 1755 2374 Festum
1770 2340 1930 2379 hujusmodi
1946 2341 1998 2371 sint
2012 2340 2096 2372 futuri

1327 2385 1452 2416 Pecunia
1465 2385 1518 2428 ipsa
1532 2381 1791 2427 ejusdemssubiidii
1804 2389 1852 2424 per
1868 2378 1970 2423 Vosab
1983 2379 2086 2423 eisdem
2095 2365 2238 2420 Rraelatis,
2252 2383 2357 2421 &per-

1289 2424 1362 2455 sonis
1376 2423 1575 2454 Eccleiiasticis
1599 2422 1667 2453 dic'ti
1684 2420 1799 2457 Regni,
1816 2428 1845 2448 in
1858 2417 2018 2456 Teiminis‚
2038 2418 2072 2449 ad
2092 2419 2150 2450 hoc
2173 2429 2221 2457 per
2243 2420 2356 2452 eosdem

1288 2462 1442 2501 Praelatos,
1458 2471 1487 2493 ut
1499 2462 1620 2500 dicitur,
1635 2462 1695 2499 jam
1717 2457 1850 2502 praefixis,
1870 2456 1980 2487 levetur
2001 2457 2034 2487 &
2059 2459 2144 2488 etiam
2163 2459 2206 2488 ex'
2227 2467 2303 2499 atur,
2320 2461 2356 2492 &

1289 2500 1393 2532 Exac‘ia
1413 2501 1531 2541 praefato
1554 2501 1600 2530 Re
1621 2501 1629 2530 i
1653 2498 1787 2534 Angliae,
1814 2505 1843 2540 in
1866 2494 2081 2538 Deductionem
2103 2496 2190 2527 dietae
2234 2507 2357 2538 ummae,

1289 2540 1339 2570 fibi
1359 2551 1409 2581 per
1431 2539 1581 2578 praefatum
1633 2546 1716 2578 egem
1741 2535 1871 2566 Franciae
1897 2533 2018 2572 debitae,
2044 2534 2142 2566 nostro
2158 2537 2278 2567 nomine
2294 2537 2359 2568 affi-

1327 2588 1394 2610 etur.

1286 2588 1444 2658 gnQuare,
1464 2626 1494 2648 ut
1506 2615 1667 2656 hujusmodi
1683 2612 1803 2656 modus,
1821 2621 1870 2650 per
1892 2610 1961 2642 Nos
1976 2612 2035 2642 tam
2050 2612 2170 2651 provide
2182 2622 2266 2652 quam
2286 2613 2360 2644 utili-

1292 2665 1335 2688 ter
1347 2658 1502 2695 adhibitus,
1521 2658 1551 2686 in
1566 2652 1714 2696 praemissis
1726 2651 1864 2682 effectum
1878 2650 2006 2680 debitum
2021 2651 2223 2690 consequatur,
2241 2652 2275 2683 &
2296 2662 2358 2683 non

1293 2698 1442 2736 contingat
1456 2695 1623 2725 intervenire
1636 2690 1795 2723 Defectum
1812 2690 1841 2719 in
1853 2688 2052 2726 Affignatione
2069 2689 2221 2728 praedicta,
2240 2691 2357 2730 praefato

1294 2735 1369 2775 Regi
1385 2735 1497 2774 Angliae
1511 2732 1654 2770 facienda,
1673 2729 1883 2760 Fraternitatem
1905 2726 2025 2758 vestram
2039 2737 2189 2760 monemus
2208 2730 2243 2760 &
2260 2729 2356 2761 horta-

1294 2784 1357 2804 mur
1377 2773 1499 2809 31101110,
1518 2781 1568 2812 per
1590 2768 1758 2809 Apostolica
1778 2767 1878 2805 scripta
1899 2765 2086 2805 Mandantes,
2109 2768 2237 2807 quatinus
2256 2768 2357 2808 praefa-

1294 2821 1358 2843 tum
1383 2812 1562 2849 Subsidium,
1586 2809 1708 2848 ejuidem
1730 2806 1848 2838 summae
1869 2804 1997 2836 Centum
2016 2804 2136 2836 Milium
2155 2806 2358 2845 Florenorum,

1295 2852 1366 2881 boni
1381 2852 1450 2883 Auri
1466 2850 1499 2881 &
1513 2849 1651 2880 Ponderis
1664 2845 1835 2882 Florentini,
1854 2843 1900 2875 seu
1915 2853 2014 2875 verum
2035 2843 2161 2874 valorem
2183 2845 2305 2882 ipsorum
2324 2845 2357 2874 in

1292 2891 1342 2920 alia
1358 2889 1482 2921 Moneta
1495 2888 1713 2926 aequivalentem
1727 2883 1904 2920 Pecuniam,
1921 2890 2005 2923 prout
2021 2882 2175 2913 secundum
2187 2892 2296 2922 aequam
2315 2882 2360 2913 di-

1294 2930 1434 2959 visionem
1445 2927 1567 2966 ejusdem
1582 2925 1720 2961 Subfidii,
1761 2932 1793 2952 ro
1813 2920 1909 2953 vestris
1929 2921 1975 2951 seu
1996 2919 2181 2951 Ecclefiarum
2201 2919 2357 2952 vestrarum

1295 2967 1470 2998 Redditibus
1482 2968 1515 2998 &
1529 2964 1718 2996 Proventibus
1759 2959 2036 3002 eclesiasticiquuos
2053 2959 2185 2988 obtinetis
2197 2959 2228 2988 in
2248 2959 2356 2999 Regno

1294 3006 1451 3044 praedicto,
1476 3003 1674 3034 rationabiliter
1695 3010 1748 3032 vos
1763 2999 1928 3038 continget,
1950 3007 1986 3041 in·
1998 2996 2160 3040 Terminis,
2179 3006 2228 3034 per
2249 3007 2301 3028 vos
2320 2998 2355 3029 ὃς

1296 3044 1364 3075 alios
1378 3044 1447 3074 (11611
1461 3043 1558 3082 Regni
1572 3041 1724 3078 Praelatm,
1742 3037 1777 3069 ad
1792 3037 1866 3075 hoc,
1882 3043 1913 3066 ut
1930 3035 2051 3074 dicitur,
2068 3034 2219 3074 ordinatis,
2234 3036 2359 3075 integra-

1295 3084 1357 3114 liter
1374 3084 1479 3113 solvere

1336 3122 1382 3152 Ac
1395 3131 1463 3159 vos,
1479 3105 1525 3150 vel
1539 3118 1609 3149 alter
1621 3114 1766 3152 vestrum,
1776 3122 1834 3156 ,per
1849 3122 1919 3150 vos,
1937 3110 1984 3156 vel
1998 3110 2100 3150 alium,
2118 3111 2163 3143 seu
2174 3111 2259 3151 alios,
2277 3113 2313 3144 ab
2329 3122 2360 3144 a-

1296 3160 1337 3190 liis
1355 3159 1478 3190 Praelatis
1494 3159 1526 3188 &
1541 3155 1663 3196 personis
1675 3151 1877 3185 Eccleliasticis
1889 3149 1996 3181 diffiR
2034 3150 2245 3182 niSecularibus
2257 3151 2360 3183 &Re-

1297 3199 1435 3237 gularibus
1455 3196 1697 3235 quibuscumque,
1714 3191 1860 3235 Exemptis
1883 3189 1917 3220 &
1943 3199 2002 3219 non
2046 3190 2181 3228 xemptis,
2199 3190 2362 3228 cujuscum-

1298 3246 1354 3274 que
1376 3235 1617 3272 Praeeminentiae‚
1645 3231 1814 3270 Dignitatis,
1830 3227 1946 3266 Status,
1972 3227 2092 3258 Ordinis
2109 3228 2153 3258 vel
2178 3227 2362 3260 Conditionis

1299 3274 1420 3307 existant
1437 3274 1568 3312 (quibus,
1587 3279 1633 3302 aut
1648 3279 1750 3300 eorum
1761 3268 1862 3306 alicui,
1877 3266 1952 3298 nulla
1971 3264 2057 3296 Privil
2094 3267 2119 3296 ia
2141 3267 2185 3297 vel
2206 3266 2360 3305 Indulgen-

1298 3316 1363 3350 tias,
1379 3313 1428 3344 sub
1442 3319 1622 3349 quacumque
1638 3309 1791 3339 verborum
1803 3305 1898 3336 forma
1912 3305 1958 3337 vel
1970 3313 2053 3344 expre
2077 3305 2361 3344 1011000110οὧ,νο-

1300 3354 1396 3384 lumus
1407 3351 1559 3390 suffragari)
1600 3358 1633 3378 ro
1645 3344 1965 3390 ipstirumPraelatorum
1980 3343 2284 3387 &Ecclesiasticarum
2298 3353 2362 3384 per-

1299 3393 1430 3423 sonarum
1448 3390 1571 3421 Ecclesia
1597 3388 1648 3418 icis
1663 3384 1833 3416 Redditibus
1845 3385 1879 3415 &
1891 3382 2095 3420 Proventibus,
2115 3392 2187 3420 quos
2200 3383 2230 3413 in
2245 3383 2363 3421 praefato

1300 3430 1409 3468 Regno
1421 3429 1570 3465 obtinent,
1589 3427 1696 3465 exigere
1709 3425 1743 3456 ὃς
1758 3422 1891 3461 colligere
1909 3420 2054 3458 studeatis,

1338 3469 1474 3499 Praefatos
1487 3467 1556 3498 dieti
1571 3464 1670 3502 Regni
1683 3462 1817 3494 Praelatos
1830 3462 1864 3492 &
1878 3459 2010 3490 Personas
2018 3457 2247 3502 ‚Ecclesiasticaffi
2265 3459 2300 3490 ad
2308 3459 2360 3490 sol-

1301 3507 1428 3539 vendum
1441 3506 1551 3536 dietum
1567 3503 1746 3539 Subsidium,
1764 3498 1910 3530 in‘eisdem
1922 3498 2085 3536 Terminis,
2101 3498 2135 3528 ad
2150 3497 2225 3537 hoc,
2240 3505 2272 3528 111
2306 3508 2359 3528 rae-

1300 3547 1422 3584 dicitur,
1445 3543 1595 3579 ordinatis,
1620 3540 1794 3584 Auctoritate
1813 3536 1928 3575 nostra,
1946 3546 1996 3574 per
2013 3535 2167 3580 Censuram
2189 3534 2360 3567 Eccleiasti-

1301 3595 1384 3654 &iffa
1400 3574 2011 3653 13οἷῧᾈὸῗέἑῗέἓέὲῗὲἆᾝῗᾞᾙῗἓέηέῗ
2012 3574 2126 3652 ἓάἒξῒέ
2129 3573 2362 3649 ’ἒοέἔῆἷὲἓῖῗὲζ

1301 3662 1322 3692 fi
1338 3662 1484 3701 expediens
1495 3659 1579 3690 fuerit
1584 3680 1594 3695 ‚
1615 3655 1812 3695 Appellatione
1823 3652 1991 3691 postpofita‚
2009 3649 2216 3693 compellendo.
2296 3687 2302 3692 ⁵

1341 3700 1450 3738 Quod,
1466 3699 1485 3728 si
1498 3698 1572 3728 forte
1586 3705 1653 3734 vos,
1671 3694 1714 3724 vel
1736 3693 1803 3723 alter
1817 3690 1946 3722 vestrfim
1979 3692 2010 3720 in
2031 3687 2188 3726 hujusmodi
2210 3685 2360 3717 Solutione

1304 3738 1423 3769 Subiidii
1436 3736 1606 3773 defeceritis,
1626 3735 1672 3763 seu
1686 3730 1836 3768 defecerit,
1851 3730 1938 3761 taliter
1952 3713 2193 3770 beficiemesuseu
2213 3723 2361 3769 Deficiens

1302 3778 1401 3809 similes
1417 3776 1589 3812 Sententias,
1605 3782 1673 3812 quas
1690 3780 1738 3810 per
1758 3779 1826 3806 vos,
1852 3768 1897 3798 vel
1915 3767 2034 3798 alterum
2055 3763 2199 3805 vestrum,
2224 3771 2270 3806 aut
2291 3763 2360 3795 alios

1302 3812 1503 3853 subdelegatos
1518 3812 1625 3843 vestros
1660 3810 1690 3839 in
1705 3818 1764 3838 non
1780 3807 1916 3838 solventes
1933 3805 2045 3835 dietum
2064 3799 2241 3844 Subsidium,
2258 3811 2287 3831 iri
2307 3802 2358 3832 eis.

1302 3854 1371 3884 dem
1386 3851 1549 3888 Terminis,
1567 3833 1687 3888 proferri
1700 3846 1868 3885 contigerit,
1886 3845 2029 3885 incurrere
2041 3839 2172 3870 volumus
2189 3837 2248 3883 ipso
2263 3838 2342 3871 saffo
2349 3863 2361 3880 ‚

1341 3891 1419 3922 Non
1439 3889 1613 3920 obstantibus
1631 3887 1652 3917 fi
1666 3886 1765 3923 vobis,
1782 3882 1891 3922 aliisque
1904 3880 2044 3924 l'rjcqlatw,
2061 3877 2095 3907 &
2116 3876 2242 3921 Persoms
2260 3877 2360 3909 Eccle-

1301 3929 1413 3963 fiastieis
1428 3927 1607 3967 supradietis,
1624 3923 1818 3957 communiter
1831 3919 1877 3954 vel
1890 3919 2020 3955 divium,
2037 3926 2054 3947 a
2066 3915 2200 3954 praedicta
2218 3915 2362 3987 Segestam

2271 3965 2288 3986 u
2331 3963 2363 3986 m

2356 159 2433 190 Ann.
2447 157 2492 196 D.

2379 197 2465 239 1362.

2356 240 2426 268 Edv.
2441 245 2468 274 3.

2367 1105 2436 1137 Ann
2453 1106 2496 1137 D.

2386 1145 2472 1186 1362.

2363 1189 2417 1213 An.
2433 1187 2479 1225 36.

2362 1227 2393 1251 Ε.
2417 1234 2443 1261 3.

2362 1267 2403 1290 Ex
2420 1266 2479 1290 Au-

2366 1309 2431 1339 tog?-

2389 1611 2406 1628 *¹
2424 1612 2475 1640 vt.

2388 1649 2452 1688 358.
