2561 4251
192 132 216 172 8

713 122 1525 173 CONVENTIONES,

1595 126 1995 179 LITERAE,

37 216 116 246 Ann.
133 213 175 246 D.
236 217 376 256 Qiorum
393 214 507 253 quidem
522 212 714 243 Inimicorum
729 213 858 244 Centum
879 213 914 243 &
929 211 1121 249 Quadraginta
1135 209 1265 241 Prisona-
1302 208 1419 240 AEterni
1435 208 1674 248 gloria,venerari
1684 211 1888 248 ,Serenitatem
1909 219 1987 242 tuam
2004 222 2152 253 rogamus,
2165 222 2318 245 monemus
2335 215 2369 247 &
2384 210 2460 242 Ann.
2478 209 2521 243 D.

62 253 149 294 1386.
195 257 247 294 rii,
266 257 314 295 qui
335 256 361 285 in
381 255 457 284 dieta
472 252 551 282 Navi
565 251 655 282 salvati
677 261 773 291 erant,
790 251 889 282 Nobis
901 251 935 281 &
951 249 1093 288 Magistro
1105 248 1219 319 Cotgiae,
1231 251 1261 294 iii

37 294 90 321 Ric.
111 302 138 320 2.
193 305 248 332 qua
262 294 346 324 iidem
363 292 445 332 Ligei
466 289 552 320 nostri
567 291 680 321 fuerunt
696 313 706 329 ,
723 301 755 322 ac
771 289 887 328 praefato
904 288 995 325 Adae,
1009 297 1142 326 tanquam
1176 288 1262 332 eViCri

192 334 220 363 se
237 332 409 367 reddebant,
426 329 459 359 &
480 329 565 367 inde,
580 329 652 358 inter
668 330 737 367 ipsos
762 326 796 358 Li
818 337 865 357 eos
881 326 990 356 nostros
1005 326 1039 356 δε
1053 327 1183 371 praefatos
1200 325 1262 357 Pri-

191 373 333 406 sonarios,
349 367 556 398 concordatum
578 367 612 398 &
633 367 769 397 asse-nsum
804 367 844 396 uit
866 365 946 404 quod
964 365 1041 396 dieta
1063 364 1175 404 Navis,
1190 375 1260 397 cum

192 407 351 440 Prisonariis
368 405 510 443 praedid'cis
519 428 529 444 ,
548 405 616 436 effer
629 405 800 443 Tripartita,

226 445 319 477 Unde
335 454 390 474 una
404 443 471 474 Pars
486 443 603 481 Nobis,

227 483 357 515 Secunda
372 482 492 522 praefatis
508 481 648 521 Magistro
662 482 695 512 &
713 480 806 512 Sociis
818 481 870 512 suis
884 481 1045 521 praediffis,

225 522 263 553 Et
275 522 374 552 Tertia
385 524 500 551 Domino
516 521 547 549 de
561 523 657 549 Duras
670 543 680 558 ,

225 561 284 591 Pro
298 560 459 590 Salvatione
476 558 700 589 Prisonariorum
716 557 919 595 praeditstorum
934 558 1120 596 divideretur,

224 599 359 629 Praefatus
381 607 476 629 tamen
498 600 628 627 Dominus
643 596 675 626 αέ
695 600 810 635 Duras,
828 607 882 637 pro
895 607 931 628 eo
942 598 1019 637 quod
1036 596 1150 635 quidam
1165 595 1259 627 Scuti-

187 638 229 669 fer
243 637 303 667 suus
317 637 417 667 Fidem
430 637 463 666 ὅ(
479 635 694 666 Sacramentum
711 635 935 666 Prisonariorum
949 635 1155 674 praemistorum
1163 658 1173 674 ,
1188 634 1260 665 No—

188 678 267 707 mine
286 675 385 706 nostro
398 698 407 714 ,
425 674 459 704 ad
483 673 644 705 instantiam
667 674 791 710 ipsorum
807 674 966 712 Ligeorum
980 674 1161 712 nostrorum,
1180 683 1259 704 rece-

211 716 248 753 it,
266 715 396 754 praefatos
417 712 586 743 Prisonarios
601 736 611 752 ,
626 722 660 743 ac
681 712 802 743 Navem
821 713 1005 752 praedictam,
1033 723 1103 743 cum
1121 713 1258 743 omnibus

186 724 294 789 Eonis,
312 754 341 783 in
362 751 461 782 eadem
482 751 563 782 Navi
583 750 764 782 existentibus
778 774 788 790 ,
804 751 911 782 detinet
931 753 1026 782 minus
1049 751 1132 789 uste,
1153 752 1211 782 tam
1229 751 1257 781 in

186 791 277 822 nostri
301 791 376 831 (qui
400 790 508 830 lingulis
527 790 670 829 Justitiam
695 789 812 820 reddere
830 794 985 825 tenemur)
1045 791 1195 829 ituperiuni
1223 791 1257 821 &

184 830 356 868 Dampntim
372 853 382 868 ,
401 828 481 868 quod
503 828 597 860 Status
619 828 742 868 ipsorum
766 828 925 866 Ligeorum
947 828 1112 860 nostrorum
1135 828 1258 859 Destru-

186 870 315 900 &ionem
335 870 368 900 ὃς
386 868 662 908 Depauperationem
679 867 875 905 manifestam,

225 907 318 938 Unde
340 907 423 937 nobis
443 906 628 945 supplicarunt
651 915 682 937 ut
701 908 740 937 eis
761 906 938 938 Remedium
956 904 1036 944 super
1065 905 1117 936 hiis
1137 906 1256 946 gratiose

186 946 326 984 impertiri
341 946 542 984 dignaremur,

221 985 289 1016 Nos

224 1025 243 1044 '¹‘
266 1007 408 1054 N’olentes
422 1023 483 1060 ipsis
498 1022 591 1061 Ligeis
605 1020 725 1061 nostris,
745 1022 794 1061 qui
810 1020 943 1060 Corpora
956 1020 1017 1059 sua,
1036 1021 1067 1052 in
1077 1022 1159 1053 tantis
1174 1020 1255 1053 Peri-

187 1062 275 1100 culis‚
292 1072 345 1100 pro
357 1061 454 1092 nostro
469 1060 619 1100 Honore,
637 1061 753 1092 viriliter
774 1061 969 1099 fortunarum,
987 1060 1081 1100 aliquo
1094 1061 1194 1092 colore
1208 1060 1256 1091 In—

197 1111 277 1132 uriari

181 1112 193 1141 J
226 1124 330 1176 Vossis,
349 1138 382 1168 &
396 1137 512 1168 cuilibet
525 1136 653 1168 vestrum
663 1161 672 1177 ,
690 1137 869 1177 Injungimus
881 1137 916 1169 &
932 1135 1126 1176 Mandamus,
1141 1136 1256 1168 firmiter

187 1179 221 1210 &
245 1177 372 1208 districte
387 1199 396 1215 ‚
421 1175 501 1215 quod
522 1185 573 1206 vos
587 1199 596 1214 ,
621 1176 702 1214 super
719 1177 835 1207 veritate
857 1176 987 1207 Materiae
1009 1176 1171 1214 praedffitae,
1187 1186 1255 1207 cum

187 1218 269 1247 omni
291 1215 452 1259 diligentia,
478 1215 529 1245 viis
547 1216 579 1245 &
602 1216 695 1245 modis
708 1237 719 1254 ,
737 1215 839 1252 quibus
859 1215 985 1253 poteritis
997 1240 1006 1255 ,
1021 1214 1183 1245 Informetis
1195 1238 1205 1254 ‚
1222 1215 1255 1247 δε

188 1264 245 1286 tam
261 1255 376 1292 Nobis,
390 1256 475 1293 quam
490 1253 572 1284 dietis
586 1253 681 1293 Ligeis
702 1253 821 1292 nostris,
838 1253 917 1294 super
937 1253 1134 1285 Satisfad'tione
1147 1253 1255 1293 Navis,

186 1296 220 1326 &
242 1294 405 1330 Bonorum,
423 1302 455 1323 ac
471 1291 694 1322 Prisonariorum
716 1291 939 1331 praedictorum,
958 1293 995 1324 fic
1009 1301 1178 1332 captorum,
1191 1293 1256 1330 jux-

186 1342 230 1370 ta,
249 1331 446 1363 Concordiam
466 1331 498 1361 &
517 1330 661 1361 Affensum
678 1355 688 1370 ,
706 1330 785 1369 super
807 1329 953 1370 Captione
967 1330 1136 1362 eorumdem
1149 1331 1257 1370 faetos,

186 1372 308 1410 faciatis,
325 1380 394 1401 curn
409 1370 489 1400 omni
504 1368 601 1400 favore
615 1369 809 1408 competenti,
828 1368 958 1400 debitum
973 1369 1006 1400 δε
1021 1368 1157 1400 festinum
1189 1369 1257 1400 usti-

186 1412 233 1442 tiae
247 1410 494 1447 complementum
504 1430 514 1446 ,
530 1407 681 1447 praefatum
695 1407 865 1440 Dominum
883 1407 920 1439 de
939 1407 1032 1439 Duras
1045 1408 1079 1439 ad
1093 1407 1152 1439 hoc
1176 1409 1258 1447 egiti-

187 1450 235 1480 me
249 1447 478 1487 compescendo,

224 1487 333 1518 Taliter
354 1497 405 1517 vos
427 1486 561 1517 habentes
581 1487 610 1516 in
634 1484 783 1516 Praemiffis
799 1508 809 1524 ,
826 1486 864 1516 ne
885 1485 936 1524 ipsi
958 1484 1042 1523 Ligei
1057 1485 1146 1516 nostri
1162 1485 1258 1516 Mate-

189 1527 260 1556 riam
274 1526 393 1556 habeant
406 1535 489 1563 penes
504 1524 657 1556 Personam
672 1523 797 1555 nostram
841 1533 892 1562 pro
904 1523 1167 1564 defeetuJustitiae,
1186 1535 1258 1556 con-

193 1573 234 1596 tra
250 1575 320 1603 VOS,
337 1573 390 1602 pro
404 1564 502 1602 nobis,
520 1573 574 1594 nec
590 1573 643 1602 pro
658 1563 685 1593 se
700 1563 778 1602 ipris,
793 1546 906 1593 ulterius
922 1562 1005 1593 Prose
1026 1563 1118 1593 uendi.

225 1603 295 1635 Dat.
308 1603 382 1644 apud
400 1601 674 1643 westmonasterium,
693 1601 811 1634 decimo
823 1602 930 1634 oetavo
943 1601 989 1632 die
1034 1601 1135 1642 ugusti.

930 1681 983 1708 Per
996 1677 1150 1710 Concilium.

35 1042 53 1059 ·
73 1043 141 1071 v11.

33 1091 100 1118 541·

595 1824 645 1857 De
669 1822 845 1866 Provifione.

38 1918 115 1948 Ann.
131 1917 172 1949 D.

65 1956 147 1996 1386.

112 2007 153 2023 10.

193 1908 378 1970 URbanus
394 1907 550 1947 Epifiopur,
568 1907 670 1939 Servus
684 1908 839 1940 Servorum
856 1908 936 1949 Dei,
955 1908 1099 1942 cariffimo
1120 1911 1148 1941 in
1169 1909 1259 1942 Chri-

284 1947 330 1977 sto
346 1947 436 1985 Filio,
454 1947 587 1977 Richardo
601 1950 666 1986 Regi
685 1947 799 1986 Angliae
815 1947 937 1988 Illustri,
954 1949 1079 1980 Salutem
1092 1950 1260 1990 &Aposto-

193 1987 275 2017 licam
296 1985 540 2017 BenediCtionem.

230 2025 339 2056 Gratiae
356 2024 473 2054 Divinae
487 2023 644 2054 Praemium
658 2025 691 2055 &
707 2024 840 2056 humanae
854 2025 939 2057 laudis
960 2026 1145 2059 Praeconium
1166 2028 1262 2066 acqui-

194 2066 261 2094 ritur
275 2086 284 2100 ,
304 2064 322 2093 si
339 2086 347 2101 ,
364 2073 411 2100 per
427 2063 568 2093 Seculares
595 2062 738 2104 Principes
753 2087 762 2101 ,
780 2063 968 2096 Eccleiiarum
985 2065 1107 2097 Praelatis
1120 2089 1129 2104 ,
1147 2067 1261 2105 praeler-

193 2104 244 2133 tim
265 2102 452 2132 Eccleiiarum
475 2101 686 2132 Cathedralium
704 2102 903 2141 Regimin'ibus
924 2103 1157 2144 PraesidentibuS,
1173 2115 1262 2145 opor—

193 2142 253 2172 tuni
269 2141 384 2170 Favoris
400 2140 566 2171 Praesidium
582 2142 615 2171 δε
630 2141 736 2172 Honor
755 2141 865 2173 debitus
878 2144 1063 2181 impendatur.

232 2179 357 2210 Dudum
372 2178 524 2217 liquidem,
544 2180 629 2209 bonae
645 2182 794 2211 memoriae
810 2203 820 2218 ,
835 2181 968 2219 Johanne
989 2181 1114 2224 ld'ellensi
1126 2184 1160 2214 &
1172 2185 1261 2212 Bato-

196 2218 279 2257 nienfi
299 2217 442 2258 Episcopo
458 2240 468 2256 ,
487 2218 639 2255 Regimini
663 2219 811 2249 W'ellenl'is
823 2220 858 2250 ὅ(
872 2220 1043 2251 Batoniensis
1055 2220 1261 2261 Ecclefiasum,

193 2258 319 2287 invicem
342 2257 480 2287 canonice
503 2258 644 2287 unitarum
660 2280 670 2295 ,
686 2256 854 2289 Praelidente
867 2282 877 2295 ,
893 2258 979 2298 Nos,
998 2261 1142 2297 cupientes
1155 2260 1260 2292 eisdem

192 2295 321 2326 Ecclesiis
336 2318 345 2333 ,
370 2305 437 2326 cum
456 2306 500 2326 eas
519 2305 617 2326 vacare
638 2298 818 2334 contingeret
834 2320 843 2335 ‚
863 2297 960 2327 utilem
980 2298 1014 2330 &
1035 2298 1192 2337 ydoneam,
1231 2309 1261 2329 er

192 2334 368 2372 Apostolicae
393 2335 471 2364 Sedis
494 2333 705 2364 Providentiam
720 2357 729 2372 ,
752 2336 896 2373 praesidere
918 2336 1071 2367 Personam
1085 2360 1095 2375 ,
1119 2310 1260 2369 Proviffo-

191 2384 258 2403 nem
275 2373 439 2403 earumdem
456 2372 645 2403 Eccleiiarum
661 2372 844 2404 Ordinationi
859 2375 891 2405 &
907 2374 1090 2413 Dispositioni
1104 2376 1209 2407 nostrae
1225 2377 1259 2408 ei

192 2413 255 2443 vice
270 2412 398 2441 duximus
413 2411 562 2449 specialiter
580 2411 789 2450 reservandam,

230 2449 422 2480 Decernentes
446 2459 550 2480 extunc
572 2450 681 2479 irritum
701 2451 734 2481 &
758 2453 840 2481 inane
863 2451 882 2481 fi
901 2451 978 2483 secus
992 2475 1001 2491 ,
1018 2452 1097 2492 super
1117 2453 1188 2492 hiis,
1208 2464 1257 2492 per

193 2489 372 2527 quoscunque
386 2512 395 2527 ,
413 2490 509 2532 quavis
533 2488 709 2519 Auc‘toritate
724 2511 734 2532 ,
752 2490 867 2521 scienter
888 2491 932 2521 vel
947 2492 1126 2531 ignoranter,
1142 2495 1258 2524 contin-

193 2535 269 2567 geret
284 2536 446 2564 attemptari.

230 2564 421 2594 Postmodum
443 2568 530 2602 vcro,
547 2565 667 2603 praefatis
689 2565 840 2605 Ecclesiis‚
857 2576 906 2606 per
926 2567 1051 2599 Obitum
1065 2569 1188 2600 e'usdem
1202 2568 1259 2607 Jo-

193 2603 293 2633 hannis
313 2602 432 2642 Epijtffpi·
449 2626 458 2641 ,
475 2605 521 2642 qui
545 2613 618 2634 extra
639 2604 805 2635 Romanam
831 2604 948 2637 Curiam
968 2607 1045 2638 diem
1061 2579 1155 2638 clausit
1169 2617 1259 2638 exrre-

188 2652 295 2680 mum,
312 2643 490 2680 vacaiitibu'i,
511 2641 596 2681 Nos,
615 2642 771 2673 Vacatione
789 2642 946 2681 hujusmodi
966 2645 1126 2686 Fidedignis
1150 2646 1258 2678 Relati-

194 2681 248 2749 lfoeilis
268 2680 411 2711 intellec‘ta
425 2703 434 2718 ,
457 2681 490 2711 ad
512 2679 710 2711 provisionem
733 2681 849 2722 ipsarum
870 2683 1060 2715 Ecclefiarum
1083 2685 1204 2716 celerem
1225 2687 1258 2717 δε

235 2729 307 2749 icem

233 2757 281 2788 De
296 2742 350 2796 qiia
371 2756 476 2794 nullus,
492 2766 593 2798 praeter
613 2757 699 2796 Nos,
719 2757 750 2787 ea
766 2760 847 2797 vice,
867 2759 894 2788 se
914 2759 1100 2792 intromittere
1115 2770 1260 2803 potuerat,

196 2806 286 2834 neque
303 2805 427 2834 poterat,
448 2795 646 2827 Reservatione
659 2797 690 2827 ὃς
710 2796 835 2827 Decreto
849 2797 1047 2829 obsistentibus
1063 2799 1239 2839 supradietis,

234 2835 285 2865 Ne
309 2834 386 2864 dicta
407 2835 530 2865 Ecclesia
551 2835 644 2874 longse
661 2835 823 2866 Vacationis
842 2845 1027 2874 exponeretur
1048 2839 1258 2877 incommodis,

195 2875 314 2913 paternis
326 2875 357 2903 ὃ(
375 2874 495 2904 [οζὶίεὶῑίε
510 2873 611 2904 Studiis
626 2874 815 2911 intendenteS,
824 2875 887 2912 post
904 2874 1147 2907 Deliberationem
1158 2887 1260 2915 ,quam

197 2911 276 2949 super
290 2913 340 2941 liii<
358 2922 423 2942 cun*¹
440 2912 578 2942 fratribus
595 2912 693 2943 nostris
709 2913 858 2943 habuimus
870 2914 1033 2953 diligentem
1044 2939 1052 2954 ,
1071 2915 1188 2945 demum
1208 2916 1260 2954 ad,

196 2949 396 2980 venerabilem
418 2950 541 2980 Fratrem
562 2950 691 2981 nostrum
705 2974 714 2989 ,
735 2951 924 2991 Waltherum,
943 2953 1115 2983 &Vellenfiem
1130 2955 1163 2984 &
1179 2953 1261 2985 Bato-

197 2988 320 3018 nienl'eni
336 2999 428 3027 nunc,
449 2989 691 3020 Licliefeldensem
706 2991 739 3021 ὃς
754 2989 982 3021 Coventrcnsem
996 2992 1169 3032 Episcopum

234 3026 420 3056 Consideratis
434 3027 579 3066 grandium
595 3027 744 3058 Virtutum
759 3030 862 3059 meritis
880 3031 981 3069 quibus
1002 3031 1153 3062 Personam
1168 3014 1261 3070 suam,

199 3074 284 3108 prout
304 3064 507 3104 fidedignorum
530 3065 719 3097 Testimoniis
737 3069 897 3107 accepimus
913 3092 922 3107 ,
939 3069 1035 3100 divina
1046 3069 1132 3110 gratia
1150 3069 1261 3108 inligni-

200 3112 240 3133 vit

237 3126 273 3171 Et
290 3141 367 3179 quod
385 3140 542 3170 Utiltherus
556 3141 711 3182 Epistopur,
729 3145 777 3181 qui
794 3143 1010 3176 Lichefeldenlis
1030 3146 1062 3176 &
1082 3144 1263 3176 Coventreii-

200 3180 232 3211 sis
244 3179 375 3210 Eccleliai
383 3190 430 3210 um
440 3203 449 3218 ‚
465 3181 555 3222 etiam
567 3183 691 3211 invicem
704 3184 842 3213 canonice
860 3185 1000 3215 unitarum
1010 3208 1019 3224 ‚
1035 3183 1183 3224 Regimiiii
1196 3184 1264 3214 hac-

203 3227 283 3249 tenus
296 3220 468 3249 laudabiliter
482 3221 608 3256 praemit,

240 3256 340 3287 Dictis
352 3257 393 3287 W
398 3258 525 3287 eliensem
541 3258 573 3288 ὃ(
589 3258 783 3288 Batoniensem
801 3259 936 3289 Ecclesias
950 3260 1015 3292 sciet
1031 3262 1064 3292 &
1079 3260 1198 3298 poterit,
1218 3270 1266 3289 au-

202 3296 283 3326 &ore
307 3295 442 3326 Domino
454 3318 462 3332 ,
483 3296 622 3326 salubriter
646 3307 742 3334 regere
760 3320 769 3334 ,
788 3299 819 3327 ὅ(
842 3298 958 3328 feliciter
977 3300 1148 3339 gubernare,
1165 3298 1266 3329 direxi-

203 3343 266 3365 mus
279 3334 379 3365 oculos
395 3334 497 3365 nostrae
514 3336 632 3374 mentis,

240 3371 417 3402 Intendentes
433 3375 542 3411 itaque,
558 3376 615 3403 tarn
633 3373 771 3411 praedisris
784 3374 919 3405 Weliensi
940 3376 973 3406 &
994 3375 1150 3407 Batonienfi
1166 3374 1267 3406 Eccle-

203 3410 273 3450 siis,
286 3412 370 3447 quiim
387 3421 482 3442 earum
503 3411 591 3449 Gtegi
613 3412 774 3442 Dominico
791 3435 800 3449 ‚
819 3412 959 3443 sa'ubriter
972 3415 1138 3452 providere,
1156 3413 1266 3444 dicium

206 3449 377 3478 lValtherum
402 3460 416 3479 a
439 3448 567 3480 Vinculo
582 3473 590 3489 ,
608 3461 667 3488 quo
690 3450 791 3481 eisdem
810 3450 1015 3482 Lichefeldensi
1029 3453 1063 3483 &
1080 3452 1268 3482 Coventrensi

206 3486 336 3528 Ecclesiis
358 3490 367 3522 (
382 3489 482 3527 quibus
502 3498 571 3518 tunc
595 3498 708 3527 praeerat
726 3492 734 3525 )
754 3490 898 3519 tenebatur
913 3513 921 3527 ‚
940 3491 976 3521 de
992 3491 1114 3530 ipsorum
1137 3490 1269 3520 Fratrum

206 3524 354 3563 Consilio,
370 3527 401 3555 ὃ(
421 3527 593 3564 Apostolicze
608 3527 754 3558 Potestatis
770 3528 956 3566 plenitudine,
975 3530 1164 3567 absolventes,

245 3563 340 3600 Ipsum
355 3564 388 3593 ad
402 3564 487 3594 dietas
507 3565 680 3596 wellensem
696 3567 728 3597 δε
751 3566 942 3596 Batonicnsem
958 3567 1096 3598 Ecclesias
1111 3566 1269 3598 Transtuli-

209 3610 287 3640 muS,
307 3603 451 3640 ipiumque
473 3604 524 3633 illis
547 3604 728 3635 Pnefecimus
743 3606 770 3634 in
789 3604 962 3642 Episcopum
978 3607 1010 3636 ὅ(
1028 3606 1187 3642 Pastorem,
1208 3604 1270 3635 Cu-

209 3649 268 3668 ram
290 3642 321 3670 &
339 3641 620 3671 Adiviiiistiarionem
640 3643 780 3672 dictarum
804 3643 954 3673 &Vellenlis
971 3645 1003 3674 ἃ
1026 3644 1195 3675 Batoniensis
1213 3643 1272 3674 Ec-

209 3677 351 3719 clesiarun:
369 3679 460 3709 cidem
476 3680 627 3710 walthero
644 3682 673 3710 iii
690 3681 881 3718 spiritualibus
895 3683 927 3712 &
942 3682 1164 3721 Teniporalibus
1177 3682 1273 3720 plena-

211 3716 252 3743 rie
271 3718 501 3755 committendo,
517 3719 688 3756 liberamque
708 3720 757 3749 sibi
780 3720 930 3750 tribuendo
947 3721 1089 3752 licentiam
1108 3721 1143 3752 ad
1164 3720 1272 3751 easdem

212 3750 383 3784 Wellensem
398 3757 431 3786 ὅ(
447 3755 641 3786 Batoriieniem
658 3757 793 3787 Ecclesias
809 3758 980 3796 transeundi,

251 3789 342 3821 Firma
364 3792 380 3821 s
395 3804 409 3822 e
433 3793 589 3831 fiduciaque
602 3797 745 3833 conceptis
762 3796 857 3833 quod,
877 3797 1017 3831 dirigente
1031 3797 1165 3828 Domino
1183 3796 1273 3828 Adtus

213 3826 289 3864 sum,
311 3839 366 3871 prae
381 3841 487 3861 ararum
503 3833 651 3862 Wellenfis
671 3834 703 3863 &
718 3833 883 3863 Batoniensis
903 3834 1110 3874 Ecclesiarum,
1128 3845 1176 3873 per
1192 3835 1275 3874 ipsius

215 3863 335 3894 VValteii
356 3867 502 3910 industriae
522 3871 555 3900 &
569 3870 842 3911 Circumspeffionis
858 3872 981 3903 studium
1003 3874 1194 3911 fruoluosum,
1214 3872 1275 3903 Re-

214 3910 313 3946 gentur
326 3905 440 3943 utiliter,
460 3908 492 3938 δε
508 3911 636 3946 pioiptre
651 3909 830 3948 Dii-igentur,
849 3921 881 3940 ac
893 3921 969 3950 grata
984 3913 1013 3941 iii
1024 3912 1129 3942 eisdem
1142 3912 1276 3950 Spiritua-

214 3940 287 3971 libus
299 3942 331 3970 ὃῑ
346 3942 561 3984 Temporalibus
575 3948 593 3977 S
598 3948 731 3985 uscipierit
747 3947 943 3987 Incrementa,

238 3977 438 4023 *Cumanaque
452 3983 519 4024 (Fi-li
538 3985 693 4021 cariffime)
713 3987 743 4016 iit
764 3987 872 4016 virtutis
889 3997 960 4023 opus
983 3988 1041 4018 Dei
1063 3987 1212 4018 Ministros
1227 3987 1277 4017 be-

214 4025 304 4057 nigno
325 4022 420 4049 tavore
439 4023 565 4059 prolequi
579 4046 588 4060 ,
611 4025 645 4055 &
666 4034 714 4055 eos
734 4024 835 4056 Verbis
856 4025 888 4056 ὃς
902 4026 1063 4065 Operibus,
1082 4027 1101 4046 ²*
1121 4036 1174 4064 pro
1187 4025 1276 4064 Regis

38 2000 64 2023 A

37 2038 66 2062 R.
87 2044 111 2060 2.

38 2077 78 2100 Ex
103 2074 173 2110 orig.

37 2113 63 2137 in
79 2114 142 2139 Tur.

39 2159 65 2176 n.
79 2149 104 2177 8.

68 3974 87 3992 ο
109 3974 176 4000 vii.

70 4021 137 4048 542-

1302 248 1449 279 hortamur
1462 249 1567 279 attente
1582 250 1712 286 quatinus
1725 249 1846 280 eundern
1862 249 2033 280 Waltherum
2047 255 2074 281 E
2091 252 2219 292 iscopum,
2239 253 2272 285 &
2288 262 2372 284 cotn-
2409 251 2493 290 1386.

1301 287 1394 317 missas
1406 287 1457 317 fibi
1471 287 1513 317 W
1516 287 1647 317 eliensem
1663 288 1696 318 &
1710 287 1905 318 Batoiiiensem
1921 287 2059 320 Ecclesias
2092 292 2247 331 ujusmodi,
2263 291 2372 323 liabens
2385 291 2439 318 Ric.
2455 299 2483 317 ²·

1299 334 1352 365 pro
1372 325 1467 356 nostra
1486 326 1519 356 ὃς
1542 325 1716 363 Apostolicae
1738 326 1816 356 Sedis
1835 328 1989 356 reverentia
2003 330 2164 365 propensius
2182 330 2372 361 commenda-

1298 372 1359 402 tos,
1375 365 1412 395 sic
1429 374 1477 394 eos
1492 364 1608 404 Benigni
1621 364 1738 395 Favoris
1750 363 1835 403 gratia
1846 364 2040 406 prosequaris,
2057 367 2137 404 quod
2157 368 2233 399 idem
2251 367 2373 408 Episco-

1320 413 1350 432 us
1362 425 1373 440 ,
1398 410 1454 432 tuae
1470 401 1650 433 Celsitudinis
1670 402 1755 433 fultus
1771 402 1906 433 Praelidio
1919 426 1929 441 ,
1947 404 1976 433 in
1997 405 2151 436 commisso
2163 406 2212 437 sibi
2227 408 2369 439 dietarum

1326 441 1487 472 eclesiarum
1507 441 1662 481 Regimine
1686 442 1781 473 utilius
1800 440 1938 480 proficere
1959 443 2067 480 valeat,
2101 453 2134 473 ac
2157 445 2207 475 tibi
2234 447 2337 477 exinde
2354 457 2370 478 a

1298 479 1369 549 geo
1378 480 1532 524 perhennis
1548 481 1615 512 vitae
1627 482 1778 518 praernium
1788 503 1798 519 ,
1813 481 1847 511 &
1861 490 1877 511 a
1888 480 1973 511 nobis
1983 480 2126 520 condigna
2133 486 2280 520 proveniat
2293 486 2371 517 aetio

1336 527 1474 548 sanarum.

1299 556 1404 627 ADat.
1419 556 1528 594 Januae
1542 555 1661 588 decimo
1677 557 1779 595 quinto
1794 557 1860 590 Kal.
1876 556 2267 597 Septembris‚Pontificatfis
2279 561 2369 594 nostri

1328 604 1389 626 nno
1401 604 1492 626 nono.

1991 637 2074 675 Super
2089 635 2202 667 Plicam.

2064 715 2096 744 T.
2115 714 2147 744 de
2166 715 2264 755 Nym.

1603 836 1652 870 De
1669 836 1809 883 Epiftopo
1830 835 2058 871 Bethlemitano.

1363 919 1450 960 EX,
1469 920 1574 952 dile&o
1587 921 1654 961 sibi,
1672 920 1825 952 Willielmo
1844 922 1975 954 Barwell
1993 922 2138 954 Escaetori
2152 922 2202 954 suo
2217 922 2246 953 iri
2262 923 2368 956 Comi·
2387 907 2516 979 Αηῐέἒ·

1375 962 1476 990 tatibus
1491 959 1683 991 Gloucestriae
1699 961 1732 992 ὃς
1747 960 1949 1002 Herefordiae,
1967 972 2000 994 ac
2015 961 2149 994 Marchia
2163 961 2293 1003 Waliiae,
2314 965 2365 996 eii-
2405 958 2439 989 ¹3
2483 972 2492 981 ⁹

1292 994 1360 1028 dem
1378 997 1574 1029 Comitatibus
1591 998 1751 1038 adjacente,
1769 999 1905 1032 Salutem.
2383 991 2436 1015 ’θ’
2455 997 2499 1016 ¹⁰·

1330 1035 1412 1067 Cum
1435 1036 1580 1068 Dominus
1603 1041 1724 1068 Summus
1745 1036 1876 1078 Pontifex
1892 1063 1902 1079 ,
1920 1038 2124 1070 venerabilem
2139 1037 2251 1071 Patrem
2289 1039 2365 1071 Wil-
2382 1029 2412 1054 R·
2435 1036 2461 1054 ²·

1292 1072 1411 1104 lielmum
1432 1075 1679 1120 Bethleernitanum
1702 1075 1856 1115 Episc'opum
1877 1088 1892 1108 a
1913 1076 2057 1117 vinculo,
2097 1088 2135 1109 uo
2151 1079 2245 1110 eidem
2260 1063 2499 1130 Eccle·1²,’“‘·¹⁰·

1293 1113 1339 1144 siae
1353 1113 1618 1145 Bethleemitanensi
1635 1115 1779 1145 tenebatur
1794 1139 1805 1153 ,
1823 1115 1859 1145 de
1880 1115 1907 1146 A
1948 1115 2058 1147 stolicae
2104 1116 2226 1148 otestatis
2241 1119 2364 1157 plenitu-
2404 1124 2410 1131 ‘
2431 1112 2458 1132 ²·

1293 1150 1694 1197 dine,abiolvens,ipsum·ad
1710 1153 1814 1184 Sedem
1829 1153 1890 1184 Lan
1913 1156 2015 1185 avensis
2030 1154 2183 1194 Ecclesiae,
2202 1166 2251 1195 per
2259 1156 2364 1188 Trans·
2379 1147 2406 1180 p·
2430 1151 2455 1169 ¹·

1292 1189 1427 1222 lationem
1449 1191 1555 1222 Thomae
1571 1216 1580 1230 ,
1607 1192 1700 1222 ultimi
1728 1191 1860 1232 Episcopi
1881 1191 2017 1224 Ecclesiae
2039 1193 2110 1224 illius
2124 1218 2134 1232 ,
2157 1194 2193 1225 ad
2211 1194 2366 1227 Ecclesiam
2384 1189 2422 1207 Μ’
2443 1189 2492 1217 3²·

1294 1228 1494 1260 Cathedralem
1519 1230 1728 1261 Cicestrensem
1755 1239 1904 1262 vacantem
1918 1255 1928 1268 ,
1953 1232 2146 1270 transtulerit,
2170 1233 2311 1271 &ipsum
2336 1235 2368 1266 in

1294 1267 1471 1308 Episcopum
1487 1268 1572 1300 dietae
1585 1269 1721 1300 Ecclesiae
1738 1269 1925 1300 Landavenfis
1939 1272 2097 1315 praefecerit
2112 1293 2122 1310 ‚
2138 1271 2209 1301 sicut
2223 1282 2273 1310 per
2288 1272 2367 1304 Lite-

1295 1306 1478 1376 rasbtssullatassc
1493 1309 1574 1345 ipsius
1595 1307 1722 1338 Domini
1737 1308 1851 1339 Summi
1865 1308 2011 1340 Pontificis
2026 1333 2036 1349 ,
2055 1310 2138 1340 nobis
2154 1310 2223 1340 inde
2234 1310 2368 1351 directas,

1295 1355 1335 1376 no
1358 1356 1379 1376 is
1394 1356 1451 1377 con
1479 1355 1523 1383 at,

1334 1384 1379 1415 Ac
1396 1385 1473 1415 idem
1495 1385 1651 1425 Episcopus
1673 1385 1861 1416 Landavensis
1883 1386 2017 1417 omnibus
2039 1387 2072 1419 δε
2092 1387 2130 1418 fin
2153 1387 2203 1418 ulis
2214 1388 2308 1419 verbis
2341 1389 2372 1419 in

1297 1422 1382 1453 distis
1404 1423 1506 1454 Literis
1528 1422 1800 1455 Bullatis’contentis
1815 1447 1825 1463 ,
1850 1424 1950 1455 Nobis
1971 1425 2015 1456 seii
2054 1426 2095 1456 uri
2169 1436 2249 1457 ronae
2267 1411 2372 1458 nolitrae

1298 1462 1548 1500 praejudicialibus,
1567 1463 1682 1501 sponte,
1701 1463 1811 1502 palam,
1826 1463 1860 1494 ὃ(
1874 1463 1997 1500 expresse
2051 1466 2261 1504 enunciaverit,
2279 1466 2313 1498 &
2327 1465 2372 1497 su-

1296 1509 1346 1540 per
1364 1500 1421 1532 hoc
1437 1500 1549 1532 Gratiae
1563 1501 1669 1531 nostrae
1681 1501 1823 1533 humiliter
1837 1501 1863 1531 se
1876 1502 2017 1541 submisit,

1335 1538 1421 1577 Nos,
1434 1549 1471 1570 eo
1485 1548 1636 1578 praetextu,
1655 1540 1782 1571 volentes
1801 1540 1920 1579 praefato
1937 1540 2081 1580 Episcopo
2105 1541 2279 1573 Landavenfi
2293 1541 2370 1574 Gra-

1295 1578 1363 1608 tiam
1378 1579 1408 1608 in
1419 1578 1473 1609 hac
1487 1587 1563 1618 parte
1576 1579 1666 1609 facere
1681 1578 1829 1617 specialem
1839 1600 1848 1615 ‚
1867 1580 1995 1618 cepimus
2009 1580 2187 1611 Fidelitatem
2204 1581 2284 1619 ipsius
2300 1580 2370 1619 Epi-

1295 1615 1375 1653 scopi
1401 1615 1586 1647 Landavensis
1602 1640 1611 1655 ,
1627 1618 1660 1647 &
1683 1616 1868 1654 Temporalia
1880 1617 1950 1648 dicti
1964 1617 2150 1658 Episcopatus
2165 1619 2374 1659 Landaveniis,

1297 1654 1334 1685 de
1348 1655 1434 1691 gratia
1451 1654 1547 1685 nostra
1560 1655 1687 1694 speciali,
1707 1655 1877 1685 restituimus
1889 1657 1999 1686 eidem:

1334 1693 1373 1724 Et
1388 1692 1456 1724 ideo
1471 1694 1521 1724 tibi
1531 1693 1716 1732 praecipimus
1731 1693 1811 1732 quod
1825 1693 1918 1724 eidem
1931 1694 2073 1733 Episcopo
2086 1694 2261 1727 Landavenfi
2277 1697 2371 1728 Tem-

1295 1732 1566 1800 ροῐαὲῇἒὶρτκάὶᾶει,
1585 1742 1654 1763 cum
1667 1731 1860 1770 Pertinentiis,
1876 1733 1906 1762 in
1922 1732 2025 1765 Baliiva
2035 1742 2099 1772 tua,
2116 1734 2216 1765 liberes
2230 1737 2259 1766 in
2275 1736 2368 1768 foi-ma

1296 1780 1355 1811 prae
1378 1781 1384 1799 i
1418 1781 1442 1801 a.

1334 1808 1424 1840 Teste
1438 1807 1522 1851 Rege
1535 1809 1610 1849 apud
1625 1811 1786 1839 Manerium
1801 1809 1834 1839 de
1851 1809 2002 1850 Wodestoke
2016 1812 2070 1841 xxi.
2088 1809 2135 1841 die
2151 1811 2280 1851 Augusti.

1773 1888 1827 1917 Per
1845 1890 1973 1917 Literam
1986 1887 2061 1929 ipfiur
2076 1890 2154 1925 Regis
2169 1887 2202 1918 de
2217 1890 2334 1927 Signeto.

1334 1964 1496 1998 Confimile
1518 1962 1610 1997 Breve
1629 1964 1760 2005 dirigitur
1781 1964 1911 2004 Johanni
1931 1965 2020 2007 Brode
2036 1965 2073 1997 de
2091 1964 2211 1997 Smethe
2232 1964 2371 1999 Escaetori

1299 2006 1350 2038 suo
1366 2008 1396 2036 in
1409 2005 1558 2037 Comitatu
1576 2003 1787 2043 Middlesexiae,
1807 2003 1866 2040 &c.
1886 2004 2018 2044 utsupra.

1335 2045 1427 2076 Teste
1444 2054 1476 2076 ut
1490 2044 1577 2083 supra.

1336 2122 1495 2154 Consimile
1506 2121 1596 2153 Breve
1610 2121 1736 2161 dirigitur
1749 2123 1861 2151 Decano
1879 2119 1917 2157 ὠ
1934 2124 2023 2161 Capit.
2039 2119 2174 2153 Ecclefiae
2193 2119 2368 2153 Cathedrali's

1299 2160 1499 2193 Landavenfis.

1335 2200 1426 2232 Teste
1439 2209 1470 2232 ut
1488 2201 1573 2241 supra.

1298 2276 1394 2339 ET
1421 2277 1595 2309 Mandatum
1619 2275 1661 2307 est
1683 2275 1826 2308 Militibus
1839 2299 1848 2315 ,
1865 2275 1958 2307 liberis
1973 2275 2168 2314 Hominibus,
2186 2275 2220 2307 &
2237 2275 2373 2306 omnibm

1376 2317 1433 2347 aliis
1451 2317 1629 2347 Tenentibus
1644 2317 1680 2346 de
1696 2315 1861 2355 Episcopatu
1875 2314 2031 2354 praedistQ
2049 2314 2130 2354 quod
2138 2313 2232 2345 eidem
2249 2315 2291 2344 W
2292 2309 2371 2358 illie(-

1298 2368 1356 2393 mo,
1373 2365 1509 2394 tanquam
1526 2355 1669 2394 Episcopo
1683 2354 1718 2385 &
1733 2355 1867 2385 Domino
1879 2354 1945 2392 suo,
1966 2355 1994 2383 in
2009 2354 2160 2390 omnibus,
2197 2362 2240 2383 uae
2255 2352 2289 2382 ad
2303 2352 2372 2392 Epi-

1297 2395 1346 2427 sco
1382 2402 1444 2463 illm
1458 2394 1630 2436 praedictum
1645 2395 1801 2433 pertinent,
1819 2392 1998 2424 intendentes
2017 2393 2069 2424 sint
2085 2392 2119 2423 &
2133 2391 2179 2422 Re
2190 2391 2354 2430 pondentes.

1368 2443 1384 2464 e
1411 2443 1427 2464 e
1441 2436 1573 2472 utsupra.

1364 2569 1414 2600 De
1433 2568 1668 2601 Proclamatione
1679 2562 1826 2610 facienda
1842 2591 1852 2606 ,
1873 2574 1929 2611 pro
1944 2564 2122 2597 Salvatione
2141 2565 2297 2597 Navium.

2393 2633 2525 2665 Ann.D.'

2411 2673 2499 2714 1386.

2387 2715 2439 2739 An.
2462 2723 2505 2741 io.

2386 2754 2414 2778 R.
2434 2760 2460 2778 2.

2386 2788 2520 2825 clausio.

2386 2831 2414 2855 R.
2435 2837 2461 2854 2.

2386 2874 2423 2893 m.
2435 2864 2520 2901 44.d.

1297 2652 1384 2711 RE
1394 2652 1424 2684 X
1446 2651 1552 2689 Maiori
1569 2651 1601 2682 δε
1617 2650 1727 2681 Ballivls
1741 2649 1824 2679 Villae
1838 2649 1874 2679 de
1890 2647 1996 2679 Sanito
2011 2647 2192 2687 Botholpho,
2211 2647 2344 2678 Salutem.

1418 2692 1461 2730 Q
1474 2693 1498 2721 ia
1513 2690 1626 2720 Inimici
1641 2689 1729 2719 nostri
1741 2688 1767 2718 se
1781 2697 1877 2726 parant
1891 2687 1925 2718 &
1939 2687 2073 2718 ordinant
2089 2687 2166 2724 supra
2182 2686 2282 2729 Mare,
2301 2696 2368 2717 cum

1297 2731 1423 2760 maximo
1437 2703 1565 2769 ixklavigio
1580 2729 1613 2759 &
1629 2726 1761 2758 Potentia
1778 2728 1980 2762 Armatorum,
1999 2726 2134 2756 celerime
2149 2725 2287 2764 proficisci
2303 2749 2313 2763 ,
2333 2726 2368 2757 ad

1299 2768 1395 2806 Mala,
1415 2779 1479 2807 quae
1494 2775 1646 2813 poterunt,
1668 2766 1799 2805 Navigio
1813 2764 1912 2802 Regni
1926 2764 2034 2802 nostri,
2051 2764 2143 2795 versus
2164 2763 2368 2807 Burdogaliam‚

1298 2816 1398 2838 contra
1422 2817 1547 2845 proxima
1569 2805 1717 2843 Vendagia
1734 2827 1745 2843 ,
1771 2804 1918 2834 transituro
1933 2826 1944 2842 ,
1960 2802 2162 2841 Inserendum,
2179 2806 2247 2833 licut
2266 2802 2369 2833 Sumus

1298 2854 1352 2884 pro
1367 2855 1446 2876 certo
1463 2846 1621 2883 informati,
1967 2881 1972 2886 .
2034 2880 2040 2886 .

1338 2883 1450 2923 Vobis,
1467 2884 1620 2915 distric'tii'is
1638 2892 1696 2922 quo
1717 2881 1871 2919 poterimus
1930 2878 2106 2919 InJungimus
2133 2881 2167 2911 ὃ(
2193 2879 2367 2923 Maridamus

1299 2923 1380 2960 quod
1397 2924 1486 2953 statim
1502 2946 1512 2962 ,
1528 2923 1589 2952 vifis
1608 2921 1805 2961 praesentibus,
1826 2921 1854 2949 in
1870 2903 1951 2962 Villa·
1963 2918 2097 2961 praedicta
2112 2942 2122 2956 ,
2142 2918 2254 2962 &.³l¹‘b¹
2265 2940 2275 2956 ,
2293 2927 2367 2957 quo-

1300 2962 1372 2990 tiens
1387 2961 1498 2992 necesse
1513 2961 1594 2991 fuerit
1609 2982 1617 2997 ‚
1635 2960 1669 2990 ὃ(
1683 2959 1766 2989 vobis
1780 2958 1909 2995 expedire
1924 2956 2064 2986 Videbitui·
2078 2979 2087 3000 ἶ
2106 2956 2220 2999 publice
2230 2965 2275 2999 *ex
2290 2964 2368 2993 parte

1300 2998 1395 3029 nostra
1409 3000 1576 3038 proclamari
1598 2998 1703 3028 faciatis
1721 2996 1801 3035 quod
1820 3004 1922 3025 omnes
1944 2994 1978 3025 &
1992 2994 2030 3024 fin
2052 2994 2087 3038 uli
2110 2993 2237 3038 Domini
2253 2994 2286 3024 ὃς
2301 2993 2369 3024 Ma-

1299 3038 1376 3076 gistri
1400 3037 1533 3068 Navium
1555 3036 1676 3074 ejusdem
1698 3035 1782 3065 Villae
1797 3057 1806 3071 ,
1825 3035 1858 3064 &
1880 3033 1994 3062 aliarum
2045 3042 2141 3062 avium
2159 3032 2226 3062 infra
2246 3031 2368 3062 Portum

1301 3075 1425 3113 ejusdem
1448 3076 1622 3106 existentium
1637 3097 1646 3112 ,
1665 3074 1713 3112 qui
1734 3073 1831 3102 Naves
1847 3071 1904 3101 illas
1920 3070 1953 3100 ad
1969 3078 2057 3107 partes
2078 3069 2224 3101 Vaseoniae
2238 3093 2247 3108 ,
2265 3079 2366 3101 contra

1303 3115 1444 3154 Vendagia
1466 3113 1600 3152 praedieta
1615 3135 1624 3150 ,
1643 3115 1658 3128 ⁴
1682 3112 1794 3141 mittere
1809 3111 1855 3139 vel
1868 3108 1972 3139 ducere
1985 3108 2136 3139 intendunt
2149 3131 2160 3147 ,
2176 3109 2255 3147 super
2276 3109 2366 3139 Foris·
2383 3107 2402 3127 *¹
2419 3109 2487 3138 v11.

1302 3152 1410 3183 fictura
1430 3152 1559 3182 Navium
1579 3150 1782 3188 praedic‘tarum
1805 3149 1838 3178 ὃς
1859 3148 1992 3177 omnium
2011 3148 2132 3177 aliorum
2168 3157 2211 3178 uae
2228 3148 2311 3178 nobis
2323 3148 2368 3178 fo-
2385 3155 2451 3184 543.

1303 3192 1430 3221 rissacere
1450 3198 1606 3227 poterunt,
1629 3188 1737 3218 fortiori
1761 3186 1851 3216 modo
1876 3196 1935 3224 quo
1957 3193 2090 3222 poterunt
2103 3208 2112 3223 ,
2171 3196 2250 3216 mnes
2272 3186 2370 3217 Naves

1304 3229 1448 3268 praediolas
1466 3227 1576 3258 insimul
1592 3250 1602 3265 ,
1620 3226 1710 3257 versus
1729 3225 1848 3255 Portum
1869 3224 1905 3254 de
1919 3223 2073 3255 Sandwico
2088 3248 2097 3262 ,
2116 3234 2183 3255 cum
2197 3226 2279 3255 omni
2293 3225 2372 3256 festi.

1304 3268 1436 3304 natione,
1454 3266 1522 3297 duci
1536 3266 1582 3296 vel
1597 3266 1689 3303 mitti,
1703 3263 1851 3299 &ibidem
1864 3262 1972 3293 eisdem
1988 3262 2086 3293 Naves
2096 3263 2243 3300 expctfflme
2256 3263 2372 3302 faciant,

1306 3305 1450 3344 quousque
1469 3315 1569 3335 omnes
1590 3304 1689 3334 Naves
1703 3326 1712 3341 ,
1730 3303 1863 3333 omnium
1882 3300 2020 3331 Villarum
2035 3301 2068 3332 ὃς
2082 3300 2222 3331 Portuum
2242 3303 2272 3332 in
2289 3304 2373 3341 parti-

1305 3345 1357 3375 bus
1371 3343 1529 3374 Borealibus
1544 3343 1722 3374 existentium
1731 3365 1741 3380 ,
1760 3351 1824 3380 quae
1836 3340 1871 3371 ad
1883 3340 1973 3370 dietas
1985 3349 2075 3379 partes
2088 3339 2258 3379 Burdegaliae
2272 3363 2282 3378 ,
2300 3350 2373 3371 con—

1306 3392 1346 3413 tra
1363 3381 1509 3421 Vendagia
1522 3382 1670 3422 praediCia,
1690 3382 1729 3411 ire
1744 3380 1900 3416 voluerint,
1913 3379 1943 3408 in
1957 3377 2037 3408 ditsto
2050 3377 2141 3408 Portu
2156 3378 2313 3409 Sandewici
2328 3380 2372 3409 in-

1307 3421 1386 3452 simul
1402 3421 1469 3451 Con
1491 3429 1591 3460 regatae
1604 3420 1724 3457 fuerint,
1741 3418 1776 3448 ad
1791 3418 1877 3447 finem
1893 3415 1973 3457 quod
1993 3424 2063 3460 tunc
2076 3416 2323 3460 abinderccedere
2337 3418 2372 3448 &

1307 3469 1409 3490 omnes
1429 3461 1456 3490 in
1470 3460 1537 3490 imul
1560 3460 1652 3489 versus
1671 3458 1758 3488 diffitas·
1778 3466 1869 3493 partes
1890 3453 2039 3485 Vaiconiae
2052 3478 2062 3490 ,
2079 3455 2189 3485 fortiori
2208 3456 2299 3486 modo
2313 3478 2322 3493 ,
2337 3456 2371 3485 ὃ(

1308 3508 1376 3528 cum
1393 3498 1491 3529 ma'ori
1506 3498 1664 3528 Salvatione
1676 3497 1777 3534 quibus
1790 3501 1940 3532 poterunt,
1960 3491 2029 3523 Deo
2042 3492 2139 3524 Dante
2151 3516 2161 3532 ‚
2179 3502 2276 3524 contra
2290 3493 2374 3524 Inva-

1309 3538 1415 3567 sionem
1437 3508 1626 3567 lnimicorum
1646 3533 1810 3565 nostrorum
1853 3531 2034 3561 raedi't‘torum
2092 3532 2160 3568 siqui
2181 3541 2224 3561 eas
2246 3532 2374 3563 invadere

1308 3575 1465 3612 voluerint,
1482 3575 1590 3605 valeant
1604 3572 1761 3617 proficisci,
1779 3570 1817 3600 Et
1832 3542 1889 3614 lioc
1899 3593 1908 3607 ,
1926 3569 2005 3613 super
2019 3555 2075 3600 sicle
2088 3570 2121 3600 ὃ(
2136 3569 2267 3609 ligmntia
2282 3592 2292 3609 ,
2311 3570 2374 3608 qui·

1310 3615 1363 3645 bus
1378 3614 1461 3643 nobis
1476 3613 1629 3649 tenemini,
1647 3610 1801 3640 nullatenus
1811 3616 1954 3639 omittatis.

1348 3651 1438 3684 Teste
1451 3652 1532 3690 Rege
1546 3649 1620 3690 apud
1634 3647 1907 3689 Westmonasterium,
1921 3645 2015 3677 xxviii.
2027 3645 2073 3676 die
2089 3644 2217 3685 Augusti.

2044 3724 2098 3752 Per
2120 3720 2270 3752 Concilium.

1352 3802 1520 3835 Confirniiia
1534 3803 1634 3835 Brevia
1647 3802 1804 3842 diriguntur
1817 3799 2001 3838 Subscriptis,
2017 3798 2046 3828 in
2060 3797 2151 3828 forma
2164 3797 2317 3837 praedidia,
2328 3796 2381 3829 sub

1315 3843 1415 3873 eadem
1431 3842 1505 3874 Data
1511 3852 1522 3879 ‚·
1543 3842 1694 3880 videlicet,

1357 3919 1464 3958 Majori
1477 3917 1516 3955 ὠ·
1531 3917 1654 3949 Ballivis
1669 3920 1697 3950 V
1698 3916 1753 3949 illa
1767 3916 1800 3947 de
1813 3912 1960 3955 Kingefton
1966 3912 2047 3953 fieper
2056 3909 2145 3950 Hull,
2163 3908 2228 3947 &a

2304 4057 2384 4094 εφη·
