2561 4251
44 1802 121 1833 Ann.
136 1800 177 1831 D.

67 1840 152 1879 1388.

43 1884 98 1909 An.
115 1889 155 1906 ιι.

46 1922 75 1946 R.
92 1928 118 1945 2.

45 1959 88 1983 ,Ex
108 1957 180 1992 Orig.

45 1995 71 2021 in
86 1997 149 2024 Tur.

49 2042 75 2060 n.
94 2041 136 2061 ιι.

61 3354 82 3374 4
95 3355 162 3383 VII.

64 3394 130 3429 576.

731 185 839 227 ET
926 187 1190 229 ACTA

26 271 103 305 Ann.
119 270 159 302 D.
218 274 406 306 consideratis
415 272 561 313 grandium
575 272 723 305 Virtutum
742 274 854 314 Donis,
870 275 972 315 quibus
986 276 1137 308 Personam
1150 276 1234 315 ipsius

25 310 131 380 3533}

25 390 43 407 ἱ*
59 389 126 418 v11.

22 436 91 465 575·

180 314 299 345 Walteri
321 312 453 352 Episcopi
473 312 621 343 Dominus
643 313 807 353 insignivit,
833 316 866 344 &
887 315 966 354 quod
986 315 1042 353 ipse
1058 315 1212 355 Episcopus
1225 339 1235 354 ,

180 354 229 391 qui
248 351 394 382 Wellensis
416 352 449 382 &
478 351 646 383 Batonienfis
665 352 685 372 '¹‘
706 352 893 383 Ecclesiarum
907 376 917 391 ,
943 355 1069 383 invicem
1096 355 1235 384 canonice

178 392 316 422 unitarum
329 412 339 428 ,
359 388 507 428 Regimini
524 390 658 421 hactenus
675 390 847 422 laudabiliter
870 392 982 428 praefuit
996 415 1006 429 ,
1030 391 1149 422 eandem
1170 391 1236 423 Du-

178 428 354 461 nolmensem
376 427 532 460 Ecclesiam
553 429 619 460 sciet
633 429 666 460 &
688 430 808 469 poterit,
824 431 940 460 auctore
953 429 1104 468 Domino,
1123 431 1235 461 salubri-

180 477 222 500 ter
235 476 327 506 regere
340 468 373 498 ὃς
388 467 505 499 feliciter
518 468 690 507 gubernare,

215 505 420 537 Convertimus
432 507 533 538 oculos
546 506 649 536 nostrae
664 506 782 544 mentis,

217 543 399 590 Intendentes·
413 547 496 585 igitur
510 568 520 584 ,
538 545 597 589 tam
616 544 667 582 ipsi
689 544 875 588 Dunelmensi
894 544 1028 576 Ecclesiae
1043 568 1053 584 ,
1075 547 1160 585 quam
1181 546 1238 584 ejus

179 582 773 665 grEgtinIdDgiinlwiilfersiiliiibrlligisgoggiiiczie
780 606 925 661 'Vincu10‚
942 633 1002 661 quo
1019 622 1138 667 praesatis
1156 622 1240 653 Wel-

178 659 246 690 lenli
261 661 293 691 &
309 660 466 692 Batonienfi
488 659 619 690 Eccleliis
633 683 643 698 ,
661 661 761 699 quibus
775 670 844 691 tunc
865 662 1024 699 tenebatur,
1045 662 1079 692 de
1091 662 1239 692 didiorum

179 698 309 730 Fratrum
323 698 475 736 Concilio,
492 699 526 729 &
541 698 715 737 Apostolicae
730 700 869 738 potestatis
883 700 1053 739 plenitudine
1066 723 1076 739 ,
1094 700 1242 730 absolven-

179 745 242 775 tes,
266 738 411 777 praefatum
439 736 603 768 W‘alterurn
625 736 798 776 Episcopum
818 738 852 768 ad
873 739 990 769 eandem
1014 738 1241 769 Dunelmerisem

179 775 336 807 Ecclesiam
356 799 367 814 ,
390 775 553 806 auCtoritate
582 775 749 813 Apostolica
764 800 774 815 ,
800 776 988 807 transtulimus
1005 800 1015 815 ,
1038 778 1184 814 ipsumque
1202 775 1242 805 illi

180 815 359 854 praefecimus
372 814 401 843 in
416 813 590 854 Episcopum
605 817 638 845 &
650 814 795 844 Pastorem
805 838 814 853 ,
833 815 940 845 Curam
963 816 996 845 δε
1011 815 1240 846 Administratio-

180 862 248 883 nem
264 853 343 890 ipsius
360 851 558 883 Dunelmensis
574 853 708 883 Ecclesiae
730 853 811 882 dieto
825 853 954 883 Waltero
969 853 1128 893 Episcopo,
1148 855 1177 883 in
1190 853 1244 891 spi-

182 891 321 921 ritualibus
335 892 367 922 &
387 892 603 930 temporalibus,
622 892 741 929 plenarie
763 892 988 929 committendo,
1006 892 1177 931 liberamque
1193 892 1244 922 sibi

183 929 336 959 tribuendo
354 929 516 960 Licentiam
536 930 570 960 ad
591 930 709 959 eandem
730 928 953 960 Dunelmensem
982 930 1139 961 Ecclesiam
1159 930 1245 960 trans-

184 968 294 1005 eundi3
312 967 391 998 firma
409 968 454 1005 spe
474 967 631 1006 fiduciaque
649 968 795 1006 conceptis
814 968 890 1008 quod
912 969 1025 1008 praefata
1045 968 1245 999 Dunelmensis

185 1005 326 1045 Ecclesia,
344 1015 394 1046 per
407 1006 487 1044 ipsius
501 1005 620 1036 Walteri
634 1005 779 1036 industriae
792 1007 824 1037 &
843 1008 1106 1047 circumspectionis
1120 1006 1245 1037 studium

184 1044 378 1081 fruituosum,
398 1045 484 1081 gratia
503 1044 553 1074 sibi
568 1043 706 1074 affistente
722 1044 828 1076 Divina
842 1068 851 1083 ,
870 1055 978 1084 regetur
998 1046 1117 1083 utiliter,
1135 1046 1168 1076 &
1182 1054 1248 1076 pro-

185 1083 261 1152 1spere
280 1083 413 1121 dirigetur
427 1105 437 1120 ,
462 1091 591 1123 grataque
615 1084 647 1113 in
669 1082 771 1114 eisdem
787 1084 968 1123 spiritualibus
989 1085 1022 1115 ὅς
1047 1078 1249 1123 temporalibus

199 1120 314 1158 uscipiet
328 1122 507 1151 incrementa.

224 1158 304 1188 Cum
316 1159 409 1197 itaque
423 1159 480 1194 (fili
493 1159 647 1197 cariffime)
668 1159 699 1190 lit
714 1161 823 1191 virtutis
831 1172 903 1200 opus
917 1162 972 1193 Dei
990 1161 1137 1192 Ministros
1147 1162 1247 1200 benig-

185 1207 227 1227 no
241 1197 336 1227 favore
350 1197 475 1236 prosequi
489 1221 499 1237 ,
514 1208 547 1228 ac
570 1208 618 1228 eos
637 1197 740 1228 Verbis
760 1200 793 1230 &
812 1201 962 1239 operibus,
978 1210 1031 1240 pro
1045 1201 1135 1238 Regis
1149 1201 1247 1230 aeterni

184 1235 289 1274 gloria,
308 1238 432 1266 venerari
443 1260 453 1275 ,
470 1237 643 1267 serenitatem
659 1238 764 1276 regiam
780 1246 912 1277 rogamus
927 1240 959 1270 δε
976 1240 1121 1269 hortamur
1143 1240 1248 1269 attente

184 1275 312 1316 quatinus
336 1274 457 1305 eundem
472 1275 635 1306 Walterum
650 1275 823 1313 Episcopum
839 1300 848 1315 ,
869 1279 903 1309 &
919 1278 1063 1315 praefatani
1077 1277 1250 1314 Ecclesiam,

187 1315 243 1342 iuae
266 1322 342 1343 curae
355 1314 537 1344 commissam
550 1314 656 1344 habens
677 1324 728 1352 pro
740 1314 836 1346 nostra
849 1317 883 1347 ὃς
898 1316 1072 1354 Apostolicae
1091 1316 1157 1346 sedis
1172 1325 1252 1345 reve-

188 1352 275 1381 rentia
289 1352 448 1391 propensius
460 1352 679 1383 commendatos
688 1376 698 1391 ,
715 1353 786 1390 ipsos
798 1355 911 1394 benigni
928 1355 1030 1385 favoris
1045 1354 1146 1384 auxilio
1159 1353 1252 1393 prose—

187 1390 278 1428 quaris
293 1413 303 1427 ,
320 1391 357 1420 ita
377 1390 454 1430 quod
467 1391 543 1421 idem
558 1391 702 1422 walterus
716 1391 889 1431 Episcopus,
909 1402 966 1424 tuae
981 1393 1148 1423 celsitudinis
1166 1392 1251 1421 fultus

188 1428 335 1467 praesidio,
353 1430 382 1459 in
396 1429 552 1460 commiffo
566 1430 616 1460 sibi
629 1440 705 1460 curae
719 1430 860 1470 pastoralis
872 1431 972 1462 officio
988 1430 1089 1469 polilt,
1108 1431 1177 1460 Deo
1186 1440 1251 1467 pro-

190 1467 262 1504 pitio
277 1489 286 1504 ,
309 1468 481 1507 prosperari,
498 1479 531 1500 ac
551 1469 601 1498 tibi
622 1469 725 1499 exinde¹
745 1480 760 1499 a
776 1469 844 1500 Deo
866 1471 993 1508 perennis
1006 1471 1072 1501 vitae
1086 1469 1255 1508 praemium,

191 1505 225 1536 ὅ(
241 1516 255 1534 a
270 1506 354 1536 nobis
366 1507 508 1551 condigna
522 1509 666 1545 proveniat
681 1507 769 1537 Aetio
802 1509 938 1539 ratiarurn.

214 1542 297 1586 'Dan
317 1543 448 1584 Pei-uhu,
473 1556 512 1576 iii.
533 1545 621 1576 Non.
644 1545 767 1584 Aprilis,
815 1547 974 1578 ontificatus
994 1545 1081 1577 nostri
1096 1555 1172 1576 anno
1195 1545 1257 1576 De-

193 1590 281 1611 cuno.

554 1713 614 1745 Pro
637 1713 667 1743 E
668 1711 766 1755 cclcfia
786 1714 814 1744 E
817 1711 903 1755 lienst.

198 1796 267 1856 U
278 1796 391 1825 Rhama
406 1795 562 1835 Episcopus,
581 1797 680 1827 Servus
695 1796 850 1827 Servorum
868 1796 950 1837 Deir,
966 1798 1107 1828 carissimo
1129 1800 1157 1829 in
1173 1798 1260 1829 Chri-

289 1834 332 1865 sto
350 1835 440 1873 Filio,
462 1835 576 1865 Ricardo
595 1839 660 1873 Regi
676 1835 789 1873 Angliae
811 1835 912 1866 Illustri
924 1837 1050 1868 Salutem
1068 1838 1100 1868 δε
1114 1838 1260 1876 Apostoli-

201 1884 264 1906 cam
280 1873 523 1904 Benediffionem.

237 1913 344 1944 Gratiae
366 1912 485 1942 Divinae
509 1912 664 1943 Praemium
685 1913 717 1943 &
741 1913 872 1943 humanae
895 1913 1000 1944 Laudis
1018 1913 1196 1945 Pi-:t‘conium
1215 1926 1262 1946 ac-

199 1953 333 1991 quiritur,
353 1951 390 1989 si,
406 1960 455 1987 per
473 1951 616 1981 Seculares
634 1951 778 1989 Principes
795 1951 916 1982 Praelatis
932 1975 942 1990 ,
961 1952 1110 1990 praesertim
1126 1953 1263 1984 Ecclesia-

201 2000 264 2020 rum
278 1989 489 2020 Cathedralium
505 1989 652 2029 Regimini
668 1989 880 2021 Praelidentibus
889 1992 1042 2030 ,oportuni
1057 1991 1171 2023 Favoris
1183 1992 1262 2022 Prae-

200 2028 300 2097 [ιάἑυῐῑι
317 2030 350 2060 &
367 2027 473 2059 Honor
490 2029 597 2059 debitus
611 2028 795 2068 impendatur.

259 2078 310 2097 ane

237 2091 364 2137 Eccle’fia
386 2105 488 2136 Eliensi
510 2115 543 2136 ex
565 2116 601 2136 co
622 2106 748 2136 Vacante
770 2105 848 2144 quod
869 2116 921 2136 nos
938 2106 1040 2144 liodie,
1066 2107 1264 2139 Venerabilem

201 2145 328 2176 Fratrem
349 2144 478 2175 nostrum
493 2167 502 2182 ,
518 2144 645 2174 Thomam
668 2142 822 2183 Epist-opum
844 2154 912 2175 tunc
936 2145 1087 2185 Elienstssm,
1104 2148 1133 2177 iri
1149 2147 1266 2184 Episco-

198 2192 271 2224 pum
285 2182 494 2214 Eboracensem
510 2181 642 2213 Eleetum
652 2206 662 2221 ,
679 2194 695 2213 a
714 2183 836 2214 Vinculo
851 2206 860 2222 ,
878 2194 936 2223 quo
955 2184 1004 2222 ipsi
1018 2185 1153 2215 Ecclesiae
1169 2185 1266 2217 Elien-

199 2223 239 2261 si,
255 2223 303 2252 cui
323 2230 392 2252 tunc
408 2230 542 2260 praeerat,
559 2223 703 2252 tenebatur
719 2245 728 2259 ,
746 2222 782 2252 de
803 2222 930 2252 Fratrum
947 2222 1108 2253 nostrorum
1124 2225 1267 2263 concilio,

199 2261 235 2291 ὃ(
249 2260 424 2300 Apostolicae
440 2259 587 2290 Potestatis
603 2260 774 2298 plenitudine
784 2284 793 2298 ,
812 2261 984 2291 absolventes
997 2284 1007 2300 ,
1022 2262 1113 2302 ipsum
1135 2263 1171 2293 ad
1186 2262 1267 2294 Ebo-

200 2299 345 2330 racensem
368 2298 524 2329 Ecclesiam
540 2322 550 2337 ,
569 2307 637 2330 tunc
662 2298 778 2330 Pastore
790 2308 949 2338 carentem,
968 2300 1131 2331 auetoritate
1143 2301 1270 2340 Aposto-

200 2337 257 2368 lica
279 2338 408 2368 duximus
429 2337 687 2375 Transferendum,
706 2337 894 2368 Praeficiendo
908 2348 976 2369 eum
991 2338 1076 2370 dietae
1097 2339 1268 2371 Eboracenli

201 2374 339 2445 Ecfilesiae
355 2377 385 2406 in
401 2375 655 2416 Archiepiscopum
672 2378 705 2407 &
719 2375 865 2407 Pastorem
875 2399 885 2416 ,

278 2425 310 2445 os

242 2452 289 2483 Ad
307 2437 504 2483 Provisionem
518 2452 603 2483 dictae
618 2452 732 2483 Eliensis
746 2452 881 2485 Ecclefiae
894 2454 1015 2486 celerem
1030 2455 1064 2485 &
1079 2454 1191 2486 felicem
1207 2479 1217 2493 ,
1236 2466 1271 2486 ne

202 2491 296 2530 longae
317 2492 480 2522 Vacationis
502 2500 687 2529 exponeretur
710 2492 909 2523 incommodis
922 2515 932 2531 ,
958 2492 1082 2523 Paternis
1100 2494 1133 2524 ὃς
1159 2495 1270 2525 solicitis

203 2530 306 2560 Studiis
319 2530 497 2560 Iiitendentes
504 2552 514 2567 ,

243 2568 313 2599 Post
329 2568 571 2599 Deliberationem
586 2591 595 2606 ,
616 2577 702 2606 quam
718 2566 753 2598 de
776 2567 966 2599 Praeficiendo
987 2569 1078 2601 eidem
1093 2569 1194 2601 Elienfi
1213 2570 1273 2600 Ec-

206 2607 297 2637 clesiae
312 2607 479 2644 Personam,
499 2606 596 2637 utilem
610 2607 643 2637 &
663 2607 746 2638 etiam
762 2606 934 2638 frucstuosam
952 2631 962 2647 ,
981 2618 1048 2639 cum
1065 2610 1204 2640 Fratribus
1218 2619 1271 2639 no-

207 2645 268 2675 stris
282 2646 430 2676 habuimus
444 2645 607 2684 diligentem
617 2668 626 2681 ,

246 2683 376 2714 Demum
398 2685 452 2722 ad,
471 2683 668 2714 Venerabilem
689 2682 815 2713 Fratrem
837 2683 984 2724 nostrum,
1002 2685 1160 2724 Johannem
1175 2684 1272 2716 Elien-

204 2720 277 2760 sem,
294 2731 363 2753 tunc
380 2721 582 2759 Dunelmensbm
599 2720 771 2760 Epifiopum,

244 2759 430 2791 Consideratis
450 2761 596 2799 grandium
617 2760 764 2790 Virtutum
786 2760 881 2790 Donis
900 2761 1002 2798 quibus
1021 2762 1174 2793 Personam
1202 2762 1271 2793 diffl

205 2797 342 2836 Johannis
355 2798 505 2838 Episcopi,
523 2798 630 2829 illarum
646 2798 792 2837 Largitor,
814 2798 957 2829 Dominus
971 2800 1127 2840 infignivit,
1147 2803 1180 2833 &
1193 2801 1270 2841 quod

208 2836 282 2875 ipse,
296 2837 345 2876 qui
365 2838 493 2876 regimini
515 2837 689 2867 Dunelmen.
710 2836 845 2867 Ecclesiae
865 2838 997 2868 hactenus
1010 2839 1179 2870 laudabiliter
1200 2850 1273 2880 prae-

209 2876 281 2913 fuit,
299 2875 417 2906 eandem
431 2875 522 2905 Elien.
542 2875 697 2905 Ecclesiam
713 2876 779 2905 sciet
798 2877 831 2905 ὃς
856 2877 976 2915 poterit,
991 2877 1107 2908 austore
1122 2878 1273 2918 Domino,

209 2914 352 2943 salubriter
372 2923 466 2953 regere
480 2914 512 2944 &
527 2913 644 2944 feliciter
657 2914 826 2952 gubernare,

250 2950 453 2984 Convertinius
466 2951 565 2982 oculos
581 2951 685 2982 nostrae
697 2953 814 2990 mentis,

248 2989 426 3022 Intendentes
445 2992 528 3030 igitur
543 3013 552 3028 ,
568 2992 627 3021 tam
648 2991 696 3028 ipsi
719 2989 811 3020 Elien.
832 2989 963 3023 Eccleliae
978 3016 989 3032 ,
1005 3003 1090 3033 quam
1113 2995 1169 3032 ejus
1192 2996 1274 3034 gregi

212 3026 377 3059 Dominico
386 3053 395 3069 ,
417 3030 558 3060 salubriter
572 3029 736 3070 providere,

249 3066 383 3098 Eundem
402 3067 565 3108 Johannem
586 3067 758 3106 Episcopum
779 3077 794 3097 a
810 3068 927 3098 vinculo
940 3091 949 3106 ,
968 3079 1027 3108 quo
1039 3071 1161 3108 praefatae
1174 3071 1276 3103 Eccle-

212 3105 258 3135 siae
279 3106 464 3137 Dunelmensi
478 3129 488 3144 ,
506 3107 551 3137 cui
573 3113 642 3136 tunc
663 3114 779 3146 praeerat
792 3130 801 3142 ,
821 3107 965 3136 tenebatur
980 3131 990 3146 ,
1008 3109 1044 3139 de
1065 3110 1207 3141 dierorum
1223 3112 1277 3141 fra-

211 3151 286 3173 trum
308 3145 435 3175 concilio
451 3168 461 3183 ,
477 3145 510 3175 &
532 3144 706 3182 Apostolicae
741 3144 863 3175 otestatis
882 3146 1070 3186 plenitudine,
1087 3149 1276 3189 absolventes,

212 3180 323 3224 dietum
334 3182 497 3220 Johannem
513 3182 685 3222 Episcopum
697 3193 710 3213 a
745 3183 863 3214 eandem
879 3183 969 3215 Elien.
983 3185 1137 3217 Ecclesiam
1152 3211 1161 3227 ,
1178 3189 1278 3219 audio-

213 3228 295 3249 ritate
304 3220 698 3258 Apostolica,transtulimus,
712 3222 800 3259 ipsum
822 3233 856 3252 ue
871 3222 913 3252 llli
923 3225 1098 3260 praefecimus
1115 3227 1143 3256 in
1158 3227 1277 3264 Episco-

212 3266 283 3300 pum
299 3259 333 3289 &
348 3258 510 3302 Pastorem,
526 3269 622 3288 curam
634 3261 667 3291 ὃς
680 3232 962 3291 Adminiiirationem
976 3264 1057 3301 ipsius
1070 3265 1160 3295 Elien.
1177 3266 1278 3297 Eccle-

213 3298 277 3334 iiae,
294 3298 324 3327 in
336 3297 518 3334 spiritualibus
538 3297 571 3328 &
590 3298 804 3336 temporalibus,
822 3299 943 3336 plenarie
960 3304 1186 3342 committendo,
1205 3305 1276 3335 libe-

213 3344 330 3374 ramque
341 3335 433 3366 eidem
445 3335 566 3374 johanni
579 3335 722 3374 Episcopo
733 3337 885 3366 tribuendo
900 3337 1058 3371 Licentiam
1075 3342 1093 3359 '¹‘
1108 3342 1142 3373 ad
1157 3343 1275 3374 eandem

214 3371 306 3403 Elien.
326 3373 482 3404 Ecclesiam
496 3373 673 3412 transeundi,
691 3373 770 3404 firma
791 3375 837 3412 spe
853 3374 1011 3415 fiduciaque
1030 3388 1125 3410 conce
1145 3382 1178 3410 tis
1196 3383 1276 3419 quod

214 3412 327 3450 praefata
347 3412 437 3442 Elien.
456 3411 580 3442 Ecclesia
595 3435 605 3450 ,
622 3422 670 3452 per
686 3413 766 3449 ipsius
782 3412 918 3450 Johannis
931 3415 1064 3454 Episcopi
1080 3417 1112 3447 In
1134 3418 1225 3449 ustriae
1244 3421 1278 3451 &

215 3450 476 3489 circumspefflonis
491 3450 614 3481 studium
626 3450 800 3480 fructuosum
809 3474 819 3490 ,
837 3454 924 3488 gratia
937 3454 988 3484 sibi
1001 3454 1138 3487 assistente
1152 3456 1260 3489 Divina
1269 3482 1278 3496 ,

216 3497 328 3526 regetur
349 3489 449 3519 utiliter
471 3490 503 3519 δε
518 3489 646 3532 prospere
667 3489 819 3528 dirigetur,
836 3499 965 3531 grataque
978 3494 1008 3522 in
1023 3494 1126 3524 eisdem
1138 3495 1279 3534 spirituali-

217 3529 269 3558 bus
281 3529 315 3559 &
329 3527 529 3567 temporalibus
542 3528 666 3565 suscipiet
680 3529 859 3558 incrementa.

255 3564 334 3596 Cum
347 3567 439 3604 itaque
452 3565 508 3600 (fili
520 3566 674 3600 carissime>
688 3567 718 3596 sit
734 3565 851 3597 Virtutis
864 3577 936 3606 opus
945 3567 1002 3598 Dei
1019 3569 1166 3601 Ministros
1180 3572 1278 3612 benig-

218 3614 258 3634 no
272 3606 369 3635 favore
388 3603 537 3644 prosequi,
551 3614 583 3634 ac
605 3613 652 3634 eos
672 3605 765 3635 verbis
784 3606 818 3636 ὅσ
837 3608 967 3645 operibus
981 3631 989 3644 ,
1010 3618 1062 3646 pro
1079 3609 1164 3648 Regis
1178 3613 1278 3642 aeterni

216 3643 320 3682 gloria,
336 3643 477 3680 venerari,
497 3642 679 3672 Serenitatem
693 3644 799 3680 regiam
813 3653 946 3683 rogamus
967 3646 1000 3676 ὃς
1017 3647 1162 3677 hortamur
1175 3652 1278 3680 attente

215 3682 345 3719 quatinus
367 3680 488 3712 eundem
505 3680 666 3718 Johannem
688 3680 861 3720 Episcopum
877 3705 885 3719 ,
901 3685 934 3714 &
954 3684 1096 3722 praefatam
1112 3685 1204 3716 Elien.
1223 3687 1278 3718 Ec-

217 3720 344 3758 clesiam,
360 3719 414 3750 suae
427 3718 515 3748 Curae
530 3719 709 3750 commissam
724 3742 734 3757 ,
751 3719 856 3750 habens
878 3731 930 3758 pro
943 3722 1035 3753 nostra
1052 3725 1085 3755 ὃς
1102 3724 1277 3761 Apostolicae

217 3757 286 3788 sedis
309 3758 478 3789 Reverentia
498 3757 657 3796 propensius
675 3758 890 3788 commendatos
906 3782 915 3797 ,
941 3759 1017 3800 Ipsos
1041 3762 1155 3801 benigni
1175 3763 1278 3796 favoris

216 3797 319 3826 auxilio
334 3797 500 3836 prosequaris
514 3818 524 3834 ,
543 3797 578 3825 ita
595 3795 674 3833 quod
689 3795 764 3826 idem
781 3795 937 3835 Episcopus
951 3821 959 3834 ,
975 3807 1030 3829 tuae
1043 3800 1210 3831 celsitudinis
1224 3803 1277 3832 ful-

216 3832 278 3863 ‹Stus
291 3836 435 3873 praesidio,
446 3836 475 3864 in
491 3834 649 3864 commisso
660 3833 710 3864 sibi
726 3844 801 3864 curae
815 3834 955 3873 pastoralis
966 3837 1084 3876 officio,
1098 3839 1199 3876 possit,
1209 3840 1276 3872 Deo

217 3874 358 3911 propitio,
374 3873 543 3912 prosperari,
555 3882 589 3902 ac
606 3872 658 3902 tibi
672 3872 774 3902 exinde
788 3883 803 3902 a
819 3873 885 3903 Deo
897 3876 1024 3911 perennis
1039 3877 1103 3907 vitae
1114 3880 1276 3918 praemfflm,

217 3909 251 3940 &
264 3919 279 3939 a
295 3911 377 3941 nobis
390 3912 531 3956 condigna
545 3911 689 3949 proveniat
701 3911 777 3954 aetio
789 3911 945 3951 gratiarum.

237 3946 321 3990 'Dae
348 3949 447 3990 Perufii
466 3973 476 3989 ,
501 3951 538 3980 iii.
559 3948 644 3980 Non.
668 3948 787 3989 Aprilis,
806 3948 989 3982 Pontificatiis
1010 3952 1099 3983 nostri
1120 3963 1195 3985 anno
1215 3954 1276 3986 De-

216 3994 305 4016 cimo.

1275 188 1307 229 P
1350 190 1393 230 U
1435 191 1466 230 B
1502 191 1535 231 L
1573 193 1592 231 1
1630 194 1668 234 C
1709 196 1757 235 A.
2285 214 2331 242 ,Ι

1759 283 1764 290 ’
1876 318 1879 319 ⁷
2348 286 2423 317 Ana.
2442 288 2484 321 D.

1805 349 1810 353 .
2369 327 2452 366 1388.

1503 368 1561 398 Pro
1581 366 1714 408 Ecclefiis
1741 367 1872 411 Wllensi
1887 371 1923 407 μή·
1949 372 2118 415 Batonieffi
2350 367 2401 393 Ric.
2423 375 2448 394 2.

1278 448 1464 511 URbanus
1477 449 1633 489 Episcopus,
1650 450 1751 482 Servus
1770 452 1924 484 Servorum
1941 454 2016 493 Dei,
2036 455 2186 489 Cariffimo
2206 459 2236 489 in
2250 444 2337 489 Chri·
2349 453 2402 477 Aa.
2422 459 2464 477 ¹¹·

1365 488 1409 518 sto
1422 489 1446 518 F
1448 488 1514 532 ilio,
1532 490 1647 519 Ricardo
1660 493 1726 527 Regi
1742 490 1855 530 Angliae
1876 492 1976 524 illustri
1998 494 2120 525 Salutem
2141 497 2175 527 &
2190 497 2336 536 Apostoli-
2350 492 2379 514 R.
2404 498 2428 515 ²·
2446 528 2451 533 ,

1278 535 1342 555 cam
1358 526 1600 557 Benedic‘tionem.
2351 530 2391 553 Ex
2406 530 2478 562 Orig„

1316 563 1426 595 Gratiae
1446 564 1564 595 Divinae
1584 564 1739 596 Praemium
1760 568 1793 598 &
1810 568 1954 600 Humanae
1974 570 2075 601 Laudis
2090 570 2272 604 Praeconium
2290 585 2338 605 ac·
2351 565 2377 591 ²7¹
2393 566 2469 591 TW'·

1279 603 1414 641 quiritur,
1435 603 1454 633 si
1476 614 1525 641 per
1547 603 1686 634 Seculares
1708 606 1850 644 Principes
1874 608 1994 639 Praelatis
2006 633 2016 648 ,
2034 610 2182 649 praesertim
2199 612 2338 644 Ecclesia-
2351 613 2377 631 n·
2397 604 2435 636 ⁶·-

1281 651 1344 684 rum
1359 641 1568 672 Cathedralium
1582 642 1725 681 Regimini
1739 644 1966 686 Praelidentibus,
1984 650 2118 689 oportuni
2139 648 2252 681 Favoris
2268 661 2340 690 prae-

1282 679 1380 710 iidium
1395 682 1428 712 &
1445 680 1551 711 Honor
1563 681 1673 711 debitus
1688 683 1871 719 impendatur⁴

1317 719 1391 748 Sane
1408 719 1542 760 Wellensi
1562 721 1596 751 ὃς
1611 718 1766 750 Batonienli
1781 721 1931 760 Ecclesiis,
1950 724 2072 754 invicem
2086 727 2224 758 canonice
2239 729 2340 767 unitis,

1283 765 1315 786 ex
1335 766 1371 786 eo
1390 757 1560 787 Vacantibus
1576 758 1654 795 quod
1674 768 1724 787 nos
1739 759 1824 790 hodie
1847 760 2044 792 Venerabilem
2065 763 2189 795 Fratrem
2212 766 2340 797 nostrum

1285 794 1455 824 lValtherum
1476 795 1684 838 Dunelmenseva
1694 805 1762 827 tunc
1785 797 1938 838 Wllenfi’m
1959 797 1997 833 ὠ
2024 803 2211 843 Batonienftm
2233 807 2287 843 Epi
2301 816 2340 834 co-

1279 840 1362 872 pam,
1379 844 1395 863 a
1408 834 1544 872 vinculo,
1564 844 1622 872 quo
1637 836 1698 871 iplis
1712 835 1860 875 Eccleliis,
1879 838 1979 874 quibus
1993 847 2062 869 tunc
2075 850 2188 878 praeerat
2202 865 2212 880 ,
2228 844 2344 874 teneba-

1285 880 1347 910 tur,
1364 871 1400 902 de
1414 873 1531 903 fratrum
1548 872 1710 903 nostrorum
1733 875 1849 905 consilio
1881 876 1914 906 &
1930 875 2104 915 Apostolicae
2126 879 2271 912 Potestatis
2284 882 2343 920 ple-

1286 910 1414 941 nitudine
1428 934 1438 950 ,
1463 911 1658 949 absolventes,
1683 911 1772 950 ipsum
1795 913 1829 942 ad
1852 898 2006 944 Ecclesiam
2028 915 2249 949 Dunelmensem
2276 930 2346 951 tunc

1287 947 1404 979 Pastore
1426 959 1568 980 carentem
1584 973 1595 988 ,
1620 950 1796 980 Austoritate
1817 950 1983 988 Apostolica
2003 952 2134 984 duximus
2161 956 2348 988 Transferen-

1288 987 1362 1056 2151„ssss
1367 988 1576 1056 ,stpraeficiendo
1590 998 1658 1019 eum
1672 988 1758 1019 dict-ae
1774 988 1908 1021 Ecclesiae
1927 990 2114 1023 Dunelmensi
2128 994 2158 1023 in
2173 993 2348 1035 Episcopum

1312 1035 1322 1043 ⁷
1364 1038 1377 1056 a
1402 1037 1502 1066 orem,

1327 1064 1412 1101 Nos,

1327 1103 1374 1134 Ad
1397 1103 1592 1134 Provisionem
1611 1103 1773 1134 earumdem
1795 1104 1943 1136 Wellensis
1962 1108 1994 1138 &
2010 1107 2199 1140 Bathoniensis
2214 1109 2351 1142 Ecclefia·

1290 1152 1353 1172 rum
1370 1143 1492 1173 celerem
1512 1144 1546 1174 &
1566 1142 1678 1173 felicem
1691 1166 1701 1180 ,
1725 1153 1761 1172 ne
1781 1142 1878 1180 longae
1899 1145 2058 1176 Vacationis
2079 1156 2283 1185 exponerentur
2305 1149 2354 1180 In-

1291 1181 1470 1219 commodis,
1486 1181 1609 1212 Paternis
1622 1182 1655 1212 ὃς
1671 1180 1793 1211 Solicitis
1805 1182 1908 1213 Studiis
1920 1182 2113 1224 Intendentes,

1328 1219 1398 1249 Post
1421 1219 1663 1250 Deliberationem
1677 1242 1687 1257 ,
1714 1230 1800 1258 quam
1821 1220 1856 1250 de
1879 1221 2064 1253 Praeficiendo
2090 1224 2196 1255 eisdem
2219 1224 2353 1257 Ecclefiis

1293 1257 1464 1296 Personam,
1481 1260 1579 1288 utilem
1593 1268 1625 1288 ac
1640 1259 1725 1289 etiam
1739 1258 1927 1299 fructuosam,
1946 1271 2015 1292 cum
2035 1262 2174 1293 Fratribus
2189 1264 2290 1295 nostris
2306 1265 2356 1296 ha-

1295 1297 1407 1326 buimus
1421 1296 1585 1336 diligentem
1594 1320 1603 1334 ,

1332 1334 1464 1365 Demum
1475 1335 1508 1365 ad
1517 1359 1526 1374 ,
1543 1335 1738 1366 Venerabilem
1752 1335 1876 1366 Fratrem
1890 1336 2035 1376 nostrum,
2054 1339 2221 1378 Radolphum
2237 1340 2354 1372 Wllen*

1287 1372 1346 1412 fim
1361 1372 1399 1407 ὠ
1414 1374 1621 1413 Batoniensem,
1639 1382 1707 1404 tunc
1721 1374 1935 1412 Saresbirienfem
1948 1376 2118 1416 Episcopum,

1334 1411 1523 1442 Consideratis
1542 1413 1688 1452 grandium
1710 1411 1853 1444 Virtutum
1875 1414 1988 1453 Donis,
2003 1417 2102 1453 quibus
2117 1417 2262 1455 personam
2280 1418 2357 1450 suam

1298 1449 1444 1480 Dominus
1458 1452 1599 1488 insignivit
1634 1452 1667 1482 &
1701 1451 1758 1481 uod
1777 1452 1832 1491 ipse
1847 1452 2012 1490 Radolplius
2032 1454 2184 1494 Episcopus
2219 1458 2267 1495 qui
2284 1460 2358 1496 regi*

1300 1489 1370 1518 mini
1393 1488 1569 1519 Saresbirien.
1583 1460 1727 1533 Ecclesia:
1748 1490 1884 1521 haetenus
1899 1491 2070 1535 laudabiliter
2089 1479 2200 1532 praefuii
2251 1496 2360 1526 easdem

1300 1527 1425 1570 Wellen.
1441 1529 1474 1558 ὃς
1490 1527 1635 1557 Batonien.
1654 1527 1791 1571 Ecclesias
1803 1529 1868 1560 sciet
1883 1531 1916 1561 ὅ(
1931 1538 2050 1570 poterit,
2069 1532 2196 1563 Auctore
2209 1518 2361 1572 Domino,

1301 1565 1439 1596 salubriter
1453 1565 1582 1604 Regcre,
1600 1567 1633 1597 ὅ(
1644 1566 1760 1596 feliciter
1777 1567 1960 1607 Gubernare,

1340 1604 1544 1635 Convertimus
1558 1605 1658 1635 oculos
1671 1604 1776 1634 nostrae
1789 1607 1900 1636 mentis.
2307 1627 2323 1629 »ι

1340 1641 1521 1673 Intendentes
1545 1644 1627 1682 igitur
1652 1648 1711 1673 tam
1732 1643 1794 1680 ipsis
1816 1643 1952 1675 Wellensi
1974 1647 2007 1676 &
2027 1644 2184 1677 Batonienfi
2205 1647 2365 1688 Ecclefiis,

1303 1683 1391 1720 quam
1405 1692 1500 1712 earum
1515 1683 1594 1720 gregi
1610 1680 1774 1711 Dominico
1789 1681 1929 1713 salubriter
1942 1683 2106 1723 providere,

1342 1720 1473 1751 Eundem
1493 1719 1679 1758 Radolphum
1703 1719 1876 1760 Episcopum
1899 1731 1914 1751 a
1937 1721 2080 1760 Vinculo,
2098 1732 2157 1762 quo
2171 1723 2294 1762 praefatae
2307 1723 2368 1756 Ec-

1305 1759 1394 1789 clesiae
1406 1758 1589 1788 Sarisbiriensi
1604 1758 1668 1793 (cui
1682 1767 1751 1788 tunc
1773 1760 1906 1796 praeerat)
1926 1761 2087 1797 tenebatur,
2103 1762 2139 1791 de
2153 1762 2296 1793 dictorum
2312 1764 2370 1796 fras

1304 1805 1380 1828 trum
1402 1796 1539 1828 Concilio
1553 1819 1563 1835 ,
1587 1797 1621 1827 &
1642 1795 1818 1834 Apostolicae
1839 1796 1988 1828 Potestatis
2008 1798 2204 1840 plenitudine,
2221 1801 2368 1832 absolveri-

1303 1845 1342 1866 tes
1358 1860 1367 1874 ‚

1341 1874 1417 1905 Eum
1430 1874 1464 1905 ad
1479 1873 1586 1905 easdem
1601 1873 1776 1904 Wellensem
1792 1875 1825 1906 &
1838 1873 2036 1905 Batoniensem
2056 1873 2194 1908 Ecclesias
2205 1878 2372 1911 autfioritate

1306 1913 1471 1953 Apostolica
1483 1912 1709 1951 Transtulimus,
1724 1912 1868 1951 ipsumque
1881 1913 1932 1943 illis
1950 1914 2126 1950 praefecimus
2144 1916 2174 1945 iri
2194 1915 2379 1957 Episcopum.

1305 1956 1339 1985 ὃς·
1356 1952 1503 1982 Pastorem
1518 1975 1528 1990 ,
1547 1950 1655 1982 Curam
1682 1952 1716 1982 &
1738 1951 2020 1982 Administrationem
2043 1952 2161 1990 ipsarum
2188 1954 2231 1985 W
2234 1955 2315 1986 ellen.
2335 1958 2370 1989 δε

1306 1992 1454 2023 Batonien.
1474 1989 1666 2021 Ecclesiarum
1684 1989 1776 2020 eidem
1795 1989 1951 2028 Radolpho
1974 1990 2130 2030 Episcopo,
2148 1993 2176 2022 iri
2188 1993 2373 2032 spiritualibus

1307 2033 1342 2063 &
1362 2029 1564 2067 temporalibus
1580 2051 1589 2067 ,
1607 2028 1729 2066 plenarie
1744 2029 1969 2067 committendO,
1986 2029 2158 2070 liberamque
2177 2031 2228 2061 sibi
2244 2033 2373 2064 tribuen-

1308 2070 1348 2100 do
1366 2068 1524 2099 Licentiam
1544 2067 1579 2099 ad
1599 2066 1707 2098 easdem
1728 2065 1853 2097 Wellen.
1870 2067 1902 2098 &
1917 2066 2063 2098 Batonien.
2081 2068 2218 2101 Ecclesias
2230 2071 2374 2104 transeun-

1329 2119 1337 2138 i

1308 2109 1326 2139 d
1347 2131 1439 2177 Firma
1453 2146 1498 2183 spe
1517 2144 1676 2183 fiduciaque
1697 2145 1843 2182 conceptis
1860 2143 1941 2189 quod,
1957 2145 2078 2183 praefatis
2096 2145 2221 2177 Wellen.
2245 2148 2279 2179 ὃς
2291 2147 2374 2179 Bato-

1309 2187 1384 2216 nien.
1403 2183 1533 2215 Ecclesiis
1545 2207 1554 2222 ,
1570 2192 1619 2223 per
1633 2183 1715 2220 ipsius
1729 2182 1874 2222 Radolphi
1888 2182 2022 2225 Episcopi
2036 2181 2183 2215 Industriae
2196 2187 2231 2218 δε
2250 2187 2374 2217 circum.

1309 2224 1461 2263 spectionis
1474 2223 1598 2254 studium
1613 2221 1791 2252 fruetuosum
1804 2222 1907 2260 (gratia
1921 2223 1970 2252 libi
1985 2222 2123 2253 affistente
2135 2222 2260 2260 Divina)
2276 2224 2373 2264 Rege-

1311 2270 1357 2294 tur
1378 2263 1480 2293 utiliter
1503 2263 1537 2293 &
1557 2261 1684 2299 prospere
1706 2260 1870 2299 Dirigetur,
1887 2269 2019 2300 grataque
2033 2262 2062 2291 in
2077 2261 2180 2292 eisdem
2191 2262 2376 2301 spiritualibus

1312 2303 1345 2334 δε
1360 2300 1558 2339 temporalibus
1573 2299 1699 2338 suscipiet
1714 2300 1905 2329 incrementa:
2069 2336 2072 2339 r

1352 2339 1432 2370 Cum
1446 2341 1537 2378 itaque
1552 2338 1608 2375 (fili
1620 2337 1776 2371 cariffime)
1796 2337 1942 2368 sitvirtutis
1954 2347 2025 2376 opus
2041 2337 2099 2369 Dei
2117 2338 2266 2371 Ministros
2279 2341 2379 2381 benig·

1314 2388 1354 2409 no
1369 2379 1464 2409 favore
1479 2377 1622 2416 prosequi,
1640 2387 1672 2407 ac
1687 2386 1735 2406 eos
1751 2377 1784 2407 &
1797 2375 1898 2406 Verbis
1912 2377 1946 2407 ὃς
1963 2378 2094 2414 operibus
2109 2388 2161 2415 pro
2180 2379 2269 2419 Regis
2281 2380 2378 2410 aeterni

1315 2418 1425 2456 gloria,
1443 2416 1586 2453 venerari,
1604 2416 1788 2445 serenitatem
1802 2416 1903 2453 regiam
1919 2424 2048 2454 rogamus
2066 2417 2099 2447 &
2114 2417 2256 2448 hortamur
2270 2420 2377 2449 atterite

1336 2457 1440 2487 uatinus
1458 2454 1580 2485 eundem
1601 2453 1785 2492 Radolphum
1807 2453 1981 2493 Episcopum
1996 2477 2006 2492 ,
2029 2455 2063 2485 &
2084 2456 2208 2492 praefatas
2226 2456 2379 2495 Ecclefias,

1314 2466 1370 2524 suae
1390 2493 1476 2524 Curae
1496 2491 1657 2523 commiffas
1670 2515 1680 2531 ,
1699 2492 1804 2522 liabens
1818 2515 1827 2530 ,
1845 2501 1896 2529 pro
1920 2490 2007 2522 nostri
2028 2494 2061 2524 δε
2078 2494 2097 2512 *
2114 2493 2289 2531 Apostolicae
2311 2493 2380 2526 sedis
2396 2501 2416 2521 t
2435 2501 2503 2529 v11,

1314 2534 1470 2563 reverentia
1491 2531 1650 2572 propensius
1671 2531 1886 2560 commendatos
1900 2553 1909 2567 ,
1934 2531 1943 2560 i
1964 2531 2005 2561 sos
2019 2531 2132 2571 benigni
2152 2532 2255 2563 favoris
2275 2534 2379 2564 auxilio
2397 2549 2463 2578 577.

1315 2572 1501 2610 prosequaris,
1521 2571 1558 2600 ita
1575 2569 1654 2607 quod
1670 2569 1745 2598 idem
1761 2567 1927 2608 Radolphus
1969 2570 2097 2606 piscopus
2111 2593 2120 2608 ,
2137 2579 2194 2602 tuae
2214 2572 2382 2603 celsitudinis

1315 2610 1399 2640 fultus
1412 2608 1591 2647 praesidio,in
1605 2607 1761 2638 commisso
1775 2607 1824 2637 sibi
1840 2616 1914 2637 curae
1930 2606 2073 2645 pastoralis
2087 2608 2189 2640 officio
2203 2609 2381 2649 poffit,Deo

1315 2649 1440 2688 propitio
1449 2671 1458 2686 ,
1476 2646 1645 2687 prosperari,
1665 2647 1698 2677 &
1712 2646 1762 2675 tibi
1774 2646 1876 2675 exinde
1891 2657 1906 2676 a
1918 2645 1986 2675 Deo
1995 2647 2122 2683 perennis
2135 2649 2200 2679 vitae
2213 2650 2382 2689 praemium,

1315 2689 1349 2718 &
1363 2697 1377 2715 a
1392 2688 1473 2716 nobis
1488 2685 1633 2722 condigna
1648 2684 1793 2722 proveniat
1807 2684 1895 2714 Αᾶἰο
1929 2685 2070 2714 ratiarum.

1353 2724 1420 2755 Dat.
1442 2724 1544 2765 Perufii
1559 2746 1569 2762 ,
1586 2724 1625 2753 iii.
1648 2722 1732 2753 Non.
1754 2722 1856 2760 Aprilis
1869 2745 1879 2761 ,
1928 2722 2090 2754 ontificatsis
2108 2723 2196 2755 nostri
2211 2724 2298 2757 Anno
2318 2725 2381 2757 De-

1316 2764 1404 2794 cirtio.

1940 2802 1994 2829 Pro
2009 2803 2035 2830 S.
2054 2800 2087 2829 de
2101 2799 2224 2832 Achille.

1942 2875 1998 2914 Ja.
2018 2876 2050 2906 de
2064 2876 2220 2915 Julgnineo.

1390 3006 1438 3037 De
1466 3001 1632 3048 sigillando
1661 3014 1729 3035 cnm
1755 3003 1860 3049 Sigillo
1878 3004 1966 3049 Regis
1982 3005 2013 3034 in
2030 3005 2127 3036 Tbrra
2147 3001 2310 3038 Hiberniae.

1320 3087 1462 3146 REX,
1479 3086 1508 3117 V
1511 3087 1643 3117 enerabili
1666 3087 1694 3116 in
1710 3085 1825 3118 Christo
1839 3086 1932 3125 Patri,
1948 3084 2073 3126 Episcopo
2085 3085 2219 3129 Middenst
2229 3113 2239 3128 ,
2258 3091 2289 3120 in
2304 3087 2380 3120 Ter·
2397 3099 2465 3131 Ann
2488 3099 2521 3131 D

1391 3137 1418 3156 ra
1434 3125 1525 3156 nostra
1540 3125 1706 3162 Hiberniae,
1726 3125 1859 3155 Salutem.
2416 3124 2501 3180 138'8.
2523 3124 2531 3130 ⁰

1359 3165 1436 3204 Quia
1452 3165 1550 3195 datum
1566 3164 1606 3194 est
1620 3163 1719 3194 Nobis
1733 3164 1847 3204 intelligi
1860 3163 1937 3203 quod
1952 3162 2014 3195 Vos
2025 3164 2123 3204 Sigillo
2136 3164 2247 3195 Roberti
2262 3166 2294 3195 de
2312 3170 2378 3197 Veer
2395 3181 2448 3205 A„
2472 3187 2516 3206 Π,

1318 3206 1426 3243 (nuper
1445 3203 1533 3233 Ducis
1552 3202 1718 3238 Hiberniae)
1737 3202 1788 3232 sub
1811 3203 1931 3232 nomine
1951 3201 2127 3234 Marchionis
2147 3203 2311 3242 Dubliniae‚
2329 3207 2377 3236 cui
2396 3220 2426 3244 R,
2443 3226 2470 3244 2·

1320 3252 1411 3279 nuper
1427 3241 1600 3272 Dominium
1613 3242 1646 3272 ὃς
1661 3239 1806 3279 Regimen
1821 3240 1921 3270 Terrae
1931 3242 2074 3279 praedit‘iae
2088 3240 2303 3281 Conceffimus,
2395 3255 2497 3292 Clausi
2507 3255 2532 3283 ι,-

1356 3281 1417 3319 Qii
1431 3281 1528 3310 omnia
1543 3279 1700 3316 Dominia,
1719 3278 1866 3317 Manena,
1885 3279 2000 3317 Terras,
2015 3280 2209 3318 Tenemeuta,
2231 3280 2325 3319 Bona,
2343 3283 2377 3313 δε
2393 3297 2422 3320 R,
2444 3303 2469 3320 2,
2526 3285 2532 3290 ⁴

1320 3319 1424 3350 Catalla
1445 3318 1487 3348 sua
1508 3319 1537 3347 in
1557 3318 1682 3355 praetenti
1705 3317 1891 3348 parliamento
1912 3317 2028 3356 nostro,
2044 3319 2148 3348 ratione
2162 3318 2267 3357 Judicii
2286 3320 2377 3351 versus
2394 3341 2420 3359 m
2448 3341 2491 3359 η,

1319 3357 1442 3388 eundem
1464 3356 1626 3386 Robertum
1646 3355 1754 3386 ibidem
1769 3356 1884 3394 redditi,
1902 3364 1964 3394 erga
1977 3355 2044 3386 Nos
2057 3355 2206 3395 forisfecit,
2225 3356 2378 3397 postquam
2424 3354 2431 3360 '
2488 3364 2492 3367 '

1321 3397 1402 3428 vobis
1416 3396 1526 3425 notorie
1536 3417 1546 3432 ,
1565 3403 1596 3424 ut
1609 3394 1728 3433 dicitur,
1744 3395 1947 3430 innotescebat,

1356 3433 1389 3464 lii
1416 3432 1637 3472 Consiguatione
1658 3433 1865 3471 quamplurium
1887 3431 2034 3461 Cartarum
2098 3431 2254 3463 Literarum
2277 3433 2379 3467 Paten-

1319 3474 1411 3510 tium,
1428 3473 1460 3503 &
1481 3471 1631 3510 Brevium,
1649 3472 1757 3502 Statum
1780 3472 1812 3501 ὃς
1833 3471 1974 3510 Regimen
1996 3453 2118 3508 ejudem
2142 3471 2243 3502 Terrae
2257 3482 2384 3504 concer-

1321 3512 1465 3546 nentium,
1487 3510 1615 3539 erronice
1628 3510 1668 3540 usi
1683 3510 1786 3547 fuistis,

1357 3549 1400 3579 Ac
1422 3547 1528 3578 Vexilla
1547 3548 1581 3578 &
1601 3547 1790 3578 Penuncellos
1811 3545 1929 3583 eiusdem
1951 3545 2091 3585 Roberti,
2108 3555 2208 3578 contra
2224 3548 2379 3586 Aggressus

1321 3589 1354 3619 δε
1368 3586 1523 3616 Invasiones
1535 3585 1673 3617 Hostium
1687 3588 1721 3618 &
1737 3586 1897 3615 Rebeliium
1911 3584 2070 3615 nostrorum
2086 3584 2329 3626 Hibernicorum,
2345 3588 2380 3620 fi-

1321 3626 1422 3656 militcr
1441 3626 1523 3663 erigi,
1541 3624 1642 3662 levari,
1658 3626 1691 3656 &
1705 3625 1838 3662 displicari
1860 3622 1962 3652 fecistis
1984 3623 2012 3652 in
2029 3622 2116 3654 nostri
2134 3623 2268 3655 Dedecus
2279 3626 2313 3656 &
2328 3622 2382 3658 Vi·

1319 3665 1460 3732 tupeJrium
1478 3662 1639 3701 manifesta,

1396 3712 1426 3731 os

1357 3723 1499 3770 Noic’ntes
1517 3738 1581 3768 talia
1603 3737 1806 3778 Incommoda,
1828 3739 1856 3767 in
1877 3736 1964 3767 nostri
1987 3737 2019 3766 ὃ(
2043 3736 2143 3776 Regiae
2157 3738 2312 3778 Dignitatis
2324 3751 2379 3773 no-

1321 3778 1385 3808 strae
1405 3778 1615 3816 derogationem
1641 3778 1731 3816 palam
1752 3780 1784 3808 ’δε
1806 3777 1928 3814 expreile
1951 3776 2148 3815 redundantia,
2166 3777 2279 3808 ulterius
2300 3779 2381 3810 tolle-

1321 3828 1379 3847 fase

1358 3839 1466 3891 Vobis,
1482 3853 1532 3883 sub
1555 3852 1740 3884 Sacramento
1763 3851 1910 3883 Fidelitatis
1934 3852 2050 3890 vestrae,
2069 3854 2151 3884 nobis
2169 3854 2310 3894 praestito,
2331 3855 2379 3886 In-

1316 3894 1463 3932 jungimus
1481 3892 1515 3922 &
1539 3890 1713 3922 Mandamus
1733 3891 1812 3929 quod
1831 3915 1840 3929 ,
1863 3891 1979 3930 sigillo,
2003 3890 2135 3930 vexillis,
2153 3893 2186 3922 &
2205 3892 2382 3925 Penuncellis

1319 3932 1426 3970 praefati
1447 3929 1587 3968 Roberti,
1605 3930 1633 3959 in
1655 3930 1731 3960 dieta
1751 3930 1838 3960 Terra
1860 3931 1974 3967 habitis,
1992 3929 2025 3959 δε
2048 3939 2102 3966 pro
2123 3939 2252 3969 ternpore
2267 3933 2380 3970 usitatis,

1319 3970 1377 4000 line
1397 3969 1528 3999 dilatione
1541 3969 1674 3998 ammotis
1688 3967 1797 4005 penitus
1812 3970 1844 3999 ὃ(
1861 3968 1969 4004 deletis,
1987 3969 2084 3998 omnia
2099 3968 2132 3999 &
2147 3969 2272 4009 singula,
2289 3969 2379 4001 Corn-

1318 4008 1437 4038 modum
1452 4006 1579 4035 nostrum
1595 4007 1628 4036 δε
1638 4005 1860 4043 Rempublicam
1876 4007 1905 4035 in
1922 4006 1943 4034 Γ
1944 4015 2001 4034 erra
2014 4005 2147 4043 praedieta
2160 4011 2377 4046 concernentia,

1318 4047 1351 4075 &
1372 4055 1423 4082 pro
1445 4044 1521 4074 Sano
1539 4043 1693 4083 Regimine
1707 4044 1826 4083 ejusdem
1840 4044 1940 4073 Terrae
1954 4043 2101 4074 necessaria
2115 4045 2148 4075 &
2160 4055 2318 4085 oportuna,
2335 4046 2380 4076 Si-

1319 4084 1388 4122 gillo
1407 4082 1525 4122 nostro,
1539 4092 1597 4122 quo
1616 4091 1665 4121 per
1684 4092 1762 4113 antea
1782 4083 1850 4111 inibi
1871 4079 2035 4120 utebamur,
2052 4083 2130 4120 quod
2151 4084 2180 4113 in
2200 4084 2382 4114 Thesauraria

1744 4118 1773 4150 C
1793 4130 1807 4160 3
2290 4120 2389 4152 nostra
