2561 4251
643 118 757 160 ET
839 117 1108 159 ACTA

19 206 61 238 D.

8 247 34 291 ᾖ.

17 294 43 323 3.

392 292 442 325 De
465 289 648 335 Admisstone
672 287 828 334 Obstdum.

7 401 45 428 μ,
83 379 164 449 LEi
183 380 241 411 Roi
258 389 274 410 a
291 385 362 409 touz
379 377 478 416 ceulx,
496 378 525 416 qi
545 375 633 408 cestes
648 375 758 408 Lettres
776 384 893 407 verront
911 385 950 406 ou
966 381 1083 412 orront,
1096 373 1148 404 Sa-

7 452 37 496 ἶ,,ι
85 428 224 526 Vfflzgiltgi}
232 465 311 524 ἓξὲξ
326 454 428 524 ξεὲίΐοῃε
445 465 502 524 queS
514 454 602 485 Nous
613 463 821 521 davo1r3isnreceu,
837 463 889 521 pin:
907 451 1050 520 Hoistagle,
1071 451 1105 481 de
1113 450 1149 518 ga

89 533 213 574 Leglise,
234 503 437 577 Ηοῆξὲεῃὲἓξ
449 517 475 562 ia
490 502 657 570 ἀζῑιὲοθίῦἓ,
676 502 788 560 ευεζυῗε
796 499 1102 567 (iPAcdgilnpiifferssierri't
1114 500 1150 558 dg.

89 571 212 609 Choses,
231 572 367 602 Promises
385 572 419 602 &
438 569 606 601 Accordeez
620 579 636 599 a
654 568 742 599 Nous
756 569 793 599 de
806 568 833 599 la
848 567 942 599 Partie
955 568 1048 599 nostre
1064 566 1152 597 Tres-

88 612 172 642 chere
188 610 271 641 Frere
289 610 325 640 de
343 610 469 646 France,

127 650 183 688 Et,
202 660 254 693 pur
275 657 352 687 tant,
370 657 442 678 nous
454 647 639 677 Promettons
656 656 691 676 au
708 645 748 676 dit
767 645 897 684 Symon,
916 654 971 683 qne
988 644 1074 675 Nous
1088 644 1152 681 Luy

91 689 284 726 acomplirons
310 696 401 718 toutes
426 684 532 715 Choses
558 695 613 723 que
638 684 750 715 Promis
771 685 805 715 ὃς
832 684 965 715 Accorde
982 693 1071 714 avons
1086 692 1102 712 a
1119 682 1156 711 les

92 737 182 759 autres
200 726 338 764 Hostages
354 725 390 755 de
406 723 431 753 sa
451 723 631 754 Condicion.

131 766 212 796 Don.
232 775 280 802 par
297 764 526 801 Tesmoignance
542 762 578 792 de
596 761 691 792 nostre
708 760 803 792 Grant
821 760 900 798 Seal,
923 770 940 790 a
955 758 1051 789 nostre
1070 757 1158 789 Palais

92 805 128 836 de
146 804 273 836 Westm.
293 803 318 833 le
335 803 402 841 xxiij
417 804 484 841 j0ur
500 802 536 832 de
558 801 687 832 Feuerer.

6 895 39 923 νῙ,
137 883 157 902 *
174 879 301 912 Autieles
320 883 432 911 Lettres
449 886 496 909 ont
513 878 550 909 les
566 875 695 918 Hostages
705 874 908 914 Jbuzescriptz;
928 871 1126 914 c'estaffizvoir,

137 958 234 989 Colart
253 961 351 996 Dane,
370 957 483 1000 Burgeis
502 955 538 986 de
556 955 582 984 la
598 952 675 997 Ville
692 951 727 981 de
744 951 822 996 Seint
842 951 963 989 Osmer,
981 959 1017 981 en
1037 949 1109 979 Lieu
1127 947 1164 978 de

99 997 239 1106 {2332ss
254 993 542 1067 'izffzisssszffiissgf
554 990 906 1068 ἑῗὲἕῖἳειέῑειὛἘαι-ἕεῑε
929 1028 965 1059 de
991 1027 1015 1057 12
1034 1025 1109 1056 vine
1130 1024 1166 1055 de

155 1085 246 1106 artres.

125 1203 175 1235 De
191 1200 344 1240 Flore-nis,
371 1208 391 1229 a
405 1196 545 1230 Galeacio
561 1222 571 1238 ,
596 1195 726 1227 Domino
745 1190 938 1233 Mediolani,
964 1186 1146 1235 recipiendis.

4 1308 37 1328 n,
51 1295 91 1326 D,
113 1284 237 1340 REX
255 1282 406 1321 omnibus,
422 1281 456 1312 ad
472 1291 559 1321 quos,
575 1280 627 1312 &c
656 1278 791 1310 Salutem.

9 1336 76 1410 ῗῖἶ
148 1363 196 1394 De
215 1320 575 1407 ffiffiiiissf‘ssssffeffir'um
596 1357 628 1388 &
645 1353 975 1401 Fidenam*nostrorum²
993 1349 1121 1382 Thomae
1136 1350 1172 1380 de

0 1427 1 1430 ,
18 1423 28 1434 ,
110 1401 185 1432 Dale
204 1400 320 1438 Militis,
336 1400 369 1430 &
387 1398 508 1428 Gautert
522 1396 557 1426 de
570 1394 685 1433 Bardes,
705 1394 812 1433 plenius
827 1392 1015 1427 confidentes,

152 1440 198 1471 Ad
221 1438 455 1476 Computandum
469 1437 502 1467 &
516 1433 711 1470 recipiendum
721 1456 730 1470 ,
749 1441 801 1470 pro
816 1429 913 1461 Nobis
925 1431 958 1460 &
976 1429 1109 1459 Nomine
1123 1436 1176 1456 no-

110 1479 186 1517 stro,
204 1478 256 1516 de,
271 1476 378 1508 Nobili
396 1475 547 1512 Principe,
566 1471 686 1502 Galacio
708 1470 843 1501 Domino
865 1468 900 1499 de
924 1467 1110 1504 Mediolano,
1130 1465 1174 1496 seu

111 1517 269 1549 Attornatis
289 1515 335 1547 vel
355 1514 503 1551 Deputatis
524 1511 592 1548 suiS,
613 1509 742 1541 Centum
756 1507 839 1538 Milia
854 1506 1042 1537 Florenorum
1057 1504 1092 1535 de
1108 1503 1176 1534 Flo-

109 1558 214 1594 rentia,
232 1553 327 1586 talium
340 1552 429 1591 qualia
442 1552 521 1590 super
531 1549 668 1580 Traaam
684 1546 880 1584 Matrimonii,
896 1546 984 1581 inter,
1002 1543 1176 1575 carissimum

112 1596 213 1626 Filium
239 1591 368 1623 nostrum
383 1615 393 1630 ‚
419 1588 587 1620 Leonellum
613 1586 731 1617 Ducem
759 1584 934 1620 Clarenciae,
957 1583 1007 1622 &,
1029 1582 1174 1613 Nobilem

112 1632 326 1668 Domicellam‚
345 1627 527 1667 violantem,
553 1625 654 1657 Filiam
675 1624 804 1666 praedid'ci
824 1623 953 1660 Galacii,
974 1620 1176 1658 contrahendi,

108 1674 264 1714 praelocuta
280 1669 409 1706 fuerunt,

151 1713 186 1743 Et
204 1710 238 1740 ad
256 1707 484 1746 Aequietantiam
497 1728 506 1744 ‚
533 1704 569 1735 de
587 1701 729 1742 praedictis
749 1700 877 1732 Centum
896 1699 1018 1730 Milibus
1036 1698 1176 1730 Floreno—

113 1762 176 1782 rum
194 1749 231 1779 de
247 1746 403 1784 Florentia,
421 1746 485 1776 vice
500 1743 534 1775 &
552 1743 672 1774 nomine
688 1740 804 1778 nostro,
820 1737 978 1769 faciendam

153 1789 272 1820 Plenam
284 1786 323 1816 eis
332 1808 342 1823 ,
359 1792 459 1815 tenore
472 1782 671 1822 praesentium,
685 1779 892 1810 committimus
907 1762 1080 1807 Potestatem
1089 1797 1098 1812 ,
1113 1774 1175 1804 Ra-

114 1836 177 1860 tum
189 1826 322 1856 habentes
337 1824 370 1854 &
391 1822 514 1853 Gratum
537 1820 673 1860 quicquid
709 1817 814 1856 raefati,
832 1815 963 1847 Thomas
977 1815 1010 1846 ὃ(
1024 1813 1178 1851 Gauterus,

116 1867 238 1899 nomine
253 1862 371 1900 nostro,
387 1861 507 1891 fecerint
521 1860 551 1890 in
567 1859 669 1899 praemi
702 1867 722 1888 s.

153 1905 187 1936 In
201 1905 296 1941 cujus,
313 1901 373 1932 &c.

194 1942 264 1973 Dat.
278 1939 352 1978 apud
368 1937 546 1978 Wyndesore
556 1960 565 1975 ,
582 1935 678 1974 primo
692 1933 739 1965 die
752 1933 861 1965 Martii.

5 1435 98 1486 ”5642-

2 1501 31 1527 3.
58 1499 94 1517 m.

275 2071 334 2102 Pro
353 2068 488 2112 Principe
509 2063 618 2098 mlliae
630 2089 640 2106 ‚
667 2065 698 2094 in
716 2060 864 2107 Angliam
884 2057 1026 2092 redituro.

0 2168 98 2202 „RD
122 2153 242 2212 REX
259 2151 407 2184 Univerfis
420 2151 457 2194 &=
469 2149 579 2193 singulis
593 2146 841 2192 Vicecomitibus,
859 2144 1038 2189 Maioribus,
1056 2142 1184 2181 Ballivis,

6 2210 81 2250 1368.
103 2193 165 2265 ‘tra
195 2192 351 2273 Ncliiziffisis,
360 2191 411 2260 88ιὲ
426 2188 570 2259 Fsrgelltigttri's
587 2187 662 2226 suis,
675 2187 734 2217 tam
756 2185 830 2216 infra
845 2183 1017 2221 Libertates,
1037 2183 1123 2222 quam
1137 2189 1187 2211 ex-

7 2260 30 2277 n.
45 2258 94 2284 42.
173 2256 182 2271 ²
200 2244 216 2277 ‘5²
239 2271 244 2276 .
313 2272 320 2278 ,
332 2253 342 2268 ²
415 2253 420 2258 ”
566 2250 572 2256 ·

161 2272 257 2302 Sciatis
291 2269 349 2300 uod

6 2297 55 2353 233‘
71 2334 85 2351 2
164 2280 445 2348 Ctim,qCar·1r’fimus
464 2303 675 2344 Primogenitus
695 2302 807 2340 noster,
823 2299 979 2332 Edwardus
999 2298 1134 2337 Princeps
1147 2295 1190 2327 A-

7 2385 13 2391 ι
31 2336 68 2362 4
91 2345 100 2354 ’
125 2349 260 2389 quitaniae
274 2349 307 2380 &
323 2345 453 2383 Walliae,

7 2424 9 2428 ¹
32 2374 48 2431 ἕ
77 2411 106 2430 m
162 2388 225 2426 Qi
245 2398 261 2418 a
283 2384 407 2425 partibus
429 2383 606 2421 Aquitaniae‚
624 2380 658 2411 ad
679 2389 732 2410 nos
752 2380 782 2409 in
798 2377 948 2417 Angliam,
966 2375 1000 2407 ad
1015 2374 1188 2413 Mandatum

6 2450 33 2470 ,η
48 2424 55 2431 ’
126 2426 272 2461 nostrum,
289 2427 320 2455 in
334 2423 466 2463 proximo
483 2421 651 2460 regressurus
667 2418 773 2456 existit,

167 2464 216 2495 De
237 2463 389 2500 Cariagiis,
408 2470 460 2498 pro
479 2460 638 2496 Hernesiis,
657 2457 852 2494 Victualibus,
867 2457 900 2487 ὃς
923 2455 979 2485 aliis
991 2453 1077 2485 Bonis
1088 2452 1158 2489 suis,
1174 2462 1190 2482 a

127 2502 287 2540 Portubus,
306 2502 355 2532 ubi
368 2499 476 2538 ipsum,
491 2509 525 2530 ac
542 2496 693 2534 Hernesia,
711 2495 865 2533 vietuaiia,
883 2495 917 2525 &
933 2493 1013 2524 Bona
1031 2493 1076 2523 sua
1090 2491 1192 2530 praedi-

130 2542 176 2573 &a
189 2541 328 2581 applicare
341 2539 505 2578 contigerit,
524 2537 646 2567 multum
663 2534 801 2573 indigeat,

167 2580 205 2610 Et
223 2578 305 2610 nobis
318 2578 512 2617 supplicaverit
532 2585 562 2606 ut
576 2573 734 2613 hujusmodi
748 2572 893 2611 Cariagia‚
910 2581 926 2602 a
941 2570 1023 2601 dictis
1036 2568 1196 2610 PortubuS,

132 2620 220 2656 usque
242 2618 275 2648 ad
297 2618 380 2655 Nos,
396 2625 447 2656 pro
470 2615 598 2645 Denariis
613 2614 679 2651 suis,
698 2623 746 2653 per
763 2610 912 2642 Ministros
927 2609 1053 2647 nostros,
1072 2607 1120 2638 libi
1137 2607 1195 2636 neri

127 2657 227 2697 jubere
242 2657 378 2694 velimus,

170 2695 238 2726 Nos
256 2695 266 2728 (
274 2692 477 2734 Supplicationi
492 2691 636 2730 praedie‘cae
650 2690 769 2731 gratiose
783 2689 952 2719 annuentes)
970 2686 1052 2715 vobis
1065 2684 1200 2714 omnibus

133 2734 168 2766 &
189 2733 311 2772 singulis,
329 2733 446 2763 firmiter
466 2730 655 2769 injungendo,
675 2729 840 2759 mandamus
856 2726 935 2764 qubd
951 2723 1143 2755 Servientibus
1157 2722 1200 2757 ip-

131 2772 183 2804 fiUS
204 2771 359 2809 Principis,
377 2779 426 2808 per
448 2768 539 2807 ipsum
556 2768 590 2798 ad
607 2767 760 2803 Hernesia,
780 2765 936 2801 Vistualia,
955 2765 987 2794 δε
1004 2763 1081 2792 Bona
1096 2760 1198 2799 praedi-

133 2811 179 2841 &a
202 2810 298 2840 cariari
320 2807 447 2839 facienda
458 2807 613 2846 deputatis,
631 2805 761 2841 Cariagia
774 2803 958 2839 sufficientia,
975 2811 1026 2839 pro
1041 2798 1202 2835 Herneliis,

133 2847 330 2886 vietualibus,
349 2848 382 2878 &
406 2845 492 2876 Bonis
513 2843 670 2882 praedietis,
688 2845 718 2872 in
733 2842 826 2872 forma
838 2840 972 2878 praedista
984 2838 1134 2875 cariandis,
1152 2846 1202 2874 pro

138 2887 270 2918 Denariis
284 2886 365 2924 ipsius
379 2883 516 2921 Principis
530 2884 558 2913 in
574 2890 708 2920 promptu
722 2879 878 2915 ibivendiS,
895 2878 1038 2918 provideri
1051 2877 1084 2907 &
1100 2876 1202 2906 babere

138 2925 259 2963 faciatis,
276 2925 405 2964 quotiens
418 2920 531 2952 necesse
544 2921 644 2958 suerit,
659 2920 692 2950 &
709 2928 757 2956 per
771 2918 844 2955 ipsos
858 2917 1031 2956 Deputatos,
1044 2914 1088 2945 seu
1103 2923 1203 2944 eorum

140 2965 282 3003 aliquem,
300 2962 420 2998 fueritis,
442 2960 489 2991 vel
502 2959 586 2990 fuerit
604 2959 700 2997 aliquis
714 2955 858 2994 vestrum,
874 2955 954 2995 super
974 2954 1032 2985 hoc
1053 2953 1206 2993 praemuni-

143 3011 203 3040 tus,
222 3003 265 3032 vel
282 2999 460 3040 praemuniti,
475 3007 510 3029 ex
533 3006 609 3038 parte
630 2996 741 3033 nostra,
776 2995 813 3026 Et
837 2995 911 3032 hoc,
930 2994 999 3024 ficut
1013 2992 1142 3023 Gravem
1158 2990 1207 3022 In-

143 3041 337 3110 ἀίἕὸαῑίοηειῖ]
347 3037 473 3070 nostram
488 3037 573 3069 vitare
588 3035 749 3072 volueritis,
766 3033 919 3064 nullatenus
933 3032 1078 3063 omittatis.

220 3088 255 3110 at.
271 3089 301 3110 ut
328 3088 402 3118 upra.

201 3117 290 3149 Teste
305 3117 390 3156 Rege
404 3115 477 3154 apud
491 3111 937 3150 Westrnonasterium,vicelimo
950 3111 1027 3141 sexto
1041 3107 1086 3140 die
1102 3108 1210 3139 Martii.

785 3190 839 3219 Per
852 3185 934 3226 ipsum
949 3188 1054 3224 Regem.

457 3318 515 3350 Pro
534 3315 615 3360 fisco
633 3316 720 3361 Regis
736 3316 773 3352 ῤ’
794 3315 920 3360 Reginae.

0 3414 140 3449 mnas),
160 3403 285 3460 REX
304 3403 453 3440 omnibus,
471 3402 506 3433 ad
520 3410 609 3441 quos,
628 3400 689 3432 &c.
707 3397 843 3429 Salutem.

33 3455 118 3496 1368.
277 3442 374 3472 Sciatis
390 3440 487 3479 quod,

0 3499 64 3523 „Am
79 3503 127 3529 42,
196 3480 246 3511 De
287 3481 351 3511 ratia
367 3479 460 3509 nostra
477 3476 605 3516 speciali,
624 3476 658 3507 δε
675 3485 728 3515 pro
740 3475 822 3505 bono
835 3473 976 3511 Servitio‚
993 3471 1086 3511 quod,
1104 3471 1221 3503 dileiS'tus

14 3537 45 3561 Ξ,
67 3542 90 3569 3,
157 3521 257 3557 nobis,
312 3517 413 3557 agister
427 3517 527 3548 Petrus
546 3515 582 3546 de
597 3515 753 3552 Florentia,
770 3512 876 3543 Fificus
887 3534 896 3550 ,
913 3513 973 3542 tam
988 3510 1087 3540 Nobis
1101 3533 1111 3548 ‚
1136 3511 1222 3550 quam

14 3574 129 3606 rat-42,
157 3558 297 3597 Philippae
316 3550 347 3588 R
383 3557 439 3586 inae
458 3554 570 3594 Angliae
584 3552 721 3584 Consorti
734 3551 839 3583 nostrae
853 3549 1001 3582 cariffimae
1013 3548 1172 3586 impendit,
1189 3548 1221 3579 &

0 3613 46 3638 23.
66 3618 91 3645 3,
160 3597 306 3635 impendet
318 3597 348 3626 in
376 3602 508 3631 uturum,

2 3657 6 3680 ,··
14 3653 41 3685 p,
71 3656 96 3674 1,
200 3634 401 3666 Conceffimus
414 3632 506 3664 eidem
520 3629 606 3661 Petro
619 3627 810 3668 Quadraginta
825 3624 1165 3671 Librastercipiendas,
1174 3625 1228 3655 sm-

0 3695 54 3714 ‚m
73 3685 117 3711 16,
167 3675 236 3714 gulis
258 3675 345 3704 Annis
380 3670 414 3702 ad
434 3670 617 3701 Scaccarium
637 3667 787 3705 nostrum,
804 3666 839 3698 ad
853 3666 1009 3697 Termmos
1022 3665 1040 3683 ²*
1055 3663 1150 3693 Sancti
1167 3662 1229 3693 Mi-

0 3721 39 3744 w
58 3724 110 3750 v1·
171 3713 271 3744 chaelis
293 3713 325 3744 &
344 3695 476 3748 Ϊραἷεὴεε,
494 3718 542 3748 per
566 3706 685 3744 aequales
699 3705 863 3749 Portiones,
879 3705 912 3735 ad
929 3712 1020 3734 totam
1035 3701 1132 3746 Vitam
1147 3701 1229 3739 ipsius

18 3769 87 3798 590.
171 3747 266 3791 Petri,
281 3752 326 3782 vel
339 3749 483 3790 quousque
497 3757 550 3786 pro
563 3745 641 3776 Statu
656 3743 706 3774 suo
720 3743 798 3774 aliter
813 3744 975 3774 duxerimus
990 3739 1189 3771 ordinandum.

207 3787 241 3819 In
254 3791 347 3829 cujus,
365 3789 426 3820 &c.

243 3827 333 3860 Teste
348 3827 431 3868 Rege
444 3823 518 3867 apud
532 3821 730 3863 Wyndesore,
747 3819 885 3850 vicesimo
900 3817 947 3851 die
962 3816 1072 3856 Aprilis.

659 3900 712 3929 Per
729 3899 822 3927 Breve
841 3895 873 3926 de
893 3897 1011 3925 Privato
1029 3892 1129 3933 sigillo.
1157 3876 1160 3879 '

219 4063 290 4093 Tem.
306 4062 365 4091 111.
383 4062 417 4092 P.
434 4063 476 4091 Π.

1192 115 1676 159 PUBLICA.
2170 129 2251 169 145

2271 199 2345 231 Arm.
2361 198 2406 232 D.

2294 239 2382 280 1368.

1387 290 1433 322 De
1453 289 1684 335 Horologiorum
1702 287 1847 332 Artificio
1870 287 2041 321 exercendo.
2270 281 2339 306 ΕΜ·
2362 288 2389 315 3-

1187 373 1307 429 REX
1324 374 1458 404 omnibus
1480 373 1589 405 Ballivis
1610 375 1644 406 &
1665 373 1806 404 Fidelibus
1826 372 1898 412 suis,
1916 374 1977 404 tarn
1992 373 2062 404 infra
2079 372 2252 410 Libertates,
2271 373 2324 399 Aa.
2340 379 2391 406 42·

1258 421 1344 456 quam
1359 420 1453 449 extra,
1471 414 1504 442 ad
1522 422 1610 450 quos,
1628 413 1689 443 &c-
1708 412 1839 443 Salutem.
2273 414 2305 438 E.
2325 417 2351 445 3.

1226 449 1322 482 Sciatis
1342 450 1421 487 quod
1441 450 1609 495 suscepimus
1632 451 1659 480 in
1684 449 1895 480 protectionem
1918 451 1951 482 &
1973 449 2178 481 Defensionem
2200 457 2254 478 no-
2276 452 2392 483 Pat.42.

1190 485 1293 527 stram,
1313 499 1426 519 necnon
1449 499 1478 518 in
1501 489 1606 518 salvum
1629 489 1661 519 ὃ(
1683 488 1811 519 securum
1835 488 2026 519 Conductum
2041 488 2188 525 nostrum,
2203 485 2255 525 Jo-
2277 490 2307 513 Ε.
2325 492 2349 522 3·
2364 489 2390 521 p-

1189 525 1313 557 hannem
1335 526 1473 571 Unenam
1495 527 1685 556 Willielrnum
1710 526 1867 566 Uneman,
1886 530 1919 558 ὅς
1937 526 2103 565 johannem
2126 525 2257 564 Lietuyt‚
2282 529 2409 558 ran-15.

1191 563 1226 596 de
1244 564 1435 610 Delft,-Orlo
1455 574 1523 603 ters,
1543 565 1685 596 veniendo
1699 566 1728 593 in
1745 565 1879 605 Regnum
1892 565 2041 604 nostrum,
2062 560 2193 595 Artificio
2208 564 2258 594 suo

1193 604 1330 647 praedijito
1345 613 1372 633 in
1396 613 1431 634 eo
1452 613 1498 634 em
1514 602 1621 642 Regno
1635 603 1758 639 utend03

1230 642 1266 672 Et
1282 643 1346 672 ideo
1361 643 1442 686 vobis
1456 641 1620 672 mandamus
1634 642 1714 679 quod
1727 642 1811 681 ipsos,
1823 642 1993 681 johannem,
2000 641 2190 672 VVillielmum
2196 663 2206 678 ‚
2224 641 2258 671 Sc

1192 680 1372 723 Johannem,
1392 681 1461 710 infra
1480 680 1630 711 Districrus
1645 679 1750 710 vestros
1767 680 1968 718 veniend0,&
1984 681 2112 710 Artificio
2122 678 2172 709 suo
2189 688 2261 718 prae-

1196 718 1276 749 dieto
1296 719 1421 763 utendo,
1446 717 1671 756 Manuteneatis,
1696 717 1870 756 protegatis,
1888 719 1919 749 δε
1938 718 2120 755 Defendatis‚
2138 727 2196 748 non
2219 718 2263 747 in-

1197 756 1318 800 serentes
1340 767 1393 801 eis,
1412 757 1456 788 vel
1471 766 1609 795 quantum
1624 759 1653 786 in
1670 756 1750 786 vobis
1764 757 1824 794 est,
1842 758 1877 786 ab
1890 757 1946 786 aliis
1962 756 2054 786 inferri
2073 758 2264 796 permittentes

1198 805 1226 824 1n
1252 794 1396 839 Personis,
1414 794 1517 834 Bonis,
1535 797 1568 826 ὅ(
1593 794 1690 826 Rebus
1702 795 1752 825 suis
1767 795 2005 834 quibuscumque,
2022 794 2170 834 Injnriam,
2189 793 2262 824 Mo-

1198 832 1327 877 lestmm,
1345 833 1521 864 Violentiam
1532 858 1541 871 ,
1559 833 1745 871 Dampnum,
1763 842 1808 863 aut
1822 832 2001 863 Gravamen:

1215 909 1220 915 .
1237 871 1291 910 Er,
1310 874 1329 901 11
1353 872 1419 916 quid
1441 874 1480 902 eis
1491 872 1665 903 forisfactum
1681 873 1725 901 vel
1740 872 1897 909 injuriatum
1911 871 2011 909 fuerit,
2030 871 2057 901 id
2073 872 2111 900 eis
2126 871 2183 901 fine
2197 869 2269 902 dila-

1200 918 1279 939 tione
1294 909 1391 941 debite
1405 912 1508 954 corrigi
1524 911 1558 941 &
1570 910 1714 940 reformari
1729 909 1852 948 faciatis;
1870 911 1908 939 ita
1923 918 2017 940 tamen
2029 909 2107 949 quod
2122 909 2266 947 praediffi,

1198 947 1360 987 johannes,
1378 949 1566 987 Willielrnus,
1584 949 1617 980 ὃ(
1639 947 1801 987 johannes,
1820 958 1884 987 erga
1904 947 1972 978 Nos
1990 949 2023 978 δε
2045 947 2189 986 Populum
2213 957 2266 977 no-

1202 986 1402 1066 gerrqzffiblene
1424 989 1458 1020 δε
1481 988 1595 1018 fideliter
1616 987 1642 1018 se
1664 995 1778 1027 gerant,
1803 987 1836 1017 &
1858 986 1992 1017 Artifieio
2013 983 2096 1017 Bono
2116 986 2149 1016 &
2171 984 2269 1023 Legali

1243 1064 1276 1095 in
1294 1065 1389 1102 cujus,
1407 1065 1468 1096 δίε,
1486 1075 1534 1103 per
1549 1074 1639 1095 unum
1654 1064 1774 1094 Annum
1787 1062 1936 1094 duraturas.

1279 1103 1369 1134 Teste
1385 1103 1465 1143 Rege
1481 1103 1553 1144 apud
1568 1101 1861 1134 westmonasterium
1871 1125 1880 1141 ,
1896 1110 1995 1141 quarto
2009 1100 2054 1132 die
2070 1100 2152 1132 Maii.

1468 1251 1526 1282 Pro
1551 1246 1674 1281 Thoma
1703 1249 1816 1280 Comite
1841 1246 1877 1279 de
1910 1249 2019 1280 Marr-

1272 1333 1384 1378 Horrias
1406 1333 1514 1364 Comes
1535 1333 1570 1377 de
1595 1332 1691 1363 Marre
1711 1332 1795 1363 habet
1816 1332 1921 1363 Literas
1944 1332 2032 1372 Regis
2048 1331 2083 1362 de
2097 1329 2274 1368 Conduetu,
2293 1319 2370 1352 Arm·
2382 1316 2423 1349 D·

1290 1373 1433 1403 veniendo
1448 1373 1483 1403 de
1497 1373 1618 1410 partibus
1633 1372 1737 1402 Scotiae
1752 1373 1780 1401 in
1795 1371 1928 1411 Regnum
1945 1371 2034 1410 Regis
2054 1371 2182 1409 Angliae,
2202 1378 2272 1399 cum
2315 1358 2399 1394 1³68·

1212 1409 1380 1457 Duodecim
1402 1411 1578 1452 Hominibus
1591 1411 1623 1441 ὃς
1638 1408 1746 1449 Viginti
1760 1410 1864 1449 Equis,
1882 1410 1987 1440 ibidem
2004 1410 2158 1446 morando,
2176 1409 2210 1439 &
2226 1416 2274 1438 ex·
2292 1402 2334 1425 An
2341 1421 2346 1425 ·
2362 1408 2409 1433 4²·

1210 1449 1277 1480 inde
1300 1449 1334 1479 ad
1355 1457 1443 1487 partes
1464 1449 1673 1479 Tranimannas
1691 1448 1874 1486 tranleunrio,
1893 1448 1975 1488 usque
1994 1448 2027 1478 ad
2044 1447 2156 1478 Festum
2177 1446 2274 1478 Sancti
2294 1441 2326 1465 E.
2348 1445 2373 1473 3-

1213 1488 1380 1524 Michaelis,
1395 1488 1531 1526 proximo
1547 1488 1691 1524 futurum,
1713 1486 1861 1517 duraturas.
2294 1480 2362 1504 Scot.
2377 1483 2428 1510 42.

1249 1526 1339 1558 Teste
1355 1525 1439 1564 Rege
1452 1526 1524 1565 apud
1537 1524 1840 1563 Westmonasterium,
1857 1524 1974 1563 septimo
1987 1523 2032 1554 die
2048 1522 2129 1553 Maii.
2294 1518 2325 1581 ᾗ
2346 1523 2373 1590 ξ·

1725 1602 1779 1631 Per
1798 1600 1954 1631 Concilium.

1213 1742 1269 1773 Pro
1296 1738 1427 1786 Paffizgio
1448 1741 1543 1771 Ducis
1562 1738 1736 1779 Clarenciae‚
1762 1747 1831 1768 cum
1849 1745 1917 1780 457
1937 1729 2122 1766 Hominibus
2138 1729 2175 1763 de
2195 1733 2280 1763 Reti-

1260 1791 1359 1820 nentia
1377 1788 1459 1834 sita,
1481 1790 1518 1826 θ’·
1553 1785 1641 1820 1280
1664 1788 1760 1831 Equis
1773 1810 1784 1827 ‚
1808 1783 1844 1817 de
1859 1779 2060 1816 Solutionibus
2068 1778 2232 1824 faciendis.

1218 1872 1564 1942 RngThesaurario,
1583 1873 1615 1904 ὃ(
1631 1848 1799 1902 Camerariis
1807 1867 1880 1911 suis,
1893 1867 2026 1911 Salutem.
2081 1905 2086 1910 Π
2109 1905 2114 1910 .
2301 1877 2377 1909 Arm.
2388 1876 2430 1908 D·

1344 1923 1394 1943 um
1408 1921 1514 1953 nuper,
1532 1921 1581 1952 per
1595 1909 1684 1941 Breve
1698 1909 1847 1946 nostrum,
1864 1907 1913 1936 iub
1927 1905 2043 1937 Privato
2058 1904 2156 1944 Sigillo
2170 1903 2280 1942 nostro,
2328 1917 2415 1957 1363·

1174 1955 1177 1957 ’
1217 1951 1442 1983 mandaverimus
1456 1975 1466 1991 ,
1489 1950 1595 1982 dileeto
1616 1949 1714 1987 nobis,
1738 1947 1824 1978 Petro
1846 1945 1945 1984 Rede,
1971 1943 2077 1976 Ballivo
2095 1943 2194 1973 nostro
2216 1942 2280 1973 Do-
2296 1942 2349 1985 ‘An-
2363 1966 2412 1992 42,

1217 1996 1321 2020 vorriae

1249 2026 1291 2073 ‘In'
1302 1989 1453 2059 Piaeqsejreittiai
1466 2028 1499 2060 &
1513 2037 1561 2066 per
1575 2025 1789 2057 Avisamentum
1802 2025 1835 2055 &
1849 2020 2046 2062 Supervisum,
2063 2020 2233 2051 dilectorum
2247 2020 2281 2050 δε
2298 2000 2402 2062 Ξξρζα,

1218 2065 1344 2097 fidelium
1365 2065 1549 2105 nostrorum,
1565 2065 1688 2097 Roberti
1708 2063 1744 2094 de
1763 2062 1904 2094 Assheton
1924 2061 1957 2092 &
1980 2059 2110 2090 Thomae
2133 2059 2170 2090 de
2190 2058 2283 2096 Dale‚
2320 2083 2344 2100 Ζ.
2364 2077 2385 2099 E
2404 2056 2418 2106 ὲ

1218 2106 1265 2137 vel
1280 2116 1380 2137 eorum
1393 2107 1521 2144 alterius,
2297 2083 2316 2109 '4
2388 2094 2394 2100 '
2423 2090 2432 2105 ⁴¹

1261 2145 1347 2184 Qos
1369 2145 1404 2176 ad
1427 2143 1609 2176 Arraiandum
1629 2142 1662 2173 &
1678 2138 1922 2179 Supervidendum
1935 2136 2094 2177 Paffagium
2108 2134 2286 2166 Transmari-

1220 2193 1304 2222 num,
1324 2181 1454 2214 carissimi
1475 2182 1537 2213 Filii
1556 2180 1662 2218 nostri,
1684 2180 1774 2210 Ducis
1794 2177 1963 2213 Clarentiae,
1980 2185 2012 2206 ac
2036 2175 2222 2217 Hominum,
2241 2173 2282 2204 E-

1220 2232 1362 2262 quorum,
1380 2224 1412 2254 &
1424 2221 1629 2253 Herneiiorum
1641 2219 1768 2257 suorum,
1782 2219 1812 2248 in
1825 2216 1917 2247 Portu
1930 2215 2085 2246 Dovorriae
2094 2237 2104 2253 ,
2117 2217 2209 2245 verius
2224 2212 2284 2244 Ca-

1222 2261 1339 2298 lelium,
1356 2261 1564 2299 ordinavimus,

1259 2299 1338 2331 Cum
1355 2299 1495 2331 Dominis
1515 2300 1547 2330 ὅ(
1570 2296 1711 2337 Magistris
1733 2295 1866 2326 Navium
1890 2294 1924 2325 &
1945 2292 2064 2323 aliorum
2078 2289 2235 2327 Vasorum,
2253 2290 2283 2320 in

1223 2340 1326 2378 quibus
1340 2339 1431 2370 didius
1442 2338 1526 2369 Filius
1542 2336 1651 2373 noster,
1670 2345 1738 2365 cum
1755 2332 1945 2368 Hominibus,
1962 2330 2063 2370 Equis,
2080 2330 2113 2360 ὅ(
2127 2328 2285 2365 Herneffis,

1224 2380 1286 2410 sunt
1299 2378 1452 2415 transituri,
1467 2377 1503 2407 de
1518 2375 1722 2406 ConduCtione
1743 2373 1777 2403 &
1790 2371 1937 2409 Freetagro
1948 2368 2091 2399 dierorum
2106 2367 2237 2398 Navium
2253 2367 2286 2398 &

1226 2417 1386 2454 vasorum,
1402 2427 1453 2453 pro
1466 2415 1547 2446 dieto
1563 2412 1707 2451 passagio,
1724 2411 1908 2447 conveniret,

1267 2454 1316 2487 De
1339 2456 1440 2493 quibus
1452 2454 1569 2493 quidem
1583 2450 1789 2483 Conduetione
1803 2449 1835 2480 δε
1850 2447 2010 2486 Remigio,
2028 2456 2061 2476 ac
2073 2444 2211 2475 Numero
2224 2443 2292 2474 Per-

1225 2496 1355 2527 sonarum
1366 2517 1374 2532 ,
1390 2495 1423 2525 ὅ(
1444 2492 1608 2532 Equorum,
1626 2501 1658 2522 ac
1683 2489 1846 2524 Bonorum,
1862 2488 1895 2518 ὅ(
1916 2484 2139 2522 Hernefiorum,
2160 2484 2231 2513 inter
2246 2483 2290 2512 di-

1229 2535 1307 2571 δῖος,
1326 2531 1489 2563 Robertum
1510 2533 1543 2563 &
1565 2529 1732 2566 Thomam,
1751 2526 1795 2556 vel
1816 2533 1917 2556 eorurn
1938 2524 2073 2559 alterum,
2092 2523 2124 2553 &
2145 2521 2292 2561 praefatum

1229 2572 1365 2610 Petrum,
1383 2572 1417 2601 &
1439 2570 1587 2608 praedictos
1609 2568 1753 2598 Dominos
1776 2565 1809 2595 ὃς
1832 2563 1884 2594 Ma
1905 2562 2002 2600 istros,
2017 2562 2076 2591 fieri
2096 2560 2229 2590 volumus
2245 2562 2294 2589 In-

1231 2612 1375 2646 denturaS,
1393 2619 1442 2647 per
1466 2619 1531 2646 quas
1552 2606 1658 2638 eisdem
1680 2604 1815 2635 Dominis
1835 2604 1868 2634 &
1920 2600 2029 2637 agistris
2040 2608 2173 2638 prompta
2185 2598 2295 2628 Solutio

1233 2650 1319 2686 inde,
1339 2658 1391 2686 pro
1412 2646 1618 2678 Conducstione
1641 2646 1674 2676 &
1700 2641 1846 2681 Preciagio
1867 2639 2024 2679 praedietis,
2048 2638 2082 2668 ad
2145 2637 2296 2667 uindenam

1234 2689 1349 2719 Paschae
1365 2688 1498 2725 proximo
1513 2685 1680 2725 praeteritam
1690 2705 1700 2721 ,
1715 2682 1749 2713 ad
1767 2681 1924 2719 Recepram
1939 2678 2079 2709 Scaccarii
2091 2686 2131 2706 no
2144 2688 2146 2690 ·
2160 2677 2198 2713 ri,
2217 2675 2279 2713 fiat,

1274 2727 1319 2756 Ac
1342 2725 1430 2763 dicti,
1448 2725 1579 2755 Thomas
1599 2723 1634 2753 de
1653 2720 1728 2752 Dale
1748 2719 1780 2750 &
1802 2718 1919 2754 Petrus,
1937 2718 2040 2747 virtute
2063 2714 2193 2745 Mandati
2208 2713 2297 2744 nostri

1234 2764 1382 2805 praedicti,
1399 2773 1468 2794 cum
1493 2762 1629 2793 Dominis
1650 2762 1683 2791 δε
1708 2757 1853 2797 Magistris
1872 2756 2005 2795 Triginta
2020 2756 2054 2786 &
2069 2763 2177 2784 novem
2194 2753 2213 2773 ³*
2232 2752 2296 2783 Na-

1236 2805 1316 2834 vium
1337 2804 1370 2833 &
1392 2801 1559 2833 Tresdecim
1584 2797 1809 2834 Navicularum,
1828 2797 1887 2826 tam
1909 2793 1945 2825 de
1968 2793 2130 2830 Dovorria,
2153 2792 2238 2830 quam
2262 2790 2298 2820 de

1237 2842 1348 2873 Calesio
1364 2864 1373 2879 ,
1418 2851 1451 2871 ro
1475 2840 1605 2878 Paffagio
1633 2840 1665 2869 ὃς
1686 2835 1929 2866 Transfretatione
1954 2831 2083 2870 praediciti
2105 2829 2168 2861 Filii
2194 2828 2301 2866 nostri,

1236 2892 1305 2912 cum
1325 2850 1547 2918 (Quadringentis
1565 2877 1785 2914 Quinquagenta
1805 2875 1837 2903 ὃς
1856 2872 1961 2910 septem
1976 2869 2152 2899 Hominibus
2164 2867 2200 2898 de
2219 2868 2301 2898 Reti-

1238 2921 1330 2951 nentia
1349 2920 1410 2958 sua,
1433 2920 1466 2949 ὃς
1489 2917 1570 2947 Mille
1590 2915 1730 2946 Ducentis
1749 2913 1782 2942 &
1803 2909 2016 2950 Qiaterviginti
2036 2907 2138 2946 Equis,
2160 2906 2218 2937 una
2233 2915 2303 2936 cum

1240 2958 1379 2989 Hernesils
1404 2958 1456 2988 suis
1481 2954 1652 2990 necessariis,
1679 2951 1754 2991 quasi
1774 2960 1826 2990 pro
1851 2949 1935 2979 unica
1958 2948 2021 2978 vice
2039 2945 2308 2982 Transsrerationis,

1261 3008 1289 3028 er
1308 2997 1436 3028 Centum
1451 2995 1596 3033 Sexaginta
1614 2993 1646 3023 &
1663 2990 1810 3021 tresdecim
1828 2988 1943 3024 Libras,
1963 2985 2017 3015 Sex
2032 2984 2158 3021 Solidos,
2174 2984 2207 3014 δε
2224 2983 2307 3013 Οξὶο

1239 3008 1399 3073 Denarios,
1416 3036 1453 3065 eis
1471 3031 1617 3065 solvendos
1635 3029 1804 3065 (videlicet)
1823 3036 1874 3065 pro
1893 3024 2021 3063 Passagio
2038 3022 2185 3061 cujussibet
2203 3022 2309 3058 Navis,

1244 3086 1294 3114 per
1318 3075 1465 3110 Sexaginta
1489 3073 1522 3103 &
1547 3069 1693 3100 tresdecim
1713 3065 1876 3097 Solidorum
1896 3066 1928 3096 &
1949 3062 2083 3105 Qatuor
2101 3061 2309 3095 Denariorum,

1244 3115 1277 3144 &
1304 3113 1450 3150 cuiussibet
1475 3108 1630 3141 Naviculae
1648 3116 1697 3146 per
1717 3103 1909 3144 Qadraginta
1928 3102 1961 3132 &
1980 3103 2025 3131 {ex
2045 3100 2156 3131 Solidos
2174 3100 2206 3129 &
2226 3098 2308 3128 Oc‘io

1244 3153 1383 3184 Denarios
1394 3175 1402 3188 ,
1420 3153 1470 3186 ὃς,
1488 3149 1558 3179 ultra
1573 3147 1649 3184 hoc,
1669 3145 1705 3175 de
1725 3143 1853 3174 Centum
1871 3142 1903 3172 &
1919 3140 1963 3170 sex
1979 3139 2081 3170 Solidis
2098 3140 2131 3170 ὃς
2148 3137 2229 3167 Octo
2247 3136 2310 3166 De-

1246 3193 1327 3223 nariis
1342 3215 1353 3230 ,
1380 3201 1432 3229 pro
1460 3186 1599 3224 Pontagio
1627 3184 1650 3213 E
1674 3192 1776 3213 uorum
1804 3179 2031 3219 praedffitorum,
2058 3174 2252 3218 convenissent
2274 3175 2309 3204 ὃς

1247 3228 1485 3265 concordassent,
1505 3227 1572 3256 sicut
1592 3232 1639 3261 per
1653 3194 1837 3257 <indentur-as,
1851 3218 1916 3248 inde
1935 3218 2004 3247 inter
2024 3216 2094 3254 ipsos
2111 3216 2143 3246 &
2163 3212 2311 3254 praedid'tos

1250 3269 1367 3300 Petrum
1390 3267 1421 3298 &
1436 3265 1586 3296 Thomam
1605 3261 1706 3298 ranas,
1726 3258 1833 3298 plenius
1849 3257 1951 3295 poterit
1969 3264 2116 3294 apparere,

1288 3307 1375 3345 Nos,
1393 3306 1517 3336 volentes
1538 3300 1618 3332 dictis
1643 3299 1779 3330 Dominis
1803 3299 1837 3329 &
1856 3294 1999 3334 Magistris
2013 3294 2046 3324 &
2061 3293 2117 3322 aliis
2133 3290 2169 3320 de
2187 3289 2314 3332 Summis

1272 3346 1391 3378 raediCtis
1408 3343 1544 3379 satisfieri,
1566 3348 1597 3369 ut
1619 3338 1659 3368 est
1680 3337 1808 3375 justum,
1826 3334 1908 3365 vobis
1935 3331 2106 3363 Mandamus
2130 3326 2228 3366 quod,
2252 3327 2315 3356 visis

1293 3385 1394 3416 andato
1418 3381 1516 3413 nostro
1541 3380 1574 3410 &
1596 3375 1755 3407 indenturis
1781 3373 1939 3414 praedietis,
1957 3371 2015 3400 tam
2041 3367 2205 3407 praedictam
2232 3364 2317 3409 Sum-

1254 3434 1331 3455 mam
1356 3421 1484 3452 Centum
1511 3419 1542 3449 &
1563 3416 1708 3454 Sexaginta
1725 3415 1758 3445 ὅ(
1777 3411 1922 3443 tresdecim
1952 3408 2100 3438 Librarum
2124 3405 2178 3435 Sex
2195 3403 2319 3448 'Solido-

1253 3472 1320 3493 rum
1337 3463 1368 3492 δε
1389 3460 1470 3491 octo
1488 3455 1709 3491 Denariorinm,
1728 3462 1780 3493 pro
1800 3447 2005 3480 Conduffione
2025 3447 2057 3476 ὅ(
2078 3443 2224 3479 Freetagio
2243 3452 2315 3487 prae-

1254 3501 1354 3535 dietis,
1381 3500 1464 3537 qnam
1484 3494 1632 3535 praedietos
1650 3490 1779 3522 Centum
1804 3489 1857 3519 Sex
1875 3484 1987 3516 Solidos
2005 3484 2038 3527 ὃς
2054 3482 2136 3513 Octo
2159 3481 2319 3518 Denarios,

1256 3550 1309 3578 pro
1328 3538 1467 3576 Pontagio
1483 3531 1637 3574 praecitato,
1657 3530 1772 3570 praefato
1792 3527 1878 3557 Petro
1896 3524 1931 3568 ad
1950 3532 2014 3566 εᾳε,
2031 3530 2101 3551 inter
2121 3520 2268 3564 Dominos
2285 3518 2319 3549 &

1261 3577 1415 3615 Magistros
1431 3598 1441 3613 ,
1469 3583 1502 3603 ac
1524 3571 1591 3602 alios
1606 3592 1616 3608 ,
1648 3570 1747 3608 quibus
1771 3565 1838 3595 inde
1865 3559 2099 3604 satisfaciendum*
2115 3558 2198 3588 fuerit
2215 3581 2224 3595 ,
2248 3565 2322 3593 iuxta

1260 3615 1477 3647 Conventiones
1491 3609 1556 3641 inde
1572 3608 1673 3646 factas,
1689 3601 1915 3637 distribuendum
1925 3623 1935 3639 ‚
1953 3600 2009 3630 sine
2025 3598 2176 3635 dilatione,
2191 3596 2226 3626 de
2241 3594 2323 3626 The-

1261 3656 1339 3687 sauro
1359 3653 1472 3688 nostro,
1489 3648 1574 3680 solvar
1585 3657 1610 3677 s·
2303 3673 2308 3678 ,

1300 3693 1482 3730 Recipientes
1503 3688 1538 3717 ab
1560 3670 1664 3715 eodem
1687 3682 1774 3713 Petro
1790 3678 1963 3710 Mandatum
1979 3677 2012 3707 δε
2027 3674 2190 3705 Indenturas
2203 3671 2326 3711 supradi-

2297 2122 2335 2141 m.
2353 2120 2376 2139 1.

2333 2766 2352 2787 *ἶ
2369 2766 2422 2793 VI.

2331 2813 2396 2842 591.

1294 3742 1391 3802 qTeste
1407 3767 1488 3807 Rege
1502 3761 1577 3803 apud
1595 3757 1902 3795 westmonasterium,
1917 3754 2033 3786 decimo
2047 3751 2092 3782 die
2112 3748 2193 3779 Maii.

1945 3832 1999 3862 Per
2014 3826 2166 3861 Concilium.
