2561 4251
57 221 134 253 Ann.
150 221 191 253 D.

81 262 165 302 1386.

58 302 112 329 Ric.
130 312 157 330 2.

50 1634 67 1650 ⁸
79 1634 147 1661 Vll.

55 1681 121 1708 524.

48 2650 176 2683 Ann.D.

74 2691 158 2729 1386.

45 2733 97 2757 Aa.
115 2739 141 2764 9.

43 2772 74 2795 R.
97 2780 122 2795 2.

43 2810 131 2834 Franc.
153 2817 179 2842 ς).

42 2848 71 2873 R.
94 2855 119 2873 2.
142 2857 178 2874 m.

42 2891 71 2918 4.

214 152 296 191 204

253 222 333 261 fitos,
352 223 386 254 &
397 222 464 253 alios
477 220 611 253 Praelatos
624 221 657 252 &
670 220 833 258 Religiosos
846 217 973 258 praedieti
988 215 1122 261 Ordinis,
1141 215 1171 245 in
1184 222 1278 259 ‚parti-

233 272 262 291 us
282 260 408 301 Angliae,
427 260 548 297 Scotize,
568 259 734 298 Hiberniae,
747 260 781 290 &
803 256 919 287 Walliae
936 254 1125 299 constitutos,
1143 263 1209 291 qut,
1233 252 1275 283 se-

208 299 336 330 cundum
359 299 464 330 Statura
482 299 516 330 &
539 297 766 329 Consuetudines
779 296 901 333 ejusdem
916 293 1048 337 Ordinis,
1065 291 1273 336 consueverunt

208 338 254 406 vCel
278 338 311 368 ad
334 337 473 405 Gejnerale
493 336 660 375 Capitulum
680 343 810 367 tenentur
831 341 1005 370 convemre‚
1022 341 1052 361 m
1075 331 1145 361 loeis
1164 329 1273 360 idoneis

240 385 371 406 onvocan
394 385 442 406 um

243 412 281 444 Et
301 398 459 451 hujusmodi
486 413 629 444 Generale
658 411 824 451 Capitulum
850 408 1026 440 Tenendum
1048 409 1089 444 l&
1118 406 1274 438 Celebran-

207 449 291 488 dum,
310 452 343 482 δε
357 452 492 483 celebrari
505 451 687 486 faciendum,
1233 483 1238 488 Ι

242 490 287 521 Ac
303 489 482 528 Visitatores,
501 492 549 528 qui
563 499 611 527 per
628 487 819 524 Triennium,
838 487 884 517 vel
899 486 1056 518 Annuatim
1079 483 1273 528 Monasteria,

204 528 362 565 prioratus,
383 530 416 560 δε
439 530 488 560 alia
509 529 589 558 Loca
610 527 734 564 ejusdem
757 525 890 565 Ordinis,
907 527 937 556 in
950 525 1032 556 dietis
1045 524 1190 561 Partibus,
1208 526 1271 552 vili-

206 574 315 604 tentur,
334 567 496 606 eligendum
513 568 546 598 ὃ(
561 564 810 602 constituendum,
1138 601 1143 606 ι

241 604 279 635 Er
294 615 412 644 cretera,
429 605 581 636 necessaria
596 606 624 635 in
639 615 672 635 ea
684 613 776 642 pane,
796 603 974 641 Suplendum
989 602 1022 634 &
1043 598 1274 644 Perficiendum,

204 653 289 688 prout
303 646 332 674 in
346 644 427 689 dietis
445 644 547 675 Literis
562 643 753 682 Apostolicis,
773 651 802 673 ut
818 642 936 682 dicitur,
954 641 1022 672 inde
1035 639 1195 676 conferitis,
1214 637 1274 676 ple-

204 692 268 713 nius
281 693 458 714 continetur:

243 721 316 751 Sane
330 723 411 760 igiwir
425 721 459 752 ad
475 732 595 760 ea,quae
611 721 644 751 ad
659 721 801 751 honorem
818 719 877 750 Dei
892 720 924 750 δε
940 719 1051 749 Statum
1059 714 1273 760 EcclefiaeSan-

203 759 259 789 ἔξω
272 769 466 798 concernunt,
481 761 582 791 oculos
597 759 699 789 nostre
715 759 817 789 mentis
829 759 1000 796 dirigentes,
1018 758 1163 795 cupientes
1185 763 1270 785 etiam

201 798 270 836 hiis,
290 808 353 837 que
372 799 515 837 Populum
530 799 637 830 Christi
654 802 680 828 in
697 798 831 828 Scismate
845 797 1027 828 verisimiliter
1041 795 1188 825 involvere
1204 802 1271 837 pos-

201 835 280 875 sunt,
300 837 441 875 resistere,
459 839 492 869 &
515 847 544 868 ut
563 838 652 868 iidem
674 837 798 867 Abbates
818 835 894 866 diest&
917 834 1088 873 Apostolica
1104 833 1272 864 au&or1tate

201 878 299 906 omnia
319 876 483 915 Praemiffa,
498 876 548 907 sub
569 877 708 906 Tuitione
730 875 829 914 Regiae
849 874 998 905 Potestatis
1019 874 1148 910 valeant,
1166 870 1269 913 absque

202 913 410 952 impedimento
433 916 611 953 aliquorum,
630 915 740 944 liberius
761 915 794 944 ὃς
818 913 937 951 quietius
949 912 1163 948 consummare,
1181 910 1271 940 sulce-

201 954 295 991 pimus
317 956 345 983 in
368 954 586 985 Proteffionern
601 977 609 990 ,
634 952 805 983 Tuitionem
823 975 832 988 ,
857 952 890 983 &
913 950 1121 981 Defenfionem
1143 947 1272 991 nostram

202 992 352 1030 specialem
375 994 446 1032 ipsos
467 992 591 1023 Abbates
610 991 646 1022 de
660 990 797 1030 Ryevalle
811 991 845 1021 ἃ
856 991 891 1021 de
905 989 948 1020 W
950 988 1038 1019 ardon
1045 1011 1056 1027 ,
1075 997 1145 1032 curn
1163 986 1272 1017 Homi-

202 1032 303 1069 nibus,
321 1031 528 1069 Servientibus,
549 1031 582 1062 δτ-
603 1031 796 1061 Familiaribus
816 1029 884 1067 suis,
902 1029 1078 1066 ubicumque
1097 1037 1136 1056 eis
1160 1025 1272 1063 placue-

201 1069 257 1108 rit,
277 1071 347 1100 infra
372 1070 508 1109 Regnum
525 1069 654 1100 nostrum
667 1068 782 1106 Angliae
798 1068 832 1098 &
851 1068 903 1098 alia
924 1066 1066 1097 Dominia
1085 1065 1119 1096 &
1143 1063 1274 1107 Potesta-

202 1115 263 1138 tem
277 1109 389 1177 nqlstra,
407 1109 557 1140 occasione
573 1107 803 1145 Praemffsorum,
821 1106 857 1137 de
880 1105 965 1136 Loco
986 1104 1021 1135 ad
1043 1103 1160 1134 Locum
1181 1103 1207 1133 se
1227 1102 1273 1132 di-

201 1156 303 1179 verten
326 1158 345 1178 o

237 1185 282 1217 Ac
298 1172 459 1224 hujt'ismodi
475 1186 615 1222 Abbates,
634 1184 823 1223 praepositos,
839 1184 873 1214 Sc
891 1183 957 1214 alios
980 1181 1115 1213 Praelatos
1135 1181 1168 1212 &
1190 1178 1273 1209 Reli-

198 1225 293 1262 giosos
311 1224 381 1256 disti
401 1224 517 1255 Ordinis
544 1226 572 1254 in
594 1224 675 1255 diftis
689 1224 812 1262 partibus
833 1221 1021 1259 constitutos,
1039 1230 1096 1264 pro·
1111 1219 1189 1249 dieto
1205 1217 1273 1263 'Ge-

201 1263 288 1332 ιὲῖταὶί
308 1262 445 1333 (Σερέωῐο
466 1263 636 1294 celebrando
651 1287 660 1302 ,
692 1262 859 1293 auctoritate
879 1260 951 1292 dieti
981 1259 1099 1290 Summi
1126 1256 1273 1288 Pontificis

233 1312 366 1332 onvocan
388 1313 407 1333 o

202 1380 219 1411 f
240 1340 278 1371 Et
297 1327 440 1409 c§ienerale
461 1340 629 1380 Capitulum
650 1338 797 1370 Tenendo
819 1339 853 1370 &
874 1336 1071 1376 Celebrando,
1088 1346 1122 1368 ac
1137 1335 1274 1367 celebrari

215 1390 294 1411 aClCn
316 1390 335 1409 o

240 1419 286 1449 Ac
306 1404 483 1456 Visitatores,
502 1428 551 1456 per
574 1417 646 1454 ipsos
669 1416 794 1448 Abbates
816 1416 993 1447 Auctoritate
1007 1413 1145 1459 praedi&a
1157 1412 1273 1451 Eligen-

201 1457 253 1488 dos
268 1459 301 1489 &
308 1457 560 1527 dConstituendOS,
578 1456 721 1488 Officium
734 1456 817 1487 suurn
832 1456 862 1487 in
872 1455 926 1487 hac
939 1463 1018 1494 parte
1031 1452 1163 1486 faciendo
1177 1452 1210 1484 &
1225 1460 1275 1483 ex-

202 1506 305 1527 cercen
327 1507 362 1527 o·

242 1534 282 1565 Ita
298 1522 378 1574 quo'd
395 1535 480 1566 iidem
495 1534 675 1572 Visitatores,
691 1532 848 1564 secundum
865 1532 1008 1572 Regulam
1021 1532 1055 1563 &
1077 1531 1184 1562 Statuta
1204 1528 1274 1561 dieii

203 1574 318 1605 Ordinis
337 1575 446 1605 valeant
469 1584 534 1612 quae
558 1572 736 1611 Corrigenda
761 1572 823 1603 sunt
837 1571 1008 1611 Corrigere,
1025 1571 1058 1602 &
1074 1568 1273 1600 Reformanda

201 1613 390 1651 Reformare,
407 1622 440 1644 ac
455 1611 655 1642 Inobedientes
667 1613 696 1641 in
712 1620 744 1641 ea
759 1620 839 1649 parte
853 1611 886 1641 ad
899 1611 957 1642 hoc
994 1609 1151 1641 secundum
1175 1608 1194 1627 ⁷*
1219 1617 1271 1638 eo-

203 1662 268 1682 rum
295 1653 399 1683 Statuta
416 1674 426 1690 ,
451 1651 553 1689 absque
580 1649 793 1688 Impedimento
815 1650 911 1688 aliquo
925 1673 935 1688 ,
960 1633 1143 1687 Compellere
1161 1647 1195 1678 &
1217 1645 1275 1677 Pu-

202 1700 262 1721 nise

239 1715 314 1760 N³on
335 1728 509 1760 obstantibus
531 1727 757 1766 quibuscumque
777 1726 880 1757 nostris
900 1727 1002 1758 Literis
1022 1726 1054 1756 in
1077 1726 1273 1764 contrarium,

201 1767 338 1806 aliquibus
359 1768 404 1798 vel
426 1767 508 1797 alicui
528 1766 689 1797 Abbatibus
707 1766 754 1796 vel
775 1765 907 1796 Personae
928 1764 1052 1804 ejusdem
1069 1764 1187 1795 Ordinis
1208 1773 1273 1795 ante

202 1807 310 1839 Daram
326 1806 507 1836 Praesemium
521 1806 564 1835 vel
579 1804 643 1842 post
657 1814 777 1843 quoquo
792 1804 883 1835 modo
902 1803 1060 1842 concessis,

240 1846 419 1876 Durntamen
439 1843 525 1874 iidem
546 1843 687 1881 Abbates,
705 1843 751 1874 seu
769 1843 950 1881 visitatores,
974 1842 1162 1874 sufficientem
1184 1841 1272 1873 Pote-

199 1883 299 1952 suisti?
321 1895 335 1914 a
355 1883 473 1922 praefato
495 1883 618 1913 Summo
640 1881 798 1920 Pontifice,
816 1882 851 1913 ad
868 1881 1012 1913 Praemiffa
1027 1881 1170 1920 facienda,
1185 1891 1271 1919 penes

211 1933 227 1952 e
261 1934 273 1952 a
297 1932 358 1953 eant

238 1961 350 2000 Ipsique
366 1945 488 1991 {abbates
502 1960 546 1990 seu
561 1959 723 1990 visitatores
737 1959 827 1998 aliqua
837 1982 846 1998 ,
865 1968 930 1998 quae
942 1960 969 1989 in
983 1958 1188 1998 Praejudicium
1201 1958 1271 1990 No-

199 1999 245 2030 stri
268 2001 313 2031 vel
335 1999 466 2030 Corona:
489 1998 593 2029 nostrae
609 1999 710 2030 cedere
723 2008 875 2037 poterunt,
893 2008 953 2029 non
968 1998 1137 2039 praesumant
1151 2007 1271 2039 attemp-

201 2048 274 2070 tare·

237 2065 277 2109 Et'
296 2078 362 2109 ideo
384 2077 476 2107 Vobis
497 2077 530 2107 δε
551 2075 668 2107 cuilibet
688 2074 816 2106 vestrum
839 2075 998 2113 Injugimus
1015 2077 1049 2108 ὃ(
1071 2075 1246 2107 Mandamus
1262 2099 1272 2115 ,

198 2114 309 2190 ἵζ’-ε.)ιιτ
332 2121 360 2146 in
375 2115 506 2156 similibus
525 2115 557 2145 de
579 2116 747 2146 Proteffione
770 2118 876 2145 Literis
895 2126 953 2145 cum
965 2115 1017 2146 hac
1033 2114 1163 2155 Claufhla
1182 2115 1273 2153 (vide—

211 2164 259 2185 lte!

239 2194 382 2225 Volumus
403 2194 604 2225 nichilominus
627 2195 660 2226 &
683 2193 850 2226 Intentionis
872 2193 977 2225 nostrae
998 2193 1091 2224 existit
1113 2193 1194 2232 quod
1208 2217 1217 2231 ,
1252 2193 1272 2223 fi

199 2233 354 2272 Oppressio
377 2233 421 2263 vel
446 2233 550 2269 Injuria
572 2234 660 2271 aliqua
683 2234 776 2272 Ligeis
799 2233 897 2264 nostris
917 2243 963 2264 aut
989 2232 1161 2271 Dampnum
1176 2234 1270 2262 minus

196 2272 329 2311 Justurn,
348 2272 447 2302 colore
470 2272 673 2309 praesentium,
694 2283 741 2310 per
765 2273 836 2312 ipsos
858 2273 999 2309 Abbatee,
1019 2272 1064 2302 seu
1090 2270 1271 2309 Vilitatores,

198 2321 384 2350 quocumque
398 2311 497 2341 colore
513 2310 558 2341 fiat
574 2320 620 2341 aut
634 2311 766 2341 inferatur
776 2334 784 2349 ,
803 2312 883 2349 quod
898 2320 1002 2342 exmnc
1024 2309 1173 2348 praesentes
1192 2309 1271 2340 Lite-

198 2360 237 2380 rae
253 2349 359 2381 nostrat
372 2350 454 2380 omni
466 2351 515 2380 suo
530 2350 654 2380 Robore
670 2358 780 2380 careant
797 2351 830 2381 &
845 2349 964 2389 Vigore.

234 2388 267 2418 In
281 2390 376 2427 cuius,
395 2389 457 2419 δῖε.
474 2399 523 2428 per
537 2398 628 2418 unum
643 2389 760 2419 Annum
774 2389 926 2419 duraturas.

236 2427 327 2458 Teste
342 2427 424 2467 Rege
438 2428 512 2466 apud
528 2426 804 2468 lffistmonasterium,
823 2427 939 2458 decimo
953 2426 1030 2457 sexto
1045 2425 1092 2456 die
1109 2425 1190 2457 Maii.

197 2554 291 2596 Super
310 2549 420 2582 Reditu
441 2551 583 2582 Navium
599 2554 630 2582 in
648 2551 684 2582 V
681 2554 760 2597 iizgio
783 2552 980 2598 Portugaliae‚
1012 2551 1049 2584 de
1075 2552 1267 2586 Intendendo.

259 2634 337 2673 EX,
356 2634 497 2665 carissimo
515 2634 671 2665 Avunculo
686 2635 753 2673 suo,
769 2635 898 2673 Johanm'
921 2640 987 2675 Regi
1009 2636 1131 2678 Castellae
1153 2637 1191 2673 ὠ·
1212 2642 1271 2669 Le-

275 2678 359 2711 gionis
376 2673 454 2703 Duci
477 2672 664 2712 Lancastriae,
685 2673 818 2704 Salutem.

232 2713 334 2744 Sciatis
348 2712 429 2750 quud
443 2711 526 2749 Nos,

234 2751 452 2782 Conliderantes
476 2751 627 2780 maximam
647 2759 754 2788 partem
776 2749 897 2788 Navigii
919 2750 1013 2789 Regni
1034 2753 1123 2783 nostri
1139 2753 1268 2798 Angliae,

199 2800 252 2828 pro
266 2789 398 2826 Passagio
412 2788 508 2819 vestro
524 2789 613 2818 versus
628 2797 717 2828 partes
730 2788 879 2827 ispanniae,
898 2789 932 2818 ad
948 2791 1065 2827 przesens
1078 2792 1216 2830 ordinari,
1232 2804 1266 2824 ac

198 2829 372 2860 intolerabile
393 2827 455 2858 fore
475 2827 644 2865 Dampnum
669 2828 728 2857 tum
750 2827 848 2857 Nobis
870 2829 957 2865 quam
982 2830 1034 2858 toti
1050 2829 1154 2867 Regno
1170 2830 1268 2861 nostro

195 2868 336 2906 praedicto
352 2890 362 2906 ,
386 2867 404 2897 si
426 2866 539 2904 aliquod
561 2866 725 2896 Periculum
747 2866 792 2895 seu
812 2865 1013 2905 Praejudicium
1035 2867 1115 2898 dic‘lo
1137 2868 1266 2907 Navigio

196 2906 296 2937 nostro
310 2916 360 2944 per
376 2905 514 2936 Inimiccs
529 2904 653 2943 nostros,
671 2903 737 2942 post
752 2904 982 2943 Applicationcm
998 2906 1119 2937 vestram
1136 2908 1165 2936 in
1178 2907 1266 2938 Parti-

196 2946 249 2975 bus
266 2944 423 2982 praedietis,
441 2945 582 2979 evenerit,

231 2982 422 3020 Volentelque
437 2982 556 3020 proinde
571 2981 732 3019 hujusmodi
748 2981 887 3022 Dampno
901 2982 935 3013 &
951 2981 1180 3021 Periculo,Deo
1194 2983 1265 3014 dan-

193 3031 238 3060 te,
257 3031 432 3059 praecavere,
453 3021 487 3051 ὃ(
508 3031 559 3058 pro
581 3021 660 3050 bono
686 3021 839 3059 Regimine
856 3023 893 3052 ἃ
916 3020 992 3051 salvo
1012 3021 1119 3052 Reditu
1142 3022 1263 3062 Navigii

193 3060 285 3091 nostri
301 3059 431 3098 pne-dien
451 3060 481 3089 in
502 3060 554 3089 hac
576 3068 652 3097 parte
670 3059 838 3100 providere,
856 3069 888 3090 ac
913 3059 949 3089 de
973 3060 1072 3091 vestris
1091 3061 1263 3100 circumspe-

193 3100 311 3135 c'lione,
329 3098 479 3135 fidelitate,
496 3099 529 3129 δε
545 3096 680 3127 industria
694 3097 851 3135 pleniffime
866 3098 1058 3137 confidentes,

235 3138 342 3175 VobiS,
359 3136 393 3167 ad
406 3135 596 3166 ordinandum
612 3137 645 3167 δε
662 3136 872 3173 providendum
891 3146 944 3174 pro
959 3138 1041 3167 bono
1062 3136 1215 3177 Regimine
1228 3139 1262 3169 &

193 3176 353 3206 Salvatione
374 3175 496 3212 Navigii
515 3174 605 3216 nostri
626 3174 771 3212 praedi-fti,
801 3176 865 3212 post
889 3176 1118 3213 Applicationem
1139 3176 1262 3207 vestram

193 3215 362 3251 prteditstam
382 3216 411 3244 in
435 3214 557 3250 partibus
576 3212 738 3251 lupradie'ns
755 3237 765 3250 ‚
792 3223 877 3251 prout
893 3215 970 3252 juxra
990 3214 1189 3245 discretionem
1212 3225 1262 3247 ve-

194 3254 281 3284 stram
294 3253 382 3292 magis
397 3253 546 3290 expediens
563 3252 702 3282 videbitur
718 3253 750 3281 ἃ
766 3261 944 3289 oportunum
954 3276 963 3291 ,

230 3292 276 3322 Ad
292 3291 379 3322 finem
393 3292 472 3329 qu‘od
488 3290 649 3329 Navigium
672 3289 802 3320 nostrum
826 3291 1011 3329 praedffium,
1030 3291 1106 3321 salvo
1130 3293 1164 3323 δε
1183 3291 1262 3323 secu-

192 3332 242 3367 re,
263 3340 295 3361 ac
320 3330 370 3360 sub
392 3330 467 3359 salvo
483 3328 653 3367 Regimine,
675 3328 777 3365 absque
794 3328 933 3366 Dampno
954 3330 999 3361 seu
1017 3330 1196 3368 Perditione,
1221 3331 1262 3360 ei-

194 3370 262 3398 dem
278 3379 325 3406 per
340 3368 472 3398 inimicos
485 3369 598 3397 nostros
611 3367 779 3405 inferendis,
797 3369 826 3397 in
850 3367 987 3406 Regnum
1009 3368 1155 3406 nostrum,
1173 3369 1261 3409 grati-2

192 3407 304 3438 favente
319 3406 414 3437 divina
423 3431 432 3444 ,
452 3406 579 3443 Redeat,

231 3446 440 3476 Auctoritatem
456 3448 488 3476 ὗε
504 3444 677 3474 Potestatem
691 3442 913 3474 Comminimus
927 3444 1073 3483 speciales,
1090 3444 1260 3476 Mandantes

193 3484 274 3521 quod
294 3483 437 3514 Praemilsa
460 3483 612 3514 efficaciter
636 3482 740 3513 faciatis
754 3484 788 3514 δε
803 3485 980 3521 exequamini
994 3485 1023 3514 in
1045 3484 1138 3514 forma
1160 3484 1259 3522 praedi-

194 3524 239 3553 &a
254 3535 264 3558 ⁴,

233 3560 344 3590 Damus
357 3569 452 3591 autem
468 3560 602 3591 universis
614 3561 647 3591 &
663 3559 778 3595 singulis
792 3559 928 3590 Dominis
938 3583 946 3598 ,
965 3560 1124 3599 Magistris,
1142 3560 1175 3591 &
1192 3559 1260 3590 Ma-

195 3599 300 3629 rinariis
320 3598 454 3629 Navium
474 3597 594 3638 Navigii
616 3599 761 3636 praedisti,
780 3608 813 3628 ac
835 3599 893 3629 aliis
904 3598 1046 3629 Fidelibus
1060 3598 1180 3636 nostris,
1198 3598 1261 3629 Te-

196 3647 266 3667 nore
281 3637 480 3675 Praelentium,
499 3637 617 3667 firmiter
629 3639 658 3666 in
674 3636 833 3674 Mandatis,
852 3636 932 3675 quod
944 3638 1044 3676 vobis,
1065 3639 1094 3668 in
1109 3638 1161 3668 hac
1175 3646 1262 3676 parte,

196 3675 328 3705 obediant
344 3678 377 3706 &
392 3676 554 3713 intendant,
572 3677 604 3706 &
621 3674 843 3705 Ordinationem
867 3675 988 3706 vestram
1011 3676 1193 3713 praedietam,
1209 3675 1259 3706 sub

196 3713 372 3744 incumbenti
385 3713 536 3751 Periculo,
554 3724 586 3744 ac
603 3714 652 3743 sub
668 3713 759 3743 Poena
771 3714 904 3743 omnium
919 3724 983 3752 quae
997 3716 1079 3745 nobis
1099 3713 1259 3745 forisfacere

197 3759 347 3788 poterunt,
361 3761 474 3782 teneant
488 3754 520 3783 δε
537 3751 713 3789 custodiant,
732 3751 822 3782 modo
838 3753 871 3784 ὃς
895 3752 1008 3791 forma,
1026 3753 1128 3792 quibus
1149 3753 1187 3783 eis
1208 3761 1258 3790 per

198 3797 250 3818 vos
264 3798 298 3819 ex
309 3798 386 3825 parte
400 3790 496 3821 nostra
511 3791 683 3828 injungetur.

235 3824 269 3855 In
284 3827 374 3864 cujus,
393 3829 453 3859 δερ.

271 3862 360 3894 Teste
375 3865 458 3904 Rege
471 3865 544 3904 apud
559 3864 828 3906 Wstmonasterium,
846 3868 941 3904 primo
955 3867 1001 3898 die
1011 3867 1101 3907 Junii.

912 3945 964 3972 Per
980 3942 1130 3975 concilium.

666 128 1482 181 CONVENTIONES,
1540 125 1929 185 L1'TERAE‚

2400 212 2476 245 Ann.
2490 215 2529 248 D.

2419 261 2437 298 ⁶1
2444 254 2510 294 386.

1578 304 1674 349 Super
1690 302 1768 337 disto
1785 304 1923 355 Navigio
1941 302 2117 343 reducendo.
2394 294 2447 320 ¹³¹⁶·
2466 303 2494 325 ²·

1316 385 1436 444 REX
1450 411 1460 426 ,
1485 387 1594 419 dilectis
1616 387 1666 419 fibi
1679 410 1690 424 ,
1713 387 1849 418 aichardo
1868 385 2017 426 H'embrigg
2031 410 2042 426 ,
2066 387 2204 421 Servienti
2222 387 2323 421 nostro
2343 387 2378 419 ad
2395 379 2448 405 An·
2462 388 2492 414 ⁹·

1393 429 1503 470 Arma,
1520 427 1554 457 δε
1565 425 1701 465 stephano
1714 428 1888 467 Derneford,
1906 426 2039 458 Salutem.
2393 418 2470 460 ¹³1²·

1352 463 1450 495 Sciatis
1465 464 1546 502 quod
1561 464 1651 504 Nos,
2176 498 2179 500 ,
2244 499 2246 502 ,
2395 454 2501 484 mmm·

1352 501 1569 534 Considerantes
1583 505 1736 535 maximam
1748 512 1856 542 partem
1870 504 1991 544 Navigii
2002 502 2092 534 nostri
2106 503 2236 543 Angliae,
2251 515 2304 544 pro
2313 505 2380 536 Pas-

1314 538 1406 579 sagio,
1425 541 1559 573 cariffimi
1575 541 1720 573 Avunculi
1731 543 1838 582 nostri,
1855 543 1997 582 Johannis
2016 546 2094 580 Regis
2116 546 2156 573 ca
2180 541 2238 572 ellae
2258 543 2296 579 ό·
2320 548 2378 576 Le-

1312 582 1399 616 gionis
1421 579 1514 610 Ducis
1538 580 1710 611 Lancastriae
1744 582 1836 612 versus
1856 591 1946 620 partes
1964 581 2115 621 Ispanniae‚
2172 592 2193 611 c.
2203 581 2288 621 fiaepra
2300 586 2378 626 usque

1314 617 1353 647 ibi
1363 640 1373 655 ,
1388 617 1556 656 providere,
1574 616 1613 653 ὠ·
1626 626 1690 648 tunc
1713 630 1752 658 tc,
2353 644 2355 648 .

1352 657 1398 687 Ac
1413 656 1449 687 de
1460 657 1633 688 avisamento
1648 659 1682 689 δε
1696 657 1864 688 discretione
1875 658 1974 689 vestris
1989 659 2074 697 plene
2087 659 2281 698 confidentes,

1352 694 1557 726 Ordinavimus
1577 697 1611 727 ὃς
1631 695 1827 734 affignavimus
1850 706 1917 734 VOS,
1935 698 2133 738 conjundtim,
2148 699 2181 729 ὃς
2196 699 2328 738 divifim,
2345 701 2379 732 ad

1312 732 1424 764 diuum
1446 734 1607 773 Navigium
1630 735 1778 772 nostrum,
1805 734 1869 772 post
1892 736 2121 773 Applicationem
2138 738 2208 769 disti
2230 737 2379 770 Avunculi

1312 772 1402 803 nostri
1418 774 1446 802 in
1463 773 1590 803 Partibus
1605 773 1760 811 praediffis,
1774 773 1883 803 inlimul
1897 774 2073 805 Tenendum
2088 776 2121 806 ὃς
2137 775 2380 816 Gubernandum,

1313 812 1345 841 &
1361 812 1393 841 ad
1409 811 1486 841 idem
1500 812 1661 850 Navigium
1674 814 1704 842 in
1718 812 1853 851 Regnum
1870 812 2000 851 nostrum
2015 813 2184 851 praediCtum
2198 815 2275 846 salvo
2288 817 2322 847 &
2337 817 2380 847 se*

1312 852 1381 881 cure
1398 849 1629 888 Reducendum,
1649 860 1733 889 prout
1745 861 1794 889 per
1813 851 1981 888 praediftum
1998 852 2016 871 *²
2039 851 2228 882 Avunculum
2246 854 2375 886 nostrum
2401 862 2416 878 ⁴
2438 862 2506 890 VII.

1312 890 1394 919 vobis
1409 890 1516 926 plenius
1531 891 1690 928 injungetur
1703 899 1737 920 ex
1752 899 1829 927 parte
1844 889 1955 927 nostrii,
1974 900 2008 921 ac
2020 891 2105 921 etiam
2121 891 2203 920 vobis
2218 901 2271 929 pro
2293 893 2380 926 salva·
2396 909 2467 937 525·

1311 928 1390 958 tione
1402 927 1520 967 Navigii
1536 927 1626 958 nostri
1639 928 1769 966 praediffi
1783 928 1881 958 melius
1897 929 2038 960 videbitur
2053 928 2199 968 expedire,

1351 965 1388 996 Et
1403 966 1437 996 ad
1454 976 1556 997 omnes
1577 966 1638 996 illos
1651 990 1661 1004 ,
1680 976 1752 1004 quos
1771 967 1799 996 in
1815 967 1874 1002 hac,
1885 976 1960 1005 parte
1976 967 2143 998 Contrarios
2158 968 2318 1000 inveneritis
2330 971 2378 1003 seu

1313 1003 1462 1043 Rebelles‚
1483 1004 1672 1036 Arestandum
1687 1007 1720 1037 &
1734 1004 1915 1043 Capiendum
1925 1029 1935 1044 ,
1953 1006 1987 1038 &
2000 1006 2123 1037 Prisonis
2138 1008 2378 1048 mancipandum,

1313 1043 1342 1072 in
1357 1043 1459 1074 eisdem
1481 1052 1638 1074 moraturos
1653 1044 1798 1083 quousque
1811 1054 1866 1083 pro
1878 1054 1980 1076 eorum
1995 1044 2151 1076 Punitione
2172 1046 2252 1077 aliter
2265 1047 2379 1078 duxeri—

1314 1092 1378 1112 mus
1392 1082 1583 1113 ordinandum
1595 1093 1600 1112 :

1351 1119 1389 1151 Et
1403 1121 1469 1152 ideo
1485 1121 1567 1151 vobis
1583 1120 1756 1152 Mandamus
1770 1120 1851 1159 quod
1866 1121 1943 1152 circa
1959 1121 2107 1153 Praemissa
2124 1122 2271 1164 diligenter
2283 1125 2378 1156 inten-

1311 1158 1397 1197 datis,
1415 1160 1449 1191 ὃ(
1463 1169 1494 1189 ea
1507 1159 1610 1190 faciatis
1624 1161 1657 1191 ὅ(
1669 1161 1849 1198 exequamini
1864 1161 1893 1190 in
1906 1161 2000 1190 forrna
2014 1161 2163 1200 praediEta3

1352 1197 1463 1228 Damus
1475 1207 1572 1228 autem
1588 1198 1722 1229 universis
1737 1200 1770 1230 &
1787 1199 1898 1236 singulis
1913 1198 2068 1237 Dominis,
2088 1199 2249 1240 Magistris,
2266 1202 2299 1231 &
2310 1202 2378 1232 Ma*-

1313 1237 1417 1267 rinariis
1438 1236 1573 1267 Navium
1595 1236 1714 1276 Navigii
1734 1236 1860 1275 praedic'ti
1874 1261 1883 1275 ,
1909 1238 2028 1269 Tenore
2042 1238 2246 1276 Praesentium,
2263 1239 2380 1272 firmiter

1314 1276 1344 1305 in
1365 1275 1507 1306 Mandatis
1529 1275 1611 1314 quod
1633 1277 1715 1306 vobis
1729 1299 1738 1314 ,
1757 1276 1790 1307 ὅ(
1803 1276 1879 1307 alteri
1894 1275 2044 1315 vestrum,
2061 1279 2090 1307 in
2105 1277 2284 1309 Executione
2300 1278 2378 1310 Prae-

1314 1313 1481 1352 missorum,
1499 1314 1549 1344 sub
1573 1315 1752 1345 incumbenti
1773 1313 1923 1353 Periculo‚
1941 1315 2123 1347 Intendentes
2138 1316 2209 1354 sint,
2228 1315 2378 1348 Obedien-

1314 1361 1355 1383 tes
1370 1375 1379 1390 ‚
1398 1351 1602 1391 Consulentes,
1622 1354 1656 1384 &
1674 1353 1846 1383 Auxiliantes
1870 1355 2002 1392 quotiens
2021 1355 2054 1386 ὅ(
2077 1364 2163 1393 prout
2184 1365 2233 1394 per
2247 1366 2315 1395 vos,
2332 1356 2380 1388 seu

1312 1392 1431 1460 altfrum
1441 1390 1593 1461 ·vestrg¹cm'
1611 1391 1690 1431 super
1704 1392 1763 1423 hoc
1771 1415 1781 1431 ,
1802 1391 1906 1424 fuerint
1928 1393 2050 1433 requisiti
2064 1403 2098 1425 ex
2111 1403 2188 1433 parte
2199 1394 2304 1426 nostra.

1366 1440 1384 1460 n
1400 1439 1496 1468 cujus,
1550 1440 1576 1461 c.

1390 1467 1481 1500 Teste
1495 1477 1526 1500 ut
1540 1468 1624 1507 supra.

2054 1512 2108 1543 Per
2123 1511 2278 1543 Concilium.

1603 1636 1663 1667 Pro
1679 1630 1939 1679 Amhaffiaetoribus
1957 1635 2080 1667 Pruciae.

1314 1717 1402 1777 RE
1413 1717 1461 1756 X,
1480 1727 1530 1762 per
1554 1717 1662 1749 Literas
1683 1717 1742 1748 suas
1765 1715 1897 1747 Patent&
1908 1740 1919 1756 ,
1937 1727 1986 1756 per
2001 1718 2077 1750 Tres
2093 1718 2207 1751 Menses
2218 1719 2379 1760 duraturas,
2401 1719 2478 1751 Ann.
2494 1720 2537 1755 D.

1386 1757 1506 1795 susceplt
1524 1757 1554 1787 in
1577 1756 1794 1788 protectionem
1809 1756 1843 1787 &
1857 1755 2064 1788 Defenfionem
2076 1767 2109 1789 ac
2122 1758 2226 1790 salvam
2239 1759 2378 1791 Gardiam
2426 1759 2512 1799 1386.

1313 1794 1405 1834 Regis
1420 1795 1566 1835 speciales,
1584 1805 1701 1826 necnon
1715 1795 1744 1825 in
1758 1794 1868 1825 salvum
1881 1793 2072 1826 ConduCtum
2087 1797 2168 1828 suum
2183 1820 2194 1837 ,
2207 1799 2379 1838 Radulphum
2403 1803 2457 1827 An.
2471 1808 2502 1835 9.

1313 1838 1441 1865 Comitem
1456 1835 1489 1864 de
1511 1837 1540 1865 Κ
1558 1833 1663 1872 borglo,
1686 1834 1720 1865 &
1742 1833 1897 1863 Ger-ardum
1916 1834 1949 1864 de
1972 1830 2120 1874 Wssbemk,
2142 1835 2250 1868 Fratres
2263 1837 2380 1869 Ordinis
2403 1843 2434 1867 R.
2452 1847 2478 1865 2.

1312 1874 1402 1904 beatae
1416 1872 1519 1904 Mariae
1568 1872 1811 1904 heotonichorum
1821 1894 1830 1910 ‚
1847 1881 1881 1903 ac
1897 1874 2043 1903 Henricum
2058 1872 2168 1913 Hetfelt
2181 1874 2288 1906 Civem
2295 1877 2380 1907 Tho-
2402 1881 2490 1905 Franc.
2508 1885 2538 1912 9.

1311 1912 1461 1943 ronensem
1478 1934 1488 1950 ,
1501 1911 1718 1943 rAmbaffatores
1739 1910 1795 1941 five
1808 1909 1945 1942 Nuncios
1958 1911 2090 1952 Magistri
2109 1912 2250 1944 Generalis
2265 1915 2296 1945 de
2310 1913 2381 1944 Pru-
2403 1920 2433 1944 R.
2453 1925 2480 1943 2.
2499 1924 2539 1944 m.

1312 1954 1370 1989 cia,
1389 1952 1440 1990 qui
1462 1960 1551 1988 nuper
1572 1950 1644 1981 infr-a
1665 1949 1803 1988 Regnum
1823 1948 1903 1980 suum
1920 1950 2048 1990 Angliae,
2067 1961 2120 1990 pro
2133 1952 2299 1990 quibusdam
2314 1953 2382 1984 Ne·
2401 1964 2430 1991 4.

1311 1990 1394 2059 {otiis
1409 2014 1420 2028 ,
1448 1989 1539 2027 ipsum
1571 1988 1746 2028 Magistrum
1765 1997 1811 2020 tan
1831 1990 1942 2019 entibus
1953 2011 1964 2027 ,
1991 1999 2156 2029 venerunt,
2181 2000 2215 2022 ac
2237 1991 2382 2030 quandam

1350 2038 1432 2059 avem
1447 2029 1540 2066 suam,
1559 2037 1630 2058 cum
1645 2027 1731 2058 Bonis
1744 2027 1777 2058 &
1825 2027 1935 2058 ernesiis
1949 2028 2001 2058 suis
2014 2030 2043 2059 in
2059 2029 2159 2060 eadem
2181 2029 2384 2070 existentibus,

1312 2077 1429 2098 necnon
1454 2066 1587 2097 Famulos
1610 2067 1644 2098 ὃ(
1666 2066 1826 2097 servientes
1843 2065 1906 2097 suos
1927 2067 1956 2096 in
1970 2066 2119 2099 Comitiva
2132 2069 2196 2107 sua,
2214 2069 2298 2108 usque
2311 2069 2382 2101 Nu-

1312 2116 1424 2138 merum
1446 2105 1628 2145 Septuaginta
1649 2106 1682 2136 &
1696 2106 1824 2143 quinque
1837 2103 2042 2144 Personarum,
2060 2107 2230 2139 transeundo
2246 2117 2322 2139 exrra
2338 2108 2382 2138 di·-

1313 2146 1394 2176 &um
1417 2144 1554 2183 Regnum
1578 2143 1665 2183 Regis
1686 2143 1776 2175 versus
1792 2151 1882 2182 partes
1896 2144 1954 2175 suas
1969 2145 2113 2185 proprias,
2130 2155 2180 2184 per
2196 2145 2376 2179 Dominiutn

1313 2185 1346 2216 ὃς
1362 2183 1536 2214 potestatem
1553 2182 1652 2220 Regis.

1349 2221 1440 2253 Teste
1453 2221 1535 2262 Rege
1549 2220 1623 2261 apud
1638 2218 1911 2262 Wstmonasterium,
1928 2219 2004 2254 sexto
2016 2222 2064 2254 die
2075 2222 2164 2262 Junii.

2055 2302 2110 2330 Per
2123 2300 2277 2332 Concilium.

1397 2431 1690 2477 Confoederationnm
1706 2429 1824 2477 Angliae
1841 2433 1931 2477 Regis
1945 2427 2070 2474 Castellae
2090 2430 2296 2476 Confirmatio,

1346 2516 1492 2556 Ohannes,
1511 2517 1570 2547 Dei
1593 2516 1683 2554 gratia
1695 2539 1705 2554 ,
1729 2518 1790 2545 Rex
1808 2520 1847 2546 Ca
1871 2512 1931 2546 ellae
1944 2514 1983 2551 ό,
1996 2517 2122 2554 Legionis
2156 2514 2273 2555 Toleti,
2291 2514 2379 2547 Gale-
2402 2522 2530 2555 AnnD,

1305 2520 1335 2590 J
1355 2557 1402 2586 tiae
1416 2579 1426 2594 ,
1443 2556 1550 2586 Sibillae
1565 2579 1575 2594 ,
1600 2554 1761 2586 Cordubiae
1776 2577 1786 2592 ,
1848 2555 1950 2593 urciae,
1967 2554 2101 2592 Giennii,
2150 2553 2264 2592 lgarbii,
2278 2555 2312 2587 &
2325 2554 2378 2586 Al-
2419 2563 2505 2602 1386.

1309 2595 1430 2633 gazirae,
1451 2594 1522 2625 Dux
1544 2593 1732 2631 Lancastriae,
1752 2594 1786 2624 ὃ(
1807 2591 1954 2623 Dominus
1974 2591 2098 2623 Molinae
2113 2615 2123 2630 ,
2143 2591 2289 2623 Omnibus
2303 2618 2313 2632 ,
2339 2593 2374 2624 ad
2397 2605 2450 2629 An.
2466 2612 2495 2637 9,

1309 2643 1382 2671 quos
1397 2634 1545 2671 praesentes
1559 2633 1675 2663 Litterae
1690 2632 1887 2669 pervenerint,
1907 2631 2041 2661 Salutem.
2397 2644 2426 2668 R,
2455 2650 2482 2669 2·

1346 2672 1391 2702 IN
1403 2682 1414 2702 s
1424 2681 1443 2702 Ρ
1452 2681 1470 2703 e
1480 2681 1517 2702 xl
1527 2680 1584 2702 Μυ
1595 2680 1607 2701 s
1633 2669 1804 2701 Tractatum
1827 2669 1906 2700 Pacis
1921 2694 1930 2708 ,
1956 2667 2134 2700 Concordiae
2148 2693 2157 2705 ,
2181 2669 2216 2700 ὃς
2230 2677 2375 2708 perpetuae
2397 2682 2437 2706 Ex
2450 2681 2510 2707 Au-

1308 2709 1472 2749 Amicitiae,
1491 2711 1578 2748 inter,
1597 2709 1773 2740 carissimum
1788 2707 1953 2738 Dominum
1968 2707 2116 2746 nostrum,
2135 2706 2312 2739 Dominium
2326 2711 2376 2739 Ri-
2397 2725 2463 2754 togr.

1309 2749 1440 2779 chardum
1454 2773 1464 2788 ,
1487 2749 1547 2780 Dei
1568 2747 1656 2786 gratiai
1670 2771 1680 2786 ,
1703 2750 1799 2784 Regem
1818 2746 1933 2784 Angliae
1953 2745 1992 2782 ῤ’
2005 2749 2145 2784 Franciae,
2163 2747 2196 2778 &
2212 2746 2378 2778 Dominum

1308 2788 1458 2818 Hiberniae
1494 2798 1548 2825 pro
1562 2787 1617 2824 Se,
1638 2786 1826 2823 HaeredibuS,
1844 2785 1871 2815 R
1891 2795 1967 2824 σηο,
1984 2785 2099 2824 Terris,
2119 2785 2280 2823 Dominiis,
2304 2785 2376 2817 Vas-

1309 2826 1393 2864 sallis,
1411 2827 1444 2857 &
1458 2812 1582 2857 Subditis
1596 2826 1663 2864 suis,
1681 2833 1785 2869 exuuna
1795 2847 1805 2863 ,
1822 2824 1855 2855 &
1871 2796 1908 2854 ᾗ
1908 2835 1956 2863 os,
1974 2834 2027 2863 pro
2043 2823 2143 2869 Nobis
2159 2848 2169 2862 ,
2185 2823 2375 2869 Haeredibus,

1307 2864 1435 2902 Regno,
1452 2865 1550 2896 Terris
1564 2887 1574 2903 ,
1602 2864 1761 2900 Dominus,
1781 2863 1905 2893 Vaffallis
1918 2887 1927 2901 ,
1953 2864 1987 2895 &
2000 2862 2126 2894 Subditis
2139 2862 2242 2893 nostris
2257 2864 2375 2900 quibus-

1307 2913 1434 2942 cumque
1454 2913 1488 2934 ex
1509 2912 1587 2942 parte
1605 2902 1690 2934 altera
1704 2926 1714 2941 ,
1731 2900 1823 2933 modo
1839 2904 1872 2934 &
1887 2902 2000 2940 forma,
2019 2909 2104 2939 prout
2115 2901 2229 2931 inferius
2243 2901 2376 2932 contine-

1307 2950 1369 2980 tur,

1383 3017 1513 3049 Niversis
1540 3017 1647 3049 Christi
1679 3017 1822 3048 Fidelibus
1836 3040 1846 3054 ‚
1871 3016 2019 3053 praesentes
2040 3015 2158 3046 Litteras
2180 3013 2346 3053 inspeeturis
2359 3038 2370 3054 ‚

1400 3057 1481 3095 Nos,
1498 3055 1643 3095 Johannes
1655 3057 1687 3086 de
1695 3059 1834 3085 Marmion
1849 3053 1952 3091 Miles,
1968 3056 2001 3086 &
2015 3053 2179 3085 Willielmus
2193 3054 2224 3083 de
2232 3052 2368 3087 Aslheton

1305 3094 1419 3134 Legum
1433 3095 1570 3133 Doctor,
1583 3093 1755 3126 Sereniffimi
1769 3093 1908 3130 Principis
1922 3093 1955 3123 &
1969 3093 2108 3130 Domini,
2117 3092 2239 3122 Domini
2253 3091 2367 3130 Johan-

1304 3137 1364 3169 nis,
1384 3133 1441 3163 Dei
1461 3134 1550 3171 gratis
1562 3155 1572 3171 ‚
1596 3136 1674 3169 Regis
1695 3130 1816 3171 Castellae
1840 3129 1878 3165 &
1899 3133 2040 3170 Legionis,
2058 3130 2184 3161 Domini
2198 3130 2289 3160 nostri
2301 3130 2368 3161 Illu-

1304 3171 1426 3201 strillimi
1442 3195 1452 3208 ,
1476 3171 1677 3201 Procuratores
1697 3171 1730 3200 ὃς
1751 3168 1945 3199 Commiffarii
1961 3193 1971 3209 ,
1987 3170 2022 3202 ad
2035 3169 2206 3208 infrascripta
2217 3169 2369 3207 specialiter

1302 3209 1443 3247 deputati,
1462 3209 1587 3240 Salutem
1603 3210 1631 3239 in
1644 3209 1776 3239 omnium
1792 3208 1944 3238 Salvatore.

1340 3247 1422 3278 Cum
1435 3270 1445 3285 ,
1471 3249 1544 3278 inter
1563 3247 1694 3287 gloriosas
1714 3246 1894 3284 Reipublicae
1908 3271 1918 3285 ‚
1936 3245 1996 3282 &c.
2008 3253 2092 3285 prout
2100 3245 2187 3286 ficpra
2201 3246 2233 3276 de
2246 3249 2310 3276 Dat
2321 3245 2369 3277 28.

1302 3288 1378 3324 Apr.
1395 3285 1475 3326 usque
1490 3286 1546 3316 haec
1559 3286 1668 3323 verba3
1689 3289 1753 3316 viz.

1338 3362 1408 3393 Nos
1429 3371 1524 3393 autem
1541 3363 1691 3394 Tranatus
1704 3386 1714 3401 ‚
1729 3361 2017 3400 Confoederationes‚
2035 3361 2224 3400 Conventus,
2243 3361 2370 3402 Alligan-

1301 3404 1350 3434 tias
1366 3426 1375 3439 ,
1392 3402 1540 3432 Amicitias
1554 3425 1563 3440 ,
1582 3401 1732 3432 pactiones
1744 3424 1754 3439 ‚
1779 3400 1968 3432 Conditiones
1985 3423 1995 3438 ,
2013 3399 2234 3438 Promiffiones,
2250 3401 2371 3431 Foedera

1301 3450 1494 3479 quaecumque
1507 3442 1541 3471 ὃ(
1557 3440 1708 3478 Ligamina
1723 3439 1894 3478 supradieta,
1913 3440 2032 3470 nomine
2045 3438 2146 3470 nostro
2161 3448 2194 3470 ac
2209 3438 2369 3469 Haeredum

1302 3479 1466 3510 nostrorum
1486 3479 1690 3517 praedictorum
1705 3500 1716 3516 ,
1738 3488 1787 3516 per
1814 3476 1987 3515 supradictos
2008 3477 2212 3508 Procuratores
2233 3477 2346 3507 nostros
2359 3501 2370 3514 ,

1302 3528 1370 3548 cum
1385 3520 1546 3548 memoratis
1559 3517 1793 3548 Procuratoribus
1805 3515 1914 3554 praefati
1933 3514 2025 3553 Regis
2048 3515 2096 3546 An
2117 3516 2161 3546 liae
2174 3515 2207 3546 &
2223 3516 2369 3552 Franciae‚

1300 3556 1452 3594 TraCtara,
1470 3556 1625 3594 Ordinata,
1642 3554 1815 3593 Conventa,
1833 3554 1905 3586 Inita
1919 3578 1929 3592 ,
1954 3554 2000 3585 seu
2013 3554 2078 3585 alias
2123 3554 2230 3592 ispofita
2246 3554 2276 3584 in
2291 3553 2369 3584 Prae-

1302 3594 1406 3632 missis,
1423 3592 1486 3625 Ore
1506 3595 1583 3634 regio
1605 3594 1807 3632 Approbamus
1822 3615 1832 3631 ‚
1853 3593 2016 3624 Laudamus
2028 3617 2038 3631 ,
2057 3602 2172 3623 necnon
2188 3591 2368 3630 praesentibus

1303 3632 1518 3664 Confirmamus
1533 3656 1543 3671 ,
1566 3633 1600 3663 &
1624 3634 1708 3663 etiarn
1730 3630 1933 3662 Promittirnus'
1945 3653 1955 3669 ,
1979 3641 2032 3668 pro
2042 3630 2143 3662 Nobis
2155 3631 2189 3662 &
2200 3629 2371 3660 Haeredibus

1301 3672 1404 3702 nostris
1417 3672 1574 3709 praedietis,
1592 3669 1737 3701 Praemiffa
1750 3672 1849 3700 omnia
1861 3671 1895 3701 &
1909 3669 2017 3706 fingula
2029 3679 2082 3707 pro
2095 3677 2233 3706 perpetuo
2247 3672 2343 3698 tenere
2354 3692 2364 3706 ,

1301 3711 1335 3741 &
1355 3711 1373 3729 '¹‘
1394 3720 1454 3741 non
1472 3709 1665 3740 contrafacere
1685 3708 1732 3740 vel
1754 3710 1851 3739 venire
1869 3718 1919 3748 per
1938 3708 2007 3738 Nos
2019 3730 2029 3746 ,
2046 3707 2091 3738 vel
2104 3707 2207 3743 alium,
2222 3706 2269 3749 seu
2281 3706 2365 3745 alios;
2383 3711 2403 3731 ὲ
2424 3713 2490 3740 vn,

1302 3749 1341 3779 set
1360 3758 1391 3779 ea
1411 3749 1527 3778 firmiter
1548 3749 1581 3780 ὃ(
1596 3747 1678 3778 illaesa
1694 3746 1778 3785 (sicut
1791 3748 1820 3776 in
1836 3747 1949 3777 Litteris
1965 3746 2110 3777 diciorum
2124 3744 2306 3784 Ligannuum
2319 3746 2366 3777 seu
2382 3751 2451 3787 526.

1302 3786 1475 3817 Pactionum
1491 3788 1630 3817 contineri
1644 3785 1782 3822 noscitur)
1797 3785 1995 3816 inviolabiliter
2009 3783 2164 3814 observare.

1339 3823 1373 3855 In
1388 3826 1467 3864 cujus
1482 3826 1524 3856 rei
1536 3824 1752 3855 Testimonium
1764 3823 1812 3853 has
1829 3823 1947 3854 Litteras
1960 3822 2020 3852 fieri
2034 3821 2155 3863 fecimus
2168 3819 2305 3854 Parentes.

1376 3862 1443 3895 Dat.
1462 3865 1494 3895 in
1507 3865 1637 3895 Prioratu
1650 3862 1682 3894 de
1696 3861 1837 3901 Plympton
1850 3862 1990 3896 vicesimo
2003 3859 2049 3890 die
2058 3857 2078 3897 J
2080 3859 2146 3890 unii.
