2561 4251
55 232 133 266 Arm.
152 233 190 264 D.
214 236 248 266 &
263 231 399 274 quidquid
414 230 446 261 ad
462 228 530 261 Nos
543 225 636 260 versus
648 225 749 270 ipsum·

54 281 165 342 m1c3927
213 284 243 304 re
259 274 361 313 poterit
377 271 420 301 vel
433 269 546 299 deberet
560 266 709 297 occasione
722 263 751 294 di

56 623 169 652 tvm.

102 3671 216 3702 tvm.

220 164 296 202 ¹40

774 220 948 254 uovismodo
963 219 1085 258 pertinet
1096 225 1142 248 aut
1156 217 1281 255 pertine-

783 271 809 292 ae
828 258 1048 291 Commiffionis
1066 258 1099 288 ὅ(
1120 255 1274 286 Excercitii

212 312 351 350 ejusdem,
374 319 407 339 ac
433 304 689 345 Congregationis,
714 299 942 342 1nsurrefflonis,
960 295 1162 336 Equitationis,
1181 293 1274 336 Inter-

211 350 340 381 fectionis
357 348 389 378 &c
408 345 533 383 Arsurae,
549 353 597 382 per
610 341 722 381 Ipsum,
737 340 783 371 seu
797 347 846 378 per
859 337 927 367 alios
947 335 1139 375 quoscumque
1159 332 1196 363 de
1215 341 1274 370 ejus

210 389 366 420 Miffione,
387 383 546 421 Mandato,
563 376 968 415 Excitatione,Procuratione
981 373 1027 405 vel
1038 373 1274 416 Abbettamento,

209 429 239 458 iii
253 425 399 457 Comitiva
412 422 614 460 praediCtorum
629 418 721 449 Ducis
741 417 775 448 ὃ(
793 413 968 452 Comitum,
987 412 1033 442 vel
1051 421 1100 452 per
1120 409 1212 448 ipsum
1228 409 1274 439 so-

209 466 288 502 lum,
306 463 550 501 qualitercumque
562 460 590 489 in
607 458 659 488 hac
674 463 748 496 parte
760 454 899 497 simiarum
913 452 969 483 sive
982 457 1220 492 perpetratarum,
1237 448 1272 479 &

209 504 246 534 de
260 513 295 533 eo
309 501 388 540 quod
404 499 461 540 ipse
482 499 533 530 fuit
552 497 588 528 de
604 495 741 533 Assensu,
759 491 904 530 Consilio,
924 491 1050 527 Favore,
1066 488 1274 529 Abbettamen-

209 552 258 579 to,
276 537 481 578 Covina,Vi,
501 535 681 573 Retinentia,
699 533 743 564 seu
762 531 933 562 Adhaefione
951 528 1157 567 praedidiorum
1181 524 1274 571 Ducis

211 582 244 612 &
259 579 417 610 Comitum
428 600 437 616 ,
454 578 483 606 in
499 574 624 605 Materiis
645 571 785 611 praedictis
805 569 851 601 vel
874 578 975 599 eorum
994 565 1102 606 aliqua,
1121 565 1166 595 seu
1182 563 1274 606 aliqua

210 618 332 658 parcelli
349 626 395 648 aut
416 614 553 653 aliquibus
566 615 580 630 *⁶
595 610 790 652 dependentiis
809 607 991 642 earumdem,
1010 615 1049 650 ac.
1061 614 1115 645 pro
1134 601 1275 634 ommbus

208 659 265 689 aliis
278 655 492 687 Proditionibus
502 653 535 683 &
550 649 797 688 Mespriiionibus,
816 657 863 686 per
880 647 968 684 ipsum
982 643 1063 674 factis
1086 643 1120 674 &
1134 649 1274 683 perpetra·

210 699 242 729 tis
262 698 292 727 in
311 692 480 729 praemissis,
497 690 590 721 Unde
605 689 778 725 Indietatus,
795 686 958 723 Impetitus,
975 681 1131 719 Rec'tatuS,
1150 678 1275 725 Accusa-

207 744 270 774 tus,
289 735 333 765 vel
347 731 494 774 appellatus
507 728 615 767 existit,
634 728 679 759 vel
701 726 759 757 esse
779 725 882 767 poterit
901 731 1021 764 quoquo
1035 720 1128 752 modo
1149 728 1178 750 in
1199 718 1276 750 futu-

204 785 288 811 rum,

245 812 283 843 Et
303 810 431 849 insuper,
1079 837 1085 844 ,
1208 835 1213 841 ¹

246 850 295 881 De
315 849 437 880 uberiori
457 846 555 877 Gratia
575 842 671 876 nostra
688 841 833 881 volentes,
849 850 902 879 pro
918 839 1062 872 securitate
1076 837 1157 876 ipsius
1174 833 1277 866 Ricar-

208 888 256 928 di,
275 890 313 920 ne
325 888 400 928 ipse,
417 895 450 917 ex
463 883 631 922 Praemiffis‚
650 883 694 913 seu
707 891 742 911 ex
756 881 790 912 ali
812 881 891 911 uibus
904 879 961 909 aliis
974 877 1070 909 Causis
1104 886 1148 907 uae
1156 874 1182 906 se
1203 883 1277 905 uun-

209 937 273 966 tur,
293 928 391 959 futuris
401 925 594 964 temporibus,
608 921 780 961 Imperatur,
829 919 1019 956 ccasionetur,
1036 915 1081 948 vel
1133 915 1162 946 ol
1252 922 1279 951 r,

210 968 242 998 in
258 975 396 1005 quantum
411 963 555 1002 possumus
571 960 738 1000 providere,
855 996 861 1002 η
914 996 919 1001 .
1027 992 1038 1003 Α

249 1005 300 1036 De
314 1003 415 1035 Gratia
427 1000 522 1033 nostrii
537 1000 665 1039 speciali,
683 1007 717 1029 ex
731 996 810 1029 certa
824 994 939 1028 scientia
946 994 1055 1033 nostra,
1073 1003 1108 1024 ac
1122 1002 1203 1024 mero
1211 1000 1277 1022 mo-

211 1052 244 1076 tu
257 1044 291 1076 &
302 1042 390 1075 libera
403 1041 546 1072 voluntate
558 1038 658 1070 nostris
678 1036 835 1076 praedictis,
854 1035 885 1066 R
894 1042 948 1066 EM
958 1043 969 1064 1
980 1042 992 1064 s
1002 1042 1013 1064 1
1023 1040 1079 1064 Mu
1090 1041 1103 1063 s
1121 1032 1155 1063 &
1173 1030 1198 1062 P
1207 1040 1226 1061 A
1236 1038 1277 1060 R-

211 1091 348 1114 noNAv
359 1089 437 1111 IMU
451 1090 477 1117 s,
496 1089 529 1110 ac
544 1079 685 1115 omnino,
704 1076 822 1107 Tenore
843 1073 1041 1110 Praesentium,
1061 1071 1277 1112 REM1TTJ-

212 1129 271 1153 Mo
281 1130 293 1152 s
314 1121 347 1152 &
368 1120 391 1150 P
401 1127 453 1150 AR
463 1127 512 1149 Do
523 1126 545 1148 N
555 1128 576 1148 A
586 1124 644 1147 Mu
654 1125 684 1154 s,
706 1123 758 1154 pro
776 1113 892 1150 Nobis,
911 1112 944 1143 &
965 1109 1140 1142 Haeredibus
1159 1106 1278 1146 nostris,

211 1160 330 1200 praefato
342 1157 490 1190 Richardo
507 1157 623 1188 Sectam
637 1153 717 1185 Pacis
731 1152 854 1191 nostrae,
873 1152 906 1182 ἃ
922 1149 1059 1219 quicquid
1073 1149 1107 1180 ad
1122 1147 1191 1179 Nos
1203 1156 1278 1190 quo-

212 1209 273 1238 quo
289 1199 378 1228 modo
391 1197 528 1235 pertinet,
546 1203 592 1226 aut
625 1194 744 1224 ertinere
765 1191 871 1232 poterit
891 1199 928 1221 ve
957 1189 1092 1227 deberet,
1110 1197 1164 1226 pro
1183 1195 1279 1216 omni-

211 1236 305 1269 rnodis
319 1235 544 1272 Proditionibus,
560 1234 596 1265 Se
618 1232 768 1269 itionibus,
787 1231 820 1261 ὃ(
837 1228 1101 1265 Insurret‘lionibus,
1119 1224 1278 1268 peripsum,

211 1276 293 1307 simul
308 1285 375 1306 cum
392 1274 565 1305 comunibus
585 1272 629 1303 vel
647 1271 702 1301 aliis
721 1268 963 1309 quibuscumque,
981 1276 1081 1297 contra
1101 1264 1278 1308 Ligeantiam

210 1315 306 1351 suam,
333 1314 573 1352 qualitercumque
602 1309 705 1347 factis,
730 1310 764 1340 ad
785 1309 869 1339 etiarn
893 1305 1096 1341 Adhaerentiis‚
1118 1304 1278 1347 Amicitiis,

212 1353 360 1391 Consiliis,
379 1352 549 1390 Favoribus,
569 1351 603 1382 δε
625 1348 744 1380 Auxiliis
760 1346 840 1379 saitis
862 1346 918 1378 sive
934 1344 1059 1384 praestitis
1074 1342 1203 1374 inimicis
1222 1350 1276 1372 no-

214 1392 275 1423 stris
291 1391 525 1430 quibuscumque.
1238 1419 1243 1424 Α

253 1431 299 1461 Ac
312 1431 396 1461 etiam
414 1439 466 1467 pro
484 1426 660 1459 omnimodis
676 1424 816 1462 Feloniis,
835 1421 977 1461 Murdris,
1002 1420 1142 1459 Raptibus
1167 1418 1276 1450 Mulie-

214 1480 296 1507 rum,
322 1469 381 1499 Rol
395 1468 471 1506 eriis,
497 1465 781 1504 Depraedationibus,
806 1463 992 1499 Latrociniis,
1016 1459 1206 1498 Homicidiis,
1233 1457 1279 1488 In-

212 1508 335 1578 genffls,
350 1507 447 1577 ἔέῗὶὶίε
459 1504 753 1546 Transgressionibus,
772 1503 830 1533 tarn
842 1501 879 1532 de
894 1499 1025 1538 Foresta,
1043 1500 1129 1538 quam
1144 1498 1199 1529 alio
1214 1506 1280 1527 mo-

234 1557 254 1578 o
308 1548 349 1576 ale
407 1547 428 1576 is

253 1585 384 1617 Necnon
408 1569 640 1622 R'eceptamentis
656 1580 861 1618 Proditorurn,
886 1577 1048 1616 Felonum,
1071 1574 1279 1617 Bannitorum,

214 1624 402 1657 Inimicorum
418 1622 580 1653 nostrorum
599 1628 864 1659 quorumcumque,
880 1627 931 1655 per
954 1617 1058 1653 ipsum,
1077 1615 1122 1646 vel
1148 1623 1196 1652 per
1216 1612 1280 1655 alias

214 1663 349 1695 Personas
367 1662 404 1693 de
424 1661 666 1697 Procuramento,
695 1659 935 1694 Abbettamento,
955 1654 1073 1686 Assensu
1096 1653 1142 1684 vel
1162 1651 1280 1682 Covmfi

198 1720 203 1724 —
218 1703 286 1740 suis,
305 1709 369 1731 ante
384 1701 447 1731 haec
463 1709 592 1737 tempora
604 1699 845 1736 qualitercumque
858 1695 952 1732 faffis,
971 1692 1072 1733 Regali
1088 1689 1281 1724 Potestateseu

215 1740 415 1781 jurisdictione
437 1739 486 1769 sibi
505 1736 652 1775 iassumpta
670 1736 850 1767 Auctoritatis
868 1732 984 1772 propria
1033 1731 1134 1762 colore
1155 1730 1281 1761 Officio-

217 1789 281 1810 rum
293 1781 424 1815 suorum,
441 1778 474 1808 &
489 1777 546 1808 alio
565 1774 657 1806 modo
679 1783 880 1814 quocumque,
898 1771 969 1803 infra
991 1755 1129 1810 Regnum
1149 1769 1280 1802 nostrum

217 1818 265 1851 An
286 1818 330 1848 liae
343 1817 376 1848 &
391 1825 483 1854 extra,

283 1867 300 1887 c
317 1857 400 1886 etiarn
422 1864 475 1895 pro
494 1851 670 1884 omnimodis
689 1849 911 1888 Inobedientiis,
935 1847 1168 1886 Rebellionibus,
1187 1846 1282 1878 Amis-

215 1894 339 1927 sionibus
353 1893 528 1931 Civitatum,
547 1892 683 1924 Villarum
694 1912 704 1928 ,
719 1889 905 1927 Castrorum,
922 1886 1153 1925 Fortalitiorum,
1170 1886 1283 1918 &alio-

212 1944 277 1965 rum
295 1933 464 1971 Locorum,
481 1941 597 1962 necnon
621 1928 839 1967 Maneriorum,
863 1928 1036 1965 Terrarum,
1054 1925 1088 1957 &
1111 1924 1282 1958 Tenemen-

213 1980 310 2005 torum
325 1979 591 2011 quorumcumque.

252 2011 382 2044 Necnon
417 2020 450 2040 ro
464 2008 618 2040 Obsidibus
631 2006 665 2039 &
679 2004 857 2045 PrisonariiS,
874 2003 934 2035 tam
942 2001 1098 2043 Regalibus
1134 2004 1199 2035 uam
1212 2003 1284 2042 aliis,

214 2049 371 2081 Obsidibus
383 2020 417 2081 St}
431 2047 590 2079 Prisonariis
603 2046 843 2086 quibuscumque,
861 2043 1104 2084 qualitercumque
1113 2013 1234 2074 dimissis
1249 2042 1283 2073 si—

215 2098 253 2121 ve
265 2088 438 2127 deliberatis,
454 2087 500 2118 seu
515 2096 568 2125 pro
581 2085 721 2118 Evasione
734 2083 903 2116 eorumdem
930 2082 1054 2122 Treugis
1063 2083 1096 2114 ὃ(
1111 2083 1188 2113 salvis
1200 2081 1283 2113 Con-

216 2128 349 2160 ductibus
362 2126 490 2167 Diruptis
504 2127 537 2158 &
556 2135 616 2156 non
631 2123 816 2155 Obbservatis
834 2123 876 2154 ob
890 2104 1047 2153 &refectum
1070 2123 1104 2154 &
1125 2120 1285 2162 Negligen-

215 2168 305 2206 tiam,
322 2166 379 2197 five
392 2175 441 2206 per
453 2164 603 2196 Ass'ensum
618 2163 664 2194 vel
680 2162 864 2201 Praeceptum
877 2159 1004 2197 praediffl
1020 2159 1159 2199 Ricardi,

254 2205 299 2237 Ac
321 2214 375 2244 pro
395 2204 568 2235 omnimodis
584 2201 805 2233 Venditionibus
825 2201 859 2232 δε
882 2198 1144 2230 Deliberationibus
1165 2197 1285 2230 Castro-

217 2253 299 2282 rum,
324 2243 500 2280 Civitatum,
517 2241 698 2280 Burgorum,
721 2239 877 2276 villarum,
897 2236 1114 2277 Maneriorum,
1133 2237 1284 2269 Hamelet-

215 2290 329 2320 torum,
344 2281 520 2319 Terrarum,
535 2281 801 2316 Tenementorum,
822 2276 999 2309 Reddituum
1021 2278 1055 2309 &
1078 2276 1285 2316 Servitiorum,

217 2320 378 2359 obsidum,
394 2322 428 2352 ὅ(
441 2319 681 2357 Prisonadorum,
699 2319 759 2349 tarn
781 2316 854 2348 infra
877 2314 1014 2355 Regnum
1031 2315 1162 2348 nostrum
1181 2316 1284 2356 praedi-

216 2360 316 2400 Ctum,
332 2361 418 2398 quam
431 2368 526 2398 extra,
541 2357 670 2389 Inimicis
683 2355 799 2394 nostris,
817 2355 862 2386 vel
875 2356 950 2394 aliis,

258 2399 303 2430 Ac
324 2399 408 2430 etiam
428 2407 481 2437 pro
504 2396 681 2428 omnimodis
707 2394 886 2433 Calumpniis
910 2393 955 2424 seu
975 2393 1217 2434 impetitionibus,
1238 2393 1283 2424 vel

219 2436 422 2477 Suspitionibus
437 2436 526 2476 Sigilli
536 2435 623 2466 nostri
638 2433 836 2473 Contrafaffl,
852 2431 1019 2471 Confraffi,
1037 2432 1083 2464 vel
1097 2442 1216 2471 quoquo
1228 2432 1284 2463 alio

218 2476 310 2508 modo
322 2475 426 2506 Violati
440 2476 485 2506 seu
505 2474 651 2515 Dispecti‚

256 2514 368 2553 Jurium
390 2515 422 2544 ὅ(
444 2513 636 2551 proficuorum
652 2511 836 2550 nostrorum,
855 2519 886 2542 ut
907 2510 935 2540 in
955 2508 1090 2548 Wardis,
1109 2508 1287 2549 Maritagiis,

221 2552 268 2584 seu
279 2554 334 2583 aliis
349 2554 429 2582 rebus
440 2552 484 2582 vel
497 2552 627 2589 proficuis
640 2550 881 2589 quibuscumque,
900 2548 1150 2587 Concelamentis‚
1166 2548 1210 2579 seu
1234 2558 1281 2580 eo-

222 2592 353 2622 rumdem
369 2591 470 2628 injustis
485 2590 723 2628 Alienationibus,
743 2589 788 2620 seu
803 2587 1068 2626 Subtraffionibus,
1087 2587 1155 2617 fallis
1180 2587 1213 2618 &
1227 2598 1287 2618 ma-

222 2630 256 2661 lis
273 2629 418 2667 Consiliis,
445 2628 676 2659 Ordinationibus
693 2651 703 2666 ,
722 2626 1045 2664 Confoederationibus,
1064 2624 1287 2663 Conspirationi-

226 2669 298 2707 bus,
314 2668 530 2706 Cambipertiis,
548 2667 763 2704 Ambidextriis,
780 2666 849 2695 falsis
869 2665 1042 2703 Alligaiitiis,
1059 2664 1188 2696 fallarum
1239 2675 1288 2696 ue-

226 2708 346 2739 relarum
363 2705 601 2743 Manutenentiis,
621 2704 803 2741 Falsitatibus,
824 2702 952 2740 Iniuriis,
970 2702 1223 2742 Oppreffionibus,
1276 2722 1289 2728 -

226 2747 309 2785 suris,
327 2745 394 2776 falsis
404 2743 589 2780 Chevanciis,
607 2741 837 2779 ExtorsionibuS,
857 2741 1085 2780 Collusionibus,
1101 2742 1169 2772 fallis
1184 2741 1288 2782 Impri-

223 2785 405 2822 sonamentis‚
423 2783 457 2814 ὃ(
472 2781 577 2819 injustis
590 2780 862 2812 lncarcerationibus
876 2779 1042 2810 Hominum
1058 2780 1091 2810 ὃ(
1101 2780 1287 2812 Subditorum

225 2823 405 2860 nostrorum,
422 2831 455 2852 ac
476 2821 598 2851 aliorum
619 2828 868 2857 quorumcnmque
886 2817 1135 2849 Procurationibus
1154 2819 1288 2850 falsorum

226 2861 519 2898 IndiCtamentorum,
537 2859 649 2890 Rasuris
665 2859 720 2889 live
731 2857 914 2889 Besilamentis
927 2855 1121 2894 Rotulorum,
1139 2856 1291 2888 Recordo-

225 2910 305 2939 rum,
320 2900 593 2930 Indictamentorum
607 2898 641 2929 &
652 2897 902 2929 Praesentationum
913 2904 963 2933 per
976 2892 1088 2934 Ipsum,
1106 2895 1153 2926 seu
1174 2896 1211 2927 de
1232 2897 1290 2935 ejus

229 2938 371 2970 Mandato
384 2938 430 2968 vel
447 2937 618 2975 Voluntate,

266 2977 398 3007 Necnon
413 2986 466 3014 pro
480 2975 691 3014 quibuscunque
712 2972 770 3003 aliis
794 2971 1038 3010 Deceptionibus,
1057 2970 1292 3012 Conventiculis,

229 3015 411 3052 Exceffibus,
429 3013 586 3053 Dampnis,
602 3012 824 3043 Gravaminibus
860 3009 1106 3049 Mespriiionibus,
1124 3011 1293 3051 Transgres-

228 3055 368 3092 sionibus,
390 3052 597 3092 Negligentiis,
621 3050 804 3090 Ignorantiis,
830 3033 1001 3080 Defectibus
1050 3048 1162 3088 Dinis,
1187 3049 1290 3088 Factis,

231 3092 278 3122 seu
291 3092 390 3123 Rebus
403 3091 503 3122 illicitis
516 3091 560 3121 seu
576 3089 746 3127 inhonestis,
763 3090 791 3119 in
812 3087 992 3125 praesentibus
1014 3071 1117 3118 Literis
1136 3088 1295 3128 expressatis

231 3131 277 3200 iffi
290 3141 350 3175 non
369 3130 544 3169 expressatis,
562 3129 656 3160 Nobis
667 3151 677 3168 ,
693 3129 738 3159 seu
760 3127 843 3159 alicui
856 3126 893 3157 de
906 3125 1014 3166 Regno
1028 3126 1149 3166 nostro,
1165 3126 1234 3158 aeds
1250 3128 1296 3158 vel

232 3180 242 3200 ι
263 3177 319 3200 atis.

272 3208 310 3239 Et
328 3207 552 3247 quibuscumque
572 3205 630 3237 aliis
652 3203 800 3243 Articulis,
817 3211 918 3234 contra
939 3203 1028 3243 Nos,
1043 3203 1211 3242 Coronam,
1229 3202 1297 3234 Ma-

257 3246 372 3278 estatem
382 3270 391 3285 ,
406 3248 439 3278 &
452 3245 634 3283 Dignitatem
646 3243 771 3274 nostram
786 3243 909 3281 regiam,
925 3243 970 3274 seu
986 3246 1014 3274 in
1033 3243 1193 3274 Laeiionem
1214 3243 1298 3282 regia:

279 3285 402 3325 agestatis
416 3307 426 3323 ,
451 3283 623 3315 Comunem
647 3282 756 3321 Legem
777 3281 897 3319 Terrae,
925 3281 1052 3321 Statura,
1079 3281 1298 3318 Ordinationes,

239 3322 497 3361 Proclamationes,
521 3324 555 3354 &
575 3321 778 3358 inhibitiones,
797 3328 860 3350 ante
879 3320 942 3351 haec
963 3329 1094 3358 tempora
1113 3319 1202 3358 edita,
1220 3319 1299 3350 factis

240 3362 286 3393 vel
304 3363 490 3401 attemptatis,
507 3370 571 3400 quae
591 3370 640 3400 per
660 3359 749 3398 ipsum
775 3358 969 3397 Richardum,
989 3368 1172 3397 quocumque
1193 3358 1300 3396 modo,

239 3400 390 3445 dicuntur,
407 3400 453 3433 vel
474 3401 532 3432 dici
554 3407 702 3441 poterunt,
720 3405 785 3429 ante
802 3396 866 3428 haec
888 3406 1035 3437 tempora,
1053 3397 1111 3429 fieri
1132 3396 1179 3428 vel
1201 3406 1301 3436 perpe-

241 3446 305 3471 trarl

278 3463 325 3509 Ac’:
341 3478 423 3510 etiam
437 3486 491 3517 pro
506 3475 682 3508 omnimodis
697 3473 916 3513 Inobedientiis,
934 3473 1074 3514 Offensis,
1091 3475 1124 3506 &
1138 3472 1303 3513 Transgres-

245 3515 385 3561 fionibus,
403 3518 574 3556 cuicumque
590 3515 703 3546 Locum
724 3513 855 3544 nostrum
878 3514 1053 3553 tenentium,
1072 3512 1303 3551 Officiariorum,

245 3554 292 3586 seu
306 3554 507 3586 Ministrorum
522 3553 704 3589 nostrorum,
722 3552 800 3582 illatis
813 3551 860 3582 vel
875 3552 971 3588 saitis,
990 3561 1020 3582 ut
1033 3553 1062 3582 in
1077 3552 1303 3590 Gubernatione,

247 3591 413 3632 Ductione,
432 3593 650 3631 Diminutione,
670 3590 861 3622 Ordinatione
873 3591 917 3621 seu
935 3590 1072 3622 Miffione
1090 3590 1257 3621 Hominum
1268 3591 1304 3620 ad

251 3632 359 3670 Arma,
377 3632 608 3669 Sagittariorum,
628 3630 865 3667 Marinariorum,
884 3630 916 3659 ὃς
933 3629 1051 3659 aliorum
1074 3630 1103 3659 in
1118 3628 1236 3659 Guerris
1250 3638 1303 3658 no-

249 3668 309 3713 stris
321 3670 559 3710 quibuscumque,
580 3670 598 3688 ³⁸
614 3668 659 3699 seu
674 3668 851 3705 Perditione,
867 3667 1035 3705 Occisione,
1052 3668 1097 3698 seu
1112 3667 1166 3698 alio
1181 3665 1306 3697 Inform-

250 3717 318 3746 mo,
335 3709 378 3738 seu
393 3708 469 3738 malo
489 3708 620 3745 Eventu,
637 3717 687 3746 per
711 3706 885 3743 Desectam,
904 3705 1084 3744 Consilium,
1098 3705 1143 3736 seu
1164 3704 1307 3743 Improvi-

253 3744 473 3814 ‹tientiambipsius
486 3745 640 3786 Richardi‚
661 3753 707 3777 aut
722 3745 777 3776 alio
792 3743 884 3775 modo
904 3743 1105 3783 quocumque,
1124 3743 1217 3783 ipsum
1235 3752 1308 3775 con-

269 3793 296 3813 in
316 3793 373 3814 enti
394 3795 424 3814 us

322 3831 331 3852 t
345 3833 395 3859 pro
407 3808 481 3853 rn’alo
496 3822 652 3860 Regimine
667 3822 700 3853 ὃς
715 3820 930 3852 Gubernatione
936 3820 1083 3860 Peribnae,
1100 3819 1192 3852 Status
1203 3819 1310 3859 Regni,

258 3857 460 3900 Tractatuum,
484 3860 519 3891 N
555 3862 698 3897 otiorum,
722 3859 921 3890 Proficuorum
943 3860 977 3890 &
995 3860 1106 3890 Rerum
1128 3858 1310 3897 nostrorum,

259 3905 296 3928 ex
304 3898 441 3941 ⁴Affensu,
458 3898 526 3929 Con
539 3898 817 3937 ilio,Ordinatione,
830 3898 876 3928 vel
892 3898 1059 3937 negligentia
1071 3897 1152 3936 ipsius
1165 3896 1312 3934 Richardi‚

259 3935 432 3980 ubicumque
445 3937 549 3975 fuerat,
567 3937 637 3968 infra
661 3937 797 3975 Regnum
816 3936 945 3967 nostrum
967 3937 1011 3967 vel
1031 3945 1123 3974 extra,
1140 3936 1212 3966 dum
1234 3934 1312 3965 idem

259 3973 418 4018 Richardus
431 3983 486 4005 erat
501 3975 668 4005 Senescallus
679 3974 806 4013 Hospitii
819 3973 926 4013 nostri,
943 3973 1157 4012 Thesaurarius,
1175 3973 1220 4005 vel
1234 3971 1314 4004 Can-

260 4011 387 4057 cellarius
407 4011 518 4055 noster,
534 4012 728 4051 Ambassator,
747 4012 1137 4052 Conciliarius,Justiciarius
1157 4012 1250 4054 pacis,
1270 4011 1314 4044 vel

261 4051 330 4083 nlius
344 4048 506 4081 Officianus
514 4071 524 4087 ‚
541 4051 587 4082 seu
601 4050 734 4083 Minister
747 4052 938 4091 quicumque,

674 127 1489 181 CONVENTIONES,

1356 212 1419 259 Ac,
1444 212 1572 258 insuper,
1596 221 1651 250 pro
1670 209 1850 256 omnimodis
1871 207 2080 250 Captionibus,
2096 208 2322 251 Amiffioffm,
2340 211 2386 244 vel
2404 217 2519 254 Ann,1)
2560 190 2561 194 Ἰ

1317 251 1578 296 Deliberationibus
1599 249 1750 288 Navium,
1775 248 1963 287 Caucasum,
1984 247 2169 289 Bargearum,
2188 248 2384 294 'Batellorunb
2421 266 2505 297 ¹397.
2518 247 2528 255 .

1317 292 1352 322 ὃ(
1373 291 1493 322 aliorum
1516 289 1655 321 Vasorum
1674 296 1944 327 quorumcumque,
1969 286 2048 331 supra
2067 287 2168 327 Mare,
2185 299 2216 319 in
2239 287 2382 322 Portubus
2396 299 2448 327 ως,
2464 307 2492 327 2,

1544 124 1932 178 LITERAE‚

1319 329 1408 360 Maris
1420 330 1467 359 vel
1481 328 1564 367 alibi,
1582 328 1642 359 tam
1654 327 1727 357 infra
1741 325 1886 366 ¹Regnum
1907 324 2038 364 Anghae,
2054 325 2140 364 quam
2162 336 2253 366 eittra,
2272 328 2306 359 &
2325 339 2380 367 pro

1318 368 1512 406 omnimodis,
1532 367 1633 405 Bonis,
1651 365 1770 404 Rebus,
1786 367 1821 397 &
1837 363 1971 402 Catallis,
1988 363 2075 401 captis
2089 364 2136 395 vel
2153 365 2256 398 arniffis
2277 368 2306 398 in
2328 367 2380 399 eis-

1317 407 1384 437 dem
1398 406 1493 445 Vasis,
1506 406 1553 437 seu
1566 405 1634 436 inde
1655 404 1843 442 Deliberatis,
1860 402 1963 433 Morte
1983 400 2138 442 Hominis,
2155 402 2296 444 Captione
2315 405 2380 438 Pri.

1317 445 1493 476 sonariorum
1509 468 1519 483 ,
1542 443 1801 482 Redemptionibus
1814 464 1826 481 ,
1853 442 1911 472 tam
1934 449 2065 481 tempore
2085 439 2207 473 Guerrae
2243 454 2329 484 quam
2346 446 2379 477 in

1317 492 1448 524 tempore
1464 484 1643 523 Treugarum
1657 482 1703 514 vel
1718 480 1817 519 Pacis,
1835 488 1882 512 aut
1893 478 1946 512 alia
1965 479 2126 519 hujusmodi
2139 465 2231 513 Causa
2242 492 2380 523 quacum-

1337 532 1372 553 ue

1316 531 1336 562 q
1357 545 1404 592 A'c
1418 561 1502 592 etiarn
1517 559 1698 591 omnimodas
1709 558 1885 598 Utlagarias‚
1901 557 1922 589 fi
1935 566 2000 598 quae
2015 558 2044 588 in
2060 558 2168 598 ipsum,
2188 559 2382 593 occasionibus

1318 599 1481 640 praediCtis,
1499 599 1544 630 seu
1559 598 1650 638 aliqua
1669 598 1853 636 eorumdem,
1871 597 1977 628 fuerint
1999 595 2212 636 Promulgatae,
2228 598 2262 629 &
2281 608 2382 638 quam—

1318 648 1404 677 quam
1419 638 1498 669 idern
1523 637 1679 669 Richardus
1700 645 1775 667 extra
1795 635 2010 666 Proteffionem
2030 635 2157 666 nostram
2176 636 2212 667 ali
2232 646 2271 668 uo
2290 638 2382 670 modo

1319 677 1428 714 positus
1439 677 1540 715 fuerit,
1555 677 1588 708 &
1605 676 1721 707 firmam
1736 675 1840 706 Pacem
1855 673 1983 704 nostram
1996 673 2024 704 ei
2038 674 2105 706 inde
2123 684 2199 708 conc
2239 676 2245 681 “
2279 685 2330 716 us,
2345 677 2381 711 δε

1319 715 1410 754 ipsum
1422 716 1456 746 ad
1472 715 1642 746 Comunem
1657 714 1768 754 Legem
1782 712 1986 750 Restituimus,

1367 754 1710 786 Pannonavmus
1726 777 1736 791 ‚
1759 751 1868 791 insuper
1891 751 1926 782 &
1951 750 2201 784 Ramrsmus
2217 776 2226 791 ,
2249 761 2284 784 ex
2305 761 2384 786 certa

1320 792 1435 824 scientia
1447 793 1558 831 nostra,
1576 803 1609 824 ac
1622 802 1703 824 mero
1717 800 1798 823 motu
1812 792 1845 822 δε
1859 789 1944 833 libera
1957 789 2103 821 voluntate
2117 790 2219 822 nostris
2231 792 2386 832 praedietis,

1320 841 1376 869 pro
1396 831 1512 872 Nobis,
1529 832 1563 863 &
1585 831 1757 862 Haeredibus
1778 828 1896 868 nostris,
1918 828 2011 860 eidem
2032 827 2182 860 Richardo
2200 831 2385 863 omnimodas

1319 869 1516 910 Receptiones
1528 879 1779 910 quorumcumque
1795 867 1975 907 Munerum,
1989 866 2198 907 Exenniorum,
2216 868 2262 900 seu
2276 869 2384 901 Dono·

1319 920 1403 949 rum,
1420 909 1457 941 de
1469 909 1695 951 quibuscumque
1706 907 1850 944 Personis,
1867 916 1921 947 pro
1957 916 2058 938 uacum
2080 917 2116 938 ue
2131 905 2236 946 Causa,
2254 917 2384 949 recepto-

1319 959 1403 987 rum,
1425 949 1496 980 di'im
1516 950 1547 979 in
1562 948 1655 988 aliquo
1676 946 1789 979 Officio
1807 945 1923 985 nostro,
1950 955 1986 977 eu
2005 944 2042 976 de
2112 946 2200 978 ncilio
2220 945 2336 987 nostro,
2351 956 2384 980 ut

1319 988 1518 1028 praemittitur,
1534 987 1637 1026 fuerat,

1321 1063 1339 1096 s
1357 1025 1493 1095 Ehetiam
1506 1026 1696 1096 qussscumque
1708 1022 1909 1056 Revelationes
1920 1021 2121 1063 cujuscumque
2135 1022 2255 1056 Consilii
2273 1023 2381 1064 nostri,

1332 1073 1368 1096 eu
1415 1074 1479 1105 egni
1493 1075 1533 1096 no
1562 1075 1601 1104 ri,

1359 1103 1491 1136 Necnon
1527 1104 1699 1141 uascumque
1712 1100 1855 1133 Licentias
1869 1101 1904 1134 &
1919 1099 2115 1133 concessiones
2150 1110 2200 1140 per
2220 1102 2310 1141 ipsum
2331 1101 2388 1133 Ri-

1321 1142 1458 1174 chardum
1472 1143 1499 1174 fa
1530 1153 1574 1181 as,
1592 1143 1630 1173 de
1643 1143 1726 1173 Auro
1739 1140 1785 1172 vel
1800 1140 1950 1186 Argento,
1965 1141 1995 1170 in
2019 1139 2098 1172 Plata
2158 1139 2228 1179 asia,
2245 1141 2290 1172 vel
2313 1141 2387 1172 Mo-

1322 1191 1388 1212 neta
1404 1205 1414 1220 ,
1439 1181 1518 1213 Vafis
1540 1181 1638 1212 Aureis
1658 1180 1704 1213 vel
1726 1179 1890 1219 Argenteis,
1915 1179 2090 1218 Armaturis,
2108 1179 2265 1219 Artelariis,
2282 1178 2388 1218 Bladis,

1323 1219 1420 1259 Vino,
1440 1220 1543 1259 Lanis,
1561 1220 1670 1258 Coriis,
1697 1217 1820 1249 Pellibus
1838 1218 1955 1257 lanutis,
1971 1216 2113 1256 plumbo,
2131 1218 2258 1258 stanno,
2278 1217 2387 1249 Merci-

1324 1261 1443 1298 moniis,
1467 1258 1663 1297 VIClualibus,
1686 1257 1787 1296 Equis,
1812 1257 1846 1288 &
1868 1256 1929 1288 aliis
1952 1257 2033 1287 rebus
2054 1256 2294 1296 quibuscumque,
2313 1265 2388 1288 extra

1323 1297 1462 1337 Regnum
1485 1297 1613 1329 nostrum
1634 1297 1747 1336 Angliae
1769 1295 1924 1327 educendis
1938 1317 1949 1334 ,
1978 1295 2022 1326 vel
2043 1295 2079 1326 de
2101 1294 2176 1326 Villa
2200 1294 2301 1326 Calesii
2322 1296 2388 1326 alibi

1321 1337 1474 1374 ducendis,
1488 1345 1588 1368 contra
1603 1336 1725 1374 Statuta,
1744 1334 1964 1374 Ordinationes,
1981 1332 2187 1374 Inhibitiones,
2203 1334 2390 1366 Defenfiones

1324 1377 1358 1407 &
1374 1374 1630 1414 Proclamationes,
1648 1377 1678 1406 in
1689 1375 1864 1405 contrarium
1878 1373 1952 1404 faci-a
1965 1373 2010 1404 vel
2023 1373 2096 1404 edita

1324 1453 1330 1459 ⁶
1361 1415 1407 1445 Ac
1423 1416 1508 1446 etiarn
1523 1414 1709 1446 Inhibitiones
1724 1415 1758 1445 ὅτ.
1776 1412 1981 1449 Defensiones‚
2035 1421 2047 1442 r
2062 1396 2152 1450 ipsimi
2165 1411 2268 1450 sanitas,
2286 1411 2324 1442 de
2336 1410 2390 1442 bu-

1321 1453 1444 1491 Jusmodi
1459 1453 1676 1492 Mercimoniis,
1693 1451 1885 1489 victualibus,
1904 1452 1938 1483 &
1954 1450 2001 1481 Re
2024 1460 2055 1481 us
2089 1460 2105 1481 a
2121 1450 2200 1481 dicio
2215 1450 2321 1490 Regno
2334 1459 2389 1481 no-

1323 1491 1382 1522 stro
1395 1492 1508 1531 Angliae
1530 1492 1723 1530 traducendis,
1742 1500 1843 1521 contra
1859 1488 1985 1534 Statura,
2003 1473 2221 1530 Ordinationes,
2238 1487 2389 1521 inhibitio-

1322 1540 1387 1568 nes,
1405 1529 1611 1570 Defensiones,
1630 1531 1663 1562 &
1679 1529 1916 1561 Proclamationes
1929 1528 2108 1568 hujusmodi,

1361 1569 1406 1600 Ac
1421 1571 1507 1600 etiarn
1521 1569 1698 1600 omnimodo
1719 1568 1840 1607 Debita,
1859 1566 2027 1605 Compota,
2045 1566 2187 1606 Praestita,
2204 1568 2239 1599 &
2258 1566 2391 1599 summas

1323 1605 1518 1639 Denariorum
1532 1631 1542 1646 ,
1566 1608 1684 1645 Nobis,
1701 1617 1736 1638 ex
1761 1614 1942 1647 quacumque
1965 1605 2063 1646 causa,
2084 1605 2132 1637 vel
2155 1606 2323 1647 occasione,
2339 1605 2390 1638 seu

1323 1656 1512 1686 quocumque
1525 1645 1640 1685 colore,
1658 1646 1838 1684 debitorum,

1362 1685 1408 1717 Ac
1425 1695 1617 1726 quaecumque
1639 1684 1817 1722 Solutiones,
1845 1682 2055 1722 Liberationes,
2071 1682 2289 1722 Ordinationes,
2314 1680 2389 1714 Affi-

1323 1725 1487 1763 gnatiories,
1503 1726 1537 1755 &
1550 1723 1693 1764 Praecepta
1766 1733 1779 1754 r
1792 1721 1881 1764 ipsum
1898 1721 2076 1753 Richardum
2089 1721 2125 1752 de
2140 1721 2286 1760 Denariis,
2299 1720 2389 1761 Joca-

1323 1764 1415 1802 libus,
1431 1763 1553 1803 Pannis,
1570 1763 1603 1794 &
1616 1763 1672 1793 aliis
1718 1773 1735 1793 e
1757 1772 1804 1801 us,
1821 1762 1851 1792 in
1865 1759 1988 1792 Camera
2001 1759 2171 1799 nostra,vel
2185 1761 2249 1791 alias
2261 1760 2389 1792 deThe-

1322 1802 1404 1873 ἓιὲζο
1426 1802 1542 1842 nostro,
1566 1803 1597 1833 in
1619 1800 1750 1841 Recepta
1772 1800 1903 1833 Scaccari
1927 1798 2032 1839 nostri,
2059 1797 2191 1830 Personae
2213 1799 2389 1841 cuicumque

1380 1851 1395 1872 a

1363 1864 1495 1912 Necnon
1508 1878 1678 1911 omnimoda
1692 1878 1797 1910 Debita
1809 1877 1844 1909 δε
1858 1875 2156 1918 CompotaJocalium
2169 1874 2391 1917 &Pannorumg

1324 1928 1376 1990 ¹per
1402 1919 1493 1959 ipsum
1519 1917 1699 1950 Richardum
1723 1926 1922 1958 receptorum,
1947 1915 1992 1947 vel
2022 1914 2060 1947 de
2083 1916 2265 1948 Thesauraria
2292 1914 2390 1949 nostro

1337 1967 1523 1997 umptorum,

1363 1996 1402 2028 Et
1423 1997 1459 2028 de
1477 1996 1704 2029 Reventionibus
1717 2019 1728 2035 ,
1753 1994 1899 2033 Exitibus,
1920 1992 2198 2033 Redemptionibus,
2214 1992 2394 2033 Prisonariis3

1327 2034 1486 2067 Civitatum
1498 2058 1508 2075 ,
1524 2035 1710 2075 Castrorum,
1729 2034 1906 2075 Burgorum,
1921 2031 2077 2072 villarum,
2097 2033 2292 2066 Maneriorum
2327 2031 2391 2063 Ha-

1326 2075 1528 2114 melettorum,
1547 2075 1719 2113 Terrarum,
1736 2072 2004 2111 Tenementorum,
2026 2071 2224 2111 Reddituum,
2240 2072 2274 2104 &
2296 2055 2392 2103 Servi-

1326 2115 1432 2146 tiorum
1440 2123 1706 2155 quorumcumque,
1724 2112 1780 2143 sive
1795 2112 1878 2143 fuerit
1892 2111 1962 2142 infra
1972 2110 2108 2152 Regnum
2121 2111 2249 2143 nostrum
2263 2109 2392 2150 Angli&

1327 2153 1384 2185 sive
1399 2162 1491 2192 extra,
1506 2162 1690 2194 quocumque
1704 2150 1840 2183 Nomine
1852 2174 1862 2190 ,
1879 2150 1990 2190 Causa,
2005 2150 2051 2181 vel
2062 2150 2158 2181 colore
2171 2150 2349 2188 censeantur,

1365 2191 1404 2223 Et
1418 2192 1600 2223 omnimodas
1617 2192 1772 2229 Actiones,
1791 2188 2003 2228 Impetitiones,
2021 2189 2056 2221 &
2075 2188 2239 2220 Demandas
2250 2186 2393 2218 Conven-

1328 2231 1459 2270 tionum,
1478 2231 1676 2270 Dispositionis
1714 2228 1919 2269 InjunCtionis,
1937 2230 1971 2261 &
1985 2228 2246 2259 Administrationis
2264 2225 2392 2257 Thesau-

1331 2271 1374 2309 ri,
1393 2269 1540 2301 Bonorum
1554 2271 1588 2303 δε
1603 2268 1681 2301 Cata]
1693 2278 1793 2307 orum,
1811 2277 1844 2300 ac
1858 2268 1975 2299 aliarum
1996 2266 2108 2298 Rerum
2125 2266 2171 2298 seu
2192 2265 2392 2306 Negotiorum

1326 2308 1491 2340 nostrorum
1524 2317 1770 2348 uorumcumque,

1366 2319 1654 2392 Necnonclleceptas
1668 2346 1894 2385 Custumarum,
1911 2344 2123 2385 Subsidiorum,
2141 2343 2322 2376 Solutionum

1327 2385 1442 2418 Auri&
1459 2388 1597 2427 Argenti,
1609 2396 1656 2427 per
1675 2385 1915 2424 obligationem,
1934 2384 2113 2424 Indenturas,
2126 2382 2317 2422 Promissum,

1331 2426 1462 2466 quelam,
1479 2425 1639 2466 Receptam
1648 2449 1659 2466 ,
1671 2425 1716 2457 vel
1738 2425 1834 2463 aliter,

1368 2463 1567 2504 Receptorum
1587 2464 1701 2504 Exitus,
1720 2463 1896 2501 Proventus,
1922 2460 2144 2500 Emolumenta,
2168 2461 2204 2494 &
2222 2457 2392 2492 omnimoda

1328 2502 1480 2548 Proficua,
1496 2504 1596 2535 Nobis
1610 2513 1644 2535 ex
1664 2502 1891 2543 quibuscumque
1912 2499 2030 2540 Cauiis,
2047 2500 2292 2540 qualitercumque
2306 2498 2393 2537 perti-

1329 2550 1422 2572 nentia

1368 2579 1405 2611 Et
1417 2565 1589 2613 0'mnim0da
1601 2581 1851 2623 Amerciamenta,
1869 2577 1965 2615 Fines,
1986 2576 2086 2608 Exitus
2106 2575 2279 2613 forisfac‘tos,
2297 2572 2393 2605 Catal-

1331 2619 1356 2650 la
1370 2619 1509 2651 forisfasta
1518 2643 1528 2658 ,
1546 2621 1579 2652 &
1592 2620 1692 2650 omnia
1705 2619 1756 2650 alia
1767 2617 1892 2655 Debita,
1907 2616 2072 2654 Compom,
2090 2614 2235 2654 Praestita,
2251 2614 2295 2645 vel
2310 2613 2392 2644 One-

1331 2668 1360 2689 ra
1373 2658 1548 2698 hujusmodi,
1568 2658 1644 2690 unde
1658 2656 1809 2698 praedic‘ius
1824 2655 1983 2686 Richardus
1996 2654 2029 2685 ad
2045 2653 2161 2694 praesens
2180 2662 2311 2685 oneratus
2332 2651 2393 2689 est,

1331 2697 1376 2727 vel
1392 2697 1434 2728 est
1445 2698 1619 2736 onerandus,
1636 2705 1682 2727 aut
1737 2695 1799 2727 terit
1818 2694 1928 2725 onerari
1950 2692 1995 2723 vel
2015 2693 2153 2731 impetiri,
2171 2701 2220 2732 per
2242 2691 2328 2730 Nos,
2347 2690 2394 2721 vel

1332 2734 1470 2767 Haeredes
1484 2736 1610 2774 nostros,
1628 2744 1674 2766 aut
1706 2734 1875 2771 usticiarios,
1890 2732 2012 2763 Barones
2025 2731 2060 2762 de
2075 2731 2240 2769 Scaccario,
2256 2729 2302 2762 seu
2324 2729 2394 2760 alios

1331 2775 1526 2814 quoscumque
1546 2773 1695 2806 Ministros
1715 2772 1826 2804 nostros
1839 2794 1849 2811 ,
1873 2772 1908 2804 &
1925 2773 1955 2803 in
1975 2779 2154 2811 quacumque
2173 2769 2261 2801 Curia
2281 2767 2395 2808 nostra,

1332 2812 1380 2844 vel
1393 2813 1553 2844 Haeredum
1570 2813 1747 2851 nostrorum,
1766 2821 1819 2849 pro
1832 2810 1924 2850 aliquo
1938 2818 2068 2849 tempore
2076 2810 2136 2848 jam
2151 2808 2306 2846 transacio,

2356 2350 2391 2373 36

2330 2365 2393 2413 Lo·

1372 2852 1391 2871 *
1404 2851 1450 2884 Ac
1463 2854 1547 2883 etiam
1562 2851 1741 2883 omnimodas
1752 2850 1906 2889 Adtiones,
1922 2848 2075 2889 Qerelas,
2091 2847 2126 2878 &
2140 2846 2318 2883 Demandas,
2326 2854 2390 2884 quae
2405 2849 2425 2870 *Β
2442 2850 2526 2879 v111.

1333 2889 1423 2921 versus
1444 2892 1535 2929 ipsum
1559 2890 1735 2922 Richardum
1750 2911 1760 2927 ,
1786 2889 1894 2919 ratione
1912 2889 2071 2927 aliquorum
2094 2885 2308 2916 Praemissorum
2319 2906 2328 2921 ,
2345 2883 2390 2914 seu
2408 2899 2453 2926 29,

1334 2930 1442 2959 ratione
1452 2930 1606 2970 aliquarum
1622 2929 1665 2960 lm
1687 2928 1854 2965 ositionurn,
1874 2926 1954 2965 super
1967 2925 2075 2964 Lanas,
2093 2922 2198 2962 Coria,
2213 2923 2300 2954 Pelles
2315 2923 2394 2953 lanu-

1335 2974 1390 3010 tas,
1408 2968 1453 2998 seu
1466 2968 1554 3008 aliqua
1573 2969 1620 2998 alia
1682 2966 1839 2997 ercimonia
1853 2973 2059 3004 quaecumque,
2077 2972 2176 2994 contra
2196 2961 2319 2999 Statuta,
2338 2960 2398 2991 Or-

1335 3004 1509 3044 dinationes,
1531 3006 1733 3044 Inhibitiones,
1757 3005 1791 3035 δε
1810 3003 2066 3040 proclamationes,
2084 3002 2151 3032 inde
2173 3000 2292 3039 habitas,
2310 3000 2398 3030 faista-

1337 3053 1417 3113 lum'
1433 3046 1512 3090 unde
1532 3045 1609 3076 idem
1632 3043 1790 3077 Richardus
1812 3042 1958 3082 [inpetitus
1978 3039 2038 3079 est,
2061 3039 2107 3071 seu
2126 3039 2277 3078 aliqualiter
2296 3039 2400 3078 poterit

1352 3092 1380 3113 m
1404 3093 1461 3114 etiri

1380 3094 1458 3162 &uae
1470 3107 1592 3161 'quidem
1605 3122 1703 3152 omnia
1717 3121 1752 3153 &
1765 3118 1867 3160 singula
1889 3115 2058 3157 supradicta,
2074 3125 2108 3148 ac
2128 3116 2226 3147 omnia
2246 3114 2296 3147 alia
2320 3125 2400 3155 quae-

1339 3171 1482 3200 cumque,
1496 3170 1560 3198 quae
1595 3159 1746 3199 peripsum
1763 3156 1960 3194 Richardum,
1979 3155 2138 3194 Malitiose,
2157 3154 2400 3194 negligenter,vel

1340 3200 1530 3230 incommode
1557 3183 1660 3236 saeta,
1681 3196 1862 3236 Transgreffa
1875 3218 1884 3231 ,
1911 3195 2002 3234 Acta,
2028 3193 2186 3232 Perpetrata
2201 3216 2211 3232 ,
2232 3194 2278 3226 vel
2298 3194 2401 3232 quovis

1343 3238 1434 3268 modo
1450 3236 1639 3277 Meiprisiata,
1654 3236 1842 3276 Attemptata,
1859 3233 1964 3273 Dicta,
1981 3232 2026 3264 vel
2046 3231 2250 3269 Coniedmrata
2271 3232 2401 3273 fuerunt,

1342 3277 1399 3307 tam
1413 3275 1450 3306 de
1465 3284 1666 3314 temporequo
1688 3274 1775 3306 fuerat
1796 3275 1825 3305 in
1845 3273 2071 3312 quibuscumque
2093 3270 2224 3309 Officiis,
2240 3269 2400 3310 Gradibus,

1342 3315 1387 3346 vel
1403 3308 1522 3346 Statib‘us
1537 3314 1722 3352 Nobiscum,
1738 3313 1782 3344 seu
1796 3322 1848 3352 pro
1861 3312 1997 3351 Negotiis
2009 3309 2105 3350 Regni
2119 3309 2225 3347 nostri,
2267 3310 2329 3341 uam
2345 3311 2400 3342 alio

1343 3362 1474 3392 tempore
1487 3362 1686 3392 quocumque,
1703 3353 1736 3384 ὅ(
1750 3360 1933 3392 quocumque
1946 3349 2058 3387 colore,
2078 3348 2112 3378 &
2127 3349 2242 3386 quicqui
2276 3348 2311 3380 ad
2333 3349 2404 3380 Nos

1344 3392 1411 3423 inde
1426 3394 1544 3432 pertinet
1557 3401 1604 3423 aut
1637 3393 1754 3423 ertinere
1766 3391 1886 3431 poterit,
1901 3387 2127 3428 quibuscumque
2144 3386 2286 3426 Ratione,
2304 3387 2403 3428 causa,

1344 3432 1388 3462 vel
1415 3431 1529 3470 colore,
1554 3441 1613 3469 prae
1641 3438 1672 3461 to
1698 3429 1846 3461 Richardo
1868 3428 2118 3459 REMISIMUS
2133 3447 2144 3464 ,
2166 3423 2363 3457 Rssnaxav
2374 3435 2402 3458 1-

1345 3477 1443 3508 MUS,
1458 3470 1492 3502 &
1506 3480 1559 3508 pro
1573 3468 1674 3500 Nobis
1693 3469 1727 3500 &
1748 3466 1920 3499 Haeredibus
1939 3463 2040 3495 nostris
2059 3463 2403 3504 mannua-uum,

1346 3509 1466 3540 totaliter
1481 3508 1515 3540 &
1527 3509 1653 3548 integre,
1668 3515 1704 3538 ex
1714 3515 1788 3538 certa
1801 3505 1913 3537 scientia
1927 3502 2038 3540 nostra,
2056 3512 2090 3534 ac
2106 3512 2188 3533 mero
2208 3511 2290 3534 motu
2309 3504 2344 3535 &
2366 3504 2401 3533 li-

1346 3548 1414 3578 bera
1426 3547 1571 3578 voluntate
1584 3545 1685 3577 nostris
1697 3568 1707 3583 ,
1722 3544 1747 3576 P
1754 3555 1775 3576 A
1783 3554 1806 3576 R
1815 3553 1837 3574 D
1845 3553 1866 3574 o
1875 3551 1897 3573 N
1908 3552 1928 3573 A
1938 3552 1955 3573 ν
1964 3550 1977 3572 1
1985 3550 2012 3572 M
2021 3549 2044 3572 υ
2053 3550 2066 3572 s
2075 3563 2086 3580 ,
2099 3550 2134 3573 ac
2146 3540 2264 3572 Tenore
2276 3540 2401 3573 Praesen-

1345 3587 1434 3623 tium,
1453 3584 1745 3616 Remu-’rimus
1763 3584 1797 3615 &
1813 3581 2127 3618 PARnoNAMth,

1384 3624 1527 3655 Nolentes
1543 3622 1622 3661 quod
1636 3624 1766 3661 praefatus
1782 3619 1954 3658 RicharduS,
1970 3628 2016 3650 aut
2037 3617 2176 3650 Haeredes
2195 3617 2239 3648 vel
2260 3616 2403 3648 Exeeuto-

1348 3673 1388 3694 res
1402 3663 1458 3702 sui,
1473 3672 1521 3694 aut
1536 3662 1691 3693 Terrarum
1713 3661 1822 3692 suarum
1841 3659 2004 3696 Tenentes,
2021 3657 2128 3687 ratione
2147 3657 2304 3695 aliquorum
2325 3652 2404 3684 Prae-

1348 3701 1496 3732 missorum
1516 3701 1561 3732 seu
1583 3701 1695 3738 alicujus
1713 3697 1895 3736 eorumdem,
1914 3705 2013 3727 coram
2031 3695 2148 3733 Nobis,
2172 3695 2216 3725 vel
2237 3692 2406 3724 Haeredibus

1351 3739 1471 3778 nostris,
1488 3741 1517 3770 in
1533 3738 1724 3770 Parliamentis
1740 3736 1858 3774 nostris,
1876 3736 1919 3766 vel
1938 3733 2096 3766 Haeredum
2109 3732 2288 3768 nostrorum,
2313 3731 2359 3763 vel
2374 3733 2406 3762 in

1352 3778 1521 3817 quibuscum
1542 3788 1576 3808 ue
1589 3778 1646 3808 aliis
1660 3777 1746 3807 Locis
1760 3776 1806 3806 vel
1822 3774 1928 3806 Placeis
1941 3772 2058 3810 nostris,
2075 3781 2170 3803 coram
2183 3769 2351 3813 quibuscum
2371 3778 2407 3801 ue

1347 3816 1514 3856 Judicibus,
1547 3815 1702 3851 usticiariis,
1718 3813 1874 3852 Ministris,
1893 3812 1937 3843 vel
1958 3809 2110 3842 Officiariis
2130 3807 2248 3846 nostru,
2266 3807 2312 3838 vel
2365 3817 2405 3838 ae-

1353 3856 1453 3886 redum
1466 3854 1628 3886 nostrorum
1642 3850 1887 3892 quibuscumque,
1897 3850 1963 3881 inde
1973 3849 2072 3880 futuris
2083 3846 2257 3890 temporibus
2264 3845 2407 3884 Impemn-

1353 3902 1416 3932 tur,
1433 3894 1662 3932 occasionentur‚
1684 3893 1713 3922 in
1733 3892 1888 3928 metentur,
1906 3887 2089 3920 molestentur
2101 3886 2131 3915 in
2150 3884 2260 3928 aliquo,
2282 3884 2327 3915 seu
2345 3893 2407 3924 gra-

1356 3940 1482 3970 ventur,
1503 3931 1543 3963 set
1563 3930 1642 3970 quod
1662 3930 1698 3961 de
1745 3928 1870 3959 raemiffis
1892 3927 2028 3958 omnibus
2046 3923 2081 3954 &
2103 3923 2212 3962 singulis
2231 3922 2341 3961 penitus
2357 3922 2410 3953 sint

1358 3970 1524 4010 Qun-:1⁸1
1538 3992 1549 4008 ,
1582 3970 1799 4000 ΑΒςοιυ-Γι
1837 3967 1872 3999 &
1909 3969 2136 3996 nonssRAT
2152 3970 2164 3992 1
2197 3959 2409 3992 limars-

1359 4017 1382 4038 τ
1390 4016 1413 4038 u
1422 4016 1446 4038 υ
1454 4016 1500 4046 M,
1517 4009 1612 4046 aliquo
1628 4007 1738 4038 Statuto
1751 4006 1796 4037 seu
1809 4003 2015 4038 ordinatione,
2028 4001 2058 4031 in
2071 4008 2246 4031 contrarium
2252 3998 2413 4030 Praemiffo-

1361 4056 1426 4078 rum
1437 4046 1482 4077 seu
1493 4047 1609 4085 alicujus
1620 4044 1786 4077 eorumdem
1797 4039 1987 4082 quovismodo
2000 4038 2097 4078 fastis,
2113 4048 2176 4070 non
2188 4037 2363 4070 obstantibus
2369 4047 2389 4102 ⁵1

2392 4081 2421 4105 (ἢ
