2561 4251
736 164 846 204 ET
928 165 1197 208 ACTA
1280 168 1752 214 PUBLICA.
2270 183 2319 219 61

1271 264 1304 284 ex
1328 265 1382 284 una
1403 265 1479 294 parte
1496 257 1529 288 ὃς
1549 256 1622 288 1)υο
1644 267 1678 288 ex
1691 258 1756 296 alia,
1773 258 1820 300 qui
1833 257 1919 290 sciant
1934 260 1967 291 δε
1982 261 2163 300 arbitrentur,
2182 268 2275 293 taxent
2290 261 2324 294 &
2335 262 2410 294 Ann.
2423 264 2465 297 D;

25 250 100 284 Arm·
115 248 254 288 D'nbus'
276 250 397 289 Regno,
415 247 578 287 Dommns’
591 248 690 280 Tems
710 249 763 280 stus
785 251 818 281 ἃ
840 250 964 281 snbdms
983 253 1223 293 qmbUscumque’
1269 296 1467 333 moderentur,
1486 296 1621 333 Sumptus
1635 297 1668 327 &
1684 296 1822 335 Expenias
1841 297 1995 329 secundum
2010 301 2145 338 temporis
2159 300 2263 331 &loci
2278 302 2324 332 vel
2354 303 2437 341 1362.

50 289 134 327 1362.
165 288 344 328 praesentibus
358 288 390 318 &
407 287 519 324 futuris,
533 288 708 326 ubicumque
720 289 820 319 fuerint
836 290 880 320 vel
895 299 990 326 erunt,

26 330 93 357 Edv.
114 336 139 364 3-
201 326 279 357 Cum
291 325 409 364 praefato
422 324 555 369 Domino
570 325 671 369 Petro,
692 327 774 371 Rege
788 326 920 372 Castellae
933 329 966 358 δε
981 329 1133 372 Legionis,
1169 368 1174 373 ι
1266 330 1397 361 locorum
1414 333 1560 364 Ubertatis
1572 335 1618 365 vel
1633 334 1784 366 Sterilitatis
1796 336 2032 376 circumstantias,
2050 347 2082 368 ut
2097 338 2259 377 praefertur,
2333 342 2399 370 Edv.
2419 352 2445 381 3.

199 364 257 395 Pro
280 365 324 401 se,
341 373 374 395 ac
394 362 532 408 Domino
553 365 673 395 Altonio
695 365 768 409 Filio
789 366 855 404 suo,
882 368 993 404 ejuique
1013 367 1223 412 Primogenito,
1301 370 1484 409 Servientque
1506 372 1614 403 Gentes
1634 373 1791 411 hujusmodi
1813 374 1930 413 legaliter
1944 377 2060 412 praefatis
2073 375 2225 416 Dominis,
2245 378 2318 418 Regi

162 411 317 440 eorumque
330 400 510 446 Haeredibus
522 424 535 446 ,
550 402 776 441 Successoribus,
794 403 913 448 Regno,
932 404 1094 444 Dominus,
1110 407 1224 444 Terris,
1261 406 1391 438 Casteilae
1413 411 1446 440 ὃ(
1460 410 1613 449 Legionis,
1630 412 1663 442 &
1678 412 1795 442 Alfonso
1810 412 1874 442 Filo
1887 412 1951 451 suo,
1968 415 2001 445 ὃ(
2017 425 2115 445 eorum
2130 415 2320 455 Ham-edibus,

164 450 320 478 eorumque
340 439 462 484 Subditis
481 442 704 480 quibuscumque
718 463 728 479 ,
759 443 937 478 praesmubus
954 444 988 474 &
1009 443 1107 474 futuris
1119 467 1129 483 ,
1161 445 1223 475 ubi-
1261 445 1290 474 in
1307 445 1425 477 Guerris
1439 448 1579 487 ipsorum,
1599 449 1731 487 quamdiu
1745 460 1794 481 eos
1806 450 1899 481 secum
1913 451 2040 483 duxerint
2053 454 2214 484 retinendos
2254 457 2268 472 *
2282 455 2316 486 &
2334 460 2353 480 ²*
2373 463 2414 492 v1

165 489 290 516 cumque
304 478 406 509 fuerint
421 479 468 522 yel
481 488 578 523 erunt,
593 489 625 509 ac
640 489 743 509 eorum
754 479 986 511 Procuratoribus
999 482 1178 521 supradictis,
1262 485 1301 513 eis
1314 484 1490 517 satisfecerint
1502 487 1538 517 de
1551 487 1717 526 Stipendiis,
1735 490 1803 519 sicut
1817 490 2011 529 praemittitur,
2031 478 2232 523 moderandis,
2334 509 2383 538 37¹
2418 484 2425 493 ’

203 517 352 560 Perpetuas
371 517 537 561 ,Alligantias
579 516 865 562 Gonfoederationes,
882 518 1049 558 pactiones,
1069 521 1168 560 Ligas,
1187 522 1221 552 δε
1299 521 1353 553 Per
1384 524 1510 555 raesentes
1524 533 1618 556 tamen
1634 526 1797 564 Alligantias
1809 528 1888 558 dicto
1903 528 2038 560 Domino
2056 530 2156 560 nostro
2170 530 2244 562 Reor
2254 531 2318 563 An-
2390 521 2398 529 ⁰

166 555 329 601 AmicitiaS,
348 560 447 595 vigore
468 539 617 599 Potestatis
628 555 734 586 nostrae
749 563 844 601 leuius
855 559 959 602 ‘senor
971 560 1133 590 continetur
1145 561 1220 590 inte-
1259 560 1338 598 glise,
1408 564 1490 593 mino
1510 562 1659 593 Hiberniae
1680 565 1713 595 &
1732 566 1907 603 Aquitaniae,
1924 567 2034 605 ejusque
2057 568 2129 599 Filio
2143 558 2319 610 supra‘didto,

165 596 237 626 rius)
253 593 361 637 Immus
377 595 411 625 &
425 593 554 637 Facimus
568 603 596 623 in
609 593 662 624 hac
676 595 784 632 forma,
801 596 946 634 Videlicet,
1259 598 1444 639 Haeredibus,
1462 609 1509 631 aut
1524 601 1647 632 Subditis
1660 602 1800 642 ipsorum,
1816 603 2000 635 Praesentibus
2014 606 2048 637 &
2060 606 2084 636 F
2087 608 2188 645 uturis,
2204 609 2316 640 nullum

202 632 294 676 Qod
307 632 399 677 didius
414 631 561 676 Dominus
572 631 669 676 noster
684 633 749 664 Rex
765 635 893 673 Angliae,
912 635 1057 678 Dominus
1070 635 1219 665 Hiberniae
1259 637 1393 668 volumus
1413 639 1610 679 ptaejudicium
1630 642 1768 679 generari,
1785 642 1853 680 quin
1874 651 2004 681 poterunt
2025 654 2125 675 omnes
2148 646 2181 676 &
2196 647 2316 687 fingulos

159 670 193 701 &
211 671 390 708 Aquitaniae,
405 680 439 700 ac
458 670 549 700 dietus
568 669 714 702 Dominus
735 672 889 703 Edwardus
908 672 1117 711 Primogenitus
1138 673 1217 711 suus,
1259 673 1283 702 F
1285 677 1404 713 ugitivos
1419 700 1429 715 ,
1446 677 1550 708 Exules
1564 701 1573 716 ,
1591 678 1625 709 &
1646 678 1831 709 Forbannitos
1845 701 1854 716 ,
1873 683 2016 718 praesentes
2037 684 2072 714 &
2092 683 2233 723 posteros,
2253 687 2316 724 qui-

160 708 297 740 Haeredes
314 709 348 739 &
362 708 727 752 Successores2Regnum,
746 710 903 749 Dominia,
921 712 1020 741 Terrae
1031 734 1040 747 ,
1057 712 1091 741 &
1104 711 1216 742 Subditi
1257 711 1436 753 buscumque
1455 716 1605 747 occasione
1624 716 1681 747 sive
1701 717 1801 754 causa,
1818 728 1833 748 a
1849 718 1957 755 Regno
1978 719 2108 751 Castellae
2126 723 2158 753 ἃ
2180 722 2318 760 Legi0nis

161 747 205 778 sua
221 756 427 785 quaecumque,
444 748 585 791 praesentia
600 749 633 788 ὅ(
649 747 758 792 futura,
776 759 870 786 erunt,
891 750 981 779 cuntis
994 748 1132 792 fiituribus
1143 759 1216 780 tem·
1257 752 1394 794 praedicto
1409 763 1558 791 seceptarc
1571 777 1580 792 ,
1599 753 1730 784 sustinere
1744 778 1753 793 ,
1775 757 1808 787 &
1834 755 1931 786 fovere
1953 758 1981 786 in
2005 758 2129 798 Regno,
2149 760 2298 792 Dominiis

162 787 294 823 poribus,
313 786 430 824 praefato
453 785 586 830 Domino
600 785 632 816 Ρ.
646 785 722 826 Regi
737 787 868 817 Castellae
882 788 915 817 &
930 786 1079 829 Legionis,
1096 798 1129 818 ac
1143 797 1214 825 prae-
1256 787 1407 830 'sertisque
1423 792 1475 821 suis
1494 792 1653 831 praedifflS,
1672 792 1762 822 modo
1774 794 1807 824 &
1821 793 1916 825 forma
1929 796 2027 832 quibus
2043 799 2184 829 retroaffls
2200 787 2313 841 tempo³

161 824 220 854 fato
236 822 372 853 Domino
385 823 522 861 Alfonso,
540 824 735 863 Primogenito
747 826 812 861 fiio,
829 834 929 863 eorum
944 824 1125 862 Haeredibus,
1143 827 1216 857 Suc-
1255 826 1331 856 ribus
1348 828 1455 858 facturn
1471 839 1527 860 erat
1539 831 1572 861 &
1587 829 1644 859 fieri
1657 829 1733 867 super
1748 831 1801 861 hiis
1814 832 1902 862 extitit
1915 834 2090 866 consuetum.

159 861 330 900 cefforibus,
348 860 454 901 Regno
463 884 473 900 ,
489 862 651 901 Dominiis,
669 862 781 905 Terris,
796 864 828 892 r&
842 862 963 906 Subditis
974 863 1214 903 quibuscumque,
1293 863 1346 901 Et,
1363 865 1398 896 ad
1415 867 1478 897 haec
1490 869 1588 897 omnia
1601 868 1635 898 &
1649 867 1753 907 singula
1762 869 1913 907 supradicta
1926 870 2108 903 effectualiter
2120 874 2295 915 adimplenda

162 900 251 931 Terra
266 898 418 939 Matique,
434 899 526 938 Boni,
543 901 677 942 VetaceS,
694 901 727 930 δε
742 900 850 930 Fideles
862 901 962 930 Amici
976 902 1009 932 &
1023 901 1151 941 Alligati,
1255 901 1379 933 eundem
1401 902 1567 936 Dominum
1588 905 1716 937 nostrum
1736 907 1848 947 Regem
1860 932 1870 946 ,
1888 908 2024 941 Haeredes
2036 935 2046 948 ,
2061 912 2094 942 &
2115 900 2314 945 Succeffores²

197 938 238 969 Et
249 940 288 969 eis
301 939 521 976 conservabunt,
538 937 624 968 Posle
634 938 701 976 suo,
717 937 854 968 Honores
869 939 980 978 &Jura
991 940 1136 979 quaelibet,
1153 941 1217 971 ubi-
1256 939 1391 972 Subditos
1412 943 1492 982 suos,
1509 943 1664 984 Regnum,
1679 945 1798 984 Terras,
1816 947 1849 977 ὅ(
1871 946 2007 978 Dominia
2029 949 2151 987 ipsorum
2165 938 2314 989 quaelibet²

161 987 286 1015 cumque
299 978 430 1008 sciverint
441 986 473 1006 ea
486 979 562 1020 fore,
618 1015 623 1019 η
753 1016 757 1020 ¹
865 1016 870 1021 ¹
1255 979 1397 1016 praesentia
1411 982 1445 1013 &
1458 982 1548 1021 futura
1583 983 1702 1022 praefatis
1715 983 1866 1021 Dominis,
1884 984 1957 1024 Regi
1971 986 2102 1017 Castellae
2116 989 2148 1018 &
2165 977 2316 1029 Levionis:

198 1014 370 1059 Dampnum
383 1015 504 1058 ipsorum
518 1014 673 1058 impedient
685 1013 800 1057 fideliter
815 1025 872 1059 pari
887 1016 992 1055 modo,
1090 1055 1095 1061 .
1255 1017 1290 1047 &
1309 1018 1428 1050 Alfonso
1449 1021 1522 1052 Filio
1551 1032 1590 1052 uo
1604 1044 1616 1060 ,
1635 1031 1791 1062 eorumque
1811 1022 1977 1054 Haeredibus
1988 1047 1998 1063 ,
2021 1014 2232 1058 Succefforibfi’s
2245 1051 2255 1067 ,
2280 1030 2315 1061 ὃς

201 1054 437 1092 anuscumque
453 1052 504 1083 suis
520 1052 658 1091 [nimicrs,
675 1052 918 1095 PenecutoribuS,
934 1056 969 1084 ὃς
981 1053 1125 1094 AEmulis,
1143 1065 1215 1096 prae-
1255 1055 1397 1097 Subditis,
1415 1067 1513 1091 tenore
1531 1061 1725 1099 praesentium,
1742 1061 1894 1092 efficaciter
1905 1062 2083 1102 obligamus,

161 1092 279 1123 sentibus
299 1093 345 1123 seu
365 1091 462 1122 futuris
477 1114 486 1128 ,
504 1091 591 1130 aliqua
611 1091 771 1121 Consilium
786 1115 795 1129 ,
821 1092 965 1122 Auxilium
981 1117 989 1131 ,
1009 1094 1054 1123 vel
1076 1094 1214 1125 Favorein
1291 1093 1330 1125 Et
1349 1106 1446 1137 nunc,
1463 1098 1497 1129 ad
1521 1099 1664 1137 majorem·
1673 1099 1855 1130 Securitatem
1868 1103 2052 1139 eorumdem,
2069 1103 2132 1132 vice
2144 1103 2178 1134 &
2193 1106 2314 1136 nomine

160 1139 259 1161 contra
278 1131 364 1169 ipsos,
382 1139 429 1160 aut
439 1139 537 1160 eorum
548 1130 687 1168 aliquem,
705 1140 882 1174 quacumque
901 1132 979 1162 causa
993 1132 1037 1162 vel
1052 1134 1214 1172 occafione,
1254 1131 1431 1174 supradictis,
1453 1138 1642 1174 promittimus
1661 1137 1739 1168 bonai
1759 1137 1831 1176 fide,
1844 1148 1878 1168 ac
1898 1138 1928 1168 iri
1948 1140 2084 1170 Animam
2107 1141 2175 1171 disti
2190 1142 2314 1174 Domini

159 1169 285 1209 praesenti
303 1169 347 1199 vel
367 1167 478 1206 futura,
497 1168 617 1211 perlSe,
633 1169 677 1199 vel
697 1178 746 1206 per
767 1169 846 1199 Alios
860 1191 869 1207 ,
887 1171 1000 1206 publice
1018 1172 1062 1201 vel
1081 1173 1217 1211 occulte,
1255 1171 1343 1213 nostri
1370 1173 1458 1213 Regis
1482 1175 1592 1214 Angliae
1617 1176 1763 1213 corporale
1805 1176 1947 1207 raestamus
1971 1177 2182 1209 Sacramentum
2199 1203 2210 1220 ‚
2233 1181 2314 1221 quod

158 1218 216 1237 nun
238 1215 301 1237 uam
313 1207 419 1251 dabunt
433 1217 488 1250 nec
502 1207 624 1250 facient,
992 1247 997 1252 ⁹
1041 1249 1046 1253 .
1068 1248 1073 1253 ,
1164 1249 1168 1253 .
1255 1208 1330 1239 idem
1349 1210 1495 1244 Dominus
1510 1214 1575 1244 Rex
1588 1215 1763 1253 Alligantias,
1809 1216 1880 1253 igas,
1897 1215 2061 1254 Amicitias,
2080 1216 2314 1251 Confoederatio-

231 1256 263 1276 ec
287 1244 421 1276 inimicos
443 1245 614 1283 huiusmodi,
631 1244 670 1288 ad¹
685 1244 853 1289 Dampnum
868 1245 911 1275 seu
926 1246 1126 1284 praejudicium
1141 1248 1213 1278 disti
1255 1258 1318 1286 nes,
1337 1248 1569 1290 Conventiones,
1587 1255 1620 1284 &
1639 1253 1740 1290 Pacta,
1758 1262 1914 1291 caeteraque
1928 1254 2077 1292 praedicta,
2091 1257 2121 1285 in
2133 1259 2266 1289 omnibus
2277 1259 2313 1290 &

156 1282 246 1328 Regis
267 1282 397 1315 Castellae
419 1285 451 1314 ὃ(
475 1284 621 1322 Legionis,
640 1282 767 1327 Filii-sui,
785 1284 958 1323 l-laeredum,
979 1286 1091 1324 Regni,
1107 1286 1210 1330 Domi-
1255 1295 1314 1330 per·
1329 1291 1424 1319 omnia
1440 1313 1450 1327 ,
1467 1293 1588 1329 tenebit,
1606 1292 1785 1330 adimplebit,
1803 1292 1837 1322 &
1858 1293 2053 1323 inviolabiliter
2077 1294 2250 1335 observabit,
2269 1304 2314 1327 te-

15 1334 40 1357 n>
53 1336 104 1363 VI.
156 1332 288 1361 morum,
305 1324 350 1353 seu
367 1323 521 1352 Terrarum
537 1322 654 1366 suorum
670 1321 787 1366 scienter
803 1332 861 1352 non
880 1325 1062 1366 receptabunt
1075 1334 1127 1354 nec
1144 1325 1214 1353 *re-
1256 1334 1331 1367 neri,
1349 1326 1510 1368 adimpleri,
1530 1331 1562 1361 ὅ(
1576 1330 1773 1360 inviolabiliter
1786 1329 1928 1361 observari
1940 1331 2035 1370 faciet,
2047 1341 2134 1370 eaque
2147 1334 2176 1363 in
2190 1342 2253 1365 toto
2267 1334 2313 1366 vel

157 1361 259 1399 cipient
273 1383 283 1399 ,
314 1361 447 1398 receptari
474 1369 519 1391 aut
541 1370 627 1398 reeipi
647 1360 752 1391 facient
772 1371 826 1391 nec
847 1370 1010 1400 permittent
1030 1363 1217 1401 quomodoli-
1256 1372 1285 1391 m
1306 1373 1380 1402 parte
1398 1377 1546 1406 nunquam
1568 1377 1682 1406 rumpet
1703 1378 1757 1399 nec
1774 1369 1906 1407 violabit,
1925 1371 2019 1407 rumpi
2040 1381 2094 1401 nec
2117 1372 2214 1402 violari
2227 1373 2314 1405 faciet

14 1384 76 1412 370-

154 1401 267 1482 bciffiec.
283 1439 311 1468 in
326 1438 451 1476 Regno,
472 1430 618 1467 Dominiis
629 1436 662 1467 &
677 1435 776 1466 Terris
789 1435 841 1466 suis
857 1436 996 1476 praedictis
1008 1440 1113 1469 morari
1126 1439 1215 1470 scien-

156 1485 525 1553 terlgssgfflatlikdg’'mimicos,
542 1512 751 1549 Persecutores,
770 1512 803 1543 &
816 1512 952 1544 AEmulos
968 1513 1124 1552 hujusmodi
1160 1527 1210 1555 per

154 1555 182 1585 se
204 1553 347 1592 velalios,
364 1553 479 1590 publice
493 1553 537 1583 vel
551 1551 685 1589 occulte,
702 1551 1044 1596 quibul'cumquetTirulo
1058 1555 1102 1584 vel
1118 1539 1210 1586 Golo-

152 1603 203 1630 re,
225 1591 456 1624 contradictum
479 1591 590 1630 Regem
613 1589 742 1620 Castellae
761 1590 794 1619 &
815 1590 967 1629 Legionis,
987 1591 1091 1622 Filium
1111 1594 1209 1633 suum,

101 1626 105 1633 ’
150 1628 353 1668 Haeredezr&
367 1629 561 1668 Successores,
578 1627 734 1666 Regnum,
745 1628 871 1672 Terras,
890 1629 1046 1669 Dominia,
1064 1631 1120 1664 sive
1133 1633 1209 1664 Sub-

151 1668 240 1708 ditos,
258 1668 431 1701 sustinebunt
446 1678 500 1698 nec
512 1668 650 1707 juvabunt
664 1677 764 1706 quOVis
778 1667 887 1706 modo,

186 1707 214 1737 A
234 1707 416 1746 praesentibus
435 1707 594 1744 Alligantiis
607 1705 776 1736 Dominum
788 1704 914 1744 Papam,
932 1705 1135 1738 Romanorum
1150 1709 1208 1739 Im-

150 1754 326 1785 peratorem,
341 1745 512 1782 modernum
530 1745 694 1775 Dominum
715 1743 827 1783 Regem
850 1744 993 1783 Franciae,
1011 1746 1090 1786 ipsius
1105 1747 1208 1778 Haere-

151 1785 199 1815 des
212 1807 222 1823 ,
242 1785 360 1815 Liberos
373 1807 382 1822 ,
397 1785 431 1816 ὃς
450 1782 644 1820 Succeffores,
661 1782 815 1821 Regnum,
834 1783 868 1813 &
891 1782 1042 1822 Subditos,
1061 1786 1207 1823 praesentes

151 1825 186 1856 ὃ(
217 1823 339 1861 osteros,
358 1823 512 1859 excipimus
524 1822 675 1859 speciliater
689 1821 721 1852 &
737 1821 868 1860 expresse.

185 1832 216 1892 §gi
238 1872 334 1892 tamen
356 1861 500 1898 praedisti,
518 1869 564 1891 aut
585 1859 685 1898 aliqui,
704 1859 751 1890 vel
765 1860 859 1898 aliquis
870 1868 988 1898 eorum,
1000 1862 1141 1901 juverint,
1159 1863 1204 1894 vel

144 1900 265 1938 juverit,
282 1910 331 1940 per
352 1900 406 1936 Se,
424 1900 470 1931 vel
492 1909 540 1937 per
560 1897 669 1929 Gentes
688 1897 760 1936 suas,
776 1898 927 1937 inimicos,
946 1898 1151 1940 Persecutores,
1169 1912 1203 1933 ac

149 1937 288 1968 AEmulos
306 1939 378 1968 dieti
394 1938 480 1977 Regis
495 1936 642 1975 Castellce,
658 1937 691 1968 &
706 1936 853 1975 Legionis,
871 1937 916 1967 seu
931 1937 1000 1967 dieti
1016 1938 1141 1969 Domini
1153 1940 1205 1971 Al-

147 1976 219 2008 fonsi
245 1977 307 2007 Filii
325 1977 364 2008 sui
379 1999 388 2013 ,
405 1977 583 2014 aliorumque
601 1975 760 2005 Haeredum
775 1998 785 2013 ,
801 1977 833 2007 &
853 1975 1052 2006 Successorum
1073 1978 1205 2018 suorum,

146 2024 192 2046 aut
212 2015 355 2053 dederint,
374 2015 418 2044 seu
438 2014 559 2052 dederit,
578 2014 634 2051 eis,
650 2013 695 2043 vel
715 2023 816 2044 eorum
837 2015 1006 2052 cuicumque
1028 2014 1206 2056 Consilium,

145 2054 311 2091 Auxilium,
325 2053 370 2084 vel
391 2053 546 2091 Favotem,
565 2051 642 2082 idem
664 2051 810 2082 Dominus
831 2051 895 2082 Rex
914 2051 1026 2092 Angliae
1062 2055 1095 2086 &
1113 2055 1204 2087 dietus

146 2091 292 2123 Dominus
312 2092 465 2123 Edwardus
486 2091 567 2122 Filius
588 2090 665 2128 suus,
681 2090 781 2129 aliique
800 2089 951 2129 Haeredes,
969 2093 1002 2123 &
1024 2077 1205 2125 §ucceffores

147 2131 202 2168 sui,
220 2132 356 2167 juvabunt
378 2140 426 2168 per
448 2130 485 2160 Se
505 2130 537 2160 ὃς
562 2128 673 2158 Gentes
691 2128 748 2158 suas
767 2128 877 2159 dietum
898 2128 1009 2168 Regem
1024 2131 1155 2163 Castellae
1168 2134 1202 2164 &

145 2168 296 2208 Legionis,
311 2170 344 2199 δε
359 2169 468 2198 ἀίξωῐη
482 2168 646 2198 Dominum
661 2166 808 2197 Alfonsum
823 2167 926 2196 Filium
941 2169 1039 2207 suum,
1054 2169 1202 2210 Haeredes,

143 2208 178 2237 <Sc
200 2207 375 2239 Successores
396 2208 457 2237 suos
478 2206 635 2244 (ipsorum,
655 2205 741 2243 Regis
761 2204 891 2235 Castellae
905 2206 938 2236 δε
956 2207 1103 2246 Legionis,
1123 2210 1204 2248 Filii,

143 2246 178 2276 &
198 2246 399 2276 Succeliorurn
418 2244 548 2282 suorum,
570 2244 781 2281 Sumptibus&
803 2244 952 2283 Expensis)
972 2246 1063 2283 eisque
1078 2247 1203 2286 dabunt,

141 2284 220 2321 super
240 2285 305 2322 hiis,
325 2284 503 2321 Consilium,
522 2283 683 2322 Auxilium,
699 2283 732 2313 &
758 2282 896 2313 Favorem
917 2283 951 2313 ad
973 2284 1144 2316 Tuitionem
1168 2287 1201 2318 &

138 2321 355 2354 Protefflonem
374 2322 543 2360 Regnorum
559 2322 591 2352 δε
612 2321 817 2351 Dominiorum
835 2320 948 2352 suorum
965 2324 1169 2359 predidiorum.

176 2361 308 2392 Subditos
321 2362 383 2391 suos
389 2384 398 2399 ,
418 2363 450 2391 &
465 2361 531 2391 alios
547 2359 779 2398 qualescumque,
797 2359 937 2396 Regnum
952 2360 1083 2391 Castellae
1096 2364 1129 2394 &
1144 2363 1201 2394 Le-

137 2401 246 2440 gionis,
260 2409 306 2431 aut
330 2400 381 2431 alia
403 2399 506 2430 Terras
528 2400 560 2430 &
583 2398 720 2428 Dominia
741 2398 813 2429 dieti
839 2398 940 2437 Regis,
959 2409 1008 2438 per
1022 2400 1143 2432 Terram
1155 2402 1200 2433 vel

137 2449 186 2476 per
211 2439 294 2468 Mare
314 2438 459 2468 offendere
473 2461 481 2475 ,
499 2438 544 2468 vel
564 2437 694 2468 'invadere
716 2438 863 2467 molientes
879 2460 888 2475 ,
905 2439 1091 2471 refraenabunt
1112 2441 1199 2471 etiam

139 2485 203 2508 toto
223 2477 318 2515 posse,
338 2477 371 2508 &
395 2477 505 2507 dietum
526 2476 638 2513 Regem
660 2474 790 2506 Castellae
809 2476 842 2506 ὅ(
864 2475 1015 2518 Legionis,
1033 2488 1066 2508 ac
1087 2478 1200 2510 dictum

138 2515 289 2547 Alfonsum
310 2515 415 2546 Filium
435 2516 536 2553 suum,
555 2514 690 2544 rixi-edes
704 2536 714 2551 ,
731 2515 763 2545 &
784 2514 963 2545 Successores
984 2525 1101 2555 eorum,
1117 2518 1199 2556 juva-

141 2554 230 2592 bunt,
250 2563 279 2584 ut
291 2554 330 2584 est
344 2554 473 2589 diistum3

175 2592 212 2622 Et
228 2593 289 2624 laec
302 2593 399 2622 omnia
414 2593 447 2622 ὃς
461 2591 566 2629 singula
576 2614 585 2629 ,
603 2590 854 2630 quotienscumque
868 2591 961 2622 dictus
976 2591 1119 2624 Dominus
1132 2593 1197 2626 Rex

137 2630 265 2661 castellae
283 2632 316 2662 ὃς
340 2631 474 2669 Legionis
487 2653 497 2668 ,
516 2630 652 2660 Haeredes
665 2652 675 2666 ,
693 2631 726 2660 ὃς
750 2630 930 2661 Successores
949 2630 985 2660 sui
1002 2654 1011 2668 ,
1030 2631 1108 2671 super
1129 2633 1197 2672 hiis,

135 2670 281 2708 praefatum
303 2669 468 2700 Dominum
488 2667 620 2698 nostrum
641 2667 754 2707 Regem
775 2668 902 2707 Angliae,
921 2678 966 2699 aut
982 2672 1038 2707 ejus
1048 2671 1197 2710 Primoge-

136 2709 229 2737 nitum
246 2709 450 2744 supradictum,
470 2707 513 2736 vel
528 2706 665 2737 Hier-edes
681 2708 713 2737 &
730 2707 910 2738 Succeffores
930 2717 1047 2747 eorum,
1064 2709 1195 2742 duxerint

136 2747 333 2782 requirendum
344 2768 353 2783 ,
370 2746 403 2775 ὃς
425 2747 462 2774 eis
476 2745 585 2774 necelle
596 2745 696 2782 fuerit,
714 2754 759 2775 aut
773 2745 914 2785 indigeant
927 2745 1050 2784 ipsorum
1063 2747 1194 2787 Auxilio,

133 2784 166 2813 in
179 2784 232 2814 hac
248 2793 338 2821 parte,
356 2783 432 2813 boii&⁴
446 2782 500 2813 fide
515 2783 727 2820 adimplebunt,
865 2819 874 2824 ἱ

171 2821 209 2852 Et
222 2831 321 2853 contra
331 2831 432 2852 omnes
445 2820 587 2850 Homines
603 2819 724 2857 Mundi,
742 2821 790 2857 qui
805 2821 917 2858 poliunt
930 2822 1024 2853 vivere
1038 2823 1093 2854 sive
1108 2827 1193 2864 mori,

133 2861 183 2897 qui
204 2860 314 2890 dictum
338 2860 449 2899 Regem
471 2857 603 2889 Castellae
626 2860 658 2889 &
680 2858 829 2896 Legionis,
847 2859 951 2889 Filium
972 2861 1069 2899 suum,
1089 2863 1192 2894 Haere-

132 2899 182 2929 des
193 2921 202 2936 ,
219 2899 396 2930 Successores
407 2921 416 2936 ,
435 2897 480 2928 seu
499 2897 654 2934 Subditos,
670 2896 806 2935 Regnum
821 2919 829 2933 ,
846 2897 947 2928 Terras
960 2921 969 2935 ,
987 2899 1032 2931 seu
1054 2900 1191 2932 Dominia

131 2937 299 2975 supi-adierat,
317 2936 407 2968 Terra
430 2935 543 2966 Marive
556 2934 719 2973 offendere,
739 2934 884 2974 invadere,
903 2937 1085 2976 impugnare,
1103 2950 1148 2971 aut
1162 2942 1189 2971 in

131 2975 194 3013 iplis
214 2975 357 3006 Guerram
375 2974 468 3007 facere
486 2973 703 3013 praesumpserint
719 2973 878 3012 (ipsorum,
895 2974 982 3014 Regis
1005 2975 1137 3008 Castellae
1156 2980 1189 3009 δε

133 3013 282 3053 Legionis,
305 3014 381 3052 Filii,
401 3014 433 3043 ὃς
456 3012 654 3042 Sticceslorum
669 3012 799 3050 suorum,
817 3012 980 3051 Sumptibus
995 3016 1028 3045 &
1042 3015 1188 3054 Expenfis)

131 3062 181 3083 eos
199 3053 332 3090 juvabunt
352 3060 413 3082 toto
434 3050 530 3089 posse,
545 3059 575 3080 ut
596 3050 637 3080 est
658 3050 785 3088 dictum,
804 3051 835 3081 ὃς
852 3052 880 3081 in
896 3052 946 3081 hiis
960 3052 1067 3084 dabunt
1085 3054 1189 3086 Consi-

132 3090 205 3121 lium
217 3114 226 3128 ,
251 3091 396 3122 Auxilium
411 3113 421 3128 ,
445 3090 478 3120 ὃς
498 3089 634 3119 Favorem
651 3112 660 3125 ,
677 3097 761 3128 prout
784 3089 883 3119 melitis
897 3090 1027 3121 sciverint
1043 3102 1089 3122 aut
1107 3104 1189 3132 pote-

132 3138 198 3158 runt
215 3130 314 3166 quovis
329 3129 435 3166 modo,
455 3128 532 3158 boni
549 3128 618 3165 fide,
636 3128 668 3158 ὃς
685 3128 740 3157 sine
752 3127 864 3167 fraude,
881 3129 913 3159 &
928 3130 1003 3160 malo
1017 3132 1187 3170 ingenio,&

132 3167 200 3196 sicut
215 3177 266 3205 pro
280 3167 359 3196 factis
372 3168 405 3198 &
420 3168 535 3204 negotiis
550 3167 673 3203 ipsorum
688 3167 820 3196 facerent.

169 3204 215 3235 Ad
237 3204 315 3273 hagie,
334 3205 542 3242 promittimus,
562 3204 637 3234 bonai
659 3204 731 3241 fide,
748 3206 812 3235 vice
834 3206 867 3236 &
888 3207 1009 3236 nomine
1029 3208 1131 3246 quibus
1145 3209 1188 3241 su-

151 3253 178 3273 ra
231 3254 268 3273 uo

129 3252 149 3281 p
163 3266 194 3311 Si
211 3253 360 3319 (dontingat
379 3279 544 3309 Dominum
555 3279 678 3321 ⁴Regem
701 3279 831 3310 Castellae
850 3283 883 3312 &
911 3282 1055 3321 Legionis,
1083 3284 1185 3316 Alfon-

127 3318 187 3349 sum
212 3319 313 3349 Filium
336 3319 432 3355 suum,
449 3326 495 3348 aut
516 3319 640 3354 ipsorum
661 3317 814 3356 Haeredes,
833 3319 1007 3352 Hominibus
1027 3323 1060 3353 ad
1078 3323 1182 3364 Arma,

128 3357 291 3387 Castellanis
305 3379 314 3395 ,
332 3356 494 3395 Sagittariis,
513 3356 682 3393 GuieribuS,
700 3356 943 3396 Vandaliensibus,
961 3369 1007 3390 aut
1029 3361 1087 3391 aliis
1109 3363 1184 3393 iridi—

126 3404 193 3435 gere
209 3418 217 3431 ,
232 3406 265 3425 ac
286 3395 444 3425 Subsidium
466 3395 570 3432 praefati
590 3394 713 3424 Domini
736 3395 823 3424 nostri
845 3395 947 3435 Regis,
966 3399 995 3427 in
1015 3398 1067 3428 hac
1088 3409 1181 3441 parre,

125 3434 376 3472 quotienscumque
398 3434 430 3463 ὃς
452 3433 689 3471 quandocumque
709 3432 816 3464 duxerit
833 3433 878 3464 seu
895 3435 1024 3467 duxerint
1038 3439 1182 3477 requiren-

124 3473 195 3503 dum
213 3482 259 3509 per
275 3472 310 3501 Se
324 3480 372 3502 aut
386 3471 521 3501 Nuncios
536 3472 720 3508 eorumdem,

161 3510 240 3540 Idem
254 3509 398 3540 Dominus
412 3509 506 3538 noster
520 3509 598 3547 Rex,
616 3511 649 3541 ὃ(
664 3509 816 3539 Edwardus
830 3509 914 3540 Filius
927 3510 1004 3549 suus,
1019 3523 1178 3553 eorumque

123 3548 276 3586 Haeredes,
295 3547 397 3585 absque
407 3546 571 3578 difficultate
585 3547 691 3585 aliqui,
706 3549 840 3584 juvabunt
851 3548 930 3579 bona
945 3550 1015 3588 fide,
1034 3553 1068 3582 δε
1080 3552 1178 3582 secun-

123 3588 192 3618 dum
217 3586 341 3617 modurn
361 3586 394 3616 &
415 3584 537 3614 formam
559 3586 678 3624 superius
698 3595 845 3616 annotatos
860 3609 869 3623 ,
883 3587 992 3625 dictos,
1012 3587 1176 3621 Dominum

123 3626 234 3665 Regem
256 3624 383 3655 Castellae
400 3624 433 3652 δε
456 3622 603 3665 Legionis,
621 3626 653 3655 &
675 3623 822 3655 Alfonsutn
844 3625 946 3656 Filium
962 3626 1058 3665 suum,
1077 3638 1110 3658 ac
1127 3639 1177 3659 eo-

122 3675 185 3695 rum
207 3663 342 3693 Haeredes
356 3685 365 3700 ,
390 3661 425 3690 de
446 3659 588 3691 Gentibus
611 3662 793 3701 hujusmodi,
818 3664 850 3694 &
867 3664 951 3703 usque
969 3665 1003 3694 ad
1024 3676 1176 3698 numerum

122 3713 208 3742 quern
222 3713 236 3732 a
250 3702 277 3733 se
291 3699 447 3732 commode
461 3707 592 3737 poterunt
606 3699 746 3730 dimittere
755 3723 763 3737 ,

161 3741 198 3771 Et
220 3742 304 3771 etiam
323 3738 469 3774 sustinere,
490 3737 659 3767 considerat-51
680 3747 780 3767 eorum
795 3739 954 3770 necessitate
966 3742 1094 3782 propria,
1109 3754 1174 3783 quae

124 3781 286 3818 contingere
313 3779 414 3815 poterit
442 3776 615 3812 temporibus
635 3776 793 3806 successuris
821 3776 1003 3816 <sumptibus
1025 3790 1118 3811 tamen
1140 3784 1174 3813 ὃς

123 3816 258 3854 Expensis
278 3816 476 3855 praefatorum,
498 3815 585 3852 Regis
605 3812 734 3843 Castellae
756 3815 788 3844 ἃ
813 3814 961 3853 Legionis,
981 3817 1090 3850 Alfonfi
1110 3820 1174 3851 Filii

121 3855 178 3892 sui,
193 3855 226 3884 ὃς
238 3854 394 3887 Haeredum
408 3854 536 3889 suorum)
549 3852 702 3882 secundum
717 3851 816 3882 statum
831 3852 996 3884 Hominum
1008 3856 1175 3899 Armorum,

122 3893 345 3931 Sagittariorum,
360 3894 393 3924 &
410 3893 521 3922 aliarum
537 3892 676 3922 Gentium
691 3891 887 3929 praedictarum
897 3916 906 3931 ‚

159 3930 233 3961 Infra
247 3939 284 3960 xv
300 3931 407 3961 dierum
419 3931 552 3970 spatium,
569 3940 584 3959 a
598 3938 725 3965 ternpore
738 3928 936 3966 Requifitionis
950 3931 1121 3971 hujusmodi,

1254 1410 1309 1430 nec
1328 1406 1483 1444 permittet,
1508 1417 1559 1438 nec
1580 1408 1641 1447 ipsis
1660 1408 1864 1438 contravenerit
1884 1409 1915 1437 in
1937 1407 2081 1447 firmi-um,

1290 1438 1327 1482 Et
1350 1444 1448 1480 quOd,
1467 1446 1494 1473 in
1516 1447 1626 1484 propria
1641 1445 1762 1476 Persona
1777 1446 1838 1483 sua,
1855 1445 1962 1476 easdem
1977 1447 2152 1486 Alligantias,
2169 1459 2202 1480 ac
2215 1450 2313 1481 omnia

1254 1476 1288 1507 δε
1308 1481 1411 1511 ίιησυΙα
1430 1483 1600 1523 supradiCta,
1618 1493 1670 1522 pro
1687 1484 1742 1522 Se,
1758 1485 1867 1522 ejusque
1888 1484 1961 1514 Filio
1984 1485 2198 1526 Primogenito,
2215 1489 2249 1519 &
2263 1498 2315 1519 eo-

1253 1525 1319 1547 rum
1348 1537 1350 1539 >
1373 1521 1509 1551 aeredibus
1523 1544 1534 1560 ,
1552 1523 1707 1560 acceptabit
1721 1544 1730 1559 ,
1745 1522 1930 1562 approbabit,
1949 1524 1982 1554 ὃς
2003 1523 2099 1554 denuo
2117 1526 2312 1564 confirmabit,

1252 1554 1416 1599 Astantibus
1437 1558 1607 1590 Consiliariis
1625 1560 1676 1591 suis
1689 1583 1699 1599 ,
1715 1559 1838 1590 Praelatis
1854 1582 1863 1597 ,
1882 1559 2069 1600 Proceribus,
2088 1562 2261 1603 Nobilibus,
2278 1565 2314 1598 &

1251 1593 1308 1623 aliis
1323 1594 1420 1635 Regni
1434 1598 1562 1637 Angliae,
1579 1599 1612 1629 &
1625 1600 1744 1630 aliorum
1760 1597 1969 1629 Dominiorum
1983 1600 2095 1630 suorum
2105 1623 2114 1638 ,

1287 1632 1342 1672 Et,
1361 1636 1440 1673 super
1453 1638 1505 1667 hiis
1520 1638 1667 1675 omnibus,
1688 1637 1793 1667 Literas
1806 1637 1878 1674 suas,
1896 1637 1993 1676 Sigillo
2008 1638 2058 1668 suo
2072 1640 2209 1677 munitas,
2228 1648 2313 1678 prout

1251 1669 1450 1705 Anteceffores
1471 1675 1528 1714 fiii,
1543 1676 1572 1706 R
1591 1684 1637 1706 ves
1660 1675 1790 1714 Angliae,
1806 1675 1936 1706 fecerunt
1956 1676 1986 1705 in
2008 1676 2157 1716 similibus,
2174 1679 2243 1708 citra
2257 1679 2313 1710 Fe-

1250 1708 1326 1753 stum
1341 1711 1566 1745 Resurrec‘tionis
1611 1715 1745 1744 ominicae
1760 1715 1939 1751 proximum,
1953 1714 2046 1744 eidem
2061 1714 2207 1754 Regi,vel
2220 1716 2311 1747 Nun-

1250 1757 1299 1791 ciis
1319 1751 1439 1788 ejusdem
1461 1752 1548 1791 Regis
1567 1751 1715 1791 Castellae,
1731 1753 1765 1783 ad
1787 1752 1985 1790 recipiendum
2005 1753 2115 1783 easdem
2133 1754 2314 1794 deputandis,

1247 1794 1322 1817 inter
1345 1788 1470 1821 Fontem
1495 1791 1615 1821 Rabiam
1632 1792 1666 1823 &
1680 1790 1842 1831 Bayonam,
1859 1790 1964 1828 tradet,
1981 1791 2050 1821 tradi
2061 1791 2108 1822 seu
2121 1794 2225 1824 realiter
2239 1793 2311 1824 libe-

1248 1827 1301 1855 rari
1314 1825 1419 1896 figet,
1437 1829 1538 1860 eodem
1547 1828 1750 1869 Jurejurando,
1769 1837 1885 1867 totaque
1898 1829 1994 1860 nostra
2006 1829 2138 1862 Potentia
2149 1831 2312 1864 curabimus

1248 1873 1300 1895 nos
1374 1876 1446 1897 uros.

1282 1951 1384 1984 Tenor
1403 1954 1518 1992 quidem
1537 1954 1665 1996 praedicti
1678 1953 1887 1992 Procuratorii,
1905 1954 1970 1985 sivae
1984 1955 2130 1992 praedicstae
2143 1956 2307 1998 Potestatis,

1245 1989 1288 2021 est
1301 1991 1353 2022 iste
1366 1995 1418 2032 qui
1430 1993 1568 2032 sequitur,

1246 2091 1453 2152 EDwardus
1466 2116 1477 2132 ,
1492 2091 1553 2122 Dei
1575 2092 1680 2132 gratia,
1696 2092 1761 2124 Rex
1783 2091 1912 2133 Angliae,
1931 2091 2077 2124 Dominus
2098 2094 2250 2128 Hiberniae
2272 2100 2306 2131 &

1246 2169 1266 2201 S
1283 2171 1290 2200 l
1320 2132 1497 2170 Aquitaniae,
1512 2131 1665 2171 omnibus,
1683 2132 1718 2163 ad
1738 2141 1809 2171 quos
1831 2134 1976 2170 praelentes
1992 2132 2095 2163 Literae
2109 2138 2308 2178 pervenerint,

1268 2180 1281 2200 a
1293 2178 1379 2200 utem.

1282 2209 1380 2239 Sciatis
1395 2208 1475 2247 quod
1492 2209 1577 2247 Nos,

1283 2247 1332 2277 De
1345 2247 1524 2278 Discretione
1538 2248 1571 2278 &
1586 2246 1741 2284 Industria,
1761 2244 1931 2276 dilectorum
1946 2246 1980 2277 &
1993 2245 2120 2278 fidelium
2133 2250 2306 2293 nostrorum,

1245 2285 1396 2316 Willielmi
1419 2285 1541 2316 Domini
1561 2285 1598 2315 de
1610 2285 1743 2325 Latymer
1760 2283 1860 2314 Militis
1874 2284 1908 2315 ὃ(
1925 2284 2056 2324 Baronis‚
2074 2297 2107 2316 ac
2118 2286 2256 2325 johannis
2268 2293 2305 2323 de

1244 2323 1380 2363 Stretleye
1399 2323 1510 2355 Decani
1532 2323 1667 2354 Eccleiiae
1688 2321 1908 2360 Lincolnienfis‚
1928 2323 2040 2363 Legum
2054 2323 2211 2368 Docimus,
2228 2340 2303 2368 prae-

1241 2363 1360 2394 sentium
1374 2364 1579 2401 exhibitorum,
1600 2361 1790 2399 confidentes,

1278 2402 1324 2432 Ac
1345 2410 1470 2432 tenentes
1487 2401 1544 2431 sine
1563 2401 1652 2430 dubio
1665 2399 1744 2437 quod
1760 2409 1809 2436 ea,
1827 2407 1891 2437 quae
1906 2398 1955 2429 sibi
1969 2401 2199 2443 committimus,
2217 2404 2305 2437 fideli.

1242 2449 1283 2471 ter
1296 2451 1329 2471 ac
1344 2440 1513 2470 laudabiliter
1528 2439 1667 2469 curabunt
1680 2437 1850 2475 adimplere,

1279 2478 1400 2509 Eosdem
1410 2502 1419 2517 ,
1439 2478 1481 2507 W
1484 2478 1629 2507 illielmum
1646 2477 1679 2507 ὃς
1691 2475 1870 2515 johannem,
1888 2475 1921 2506 ὃ(
1936 2486 2036 2507 eorum
2049 2478 2204 2516 quemlibet
2217 2481 2247 2511 in
2260 2480 2304 2511 so-

1240 2517 1330 2548 lidum
1348 2519 1403 2553 (ita
1418 2516 1497 2555 quod
1517 2516 1681 2554 occupantis
1693 2513 1821 2545 conditio
1836 2515 1936 2557 melior
1951 2525 2010 2544 non
2024 2516 2138 2553 existat)
2154 2518 2305 2559 Facimus,

1241 2556 1466 2593 Constituimus,
1486 2555 1639 2592 Cresimus,
1654 2555 1699 2583 seu
1712 2553 1798 2583 etiarn
1814 2551 1989 2595 Qrdmamus
2002 2554 2115 2585 nostros
2129 2565 2226 2595 veros,
2243 2568 2305 2588 cer-

1241 2604 1299 2631 tos,
1317 2595 1474 2631 legitimos,
1493 2591 1674 2630 sufficientes,
1693 2592 1726 2622 δε
1745 2590 1917 2620 indubitatos
1931 2590 2145 2631 ProcuratoreS,
2164 2595 2304 2635 Adtores,

1238 2634 1422 2669 negotiorum
1438 2630 1590 2668 Gestores,
1608 2641 1640 2660 ac
1656 2631 1739 2660 etiam
1756 2628 1893 2673 Nuncios
1907 2629 2054 2669 speciales,
2072 2632 2222 2672 videlicet,

1277 2671 1323 2701 Ad
1347 2670 1524 2701 traCtandum
1538 2692 1548 2707 ,
1572 2667 1760 2711 ordinandum
1776 2690 1785 2705 ‚
1802 2667 2010 2706 disponendum
2026 2693 2036 2707 ,
2051 2673 2303 2713 conveniendum,

1237 2709 1457 2740 concedendum
1472 2731 1482 2745 ,
1500 2707 1655 2737 ineundum
1670 2729 1679 2745 ,
1697 2705 1860 2736 faciendum
1875 2729 1884 2744 ,
1902 2707 2147 2747 contrahendum,
2165 2721 2303 2750 compro-

1237 2748 1362 2778 bandum
1378 2771 1387 2786 ,
1405 2747 1591 2784 firmandum,
1610 2747 1643 2777 δε
1664 2744 1873 2788 roborandum,
1889 2747 2028 2786 perpetuo
2050 2747 2096 2777 vel
2116 2748 2150 2779 ad
2173 2757 2301 2789 tempus,

1236 2786 1333 2816 nostro
1355 2787 1488 2824 nomine,
1504 2786 1538 2826 ὃς
1558 2793 1610 2823 pto
1632 2783 1750 2827 Nobis,
1767 2782 1890 2822 Regnis,
1908 2784 1941 2814 &
1955 2783 2101 2816 Dominiis
2112 2786 2230 2826 nostris,
2249 2799 2301 2832 pro

1236 2825 1334 2855 Nobis
1355 2825 1388 2855 ὃ(
1412 2824 1622 2854 Succeiioribus
1642 2821 1758 2859 nostris,
1777 2830 1809 2851 ac
1823 2831 1875 2860 pro
1887 2821 1989 2852 nostris
2003 2822 2127 2854 Subditis
2142 2826 2176 2856 &
2192 2825 2298 2858 Vastat-

1234 2863 1264 2892 lis
1278 2886 1287 2901 ,
1305 2873 1373 2893 cum
1392 2885 1401 2899 ,
1418 2860 1657 2893 Excellentiffimo
1673 2884 1683 2898 .,
1707 2858 1867 2890 Clarissimo
1879 2881 1890 2896 ,
1912 2870 1945 2890 ac
1972 2860 2133 2900 Magnifico
2148 2862 2298 2905 Principe,

1235 2901 1369 2931 Domino
1384 2901 1472 2931 Petro
1485 2923 1493 2937 ,
1519 2900 1576 2929 Dei
1614 2898 1681 2929 rana
1696 2920 1706 2935 ,
1733 2896 1780 2927 Re
1798 2907 1814 2926 e
1834 2897 1962 2928 Castellae
1976 2921 1986 2936 ,
2003 2898 2138 2938 Legionis
2152 2925 2163 2939 ,
2179 2901 2298 2942 Toleti,

1234 2940 1370 2970 Galleciae
1382 2962 1391 2977 ,
1410 2938 1555 2969 Cordubae
1569 2961 1579 2975 ,
1644 2938 1746 2972 urciae,
1783 2937 1900 2979 jemai,
1916 2936 2071 2976 Algarbiae,
2090 2939 2124 2969 &
2146 2940 2297 2981 Algesirae,

1232 2988 1265 3008 ac
1285 2977 1427 3016 Viiacayce
1443 2999 1452 3012 ,
1471 2977 1503 3007 &
1524 2974 1687 3005 Comitatus
1712 2974 1837 3004 Molinae
1858 2973 1990 3004 Domino
2004 2997 2014 3013 ,
2033 2985 2085 3013 pro
2108 2977 2146 3008 Se
2160 3001 2170 3016 ,
2190 2980 2298 3019 suisque

1232 3016 1360 3054 Regnis,
1380 3017 1413 3047 &
1433 3014 1597 3052 DominiiS,
1617 3012 1801 3050 Haeredibus,
1818 3012 1852 3043 &
1871 3011 2084 3045 Succefforibus
2104 3016 2172 3055 suis,
2191 3029 2225 3050 ac
2245 3021 2297 3050 suis

1231 3054 1371 3093 SubditiS,
1391 3056 1424 3086 δε
1438 3052 1579 3087 Vassallis,

1268 3092 1398 3123 Necnon
1415 3101 1483 3122 cum
1497 3091 1552 3128 ejus
1566 3089 1769 3126 procuratore,
1779 3087 1833 3132 ’seu
1845 3087 2093 3132 Procuratoribus,
2112 3092 2292 3134 Nunciisque

1230 3131 1408 3169 specialibus,
1424 3132 1460 3160 ab
1481 3139 1516 3159 eo
1538 3128 1704 3158 habentibus
1724 3127 1759 3157 ad
1778 3127 1946 3170 infrascripta
1968 3138 2093 3168 meram,
2109 3131 2238 3170 plenam,
2258 3133 2293 3163 ὃ(

1227 3170 1345 3200 liberam
1363 3168 1551 3204 Potestatem,
1572 3165 1740 3195 Mandatum
1755 3165 1886 3202 speeiale,

1269 3208 1477 3246 Qioscumque
1498 3204 1666 3241 Tradimus,
1685 3202 1965 3247 Confoederationes,
1985 3204 2091 3244 Pacta,
2109 3206 2292 3239 Conventio-

1229 3257 1292 3284 nes,
1314 3247 1491 3283 Alligantias,
1510 3243 1673 3279 Amicitias,
1690 3241 1854 3280 Paetiones,
1870 3241 2087 3282 Promiffiones,
2106 3245 2241 3283 Foedera,
2255 3248 2289 3281 &

1228 3279 1395 3324 Ligamina,
1414 3290 1618 3322 quaecumque,
1636 3280 1669 3310 δε
1682 3281 1779 3323 omnia
1793 3280 1843 3310 alia
1856 3280 1889 3311 &
1903 3281 2006 3320 singula
2021 3292 2085 3320 quae
2099 3284 2128 3312 in
2143 3285 2289 3320 praemiffis

1226 3324 1258 3353 ὅ(
1275 3325 1348 3353 circa
1363 3322 1500 3362 praemissa
1516 3318 1666 3350 necessaria
1680 3319 1782 3348 fuerint
1795 3319 1839 3349 seu
1853 3320 1937 3349 etiam
1952 3329 2108 3359 oportuna,
2128 3330 2212 3357 prout
2224 3323 2288 3363 ipfis

1224 3361 1459 3391 Procuratoribus
1474 3358 1575 3389 nostris
1587 3357 1632 3387 vel
1644 3366 1743 3386 eorum
1756 3357 1833 3387 alteri
1846 3357 1937 3387 visum
1952 3358 2033 3387 fuerit
2049 3359 2193 3398 expedire,

1261 3400 1371 3429 Damus
1392 3399 1500 3436 insuper
1522 3398 1554 3427 &
1578 3394 1762 3425 concedimus
1785 3395 1903 3433 praefatis
1922 3395 2152 3427 Procurator-ibus
2168 3397 2283 3438 nostris,

1222 3439 1255 3469 δε
1279 3439 1394 3468 cuilibet
1418 3439 1435 3456 2<—
1452 3436 1578 3475 ipsorum
1602 3435 1631 3463 in
1652 3433 1771 3463 solidum
1785 3457 1795 3472 ,
1812 3434 1942 3472 plenam,
1962 3443 2088 3472 meram,
2108 3437 2140 3465 ὅ(
2160 3435 2280 3469 liberam
2316 3435 2337 3456 ⁸¹¹
2358 3440 2410 3467 VI.

1221 3476 1392 3506 Potestatem
1407 3476 1440 3506 Sc
1453 3474 1566 3514 speciale
1583 3472 1754 3502 Mandatum
1771 3472 1907 3509 praemissa
1918 3472 2014 3501 omnia
2028 3473 2061 3503 &
2075 3473 2196 3513 ringula,
2212 3485 2280 3507 cum

1222 3513 1460 3551 Dependentibus
1475 3522 1507 3542 ex
1522 3512 1576 3547 eis,
1593 3510 1827 3548 Einergentibus,
1842 3509 2053 3547 Iiicidentibus,
2069 3511 2102 3541 ὃ(
2116 3511 2279 3553 Connexis‚

1218 3553 1359 3590 faciendi,
1379 3551 1523 3586 firmandi,
1542 3549 1708 3585 roborandi,
1728 3558 1761 3578 ac
1783 3549 1866 3578 etiam
1887 3547 2005 3578 vallandi
2020 3557 2069 3587 per
2079 3548 2277 3587 juramentum

1217 3591 1247 3620 iri
1269 3591 1404 3620 Animam
1425 3589 1548 3619 nostram
1561 3609 1570 3624 ,
1598 3596 1642 3616 aut
1664 3587 1726 3617 ains
1746 3587 2005 3628 qualitercumque,
2032 3596 2117 3629 prout
2137 3591 2277 3628 praediffls

1216 3628 1448 3659 Procuratoribus
1462 3626 1576 3662 nostris,
1594 3628 1626 3655 ὃ(
1638 3634 1739 3654 eorum
1756 3624 1848 3662 alteri,
1867 3625 1956 3655 viium
1969 3624 2052 3655 fuerit
2066 3627 2208 3666 expedire,

1253 3667 1382 3697 Necnon
1405 3668 1437 3696 Sc
1460 3665 1535 3694 Bona
1557 3663 1667 3700 nostra,
1691 3664 1724 3693 δε
1746 3662 1932 3692 Subditorum
1952 3662 2135 3702 nostrorum,
2152 3665 2275 3699 Mobflja

1215 3705 1247 3736 δί
1271 3705 1448 3740 Immobilia,
1468 3702 1616 3732 Praesentia
1635 3702 1666 3731 ὃς
1691 3700 1808 3739 Futura,
1828 3700 1945 3739 Modis,
1965 3701 2094 3740 Formis,
2111 3704 2144 3732 &
2160 3702 2274 3736 Condi-

1215 3744 1336 3774 tionibus
1356 3744 1454 3780 quibus
1474 3740 1612 3769 voluerint
1625 3762 1635 3776 ,
1654 3739 1797 3781 obligandi
1818 3739 1897 3777 super
1919 3739 2062 3778 praemiffis
2082 3741 2216 3772 omnibus
2237 3745 2271 3776 &

1214 3783 1324 3821 singulis
1338 3780 1462 3812 tenendis
1476 3779 1508 3808 ὃς
1523 3778 1716 3814 observandis,

1253 3821 1331 3858 Qiae
1351 3819 1448 3849 omnia
1469 3818 1502 3847 δε
1522 3816 1625 3855 lingula
1645 3815 1801 3853 supradicta
1815 3839 1825 3855 ,
1868 3826 1897 3846 er
1937 3815 2045 3846 raefatos
2067 3815 2268 3851 Procuratores

1213 3858 1342 3895 nostros,
1357 3858 1388 3887 &e
1411 3864 1509 3885 eorum
1524 3855 1661 3891 alterum,
1678 3855 1794 3885 tractata
1806 3865 1841 3885 ve
1862 3855 2021 3892 tractanda,
2036 3853 2145 3887 firmata
2156 3857 2202 3888 vel
2217 3857 2267 3888 fir-

1212 3897 1329 3934 manda,
1347 3896 1474 3924 roborata
1496 3892 1541 3922 vel
1556 3893 1733 3931 roboranda,
1752 3893 1848 3924 vallata
1869 3894 1913 3923 ve]
1933 3892 2072 3931 vallanda,
2088 3893 2133 3925 seu
2145 3895 2208 3926 alias
2223 3898 2265 3927 fa·-

1211 3935 1324 3971 cienda,
1346 3932 1474 3970 juranda,
1490 3931 1522 3960 &
1536 3930 1687 3970 obliganda
1700 3933 1727 3961 in
1743 3932 1903 3972 praemiliis,
1922 3932 1955 3962 &
1970 3931 2044 3961 cirea
2060 3934 2212 3973 praemifla,
2229 3944 2263 3966 ac

161 3969 206 3998 Ad
223 3968 330 4000 Forum
343 3968 516 4000 Victualium
527 3991 536 4006 ,
555 3969 602 4006 qui
615 3978 668 4007 pro
680 3976 809 4005 tempore
823 3970 974 4006 continget
988 3971 1016 4000 in
1031 3972 1171 4010 partibus,
1208 3972 1415 4011 praemifforum
1428 3969 1587 4008 quodlibet,
1606 3978 1637 4000 ut
1650 3970 1814 4010 praefertur,
1832 3969 1916 4007 Nos,
1935 3968 1971 3999 de
1983 3978 2060 4000 certa
2071 3970 2199 4011 scientia,
2217 3982 2265 4003 ex-

122 4007 246 4044 respecotu
266 4007 381 4044 habito,
398 4007 474 4037 bonci
494 4007 549 4038 side
571 4007 735 4043 taxandum,
754 4016 787 4035 ac
806 4007 889 4036 etiam
905 4007 1108 4040 moderandum
1121 4020 1171 4050 per
1210 4022 1287 4042 nunc
1307 4018 1390 4048 prout
1410 4017 1478 4039 tunc
1498 4007 1639 4038 laudamus
1654 4031 1662 4044 ,
1680 4008 1865 4038 concedimus
1877 4030 1888 4047 2
1902 4007 2064 4053 firmamuS,
2081 4010 2265 4049 roboratum,

122 4045 254 4088 Qatuor
277 4044 390 4084 Legales
411 4045 535 4085 Milites,
548 4047 595 4086 qui
616 4045 649 4077 ad
662 4045 721 4078 hoc
731 4044 903 4077 assumentur
919 4046 1082 4084 (videlicet)
1098 4048 1171 4080 Duo
1207 4048 1482 4087 &comprobamus,
1499 4056 1584 4085 atque
1603 4046 1791 4084 ratificamus,

1716 4084 1785 4124 Η,
2222 4083 2261 4118 Et

2325 3476 2390 3511 3⁶²·
