2561 4251
710 128 826 171 ET
908 128 1178 172 ACTA
1258 131 1725 182 PUBLICA.

27 217 104 251 Ann.
120 214 161 246 D.

50 264 135 296 1359-

28 297 100 324 Edu.
119 303 146 331 3·
511 303 571 335 Pro
601 303 716 336 Comite
737 301 774 335 de
795 303 926 349 Anegos.

26 368 104 437 Alnn·
121 367 163 399 D‘
181 384 327 443 REX,
345 387 407 430 &e
437 384 579 433 *Salutem

70 417 135 448 359·
276 425 376 456 Sciatis
393 424 492 462 quod,

27 451 80 475 ‘¹⁷¹'
100 457 141 484 33'
215 463 295 495 Cum
309 463 442 494 Thomas
457 462 565 494 Comes
578 463 727 501 d’Anegos
739 464 775 495 de
790 463 899 503 Scotia‚
918 466 968 504 qui
991 465 1021 495 in
1043 464 1184 497 Obsidem
1198 475 1250 505 pro

26 490 102 553 {co}
118 533 130 561 3
137 533 150 560 3
179 501 279 533 David
293 501 329 532 de
343 501 445 540 Bruys‚
463 500 622 532 Prisonario
636 502 754 540 nostro,
772 503 806 533 ad
822 513 875 533 nos
894 504 924 533 in
942 504 1077 541 Angliam
1094 514 1182 544 nuper
1196 515 1246 535 ve-

157 544 162 550 ”
178 541 238 580 nit,
256 541 290 571 &
305 541 352 570 cui
369 540 531 571 Licenu‘am
546 540 677 571 dedimus
692 541 721 570 in
731 541 861 572 Scotiam
874 541 1083 581 proficiscendi,
1101 543 1134 573 &
1150 543 1185 574 ad
1198 552 1251 572 nos

89 572 248 610 ·''¹·3·i·nfra
269 586 379 610 certum
400 586 510 616 tempus
529 578 680 618 redeundi,
693 579 754 618 jam
771 580 802 611 fit
815 579 850 611 ad
866 579 936 611 Nos
958 581 989 611 in
1004 581 1140 619 Angliam
1154 590 1249 610 rever-

239 628 251 647 S

175 618 391 694 surgu'scepimus
403 654 495 692 ipsum
512 652 665 685 Comitem
679 655 712 686 &
726 655 893 688 Duodecim
908 656 1024 696 Equites
1037 656 1073 686 de
1093 654 1248 685 Comitiva

173 693 238 732 suit,
252 692 312 728 &c.
330 700 363 722 ut
379 697 409 724 in
420 690 547 733 fimilibus
561 693 594 722 de
607 693 742 725 Condut't‘u
763 697 887 734 uteris,
905 695 984 734 usque
1006 694 1047 724 ad
1067 693 1124 722 haec
1136 692 1244 730 verba,

174 732 306 763 videlicet

213 754 356 801 Nolen'tes
376 768 454 808 quod
476 768 553 800 idem
574 768 698 809 Comes,
729 778 864 808 praetextu
885 768 1051 814 aliquorum·
1066 768 1243 813 Debitorum

174 817 220 841 aut
237 807 463 846 Contracuium,
482 819 529 848 per
551 808 641 846 ipsum
662 818 725 839 ante
741 809 804 838 haec
819 816 948 845 tempora
969 806 1106 846 aliquibus
1121 807 1247 838 Subditis

175 846 280 877 nostris
293 847 322 876 in
336 845 415 876 (11ἃο
431 846 539 884 Regno
553 846 653 877 nostro
674 845 788 884 Angliae
810 845 971 883 faetorum,
989 845 1137 886 arestetur,
1156 845 1247 877 mole-

178 885 263 916 stetur
281 885 309 915 in
325 884 437 924 aliquO,
451 885 496 916 seu
509 892 646 922 gravetur.
723 921 728 926 .

210 923 245 954 In
259 924 354 963 cujus,
371 924 431 954 &c.
451 933 500 963 per
517 931 627 958 tempus
641 920 811 958 praediecum
824 920 972 952 duraturas.
1001 962 1006 966 Ι
1155 961 1161 967 ¹

245 961 333 993 Teste
346 961 432 1000 Rege
443 960 515 1000 apud
531 958 821 991 westmonasterium
830 982 840 999 ,
858 960 964 992 oetavo
978 961 1025 992 die
1042 960 1172 1001 Augusti.

504 1087 563 1120 Pro
589 1088 702 1120 Comite
725 1095 900 1120 memorato.

26 1182 105 1214 Anii.
121 1180 163 1212 D.
180 1175 319 1231 REX,
335 1175 396 1220 &e
433 1173 568 1222 §alutem

51 1229 135 1260 1359.
271 1215 372 1246 Sciatis
390 1213 470 1252 quod
597 1251 605 1264 ‚
884 1251 905 1261 ,Α

25 1263 80 1288 An.
113 1269 158 1297 33.
213 1252 297 1298 Cum
311 1252 443 1296 Thomas
454 1236 565 1296 (fomes
575 1250 595 1296 d
606 1251 741 1290 Anegos,
755 1251 795 1296 ¹de
809 1251 926 1297 Scotia,
942 1253 1075 1292 Qatuor
1089 1250 1190 1295 Naves
1204 1249 1241 1280 de

23 1302 53 1327 Β·
72 1307 99 1343 ³³
176 1291 319 1336 Flandrifi,
337 1289 821 1360 dwesffsnuofflffigfflffi
839 1287 1241 1365 ³¹¹¹3i3ss131020132¹253333

59 1336 125 1365 md·
172 1330 339 1406 fisgsffiiglrg
353 1339 469 1398 nDoudtgr
483 1351 539 1397 l’ive
554 1365 721 1405 Capitaneus
734 1351 843 1411 existit',
858 1340 878 1368 q
991 1406 996 1411 ι

209 1407 388 1445 Suscepimus
400 1406 468 1443 ipsas
482 1406 613 1445 Quatuor
627 1405 740 1443 Naves,
754 1415 788 1436 ac
808 1404 900 1450 ipsum
920 1404 1089 1449 Copmum,
1111 1404 1145 1435 &
1169 1402 1240 1435 Ma-

171 1447 286 1478 rinarios
309 1444 440 1475 Navium
463 1443 589 1482 illarum,
605 1454 638 1474 ac
658 1453 761 1474 omnes
779 1443 847 1474 alios
865 1443 1012 1474 Homines
1034 1443 1184 1488 Armatos,
1202 1442 1236 1473 &

173 1493 290 1516 caeteros
313 1483 505 1521 quoscumque
527 1483 556 1512 in
578 1482 663 1525 distis
683 1481 818 1513 Navibus
843 1481 1168 1526 existentes,·vemendo
1190 1491 1240 1520 per

41 1525 62 1547 ὓ
89 1528 142 1555 VI.
174 1523 195 1544 ²*
215 1522 300 1553 Mare
312 1521 347 1551 ad
360 1521 471 1551 dietum
486 1519 648 1558 passagium
661 1519 809 1558 nostrum,
827 1520 871 1551 vel
892 1520 965 1557 apud
985 1519 1091 1551 Villam
1112 1519 1239 1550 nostram

65 1574 127 1605 ¹34·
173 1561 291 1607 Calefii,
308 1560 338 1590 in
354 1557 846 1627 Prote&ione12u}cu{qfengonem
867 1558 1012 1598 nostram,
1028 1568 1159 1598 necnon,
1176 1556 1239 1593 &a

167 1597 436 1676 prriurcxtgttltjssrzngssgs
445 1598 572 1675 udfqggatd
587 1634 705 1667 Festum
716 1620 816 1668 Sai‘ieu
822 1634 944 1669 Martini
957 1635 1090 1676 proximo
1106 1635 1234 1669 futurum

171 1676 322 1748 dussgitirasut
339 1713 426 1753 supra.

171 1844 221 1877 De
244 1845 340 1891 Rege,
364 1842 458 1889 fhper
478 1840 668 1876 Trae‘batibus
686 1852 741 1889 pro
765 1845 861 1885 Pace,
896 1845 1028 1876 inaniter
1050 1841 1169 1889 delusb,
1199 1841 1236 1876 de

19 1897 100 1930 LAnn.
113 1895 156 1928 D.
409 1893 531 1924 Guerra
554 1892 736 1938 Refitmpta,
760 1894 797 1930 ώ-
822 1891 859 1925 de
880 1890 1006 1925 orando.

23 1945 137 2014 ἐηὸςὲζ-
170 1978 320 2040 REX,
338 1976 500 2010 Venerabili
511 1978 548 2022 'in
572 1975 689 2021 Christo
709 1976 803 2021 Patri,
821 1976 853 2008 S.
874 1976 975 2021 eadem
992 1977 1100 2046 gratia,
1120 1976 1240 2008 Archie-

21 2017 54 2044 ῖ-
75 2024 100 2052 3-
253 2018 371 2056 piscopo
382 2014 593 2052 cantuariensi,
611 2023 695 2045 totius
710 2015 827 2052 Angliae
840 2013 977 2054 Primati,
1013 2016 1125 2047 alutem.

16 2052 111 2091 Claus.
208 2056 278 2087 Post
293 2066 387 2087 conce
409 2064 470 2085 tum
484 2052 592 2091 pridem
608 2052 688 2083 Pacis
702 2055 736 2084 ὅ(
751 2053 973 2090 Tranquillitatis
985 2054 1136 2092 Spiritum,
1152 2062 1239 2091 quem

27 2100 72 2128 33·
88 2096 116 2120 Ε·
128 2101 153 2129 3-
170 2094 329 2127 Adversarii
343 2104 383 2124 no
410 2094 433 2123 ri
447 2092 574 2123 Franciae
582 2090 744 2121 victoriosa
750 2091 856 2129 Captio
869 2092 1072 2123 habundantius
1085 2093 1167 2123 solito
1174 2091 1238 2122 Co-

25 2139 63 2159 m·
75 2132 152 2169 13·d·
170 2133 353 2174 gitationibus
366 2130 466 2162 nostris
480 2128 632 2172 infuderat,
650 2129 736 2173 etiarn
749 2131 790 2160 ob
802 2129 909 2160 divinae
926 2130 1080 2170 Majestatis
1095 2131 1240 2163 Reveren-

170 2175 259 2210 tiam,
276 2181 311 2202 ac
325 2169 430 2208 Populi
444 2166 595 2199 Christiani
645 2175 766 2207 uietem,
861 2207 866 2212 ·
1093 2209 1098 2214 ⁴
1113 2209 1118 2214 ⁸

209 2212 396 2250 Quamquam
411 2206 616 2246 praeteritorum
648 2205 785 2237 'estorum
799 2207 965 2249 conJectura
981 2207 1150 2247 probabilis,

209 2250 326 2288 Utpote
342 2248 391 2286 qui
407 2248 437 2276 in
445 2243 644 2277 Prosecutione
653 2243 731 2275 Pacis
743 2245 1083 2284 hujuimodi,dampnosae
1097 2247 1241 2286 nimium,

171 2288 250 2330 quod
271 2287 345 2318 nulla
367 2284 536 2316 Posteritatis
557 2283 661 2313 delebit
684 2282 808 2314 Oblivio
815 2306 832 2326 ,ι
843 2285 965 2323 totiens,
991 2292 1091 2323 praeter
1114 2285 1240 2322 Culpam

173 2327 300 2358 nostram
314 2324 485 2364 quamlibet,
504 2323 584 2352 novit
601 2321 695 2361 Deus,
712 2321 795 2353 delusi
816 2323 920 2353 ruimus
940 2324 1058 2354 inaniter
1076 2325 1111 2355 δε
1131 2326 1242 2364 vexati,

170 2374 204 2397 ut
216 2366 251 2396 de
266 2365 372 2396 caeteris
385 2363 472 2393 Partis
485 2360 616 2392 Adversae
626 2362 689 2399 jam
711 2361 784 2392 notis
806 2360 1024 2401 calliditatibus,
1042 2372 1110 2394 cum
1125 2362 1243 2402 Regalis

173 2403 338 2436 Honestatis
352 2399 494 2432 Decentifi
529 2407 686 2439 taceamus,

213 2442 295 2473 Pacis
308 2440 478 2471 Tractatum
491 2423 655 2482 dissuaderet
669 2439 802 2477 ampleffi
810 2463 819 2479 ,
1125 2458 1129 2463 ·

212 2481 259 2512 Ad
272 2479 353 2518 ipsius
364 2487 460 2509 tamen
474 2476 707 2508 Prosecutionem
723 2477 919 2516 resumpsimus
934 2478 1095 2519 Animum,
1111 2479 1194 2512 Vires
1207 2480 1242 2512 ὃς

172 2520 271 2552 Studia
293 2518 504 2553 convertimus,
528 2516 562 2546 ὃς
580 2516 655 2547 circa
679 2515 854 2547 fruetuosum
871 2517 997 2555 ejusdem
1023 2518 1158 2558 Exitum,
1176 2530 1243 2558 pro-

172 2559 231 2590 lixo
247 2557 306 2589 satis
320 2564 468 2596 tempore,
484 2555 555 2586 sicut
574 2554 666 2587 vestra
682 2556 764 2586 novit
781 2555 982 2596 Providentia,
1005 2557 1180 2590 intendimus
1196 2559 1242 2590 di-

281 2607 295 2627 r

173 2597 335 2674 hgglttiiu’i,
354 2632 519 2665 Adversario
529 2632 628 2664 nostro
642 2633 797 2672 praedieco,
815 2634 843 2665 in
864 2634 920 2665 suae
943 2633 1160 2667 Dominationis
1177 2637 1242 2677 glo-

172 2674 215 2707 ria
235 2673 389 2705 constituto
404 2695 413 2710 ,
438 2673 554 2710 petitam
574 2682 623 2710 per
646 2682 698 2702 nos
714 2671 819 2703 Pacem
840 2673 974 2704 haetenus
997 2673 1099 2705 habere
1112 2677 1242 2714 nequivi-

172 2723 253 2751 mus,
269 2712 367 2743 ordine
389 2711 461 2750 Rei,
480 2710 591 2741 Divina
606 2710 757 2749 Potentia,
772 2711 972 2751 transmutato,
991 2722 1055 2743 eam
1078 2723 1138 2744 non
1160 2714 1241 2746 vide-

173 2761 269 2782 remur
283 2750 410 2787 refugere
426 2759 494 2780 cum
508 2748 635 2780 instantia
644 2750 703 2788 jam
717 2749 860 2788 oblatam;

213 2789 251 2819 Et
265 2788 379 2826 deinde,
397 2787 447 2817 sub
461 2787 643 2818 Mediatione
657 2788 691 2818 &
706 2787 867 2818 Affistentia
881 2787 1027 2827 Papalium
1042 2789 1242 2831 Nunciorum,

172 2838 209 2860 ac
224 2827 393 2858 Directione
407 2825 528 2863 provida
541 2825 776 2856 Consiliariorum
792 2825 956 2858 nostrorum
972 2829 1107 2866 (quorum
1115 2830 1241 2861 circum-

169 2866 350 2905 speffionem
363 2863 572 2896 &industriam
588 2864 727 2901 utriusque
743 2863 830 2895 Partis
844 2866 984 2896 maturitas
1006 2867 1163 2905 praeelegit)
1186 2868 1241 2900 Pa-

172 2907 214 2937 cis
226 2903 392 2935 Tractatum
407 2901 581 2933 confidenter
594 2901 725 2940 ingreffi,
744 2903 773 2932 in
787 2902 889 2933 eodeni
902 2914 939 2935 eo
958 2905 1043 2943 usque
1055 2906 1240 2944 proceffimus

172 2943 252 2982 quod
261 2966 272 2981 ,
287 2941 403 2973 redaffis
415 2943 444 2971 in
459 2940 577 2979 Scriptis
588 2941 621 2972 ὃ(
635 2940 766 2978 Sigillatis
778 2940 913 2973 Articulis
926 2943 994 2974 hinc
1007 2944 1040 2975 &
1056 2945 1134 2983 inde,
1145 2945 1239 2977 solum

175 2981 293 3013 restabat
305 2980 519 3011 Condffiorum
537 2979 772 3018 consummatio,
791 2990 875 3018 quam
894 2980 971 3011 idem
992 2982 1090 3013 noster
1104 2983 1239 3016 Adversa-

174 3021 232 3052 rius
266 3028 345 3052 certo
363 3019 397 3050 ad
416 3019 475 3050 hoc
490 3018 608 3057 praefixo
621 3026 765 3058 tempore,
783 3019 865 3049 nobis
877 3029 933 3051 erat
954 3020 1110 3062 pollicitus,
1129 3023 1242 3056 inVer-

173 3059 215 3090 bo
229 3043 344 3097 Regio,
362 3058 489 3097 quatinus
504 3056 634 3096 poffibile
648 3056 754 3102 fuerat,
770 3057 926 3095 perfecisse.

212 3097 249 3129 Et
269 3097 353 3135 licet,
374 3097 424 3127 diu
444 3095 503 3134 est,
520 3096 597 3127 idem
620 3095 777 3141 Terminus
798 3096 830 3126 fit
846 3097 1124 3141 effiuxus,praefatus
1143 3109 1238 3133 tamen

175 3136 350 3167 Adversarius
364 3135 517 3166 condietis
531 3136 564 3166 &
578 3134 724 3165 Promiffis
740 3135 790 3166 suis
804 3135 965 3174 hujusmodi
978 3137 1129 3170 satisfacere
1138 3163 1147 3178 ,
1170 3141 1240 3173 sicut

171 3173 324 3205 Evidentiis
344 3173 422 3204 claris
446 3175 648 3212 concepimus,
670 3173 824 3204 voluntarie
844 3177 1073 3216 praetermittens,
1096 3177 1200 3210 Novas
1222 3191 1238 3211 a

170 3213 253 3243 nobis
265 3212 379 3243 subdole
389 3212 539 3258 impetrare
554 3211 680 3244 studebat
694 3212 835 3250 inducias,
854 3215 955 3253 quibus
970 3214 998 3246 se
1016 3214 1096 3247 finxit
1116 3217 1240 3255 singulos

108 3261 110 3263 ’
169 3251 294 3281 e'usdem
309 3249 460 3282 Tractatus
475 3250 615 3281 Articulos
626 3250 725 3281 debere
740 3250 865 3288 legaliter
887 3253 1032 3285 observare
1041 3278 1051 3293 ‚
1070 3264 1102 3286 ut
1115 3256 1153 3287 sic
1168 3267 1237 3288 cum

207 3289 363 3322 ilationibus
383 3290 417 3320 &
439 3288 678 3320 Protraetionibus
700 3297 811 3326 tempus
831 3291 969 3331 eluderet,
986 3293 1038 3332 ὅτ,
1056 3294 1105 3325 sub
1119 3295 1234 3332 pacifici

174 3327 325 3359 Tractatfis
349 3327 503 3365 velamine,
521 3336 566 3358 aut
587 3326 714 3359 nostrum
736 3326 914 3365 Propositum
930 3331 1080 3367 ingeniose
1092 3332 1240 3371 suspende-

180 3374 242 3404 ret,
261 3375 306 3397 aut
322 3367 437 3397 interim
454 3373 552 3397 contra
565 3365 652 3404 Nos,
670 3376 717 3403 per
731 3365 793 3396 suos
806 3366 944 3405 Alligatos
956 3370 989 3401 ὃ(
1004 3369 1186 3412 Complices,
1202 3373 1238 3404 ad

177 3405 267 3436 Actus
285 3404 405 3435 Bellicos
418 3404 602 3435 commodius
614 3404 641 3434 se
657 3413 768 3442 pararet.

213 3442 304 3474 Unde
318 3441 402 3480 Nos,
418 3453 487 3481 quos
521 3443 704 3474 raeteritorum
718 3442 806 3474 Ratio
823 3443 922 3475 didicit
937 3447 1110 3483 praenoscere
1124 3449 1237 3490 Futura,

174 3481 380 3513 considerantes
399 3482 497 3520 praemi
522 3493 536 3512 a
556 3482 649 3512 multis
667 3481 729 3512 fore
748 3481 870 3512 Sinistris
885 3483 1094 3522 Suspicionibus
1109 3488 1236 3518 circum-

174 3520 269 3559 plexa,
293 3528 407 3549 necnon
427 3518 597 3550 Traetatum
620 3519 726 3558 ipsum,
753 3531 800 3558 per
821 3521 945 3559 ejusdem
967 3524 1123 3555 Adversarii
1145 3527 1234 3558 nostri

175 3557 302 3597 Culpam
323 3556 479 3587 notabilem
500 3558 534 3588 &
556 3557 733 3597 Defectum,
752 3560 815 3590 fore
830 3561 939 3597 penitus
958 3561 1147 3602 Diffolutum‚
1165 3565 1239 3597 aliud

178 3598 262 3627 nobis
276 3593 411 3634 superesse
426 3594 599 3625 Remedium
614 3607 675 3627 non
689 3598 828 3636 videntes,
844 3600 912 3629 cum
928 3600 1031 3631 nullam
1046 3603 1169 3633 omnino
1185 3614 1241 3634 no-

177 3636 223 3666 bis
235 3635 313 3673 spem
333 3634 458 3665 tribuerit
469 3633 503 3663 ad
517 3633 635 3672 Futura,
651 3636 699 3674 qui
712 3646 763 3666 nos
777 3639 876 3668 totiens
891 3640 919 3668 in
939 3639 1089 3670 Praeteritis
1112 3641 1145 3672 &
1160 3651 1241 3674 nota-

163 3673 274 3705 -biliter
286 3673 324 3705 sic
337 3672 450 3711 delusit,
469 3671 612 3715 Guerram
625 3672 751 3705 nostram
766 3676 905 3713 compulsi
921 3678 1123 3717 resumpsimus,
1138 3680 1171 3710 &
1186 3682 1241 3711 cir-

183 3722 218 3743 ca
240 3712 470 3744 Prosecutionem
491 3711 572 3749 ipsius
592 3711 734 3742 intendere
754 3714 920 3745 continuatis
934 3714 1083 3748 Greslibus
1101 3718 1244 3759 evestigio

178 3760 232 3781 nos
266 3760 380 3782 aramus.

217 3761 330 3819 vgrum
345 3789 409 3827 quia
425 3789 511 3819 dubia
522 3788 584 3819 sunt
594 3787 677 3818 Faeta
699 3787 858 3828 Bellorum,
875 3791 909 3820 δε
930 3791 1108 3831 Triumphus
1129 3805 1189 3826 non
1207 3807 1242 3829 eit

180 3827 309 3859 Homine
327 3829 458 3865 provenit
474 3826 519 3858 sed
540 3837 573 3857 ex
598 3825 684 3866 Deo,
709 3838 724 3857 a
750 3838 807 3872 quo
831 3831 924 3859 omnis
943 3830 1073 3873 Vistoria
1095 3835 1244 3882 omnisque

179 3864 357 3902 Triumphus
371 3889 380 3903 ‚
412 3875 466 3896 nec
485 3867 512 3896 in
535 3866 677 3896 Loricatae
699 3864 801 3896 Gentis
815 3868 915 3905 copia,
939 3877 1041 3900 Virtute
1058 3870 1242 3913 Excercitus,

180 3913 225 3936 aut
241 3901 371 3933 Humani
385 3903 492 3934 Brachii
506 3905 623 3942 robore,
640 3904 718 3934 setin
737 3904 817 3934 solius
834 3904 892 3935 Dei
914 3906 1058 3946 Subsidio,
1077 3911 1125 3947 qui
1140 3909 1240 3943 Causae,

181 3941 287 3973 nostrae
303 3939 444 3978 Just-itiam
464 3942 682 3985 misericorditer.
697 3942 857 3980 prosecutus
877 3943 918 3974 est
940 3944 1089 3986 haetenus,
1108 3957 1198 3981 totam
1211 3952 1241 3983 in

183 3982 234 4013 hiis
249 3977 419 4016 reposuimus
433 3980 580 4011 Fiduciam
595 3989 696 4011 mentis
708 3981 820 4011 nostrae.

217 4019 297 4089 Hifc
309 4015 412 4086 estlhut
420 4025 551 4087 1tenemus
565 4019 696 4059 indubie,
714 4020 793 4060 quod
807 4020 883 4053 idem
902 4019 999 4062 Deus,
1017 4023 1048 4055 in
1069 4025 1240 4068 prosecutioq

276 4067 325 4088 om.
394 4077 400 4085 ·
446 4077 454 4088 .
487 4077 496 4094 ,

2289 149 2371 203 185

1293 229 1332 251 ne
1346 221 1442 265 nostra
1456 223 1632 264 hujusmodi,
1650 236 1685 256 eo
1699 226 1780 257 nobis
1794 229 1845 260 erit
1860 229 1982 268 amplius
1994 231 2152 263 favorabilis
2164 233 2198 265 &
2213 234 2361 278 propitius,
2383 233 2460 266 Anti.
2476 236 2520 268 D.

1291 267 1348 302 quo
1364 258 1450 290 fidelis
1464 261 1586 307 Populus
1601 265 1674 302 apud
1689 275 1755 295 eum
1769 266 1899 298 devotius
1920 271 2066 307 propterea
2082 272 2251 310 intercedat,
2270 272 2360 308 vesti-a
2406 283 2418 302 1
2428 282 2459 312 35
2464 285 2491 313 9.

1291 297 1464 341 aliorumque
1486 300 1674 333 Subditorum
1690 302 1850 336 nostrorum
1866 306 1967 338 devota
1984 307 2148 340 Precamina
2161 311 2243 341 nobis
2257 309 2316 341 sunt
2330 316 2360 345 in
2383 313 2448 340 Edu.
2470 324 2496 351 3.

1292 335 1346 365 hiis
1365 336 1525 381 admodum
1546 350 1703 380 oportuna,
1721 342 1811 374 velitis
1828 344 2007 383 (quaesumus)
2029 357 2081 384 pro
2104 348 2203 378 Nobis
2224 349 2258 379 &
2275 349 2359 383 Felici

1291 372 1478 419 Erpeditione
1493 377 1604 416 nostra,
1621 379 1731 410 devotis
1746 380 1989 414 Interccffionibus
2023 385 2134 424 aliisque
2149 386 2261 417 Pietatis
2280 387 2358 422 Offi-

1291 421 1342 455 cus
1359 413 1433 450 apud
1450 414 1557 454 ipsum,
1577 417 1610 447 &
1631 418 1783 454 gloriosam
1805 419 1972 460 Virginem,
1990 407 2114 455 Matrem
2138 425 2232 464 suam,
2251 425 2357 461 assidue

1289 451 1449 495 intendere,
1467 461 1582 497 propter
1595 455 1657 486 haec
1673 455 1884 498 processiones,
1903 459 2138 501 Praed'icationes,
2155 464 2270 502 aliasque
2284 467 2353 499 Deo

1288 488 1437 526 placabiles
1457 490 1572 522 Hostias
1595 492 1652 536 fieri
1671 494 1821 534 facientes,
1840 498 1859 517 *³
1879 497 2071 539 Suffiaganeos
2086 503 2209 541 vestrm,
2227 514 2260 534 ac
2284 506 2354 538 Cle-

1288 537 1352 571 rum
1371 529 1405 559 &
1423 528 1566 573 Populum
1584 539 1669 561 totius
1686 532 1785 564 vestrae
1804 535 1988 578 Ptovinciae,
2011 539 2107 570 vestris
2130 542 2163 572 ad
2187 543 2245 573 hoc
2263 545 2355 577 saluti-

1289 564 1356 595 feris
1373 565 1520 614 Mandatis
1536 568 1570 599 &
1588 568 1852 611 Exhortationibus‚
1870 575 2052 608 effeetualiter
2071 578 2242 612 inducendo.

1326 602 1365 633 Et
1379 604 1417 634 fic
1435 605 1556 636 demum
1576 606 1677 638 vestrae
1701 611 1734 640 &
1751 611 1873 647 ipsorum
1888 614 2036 647 Orationes
2055 619 2084 647 in
2104 617 2242 649 affeetm
2260 622 2356 653 cordis

1288 641 1437 687 transeant,
1456 652 1502 682 ut,
1521 645 1596 682 quod
1611 645 1711 677 nostris
1728 650 1832 680 meritis
1845 661 1905 682 non
1919 653 2052 695 valemus,
2071 655 2169 687 vestris
2183 658 2215 689 &
2228 659 2354 698 ipsorum

1286 676 1456 712 Patrociniis
1473 683 1656 722 assequamur.

1357 718 1445 751 Teste
1459 720 1542 761 Rege
1563 722 1637 761 apud
1652 722 1959 769 westmonasterium,
1975 731 2149 764 duodecimo
2162 733 2209 765 die
2225 735 2355 776 Augusti.

2390 495 2410 515 *¹²
2440 499 2491 528 VI.

2416 545 2478 572 ¹35-

2023 811 2077 840 Per
2094 810 2177 850 ipsicm
2192 814 2296 851 Regem.

1323 871 1461 912 Confimile
1477 876 1572 906 Breve
1587 876 1715 916 dirigitur

1362 913 1492 943 Primati.
1730 879 1859 919 Johanni
1873 883 2074 926 Archiepifiopo
2095 887 2217 919 Eborum
2240 891 2353 931 Angliae

1463 1042 1559 1086 Super
1580 1043 1728 1077 Damone
1752 1045 1940 1094 Adversarii
1964 1050 2000 1084 de
2022 1054 2166 1089 Francia.

1282 1121 1364 1178 RE
1371 1122 1623 1168 XUThelaurario,
1642 1129 1677 1160 &
1693 1129 1861 1163 Camerariis
1875 1133 1943 1173 suis,
1961 1135 2094 1169 Salutem.
2378 1152 2442 1184 Ann
2454 1153 2485 1184 D

1296 1199 1301 1204 .
1375 1163 1521 1203 Liberate,
1537 1165 1572 1196 de
1588 1166 1733 1213 Thesauro
1748 1171 1862 1209 nostrO,
1883 1173 1989 1205 dilecto
2002 1177 2035 1206 δε
2051 1177 2125 1208 fideli
2141 1178 2253 1218 nostro,
2272 1178 2351 1209 Wil-
2395 1201 2405 1221 1
2415 1179 2468 1230 “55
2487 1178 2493 1185 ⁸

1281 1198 1380 1245 lielmo
1400 1200 1572 1242 Deyncourt
1594 1205 1706 1243 Viginti
1725 1209 1759 1238 &
1777 1209 1858 1240 oeto
1879 1211 1979 1243 Libras
2002 1225 2055 1252 pro
2073 1216 2205 1254 Expenlis
2224 1218 2293 1253 suis³
2314 1229 2347 1249 ac
2368 1213 2451 1267 An'g
2473 1215 2479 1220 ⁴

1283 1236 1452 1270 Homuium
1467 1240 1502 1271 ad
1517 1242 1624 1282 Arma,
1643 1246 1677 1276 &
1691 1246 1906 1284 Sagittariorum
1922 1252 1950 1281 in
1968 1251 2120 1285 Comitiva
2134 1256 2197 1296 sua,
2214 1257 2248 1288 ad
2263 1256 2345 1288 Civi-
2368 1274 2388 1295 E
2415 1253 2448 1305 '3‚
2460 1241 2486 1268 Ξ.

1281 1283 1367 1307 tatem
1391 1278 1517 1323 nostram
1539 1282 1722 1329 Londoniae,
1740 1285 1775 1316 de
1798 1287 1936 1321 Mandato
1963 1292 2058 1323 nostro
2079 1296 2269 1335 venientium,
2295 1305 2346 1332 pro
2370 1292 2477 1336 Liberat

1280 1314 1447 1347 Adversario
1469 1318 1569 1351 nostro
1597 1321 1745 1362 Franciae,
1769 1327 1870 1356 exinde
1894 1329 1980 1367 usque
2007 1330 2142 1363 Castrum
2168 1334 2204 1364 de
2230 1334 2348 1365 Somet-

1277 1354 1441 1423 Eigiffirsaiilvo
1459 1358 1494 1389 &
1512 1357 1608 1390 secure
1625 1360 1776 1402 ducendo,
1803 1365 1823 1395 fi
1842 1366 1893 1397 sibi
1907 1369 1985 1406 prius
2003 1370 2069 1401 inde
2087 1381 2148 1402 non
2173 1372 2256 1404 fuerit
2272 1373 2348 1405 satis-

1277 1430 1442 1509 Augt'll'isssle
1469 1433 1557 1474 Rege
1591 1436 1665 1476 apud
1697 1438 1984 1476 Westmonasterium
1997 1469 2008 1486 ,
2036 1446 2154 1479 decimo
2180 1458 2280 1488 quarto
2303 1450 2350 1483 die

2370 1351 2452 1383 33.E.
2477 1330 2502 1384 i.

2367 1395 2404 1413 m.
2425 1394 2452 1412 2.

2039 1525 2094 1555 Per
2111 1527 2193 1567 ipsimi
2210 1531 2314 1567 Regem.

1499 1651 1559 1683 Pro
1582 1652 1749 1685 Secretart'o
1771 1652 1963 1701 Adverfhrii
1987 1661 2127 1697 Franciae.

1310 1732 1447 1778 Oliannes
1460 1733 1581 1780 Reterii,
1600 1734 1770 1782 Secretarius
1779 1740 1918 1780 Johannis
1932 1745 1968 1776 de
1983 1744 2100 1778 Francia
2117 1749 2276 1785 Adversarii
2291 1754 2350 1788 Re-

1326 1781 1388 1811 gis,
1407 1773 1492 1817 habet
1507 1773 1613 1805 Literas
1627 1775 1718 1820 Regis
1732 1778 1768 1822 de
1783 1780 2060 1829 Salvo-Conduesstu,
2078 1790 2221 1831 yeniendo
2243 1793 2272 1823 jn
2289 1794 2348 1826 Re·
2370 1777 2445 1809 Ann.
2458 1779 2503 1810 D.

1279 1820 1370 1848 gnum
1394 1811 1509 1849 Angliae
1530 1823 1600 1843 cum
1626 1814 1776 1855 Fmancm,
1795 1818 1904 1860 Robis,
1924 1833 1958 1854 ac
1974 1824 2032 1854 aliis
2053 1824 2168 1859 diversis
2183 1831 2264 1862 rebus
2279 1833 2346 1865 Ne·
2394 1827 2479 1858 ¹359·

1279 1849 1401 1880 cessariis
1416 1850 1497 1887 ipfius
1507 1850 1643 1889 johannis
1657 1853 1693 1883 de
1709 1854 1844 1891 Francia,
1863 1869 1912 1896 per
1927 1862 2001 1892 Tres
2014 1862 2218 1900 Hebdomadas
2232 1880 2247 1901 a
2269 1880 2345 1903 tem-
2361 1860 2391 1883 A

1279 1898 1350 1927 pore
1362 1887 1504 1926 ingressus
1516 1889 1648 1921 duntaxat
1664 1895 1820 1933 morando,
1836 1897 1896 1928 &c.
2362 1868 2427 1933 En}
2435 1867 2485 1922 ἐζ.

1352 1925 1423 1959 Dat.
1440 1928 1514 1966 apud
1531 1928 1838 1973 westmonasterium,
1857 1938 2000 1971 tricesimo
2017 1941 2063 1972 die
2080 1942 2212 1982 Augusti.
2365 1918 2503 2000 {iamssffss

1318 2003 1490 2036 Confii'niles
1505 2004 1610 2037 Literas
1623 2008 1660 2039 de
1674 2009 1830 2043 Conductu
1845 2012 1929 2046 habet
1938 2015 2060 2050 Karolus
2071 2019 2181 2053 Comes
2190 2024 2227 2055 de
2235 2026 2350 2067 Damp-
2370 1981 2465 2040 ’ΛΞΡ
2494 1993 2502 2003 ⁶

1279 2044 1442 2082 nomartin,
1457 2043 1634 2087 ¹Prisoriarius
1655 2047 1766 2089 Regis,
1781 2052 1922 2085 veniendo
1942 2056 1972 2086 in
1993 2056 2130 2097 Angliam
2148 2062 2228 2100 juxta
2250 2065 2352 2098 Fidem

1278 2081 1355 2113 suam
1370 2082 1539 2123 praestimm,
1557 2085 1621 2117 &c.

1319 2158 1492 2193 Confimiles
1507 2163 1591 2194 etiam
1607 2163 1691 2197 habet
1709 2165 1840 2205 Copinus
1862 2169 2030 2211 Meffagier‚
2050 2173 2202 2209 Familiaris
2224 2180 2350 2214 Domini

1280 2197 1318 2228 de
1334 2198 1511 2243 Daubeney,
1528 2201 1902 2250 PrisonariiRegisfiundo
1916 2211 1951 2243 ad
1966 2211 2057 2244 Partes
2072 2214 2199 2247 Franciae
2214 2229 2269 2257 pro
2284 2221 2350 2252 Sus-

1281 2244 1434 2270 tentatione
1449 2240 1580 2278 praedieii
1596 2241 1722 2274 Domini
1735 2246 1793 2284 sui,
1812 2247 1874 2278 &c.

1287 2315 2352 2345 Ἣ

1638 2371 1698 2403 Pro
1723 2372 1862 2418 Principe
1885 2374 2006 2410 Walliae.

1285 2448 1411 2504 REX
1424 2453 1586 2501 omnibus,
1602 2453 1637 2486 ad
1652 2465 1741 2501 quos,
1758 2456 1818 2488 &e
1855 2457 1990 2492 Salutem.

1382 2489 1481 2534 §cratis
1498 2493 1598 2536 quod,
1617 2493 1654 2524 de
1667 2503 1753 2534 gratia
1767 2496 1863 2527 nostra
1878 2498 2006 2542 speciali,
2024 2506 2216 2539 conceffimus
2245 2510 2352 2542 carissi-
2369 2491 2446 2522 Am*
2462 2492 2503 2522 D'

1283 2538 1336 2559 rno
1350 2527 1553 2575 Primogenito
1567 2531 1684 2576 nostro,
1702 2532 1846 2565 Edwardo
1861 2535 1989 2577 Principi
2002 2541 2117 2575 Walliae
2126 2568 2136 2584 ,
2217 2532 2226 2548 ³
2402 2541 2413 2561 ¹
2422 2540 2485 2570 359·

1321 2567 1383 2612 Qui
1396 2577 1452 2612 iam
1472 2569 1673 2614 nobiscum‚in
1688 2572 1817 2609 praesenti'
1832 2573 1960 2615 Paffiigio
1975 2580 2085 2620 nostro,
2100 2585 2135 2614 ad
2149 2594 2239 2623 partes
2246 2587 2351 2620 Trans-
2366 2573 2420 2598 Aa.
2441 2581 2452 2607 3
2461 2580 2488 2606 3·

1280 2616 1415 2644 marinas,
1432 2616 1464 2651 iri
1479 2606 1658 2646 Obsequium
1671 2609 1820 2649 nostrum,
1837 2615 2014 2651 profecturus
2035 2620 2093 2659 est,
2369 2614 2399 2636 E.
2444 2631 2449 2636 “

1319 2645 1429 2689 Qiod,
1447 2654 1476 2675 m
1497 2645 1559 2677 casu
1581 2657 1639 2685 quo
1662 2648 1754 2686 ipsum
1771 2648 1939 2689 Principem
1961 2656 1992 2686 in
2007 2657 2086 2689 dieto
2102 2660 2205 2701 Viagio
2217 2663 2353 2697 decedere
2375 2652 2430 2675 Par.
2458 2655 2504 2683 33⁸

1281 2692 1449 2722 contingat,
1466 2684 1543 2722 quod
1558 2686 1643 2725 absit,
1661 2694 1731 2718 tunc
1747 2687 1920 2722 Executores
1933 2693 1973 2724 sui
1992 2699 2090 2728 omnia
2113 2699 2211 2732 Castra
2249 2703 2355 2735 Mane·
2375 2690 2404 2712 E.
2418 2695 2442 2722 3⁴
2457 2692 2484 2721 p'

1280 2723 1338 2761 ria,
1357 2721 1463 2754 Terras
1498 2722 1680 2768 Tenementa
1695 2727 1729 2758 &
1745 2726 1883 2759 Redditus
1896 2731 2018 2769 ejusdem
2041 2735 2182 2776 Principis
2205 2725 2354 2779 cfuaecum-
2375 2732 2483 2759 ²‘m'5'

1281 2771 1354 2799 que,
1372 2771 1442 2792 cum
1457 2744 1649 2803 Pertinentiis,
1669 2765 1727 2796 tarn
1741 2766 1772 2796 in
1788 2766 1915 2808 Anglii,
1934 2771 2020 2809 quam
2032 2775 2064 2806 in
2077 2775 2202 2817 wallia,
2220 2781 2253 2811 ὃς
2267 2780 2333 2811 alibi

1278 2799 1399 2830 habeant
1420 2801 1454 2832 ὃ(
1468 2809 1598 2841 teneant,
2341 2804 2353 2821 ²

1315 2837 1354 2870 Et
1368 2838 1647 2882 Exitus‚¹Proflcua,
1665 2841 1710 2886 &¹
1721 2841 1943 2885 Emolumenta,
1960 2848 1997 2880 de
2014 2851 2119 2883 eisdem
2139 2854 2244 2887 Castris
2282 2857 2352 2889 Ma-

1280 2878 1378 2922 neriis,
1400 2877 1514 2918 Terris,
1538 2879 1740 2919 Tenemenns,
1765 2882 1799 2913 &
1827 2882 1999 2918 Redditibus
2021 2894 2234 2934 provenientia,
2252 2880 2355 2936 ²perci.

1301 2926 1356 2948 iant

1279 2925 1300 2955 P
1317 2939 1405 2987 Et’de
1418 2955 1520 2987 eisdem
1534 2966 1587 2996 pro
1601 2957 1744 2989 voluntate
1759 2957 1806 2989 sua
1822 2959 1985 3002 disponant,
2004 2966 2089 3003 usque
2113 2970 2147 2998 ad
2163 2970 2250 3001 finem
2271 2975 2353 3011 Qia-

1283 3002 1348 3024 tuor
1363 2994 1558 3033 Annorum,a
1573 3003 1701 3033 tempore
1718 2995 1823 3027 Mortis
1835 3000 1966 3035 praedieti
1981 3002 2122 3043 Principis
2136 3008 2258 3044 plenarie
2267 3021 2351 3040 corn-

1280 3033 1439 3071 pletorum,
1458 3043 1510 3071 pro
1526 3033 1635 3064 Debitis
1651 3034 1775 3072 ejusdem
1791 3035 1931 3075 Principis
1946 3040 2012 3071 inde
2029 3045 2235 3085 acquietandis,
2250 3048 2351 3086 absque

1280 3071 1492 3109 impedimento
1514 3072 1617 3112 nostri,
1637 3073 1683 3105 vel
1700 3073 1878 3117 Haeredum,
1895 3077 1941 3108 seu
1964 3078 2168 3118 Mmistrorum
2189 3085 2350 3118 nostrorum

1280 3120 1537 3150 quorumcumque.

1318 3148 1354 3180 In
1374 3149 1472 3187 cu'us,
1490 3150 1553 3180 ἃς.

1353 3159 1442 3220 Teiie
1456 3188 1536 3229 Rege
1551 3188 1624 3228 apud
1639 3188 1746 3230 indes,
1765 3191 1904 3225 vicesimo
1917 3194 2039 3235 septimo
2055 3199 2100 3231 die
2115 3201 2247 3239 Augusti.

2040 3277 2095 3306 Per
2108 3277 2190 3316 ipficm
2207 3279 2311 3317 Regem.

1456 3403 1479 3423 ’Ἄ
1503 3405 1563 3436 Pro
1590 3402 1736 3438 Blanchia
1758 3407 1909 3454 Comitiffiz
1933 3407 2161 3445 Richemundiae.

1281 3486 1406 3542 REX
1424 3487 1588 3527 omnibus,
1606 3488 1640 3520 ad
1657 3499 1745 3530 QUOS,
1763 3493 1824 3524 &c.
1861 3491 1996 3524 Salutem.

1378 3528 1479 3559 Sciatis
1501 3527 1596 3566 quod,
1613 3527 1649 3559 de
1691 3530 1758 3561 ratia
1777 3530 1872 3561 nostra
1890 3531 2016 3570 speciali,

1279 3567 1377 3597 &ione
1391 3577 1477 3605 quam
1492 3576 1572 3604 erga,
1590 3568 1647 3596 cari
1671 3577 1759 3598 imam
1772 3568 1871 3598 Filiam
1886 3569 2028 3609 nostram,
2047 3572 2210 3608 Blanchiam
2243 3578 2347 3609 Comi-

1279 3606 1372 3635 tissam
1389 3605 1605 3636 Richemundiae
1619 3607 1741 3644 gerimus
1754 3608 1787 3638 ὅς
1803 3607 1953 3645 habemus,
1970 3612 2161 3644 conceffimus
2175 3617 2201 3645 ei
2217 3616 2345 3650 Centum
2362 3602 2413 3627 An.
2466 3620 2475 3629 .

1282 3644 1395 3683 Libras,
1414 3646 1445 3675 in
1462 3644 1677 3686 subventionem
1700 3644 1897 3689 Expensarum.
1912 3645 2044 3678 Camerae
2066 3650 2137 3689 suae,
2155 3655 2345 3691 percipiendas
2364 3641 2392 3663 E.
2410 3647 2435 3673 3·

1281 3684 1314 3714 ὃ(
1328 3683 1467 3714 habendas
1481 3681 1591 3716 singulis
1606 3682 1698 3713 Annis
1711 3682 1746 3712 ad
1768 3682 1950 3716 Scaccarium
1970 3686 2115 3728 nostrum,
2134 3691 2167 3720 ad
2188 3691 2344 3727 TerminoS
2361 3679 2419 3740 iai.
2430 3684 2475 3711 33,

1279 3721 1377 3752 Samsti
1394 3720 1544 3752 Michaelis
1557 3721 1590 3751 &
1605 3720 1737 3758 Paschae,
1755 3730 1804 3758 per
1825 3723 1943 3760 aequales
1963 3724 2128 3765 Portiones,
2143 3731 2277 3767 quamdiu
2287 3744 2345 3764 -n0-
2388 3735 2428 3750 ‘³'
2442 3722 2467 3750 P·

1280 3762 1324 3791 bis
1338 3760 1489 3799 placuerit,
1504 3759 1549 3789 vel
1565 3759 1708 3798 quousque
1722 3758 1759 3790 de
1773 3759 1851 3791 Statu
1865 3762 1990 3800 ejusdem
2003 3763 2146 3796 Blanchiae
2164 3767 2243 3801 aliter
2256 3771 2345 3804 duxe-
2364 3761 2390 3779 ²'
2408 3762 2444 3780 ⁷⁷¹¹
2462 3758 2487 3787 7‘

1278 3801 1364 3830 rimus
1379 3798 1577 3830 ordinandum.

1316 3837 1350 3868 In
1370 3839 1466 3875 cuns,
1484 3837 1544 3868 &c.

1280 3876 1401 3956 gustiTe
1425 3887 1442 3909 e
1457 3876 1542 3915 Rege
1555 3873 1627 3914 apud
1644 3874 1944 3917 westmonasterium,
1961 3878 2098 3911 vicesimo
2112 3881 2217 3916 oei-avo
2232 3886 2277 3919 die
2286 3888 2345 3921 Au-

1848 3957 1903 3986 Per
1919 3958 2013 3988 Breve
2029 3958 2062 3988 de
2079 3961 2197 3992 Privato
2213 3962 2312 4002 Sigillo.

1739 4071 1765 4100 A
1773 4078 1789 4101 ι
2307 4080 2351 4107 De
