2561 4251
211 83 266 134 ῃ
625 76 1417 124 CONVENTIONE&

77 166 152 196 ΑΜ,
169 165 209 195 D·
251 169 381 201 Exhibita
401 167 502 206 nobis,
521 176 573 206 pro
593 175 670 205 parte
691 165 822 197 carissimi
843 167 872 195 in
893 143 1010 196 Christo
1031 165 1091 194 Filii
1112 163 1202 194 nostri
1219 163 1278 194 Ed-

104 206 187 243 1361·
221 210 323 247 wardi,
343 208 371 238 R
409 210 429 237 is
452 207 561 243 Angliae
576 205 703 244 Illustris,
718 215 770 243 ac,
786 204 880 235 dilecti
895 204 975 242 Filii,
994 203 1109 234 Nobilis
1122 202 1200 240 Viri,
1218 201 1279 233 Ed-

77 245 143 271 fflv·
164 253 188 280 3·
222 248 308 278 wardi
332 248 368 277 de
406 244 572 284 Vodestok,
589 243 729 282 Principis
748 243 879 281 Walliae,
896 240 956 276 &a
977 249 1009 271 ut
1022 240 1108 280 ficpra
1123 241 1155 270 de
1169 243 1242 270 Dat.
1263 248 1280 279 7

1501 78 1897 132 LITERAE,

1319 164 1487 196 Animarum
1511 165 1620 197 suarum
1641 168 1716 198 saluti
1738 168 1895 199 secundum
1913 168 2012 200 Deum
2035 168 2154 201 vidimus
2167 169 2201 201 &
2216 168 2385 201 credidimus
2401 163 2477 195 ΑΜ·
2489 165 2534 197 D.·

1319 204 1468 242 expedire,
1486 214 1524 248 ac*
1530 205 1580 235 alia
1589 228 1599 243 ,
1615 216 1680 244 quae
1692 206 1727 235 de
1739 205 1807 244 jure
1821 208 1858 236 eis
1871 205 1975 238 fuerint
1989 208 2173 248 injungenda,
2193 208 2232 239 Et
2243 209 2318 240 inter
2327 218 2386 238 cae-
2425 202 2513 244 1361.

1320 251 1376 272 tera
1391 242 1442 272 sub
1460 242 1559 273 debito
1569 242 1746 282 Juramenti,
1763 244 1840 282 quod
1854 244 1902 281 ipfi
1911 267 1920 282 ,
1939 245 2018 276 radiis
2032 257 2081 284 per
2094 247 2206 277 eosdem
2219 257 2318 278 coram
2333 256 2388 277 no-
2401 243 2468 286 Edfflf-
2487 251 2513 279 3·

219 285 389 325 Septembris.

260 363 442 430 iiisigcle'ii'tius
462 395 639 437 Episcopus,
664 396 765 428 Servus
783 395 940 427 Servorum
960 395 1017 427 Dei
1033 419 1043 435 ,
1067 395 1283 426 Venerabilibus

224 439 379 475 Fratribus,
398 436 622 475 Archiepiscopo
640 434 832 465 Cantuarienfi
866 436 899 466 &
913 434 1057 473 Episcopo
1073 433 1282 470 Londonienfi,

223 486 256 507 ac
270 476 375 506 dilecto
390 474 460 505 Filio
615 473 721 503 Abbati
735 457 905 503 Monalierii
916 472 1126 511 Cluniacensis,
1145 470 1284 502 Matisco-

223 514 298 545 nenfi
314 513 465 552 Dioecese,
484 513 606 543 Salutem
619 512 652 543 &
668 511 862 549 Apostolicam
876 511 1116 542 Benedidtionem.

265 552 385 590 Nuper,
404 562 456 589 pro
511 559 567 588 rte,
587 550 720 581 carissimi
737 551 765 580 in
789 549 906 580 Christo
930 549 990 580 Filii
1010 550 1113 587 nostri,
1132 547 1284 586 Edwardi,

227 589 317 621 Reois
339 591 451 629 Angliae
490 588 587 619 llustris
602 612 612 627 ,
632 598 664 619 ac
687 588 781 619 dilecti
804 588 885 625 Filii,
903 587 1022 619 Nobilis
1043 588 1124 625 Viri,
1150 586 1283 617 Edwardi

222 630 258 659 de
272 615 450 665 Wodestok,
467 627 606 665 Principis
618 628 750 664 Walliae,
769 626 892 665 ejusdem
910 626 1002 664 Regis
1016 626 1220 665 Primogeniti,
1237 626 1282 664 &,

222 667 335 697 dileetae
359 669 387 697 in
411 665 528 697 Christo
547 666 642 704 Filiae,
660 664 782 696 Nobilis
805 664 950 704 Mulieris,
965 665 1106 703 Johannae
1122 664 1283 694 Comitiffae

220 705 353 744 Cantiae,
372 705 455 736 nobis
474 705 616 743 exposito,
636 703 716 743 quod
738 702 808 734 dieti
831 703 1039 742 Primogenitus
1060 704 1093 734 &
1116 702 1284 741 Comitissa,

222 754 283 773 non
298 745 454 783 ignorantes
469 742 547 781 quod
560 744 608 780 ipsi
621 744 657 773 ab
673 753 732 773 uno
747 742 897 773 communi
911 742 1011 780 Stipite
1021 741 1217 773 descendentes
1248 741 1282 772 &

223 783 260 812 ab
282 792 317 813 eo
342 782 549 821 primogenitus
563 781 684 820 Tertio,
701 783 734 812 δε
747 780 898 811 Comitiffa
912 780 1039 818 praediffi
1056 780 1190 811 Secundo
1239 789 1281 810 ra-

222 820 302 851 dibus
325 821 471 858 distantes,
489 829 522 850 ex
542 819 600 850 hoc
612 819 716 850 Tertio
729 817 983 858 Consanguinitatis
997 818 1099 850 Gradu
1115 818 1142 849 se
1156 819 1282 849 invicem

222 860 444 897 contingebant,
461 860 495 890 &
508 858 586 897 quod
601 858 678 889 idem
690 857 901 895 Primogenitus
916 857 1058 896 quendam
1075 858 1181 888 Filium
1194 856 1281 887 diet-<e

223 896 386 928 Comitiffae
406 898 441 928 de
465 897 553 928 Sacro
577 897 670 928 Fonte
682 896 836 934 levaverat,
854 905 888 926 ex
902 897 984 926 certis
997 895 1100 933 causis,
1116 905 1185 927 tunc
1199 895 1282 925 nobis

222 937 370 976 expolitis,
389 936 609 967 Matrimonium
623 936 693 966 inter
708 935 734 966 se
744 958 753 972 ,
768 944 817 973 per
831 935 916 965 verba
932 933 967 964 de
981 934 1106 973 praesenti
1115 957 1125 972 ,
1136 941 1283 964 contraxe-

219 984 280 1005 rant

260 997 330 1043 Ixios
349 1014 432 1044 vobis
454 1023 502 1052 per
521 1012 628 1043 nostras
646 1013 750 1044 Literas
772 1011 901 1042 dedimus
923 1012 953 1042 in
976 1009 1138 1046 Mandatis,
1163 1017 1193 1040 ut
1215 1009 1285 1048 ipsos

221 1051 452 1091 Primogenitum
482 1052 515 1083 &
536 1051 716 1082 Comitiss'am
735 1051 771 1081 ab
789 1049 1102 1081 Excommunicationis
1122 1047 1285 1086 Sententia,

221 1100 307 1159 {iiiam
324 1100 437 1134 propter
452 1090 592 1130 praemissa
605 1091 790 1128 incurrerant,
810 1089 860 1119 sub
873 1090 956 1119 certis
972 1088 1063 1119 modo
1079 1088 1113 1118 &
1128 1086 1222 1117 forma
1234 1087 1287 1117 ab-

232 1139 251 1159 o
264 1137 361 1159 verens

262 1166 298 1198 Et
318 1151 454 1206 dcn'ii'im,
472 1167 491 1198 si
507 1167 590 1198 vobis
604 1167 752 1206 expediens
765 1165 923 1204 videretur,
936 1165 1016 1205 quod
1031 1165 1108 1203 super
1123 1163 1283 1232 huffusmodi

225 1205 414 1236 Matrimonio
438 1206 506 1237 esset
526 1206 702 1244 Dispensatio
722 1204 924 1242 concedenda,
942 1214 1011 1235 cum
1036 1205 1072 1234 eis
1093 1210 1140 1241 ut,
1174 1201 1284 1243 mpedi-

221 1244 340 1282 mentis,
360 1255 424 1281 quae
446 1253 480 1275 ex
501 1244 581 1275 dietis
605 1243 853 1283 Consanguinitate
872 1244 905 1274 &
925 1242 1169 1280 Compaternitate
1182 1250 1283 1279 prove—

222 1284 316 1320 niunt,
335 1292 512 1321 nequaquam
533 1282 724 1321 obstantibus,
744 1281 964 1312 Matrimonium
990 1282 1117 1311 invicem
1138 1279 1172 1310 de
1187 1279 1283 1310 Novo

221 1320 386 1351 contrahere
409 1321 519 1361 poffent
531 1345 540 1360 ,
558 1321 722 1351 au&01·itate
744 1319 840 1351 nostra
860 1320 1061 1360 dispensaretis,
1080 1327 1163 1360 prout
1184 1319 1213 1348 in
1233 1318 1284 1349 eis-

221 1359 288 1390 dem
304 1359 415 1390 Litteris
428 1360 536 1398 plenius
552 1360 720 1391 continetur.

259 1397 343 1429 Cum
365 1407 459 1430 autem
482 1398 516 1429 ad
531 1399 659 1429 auditum
674 1397 805 1429 nostrum
817 1398 992 1437 pervenerit,
1007 1396 1086 1436 quod
1098 1396 1222 1435 dudum,
1241 1396 1284 1426 di-

222 1436 300 1467 letto
322 1437 410 1476 Filio,
429 1437 538 1468 Nobili
562 1437 651 1475 Viro,
668 1436 832 1467 Willielmo
854 1437 889 1467 de
907 1435 1014 1466 Monte
1030 1436 1146 1474 Acuto,
1166 1433 1284 1467 Comite

223 1475 341 1513 Sarum,
359 1476 393 1506 δε
415 1475 562 1514 quondam
583 1476 702 1507 Thoma
720 1474 855 1506 Holande
870 1473 983 1512 Milite,
1004 1482 1124 1512 utroque
1140 1474 1219 1509 (viz.)
1233 1484 1283 1503 eo-

223 1524 287 1544 ruiii
309 1515 491 1545 afferentibus
505 1513 531 1545 se
547 1524 616 1544 curn
631 1513 708 1544 dicta
716 1513 848 1552 Johanna
861 1512 1084 1543 Matrimonium
1099 1512 1283 1551 contraxisse,

223 1552 339 1591 ortaque
362 1561 507 1591 propterea
527 1554 597 1583 inter
618 1554 627 1582 i
648 1552 689 1582 sos
711 1552 903 1582 willielmum
922 1553 955 1583 &
969 1550 1117 1581 Thomam
1134 1552 1161 1581 su
1183 1561 1212 1580 er
1228 1551 1285 1581 hoc

222 1590 542 1660 triiiatelriigquaestionis,
563 1592 596 1623 δε
648 1589 711 1622 ausa
728 1590 886 1630 hujusmodi
906 1589 941 1620 ad
964 1590 1068 1620 Sedem
1090 1589 1167 1628 Apol
1182 1590 1285 1620 olicam

244 1639 299 1660 evo
311 1638 356 1660 uta
370 1643 375 1648 ·

260 1655 394 1699 Tandei’n
408 1668 499 1700 dietus
511 1668 641 1700 Thomas
676 1679 708 1700 ro
722 1668 765 1708 se,
782 1669 814 1700 ὃς
829 1676 928 1699 contra
943 1667 1054 1698 dietum
1069 1665 1218 1697 Comitem
1232 1666 1286 1696 dis-

222 1706 361 1737 finitivam
370 1730 380 1745 ,
399 1718 448 1745 per
469 1717 553 1747 quarn
567 1708 641 1738 dieta
653 1678 785 1747 Johanna
798 1706 890 1737 eidem
904 1706 1033 1736 Tliomae
1048 1706 1201 1742 adjudicata
1216 1706 1286 1736 exti-

222 1746 256 1775 tit
281 1747 308 1774 in
324 1745 474 1783 Uxorem,
494 1746 527 1777 &
541 1748 759 1784 pronunciatum
777 1745 1016 1783 Matrimonium,
1034 1755 1083 1782 per
1096 1744 1206 1774 dietum
1222 1743 1285 1774 Co-

223 1784 324 1814 mitem
347 1784 545 1822 contractum,
564 1785 672 1814 nullum
695 1784 790 1822 fuisse,
808 1784 880 1823 apud
904 1783 1008 1814 Sedem
1029 1782 1198 1820 praemiffam
1215 1782 1287 1813 Sen-

222 1823 336 1853 tentiam
354 1823 669 1863 reportavit,'di6taque
680 1822 809 1861 johanna
825 1822 918 1852 eidem
934 1822 1076 1860 Thomae,
1092 1821 1228 1859 quamdiu
1243 1822 1285 1852 vi-

220 1870 278 1893 tam
293 1862 371 1892 duxit
384 1863 412 1892 in
427 1862 568 1899 humanis,
588 1870 719 1901 tanquam
733 1863 788 1899 eju-e
802 1860 874 1890 Viro
889 1860 1032 1899 legitimo,
1051 1860 1164 1891 adhaesit
1184 1870 1189 1889 :

257 1899 294 1930 Et
317 1900 426 1931 Comes
447 1900 594 1938 praefatus,
612 1900 757 1937 praedictae
770 1899 924 1930 Senrenriae
940 1900 1133 1937 acquieicens,
1151 1908 1220 1929 cum
1235 1897 1287 1929 alia

220 1938 327 1969 Nobili
350 1937 473 1970 Muliere
493 1939 649 1977 contraxit,
670 1948 755 1977 quam
777 1946 880 1969 extunc
898 1939 1006 1977 tenuit,
1025 1946 1107 1976 prout
1122 1945 1216 1976 tenet,
1233 1947 1287 1977 pro

221 1977 269 2008 sua
286 1976 386 2007 Uxore
404 1977 534 2018 legitima.

260 2015 346 2054 Nos,
366 2016 402 2046 de
421 2015 566 2055 praemiffis
582 2025 690 2047 certam
712 2016 840 2047 notitiam
854 2026 913 2047 non
924 2016 1076 2055 habentes,
1093 2026 1126 2047 ac
1142 2018 1287 2054 cupientes

221 2054 250 2084 in
271 2063 350 2085 tanto
372 2055 521 2094 Negotio,
540 2055 575 2086 ad
590 2055 755 2086 evitandum
770 2055 937 2086 Animarum
950 2056 1090 2093 pericula,
1109 2065 1177 2086 cum
1191 2055 1284 2086 debita

1323 281 1365 310 bis
1379 280 1567 311 sacrosanctis
1578 280 1745 321 Evangeliis,
1760 282 1965 321 praestiterunt,
1984 286 2064 322 quod
2078 285 2165 315 iidem
2179 285 2387 325 primogenitus

1322 319 1355 348 &
1378 318 1529 350 Comitiffa
1548 320 1645 350 similia
1658 321 1693 350 de
1709 328 1813 350 caetero
1827 320 1983 351 nullatenus
1998 325 2225 362 committerent,
2244 334 2298 355 nec
2314 333 2385 363 prae-

1322 357 1420 388 berent
1433 357 1692 389 Committentibus
1707 358 1853 390 Auxilium
1884 357 2043 389 Confilium
2051 361 2111 397 ,vel
2126 361 2265 393 Favorem
2273 386 2283 401 ,
2291 363 2384 401 quod—

1321 404 1393 439 que,
1411 395 1482 426 infra
1500 406 1589 439 unum
1611 397 1747 436 Annum,
1762 396 1830 427 duas
1843 381 1971 435 dapellas
1984 399 2120 436 (quarum
2135 401 2269 437 quaelibet
2281 402 2317 432 de
2332 401 2385 432 Vi-

1321 442 1392 472 ginti
1414 434 1526 464 Annuis
1549 434 1657 466 Marcis
1677 435 1816 474 Argenti,
1840 445 1891 474 per
1913 436 1985 476 ipsos
2004 436 2134 475 dotetur)
2157 438 2319 470 construere
2339 440 2386 471 seu

1323 471 1449 502 construi
1463 473 1555 503 Facere
1567 474 1688 505 debeant
1702 474 1736 505 &
1752 474 1878 504 fundare.

1357 508 1522 554 Caeterum,
1541 513 1605 549 quia
1618 521 1732 550 propter
1747 512 1862 550 Regalis
1877 513 2071 545 exaltationem
2088 512 2176 552 Solii,
2193 523 2208 544 a
2221 524 2277 554 quo
2291 516 2387 547 didios

1322 547 1548 588 Primogenitum
1570 551 1603 580 &
1624 549 1806 581 Comitiffam
1822 551 1930 582 Nativa
1943 553 2073 592 produxit
2085 552 2196 591 Origo,
2212 562 2246 583 ac
2258 555 2386 591 praemis-

1321 588 1363 625 sa,
1388 587 1560 627 diversasque
1581 588 1671 618 causas
1691 589 1753 618 alias
1773 590 1964 629 rationabiles,
1991 601 2058 630 quas
2079 590 2266 622 deliberatiori
2287 601 2384 624 mente

1322 626 1511 665 revolvimus,
1529 627 1563 657 ὃς
1577 635 1641 665 quae
1661 627 1693 656 in
1711 634 1792 657 tanto
1811 627 1945 667 Negotio
1961 631 2066 661 merito
2081 629 2188 660 fuerant
2201 630 2385 671 attendenda,

1320 665 1403 695 nobis
1424 665 1500 695 certe
1519 665 1664 695 videbatui·
1683 665 1830 703 expediens
1878 676 1912 696 ac
1933 667 2041 706 Regno
2062 668 2174 707 Angliae
2188 668 2384 709 fructuosum,

1320 703 1419 743 quod,
1438 704 1513 739 juxra
1535 703 1660 733 formam
1679 702 1822 733 dictarum
1841 688 2008 735 Litterarum
2031 706 2263 744 Apostolicarum
2281 706 2384 738 Paten-

1319 741 1487 810 ‘mm’fiffefi
1496 741 1577 772 diCtis
1590 741 1717 782 Principi
1731 742 1764 773 ὃς
1780 740 1941 772 Comitissae
1952 743 2031 782 super
2046 744 2190 784 praemiffis
2205 745 2383 784 Dispensatio

1319 790 1413 811 conce
1433 790 1468 810 en
1489 791 1504 811 a

1357 818 1437 849 Cum
1452 803 1555 848 eisdem
1571 820 1655 858 igitur
1691 818 1828 849 Domino
1841 818 1984 851 Edwardo
1997 819 2129 859 Principe
2143 822 2177 852 &
2189 821 2320 855 Domina
2328 823 2383 863 Jo-

1319 857 1412 888 hanna
1428 856 1582 887 Comitissa
1593 867 1651 895 prae
1662 859 1788 897 entibus,
1804 858 1839 889 &
1850 857 1908 888 hoc
1922 858 2011 896 ipsum
2025 858 2126 889 humili
2139 859 2267 892 instantia
2282 871 2383 902 peten-

1322 897 1412 934 tibus,
1429 904 1476 934 ut,
1495 895 1719 934 impedimentis,
1735 906 1801 936 quae
1818 905 1852 927 ex
1871 897 1953 927 dicitis
1975 895 2223 935 consanguinitate
2237 899 2271 929 &
2283 899 2382 932 Com-

1321 935 1482 972 paternitate
1496 935 1683 972 proveniunt,
1698 944 1878 972 nequaquam
1894 935 2085 974 obstantibus,
2102 935 2321 968 Matrimonium
2334 940 2381 971 in-

1324 973 1404 1002 fimul
1426 972 1462 1002 de
1476 982 1556 1003 novo
1567 972 1655 1002 libere
1671 972 1854 1011 contrahere,
1871 973 1905 1003 &
1922 975 1952 1004 in
1967 983 2020 1013 eo,
2039 974 2188 1012 postquam
2201 977 2384 1009 contraQum

1323 1010 1422 1048 fuerit,
1439 1020 1582 1041 remanere
1603 1011 1681 1041 licite
1701 1010 1841 1049 valerent,
1865 1010 2000 1042 luvocata
2023 1012 2142 1052 Spiritus
2160 1012 2256 1044 Sanffi
2278 1015 2383 1055 gratifi,

1322 1049 1484 1079 au&oritate
1502 1050 1535 1079 ὃς
1554 1049 1689 1087 potestate
1709 1049 1792 1079 nobis
1811 1049 1916 1080 traditis
1935 1050 2148 1089 dispensavimus
2159 1074 2169 1090 ,
2196 1052 2384 1093 prolemque,

1322 1096 1356 1117 ex
1372 1087 1431 1131 ipso
1444 1087 1642 1155 giscipiendam
1659 1087 1852 1118 Matrimonio
1864 1110 1874 1125 ,
1897 1088 2062 1119 auctoritate
2076 1091 2211 1130 praedicta
2224 1090 2384 1132 legitimam

1324 1135 1446 1156 nuncian
1468 1135 1504 1164 o,

1356 1164 1403 1195 Ad
1424 1164 1503 1202 haec,
1523 1165 1587 1202 quia
1612 1165 1816 1204 postmodum,
1833 1165 1881 1196 die
1893 1166 1951 1197 viz.
1962 1163 2139 1204 Dominicii,
2158 1177 2223 1205 quae
2236 1167 2289 1200 fuit
2302 1168 2382 1200 deci-

1321 1212 1366 1233 ma
1385 1202 1441 1233 dies
1462 1203 1583 1239 ejusdem
1604 1203 1711 1234 Mensis
1730 1203 1883 1242 Ociobris,
1906 1205 1991 1234 Anno
2015 1203 2141 1235 Domini
2160 1206 2331 1245 supradicto,
2349 1209 2382 1239 in

1321 1240 1424 1271 Castro
1447 1241 1569 1276 eiusdem
1594 1241 1680 1281 Regis
1698 1242 1771 1281 apud
1793 1242 1974 1282 Wyndesore
2022 1243 2212 1277 Saresbirienfi
2230 1243 2383 1286 Dioecest,

1321 1289 1438 1318 coram,
1458 1279 1674 1312 venerabilibus
1688 1280 1830 1313 Fratribus
1842 1280 1961 1320 nostris,
1979 1265 2134 1321 Dominis,

1359 1360 1401 1387 W
1400 1357 1522 1397 illielmo,
1540 1360 1699 1399 Wj‘ntom'en
1709 1369 1736 1398 ι,

1357 1396 1490 1436 Johanne
1497 1420 1506 1435 ,
1525 1397 1680 1427 Lincolnien
1691 1408 1700 1425 ι
1707 1420 1718 1436 ,

1360 1437 1402 1464 Et
1421 1435 1553 1475 Roberto,
1573 1439 1686 1475 Sarum,

1360 1473 1506 1514 Episcopis
1526 1484 1533 1503 t

1358 1511 1507 1551 Johanne,
1526 1512 1621 1543 Eleao
1640 1512 1823 1554 Wigornienfi
1839 1513 2019 1555 Confirmata,

1362 1550 1479 1580 Abbate
1498 1551 1739 1592 Wvstmonasterii,

1361 1592 1409 1619 Ac
1429 1589 1609 1630 Lichfhlderfi
1619 1615 1629 1628 ‚

1368 1627 1547 1669 Lincolm'enfi
1556 1651 1565 1666 ,

1359 1668 1474 1735 gemm
1489 1666 1661 1706 Capellarum
1679 1669 1823 1705 Regiarum
1841 1666 2081 1708 Westmonasterii,
2095 1665 2134 1704 &
2148 1667 2332 1709 l‘Vyndelbres,

1397 1715 1488 1735 ecanis
1498 1728 1508 1741 ,

1359 1748 1407 1773 Ac
1422 1742 1601 1783 Tlhefhurario
1617 1743 1739 1774 Eborum
1752 1745 1883 1783 praedieflo
1901 1755 1910 1773 .·

1360 1781 1511 1820 Necnon,
1527 1782 1600 1813 Viris
1620 1782 1802 1821 Magnificis,
1818 1785 1852 1814 ὃς
1871 1782 2040 1816 Potentibus
2059 1783 2213 1823 Dominis,

1358 1820 1511 1859 Johanne,
1530 1824 1633 1851 Comite
1651 1821 1868 1860 Richemundi'ae‚

1357 1861 1401 1888 Et
1419 1860 1563 1889 Edmundo
1581 1861 1612 1889 de
1631 1859 1796 1898 Langeleye,

1359 1897 1443 1928 Diffi
1462 1898 1583 1929 Domini
1597 1898 1685 1929 nostri
1700 1898 1789 1938 Regis
1802 1898 1912 1938 Liberis
1925 1908 1933 1933 ;

1359 1936 1491 1968 Necnon
1501 1960 1511 1976 ‚

1359 1974 1498 2006 Dominis
1512 1999 1522 2014 ,

1359 2014 1468 2044 Thoma*
1490 2016 1665 2054 Warrewik,

1357 2054 1399 2082 Et
1419 2053 1535 2083 Roberto
1551 2053 1698 2093 Suffolciae,

218 2095 374 2123 maturitate
399 2094 571 2133 procedere,
600 2093 770 2125 Discretioni
796 2093 896 2124 vestrae
920 2104 969 2135 per
996 2093 1161 2131 Apostolica
1184 2094 1284 2132 scripta
1356 2090 1540 2131 Comitibus,

221 2133 431 2163 committimus
451 2134 484 2163 &
507 2132 692 2170 mandamus,
709 2134 837 2170 quatinus
857 2143 927 2172 vos,
946 2133 989 2164 vel
1011 2133 1071 2164 duo
1090 2142 1136 2163 aut
1150 2143 1222 2164 unus
1235 2143 1285 2164 ve·
1358 2130 1378 2148 *¹
1394 2130 1458 2168 Ac,
2409 2130 2431 2150 ¹¹
2447 2132 2501 2160 VI·

220 2170 331 2209 strsim,
349 2170 385 2201 de
407 2171 554 2208 praemiffis
573 2181 625 2201 vos
647 2172 812 2208 diligentius
833 2172 1033 2209 informantes,
1050 2172 1068 2202 si
1082 2182 1132 2209 per
1146 2170 1286 2203 Informa-
1356 2168 1540 2200 Serenissimi's
1558 2168 1760 2207 Dominabus,
2412 2178 2477 2208 337-

219 2210 329 2239 tionem
348 2210 472 2241 debitam
494 2211 654 2241 inveneritis
672 2210 850 2241 Sententiam
869 2212 931 2241 fore
950 2210 1035 2241 latam
1052 2234 1061 2249 ,
1086 2211 1120 2242 &
1141 2211 1190 2240 alia
1212 2220 1286 2248 prae-

222 2247 303 2278 miffa
329 2250 442 2279 veritate
466 2249 579 2288 fulciri,
604 2250 633 2278 in
656 2251 772 2289 negotio
798 2249 990 2279 Absolutionis
1016 2249 1050 2280 δε
1070 2249 1129 2279 Dis
1143 2249 1286 2280 ensationis

221 2286 421 2323 praedicstarum
446 2288 637 2325 procedatur,
667 2288 744 2325 juitta
767 2287 906 2318 dictarum
937 2289 1090 2326 prim-arum
1144 2288 1287 2318 itterarum

222 2327 425 2356 continentiam
444 2326 477 2356 δε
495 2334 641 2363 tenorem,
666 2325 808 2365 alioquin,
833 2327 862 2356 in
881 2327 998 2364 negotio
1017 2325 1219 2364 supersedentes
1237 2337 1286 2357 eo-

223 2364 305 2402 dem,
323 2365 405 2393 nobis
422 2363 557 2402 quicquid
580 2365 742 2394 inveneritis
760 2365 788 2393 in
812 2363 957 2402 praemiffis
972 2374 1021 2401 per
1035 2365 1135 2395 vestras
1152 2365 1285 2404 Litteras,

221 2402 320 2446 barum
345 2403 657 2446 seriem'continentes,
676 2402 824 2441 vestrisque
843 2402 943 2442 sigillis
964 2404 1098 2442 lignatas,
1119 2405 1287 2442 quantocius

222 2449 353 2471 intimare
368 2449 476 2470 curetis.

260 2478 326 2547 DIZt.
347 2479 485 2510 Avinion.
504 2478 622 2520 septimo
635 2478 702 2512 Idus
715 2478 905 2518 Septembris,
919 2478 1107 2511 Pontificatfis
1121 2481 1210 2512 nostri
1224 2482 1287 2513 An-

223 2527 265 2547 no
316 2527 384 2549 ono.

258 2603 450 2648 Nos-igitur,
486 2604 719 2645 Areliiepiscopus
743 2605 912 2644 supradistus
927 2629 936 2645 ,
962 2605 1140 2638 Gravitatem
1161 2607 1285 2648 Negotii

221 2643 384 2674 medullitus
405 2643 605 2684 ponderantes,
623 2645 701 2684 super
725 2646 865 2676 contentis
879 2647 909 2675 in
925 2646 1019 2675 clausis
1033 2646 1207 2685 Apostolicis
1221 2648 1283 2679 Lit-

219 2682 284 2711 teris
299 2681 460 2719 antediffls,
480 2683 513 2714 &
526 2691 610 2728 prout
623 2684 705 2713 nobis
718 2692 766 2728 per
782 2683 898 2723 ipsarum
914 2685 1120 2715 continentiam
1134 2686 1284 2717 mandaba-

1359 2207 1487 2246 Philippd
1503 2207 1616 2245 Angliae
1624 2230 1634 2246 ,

1358 2249 1400 2276 Et
1419 2246 1576 2285 Johanna',

1358 2284 1494 2323 Ejusdem
1511 2285 1615 2316 Sorore
1630 2283 1736 2325 Regis,

1393 2324 1499 2354 Scotiae
1520 2323 1701 2362 ReginabuS,

1358 2360 1497 2401 Ifizbellci,
1513 2363 1580 2392 dieli
1598 2364 1674 2398 Regis
1686 2358 1822 2400 praeclard
1836 2359 1928 2400 Filia,

1357 2402 1400 2431 Et
1416 2399 1528 2432 Matill.
1546 2398 1684 2441 Comitiffiz
1703 2401 1858 2439 Hanoniae,

1361 2487 1415 2532 Ac·
1432 2489 1490 2520 aliis
1515 2487 1729 2529 quampluribus
1755 2485 1897 2524 utriusque
1923 2482 2012 2515 Sexiis
2030 2482 2189 2516 Nobilibus
2208 2485 2344 2519 Dominis
2359 2488 2393 2520 &

1323 2524 1619 2612 DzffiisiqzkeusPlebeis
1632 2588 1643 2604 ,
1670 2565 1730 2596 tarn
1748 2563 1869 2596 Clericis
1882 2586 1893 2601 ,
1919 2562 2005 2600 quarn
2024 2560 2116 2592 Laicis
2129 2583 2140 2600 ,
2165 2561 2195 2592 in
2212 2563 2390 2597 multitudine

1322 2613 1552 2685 coffgsixfotariis
1567 2642 1688 2680 publicis
1706 2640 1905 2680 infrascriptis,
2111 2677 2118 2684 θ
2333 2680 2340 2686 ι

1358 2679 1407 2711 De
1429 2681 1564 2712 consentu
1585 2681 1620 2711 ὃς
1640 2681 1784 2711 voluntate
1807 2677 1954 2717 expressis,
1971 2686 2004 2708 ac
2026 2675 2176 2709 Eledtione
2194 2678 2228 2710 &
2241 2678 2390 2711 Nomina-

1322 2720 1400 2749 tione
1419 2718 1579 2758 specialibus
1602 2719 1726 2749 Domini
1747 2717 1837 2748 nostri
1853 2718 1959 2754 Regis,
1976 2725 2009 2746 ac
2025 2715 2166 2747 Dominae
2180 2715 2285 2748 nostrae
2300 2717 2392 2757 Regi-

74 2736 93 2753 *
115 2736 166 2763 Ἡ,
219 2728 281 2757 tur,
300 2721 318 2739 *²
334 2720 401 2750 Nos
415 2729 479 2750 ante
492 2731 591 2752 omnia
604 2721 818 2752 informavimus
830 2722 926 2753 debite
938 2732 970 2753 ac
984 2723 1069 2753 etiam
1085 2724 1237 2763 diligenter.
1607 2758 1611 2763 ,
1665 2759 1668 2762 Δ
1704 2758 1709 2763 .
1815 2757 1820 2762 .
1845 2757 1849 2761 .
1911 2757 1915 2762 ,
2028 2754 2033 2759 .
2051 2755 2055 2760 ,
2167 2756 2172 2761 .

112 2776 127 2801 6
257 2758 295 2789 Et
337 2760 398 2797 uia,
417 2761 474 2790 tam
494 2770 544 2800 per
566 2760 770 2800 inspectionem
793 2760 980 2798 Litterarum,
999 2760 1089 2791 felicis
1110 2763 1284 2794 recordatio·
1319 2768 1365 2787 ¹1ae
1378 2758 1509 2798 Angliae,
1525 2757 1626 2789 Matris
1641 2756 1851 2801 duffii-Donum
1870 2755 2125 2800 Prffljogefflssassc
2139 2755 2257 2800 ³¹¹0,¹'⁰m
2268 2756 2305 2787 de
2317 2756 2391 2788 3²1¹·

76 2784 106 2811 33
133 2795 140 2802 ·
219 2797 277 2832 nis,
296 2769 453 2828 &sementis
466 2797 550 2838 papae
565 2799 661 2838 Sem,
679 2799 757 2844 super
773 2799 930 2836 prolatione
946 2799 1116 2838 sente-migg,
1132 2801 1167 2830 de
1182 2802 1237 2839 qus,
1254 2803 1282 2832 jn
1319 2797 1403 2836 guine
1424 2796 1582 2827 eorundem
1602 2805 1671 2826 tunc
1688 2795 1796 2825 ibidem
1812 2793 1994 2834 praesentium
2005 2816 2014 2832 ,
2032 2792 2096 2824 data
2111 2793 2144 2824 &
2158 2802 2244 2824 etiam
2257 2795 2392 2840 affignaffss

219 2836 301 2866 dietis
326 2836 435 2867 Litteris
456 2836 550 2868 clausis
569 2838 599 2868 fit
621 2847 750 2876 mentio,
768 2839 801 2868 &
815 2838 938 2876 ejusdem
954 2837 1105 2869 Sententiae
1121 2838 1283 2871 Confirma-

218 2875 298 2905 tione
321 2875 486 2913 Faftarum,
506 2877 589 2906 nobis
607 2878 693 2907 etiam
713 2886 765 2914 pro
780 2885 856 2914 parte
869 2876 1014 2907 dictorum
1029 2875 1153 2907 Domini
1171 2877 1283 2909 Primo-

217 2913 305 2956 geniti
325 2922 357 2943 ac
372 2913 509 2944 Dominae
520 2915 660 2952 Johannae
675 2914 835 2947 Comitiffae
849 2913 1036 2946 exhibitai’um
1045 2940 1054 2953 ,
1071 2917 1156 2954 quam
1169 2926 1219 2956 per
1232 2919 1283 2948 alia

217 2950 382 2982 sufficientia
405 2953 438 2983 &
463 2952 554 2984 debita
575 2953 765 2992 documenta,
790 2955 941 2993 reperimus
962 2952 1107 2985 evidenter
1127 2956 1225 2985 omnia
1248 2957 1281 2986 &

219 2989 340 3028 singula,
358 2999 491 3021 contenta
505 2992 534 3022 iri
545 2992 648 3023 eisdem
664 2992 776 3024 Litteris
788 2993 900 3031 claufis,
918 2993 1033 3023 veritate
1046 2993 1139 3024 fulciri
1152 3003 1159 3023 τ

259 3028 345 3066 Nos,
356 3038 433 3071 ‘cum
445 3030 531 3072 ⁴variis
552 3032 581 3060 in
596 3030 793 3070 utroqueJure
809 3031 1006 3070 Doctorum,
1022 3032 1055 3063 &
1071 3031 1187 3070 Peritis,
1202 3033 1282 3071 super

218 3067 272 3110 hiis
295 3066 510 3098 Deliberanone
535 3068 639 3099 maturi
659 3068 812 3109 praehabita
826 3092 836 3109 ,
855 3070 989 3101 invocata
1010 3069 1091 3108 ipsius
1111 3070 1214 3110 gratia,
1233 3073 1283 3110 qui

220 3106 292 3143 Via,
312 3104 420 3136 Veritas
430 3105 490 3144 est,
508 3107 540 3137 &
557 3106 638 3144 Vita,

258 3144 530 3187 PronunciavimuS,
550 3146 584 3176 &
606 3146 819 3177 Declaravimus
831 3149 928 3178 omnia
944 3148 977 3179 ὅ(
994 3147 1031 3178 fin
1053 3147 1114 3186 ula,
1134 3156 1237 3179 narrata
1252 3150 1282 3178 in

221 3184 283 3221 iplis
309 3183 418 3214 Litteris
439 3182 564 3221 Clausis,
581 3183 616 3214 de
639 3185 740 3222 quibus
756 3186 833 3223 juxta
855 3186 1020 3217 earumdem
1070 3187 1210 3217 itterarum
1224 3188 1280 3217 exi-

219 3222 344 3261 gentiam
367 3231 418 3252 nos
440 3222 593 3252 informare
612 3222 778 3262 debuimus,
797 3225 825 3254 in
845 3226 980 3255 omnibus
1000 3225 1032 3256 &
1045 3235 1092 3264 per
1107 3226 1205 3255 omnia
1219 3225 1282 3255 fore

219 3260 354 3303 vera,.&
376 3261 523 3303 propterea
543 3271 596 3291 nos
617 3261 696 3300 posie
717 3263 750 3293 &
771 3262 873 3293 debere
894 3264 923 3293 in
938 3264 1072 3302 Negotio
1087 3263 1281 3294 Absolutionis

218 3300 253 3329 ἃ
272 3298 490 3337 Dispensationis
503 3299 661 3336 hujusmodi
674 3301 844 3340 procedere,
858 3302 933 3339 juxta
948 3301 1147 3340 praedictarum
1159 3301 1282 3333 Littera-

219 3347 283 3368 rum
299 3337 458 3367 Patentium
474 3339 679 3368 continentiam
693 3338 726 3369 &
741 3347 882 3378 tenorem,

258 3375 299 3405 Ea
313 3385 427 3413 propter
442 3375 682 3415 Matrimonium,
699 3377 776 3415 quod
787 3378 815 3407 in
830 3377 930 3409 Gradu
943 3378 1104 3417 prohibito,
1122 3378 1156 3409 &
1169 3379 1232 3409 alias
1247 3379 1280 3409 il-

222 3414 365 3452 legitime,
381 3414 466 3444 iidem
487 3414 610 3445 Domini
630 3414 764 3454 Princeps
776 3416 808 3446 &
825 3416 990 3453 Comitilla,
1007 3417 1075 3447 sicut
1089 3418 1281 3456 praemittitur,

221 3461 436 3490 contraxerunt,
456 3453 633 3484 Auctoritate
648 3454 785 3492 praeditsta
799 3453 1052 3487 Pronunciavirnus
1067 3455 1100 3485 &
1116 3454 1283 3486 Declaravi-

220 3501 284 3521 mus
303 3490 382 3521 fuisse
403 3492 436 3521 &
459 3491 513 3521 effe
534 3492 643 3522 nullum
666 3493 699 3523 ὃς
722 3492 900 3531 Invalidum,
920 3495 970 3532 &,
990 3493 1117 3532 quatinus
1136 3492 1171 3523 de
1192 3494 1280 3526 Facto

219 3529 403 3597 processerat,
421 3529 488 3559 illud
509 3529 703 3569 Caffavimus,
729 3531 960 3570 Aniiullavimus,
978 3533 1012 3562 δε
1035 3532 1156 3563 omnint>
1178 3534 1282 3564 viribus

239 3568 408 3605 ‘'acavimus3
426 3577 458 3597 ac
474 3578 501 3597 re
511 3591 520 3606 ,
538 3568 571 3599 δε
585 3570 692 3608 verbo,
707 3568 797 3600 distos
814 3569 979 3600 Dominum
993 3571 1157 3609 Principem
1173 3571 1205 3602 δε
1220 3571 1282 3601 Co-

222 3606 353 3673 igitiffam
367 3605 560 3644 separavimus
581 3608 743 3639 abinvicem
757 3632 766 3647 ,
790 3609 868 3648 juxta
887 3609 1010 3639 formam
1033 3608 1193 3640 Canonicae
1213 3610 1285 3640 San-

260 3654 344 3683 ionis,

262 3682 298 3712 Et
320 3683 442 3727 insuper,
459 3683 493 3713 ad
510 3684 592 3728 fimi
610 3684 802 3724 devotamque
821 3686 989 3716 eorumdem
1005 3686 1127 3717 Domini
1142 3685 1283 3726 Principis

222 3719 256 3749 δε
275 3719 433 3766 ςοῐηιῑιῆςε
454 3720 601 3752 Petitionis
622 3722 782 3754 instantiam
795 3747 804 3761 ,
828 3726 863 3755 ab
884 3724 1194 3755 Excommunicationis
1215 3725 1286 3755 Sen-

222 3765 326 3800 tentia,
345 3769 429 3798 quam
442 3761 592 3791 occasione
606 3760 779 3792 Contraffis
791 3763 950 3800 hujusmodi
963 3765 1154 3801 incurrerunt,
1176 3763 1288 3793 Audio-

224 3804 303 3837 ritate
331 3797 497 3834 Apostolica
525 3798 679 3836 supradicta
707 3809 857 3839 utrumque
878 3803 1002 3839 ipsorum
1022 3802 1192 3833 absolvimus
1211 3803 1288 3840 juxta

227 3835 351 3863 formam
366 3834 499 3866 Ecclesiae
515 3837 694 3876 consuetam,

266 3871 370 3915 Poenas
394 3883 451 3919 quo
473 3885 507 3904 ue
521 3898 531 3913 ,
554 3885 602 3913 per
622 3877 735 3907 eosdem
757 3877 907 3908 occasione
930 3879 1138 3918 praemissorum
1158 3878 1294 3917 incursas,

226 3909 404 3954 Audioritate
418 3921 451 3953 ea
472 3921 519 3941 em
536 3913 730 3954 Remisimus,
748 3915 782 3946 &
802 3917 887 3946 etiam
900 3915 1101 3947 Relaxavimus
1112 3917 1229 3948 cuilibet
1241 3926 1295 3946 eo-

223 3947 375 3987 rumdem,
393 3957 567 3988 injungentes
586 3953 624 3984 eis
644 3952 874 3993 Paenitentiam,
903 3964 988 3997 quam
1007 3965 1061 3994 pro
1081 3955 1172 3987 modo
1192 3953 1294 3995 Culpae

1319 2835 1418 2865 eadem
1434 2834 1567 2866 Domina
1576 2833 1709 2873 Johanna
1723 2831 1875 2864 Comitissa
1890 2832 2003 2863 Cantiae
2015 2831 2095 2862 dieto
2109 2830 2246 2862 Domino
2260 2832 2389 2871 Prmcipr

1319 2875 1348 2903 in
1370 2872 1553 2914 Conjugem,
1573 2874 1728 2911 Bannisque
1742 2873 1833 2912 prius,
1852 2872 1923 2902 ficut
1938 2871 2026 2901 moris
2037 2869 2096 2908 est,
2115 2871 2230 2907 publice
2240 2870 2338 2909 editis,
2351 2872 2390 2903 δε

1320 2913 1433 2942 nemine
1448 2912 1676 2950 contradicente,
1693 2919 1740 2941 aut
1753 2911 1782 2941 se
1801 2908 2022 2948 quomodolibet
2035 2916 2215 2951 opponente,

1356 2950 1448 2981 Iidem
1474 2950 1683 2990 primogenitus
1705 2950 1738 2980 &
1761 2947 1914 2978 Comitissa
1936 2946 2157 2976 Matrimonium
2179 2955 2228 2983 per
2247 2947 2335 2978 verba
2349 2947 2388 2979 de

1320 2990 1465 3027 praesenti,
1492 2988 1603 3027 fideque
1630 2987 1738 3025 media,
1763 2988 1797 3018 &
1816 2988 1846 3016 in
1866 2985 1939 3017 facie
1960 2983 2093 3015 Ecclesiae
2111 2983 2241 3023 puplice,
2262 2985 2386 3018 interve-

1321 3030 1414 3058 niente
1430 3027 1509 3057 Pacis
1524 3027 1651 3065 Osculo,
1667 3032 1874 3056 contraxerunt.

1357 3066 1426 3096 Nos
1446 3069 1476 3097 in
1499 3064 1624 3096 Persona
1646 3063 1739 3094 nostra
1759 3062 1887 3102 propria,
1905 3061 2041 3100 dietisque
2063 3060 2203 3092 Fratribus
2215 3061 2332 3102 nostris,
2349 3073 2386 3094 ae

1320 3105 1442 3135 Praelatis
1461 3104 1521 3135 aliis
1542 3104 1622 3134 nobis
1636 3101 1835 3138 assistentibus,
1851 3102 1884 3132 &
1898 3100 2132 3142 obsequentibus,
2148 3101 2207 3129 tam
2223 3101 2251 3130 in
2267 3100 2385 3132 Divinis

1318 3141 1450 3180 Officiis,
1471 3143 1555 3180 quam
1579 3142 1654 3177 aliis,
1676 3141 1744 3170 sicut
1764 3139 1859 3170 decuit
1874 3138 2011 3169 Domum
2026 3137 2167 3180 Regiam,
2185 3139 2218 3168 &
2235 3140 2385 3177 negotium

1320 3183 1377 3212 tam
1400 3181 1537 3211 excellens
1551 3203 1562 3220 ,
1594 3179 1820 3210 Matrimonium
1840 3177 1955 3216 puplice
1979 3176 2244 3213 solempnizavimus
2263 3178 2387 3215 supradi-

1320 3219 1410 3250 Cium.

1359 3257 1437 3296 Qiae
1455 3256 1554 3287 omnia
1575 3258 1608 3288 &
1628 3255 1731 3295 singula
1754 3253 1943 3285 Univerfitati
1965 3253 2065 3284 vest-rae
2085 3260 2182 3283 tenore
2204 3252 2383 3292 praesentium

1320 3297 1503 3329 nunciamus;
1522 3305 1588 3334 quas
1610 3294 1708 3325 nostro
1728 3294 1902 3324 communiri
1925 3291 2022 3331 Sigillo
2042 3291 2178 3329 fecimus,
2193 3301 2226 3321 ac
2241 3292 2384 3329 Signis&

1321 3334 1577 3373 Subscriptionibus
1597 3333 1788 3364 Notariorum
1810 3331 1995 3361 Publicorum
2012 3329 2248 3373 subscriptorum,
2264 3339 2298 3361 ac
2311 3341 2386 3372 prae-

1321 3373 1471 3404 mifforum
1485 3373 1616 3403 omniurn
1631 3373 1769 3411 majorem
1785 3369 1998 3407 certitudinem,
2017 3368 2152 3397 roborari.

1361 3411 1473 3442 Datum
1498 3411 1678 3447 Londoniae‚
1695 3409 1787 3449 quoad
1798 3408 2044 3446 consignationem
2059 3405 2255 3444 praesentium,
2271 3407 2388 3438 decimo
2423 3441 2425 3443 ,

1321 3450 1427 3481 ottavo
1444 3450 1489 3480 die
1505 3449 1614 3480 Mensis
1630 3448 1786 3486 Octobris,
1805 3446 1894 3477 Anno
1907 3444 2031 3475 Domini
2044 3444 2220 3485 supradicte,
2234 3446 2269 3476 &
2281 3445 2390 3477 nostrae

1324 3488 1553 3520 Consectationis
1566 3488 1750 3520 duodecimo.
1779 3521 1781 3523 ¹
1822 3520 1825 3521 V

1362 3575 1427 3614 Ego
1444 3574 1587 3612 Joliannes
1608 3574 1644 3605 de
1664 3572 1833 3611 Branketre,
1854 3571 1984 3602 Clericus
2002 3570 2207 3609 Norwycenfis
2225 3566 2380 3606 Dioaeefis,

1325 3613 1490 3651 Apostolicfi
1512 3614 1545 3644 &
1562 3611 1700 3651 Imperiali
1716 3611 1896 3642 Auctoritate
1909 3610 2049 3641 Notarius
2065 3609 2214 3645 Publicus,
2233 3608 2383 3645 quia‘prae-

1326 3652 1412 3682 miffis
1435 3652 1570 3681 omnibus
1590 3652 1623 3681 ὃ(
1643 3650 1769 3689 singulis,
1786 3659 1834 3689 per
1855 3648 2004 3686 praefatum
2037 3645 2239 3677 Reverendum
2256 3643 2386 3689 Patrem,

1326 3689 1489 3720 Dominum
1515 3688 1767 3729 Archiepiscopum
1791 3688 1926 3725 recitatis,
1945 3687 1979 3717 &
1996 3670 2080 3731 ‚fietis
2093 3692 2188 3714 coram
2203 3692 2256 3726 e0,
2268 3682 2387 3723 diebus,

1327 3729 1360 3759 &
1373 3728 1458 3764 locis,
1474 3727 1665 3766 Testibusque
1678 3726 1818 3766 praediffis
1832 3726 1948 3764 praesens
1963 3725 2021 3761 fui,
2038 3733 2072 3753 ac
2088 3732 2119 3752 ea
2133 3730 2231 3765 omnia
2245 3720 2280 3751 &
2293 3721 2387 3761 fingu-

1327 3767 1352 3796 la
1375 3768 1384 3804 (
1393 3765 1508 3804 excepta
1524 3765 1612 3804 Sigilli
1627 3764 1815 3804 appensione)
1832 3764 1871 3794 fic
1887 3763 1947 3793 fieri
1961 3762 2032 3799 vidi,
2050 3761 2084 3790 &
2098 3758 2208 3796 audivi,
2226 3759 2284 3789 aliis
2296 3769 2392 3805 occu-

1328 3813 1407 3842 patus
1427 3804 1563 3843 negotiis,
1581 3804 1661 3834 scribi
1681 3804 1752 3841 feci,
1774 3804 1826 3840 &,
1846 3803 1876 3832 iri
1897 3801 1971 3831 hanc
1993 3798 2141 3840 Public-”am
2162 3796 2303 3842 Formam·
2316 3797 2390 3829 redi-

1328 3853 1409 3882 gens,
1427 3843 1496 3872 meis
1519 3842 1654 3872 consueto
1675 3842 1764 3881 Signo
1789 3841 1823 3872 &
1843 3839 1979 3870 Nomine
2000 3836 2132 3867 roboravi
2147 3843 2275 3875 rogatus,
2292 3846 2325 3867 in
2342 3836 2390 3868 Fi-

1330 3882 1396 3913 dem
1411 3880 1445 3912 &
1459 3879 1676 3912 Testimonium
1689 3879 1906 3946 P‘aemiffissm‘ff'

2354 3985 2392 4019 Et
2440 4036 2449 4045 ι
