2561 4251
757 127 868 168 ET
952 128 1213 170 ACTA

23 207 100 240 Arm.
113 206 155 237 D.
217 215 286 246 Nos
299 218 303 222 ’

43 248 127 286 135⁶·
165 268 167 271 ·
212 255 264 285 Ob
286 239 502 291 multiplicatam
524 250 726 291 affeetionern,
743 260 829 290 quam
853 261 919 288 erga
939 251 1049 283 dietum
1076 253 1243 284 Dominum

22 286 87 314 Edv.
110 294 136 322 3·
176 291 371 329 Edwardum,
387 292 437 322 suis
453 292 631 329 exigentibus
648 291 778 330 Meritis,
794 288 911 320 firmiter
919 292 1084 327 gerimus&
1100 292 1246 332 iubemus,

175 331 302 361 volentes
317 329 463 361 Securitati
478 329 550 368 sure,
568 331 600 360 ὃ(
616 329 776 360 Haeredum
789 329 902 360 suorum
919 339 970 366 pro
994 329 1090 362 futuris
1112 332 1248 370 tempori-

175 370 244 407 bus,
262 370 290 398 in
308 377 440 406 quantum
453 370 536 399 nobis
551 368 679 406 poffibile
694 368 793 405 fuerit,
812 367 978 406 providere,

209 407 253 437 Ex
268 407 442 438 habundanti
468 406 721 438 Rmrrsmus
739 407 771 437 ὃς
790 406 1007 445 QUIETUM
1033 416 1248 438 cLAiviavr-

177 453 235 475 Μυ
245 454 257 475 s
279 455 334 482 pro
348 446 460 484 Nobis,
473 445 678 477 &Haeredibus
691 446 803 483 nostris,
818 445 934 482 praefato
942 445 1081 477 Domino
1095 446 1250 485 Edwardo,

174 483 346 514 Haeredibus
360 485 394 515 «Sc
408 484 562 522 Affignatis
575 484 643 522 suis,
669 483 828 514 Torum
851 483 918 522 Jus
945 485 979 515 &
999 483 1057 515 CL
1069 494 1088 514 A
1100 494 1127 515 Μ
1138 493 1227 516 EUM
1239 508 1250 524 ,

172 532 236 559 quae
253 523 419 562 habuimus,
437 523 484 554 vel
499 523 600 553 habere
615 523 765 560 poterimus
780 523 809 551 in
828 521 855 551 R
865 531 882 551 Ε
893 530 915 551 G
925 530 947 551 N
956 533 976 552 o
1001 524 1036 554 &
1063 523 1120 554 Co
1128 533 1152 554 R
1161 534 1180 554 o
1190 532 1213 554 N
1223 533 1244 554 A

171 560 317 598 praedietis
330 584 340 599 ,
358 572 391 592 ac
407 563 492 593 etiam
514 562 543 592 in
565 561 714 597 Dignitate
738 560 857 598 Regali,
874 560 1059 600 Honoribus,
1080 562 1246 601 Dominus,

173 599 294 638 Castris,
314 601 412 640 Villis,
433 600 590 638 Maneriis,
606 599 772 638 Homagiis,
788 599 992 638 Fidelitaribus,
1011 601 1146 638 Servitiis,
1164 600 1245 631 Red-

173 638 295 676 ditibus,
313 638 465 676 Proficuis,
483 638 517 669 &
540 638 752 676 quibuscunque
772 637 830 669 aliis
847 637 961 676 juribus
974 640 1008 670 δε
1022 638 1244 670 Poffeffionibus

171 677 351 716 supradictis,
368 679 427 708 tarn
442 678 500 708 viz.
520 678 551 706 in
568 676 727 714 Galwidizi,
745 687 778 707 ac
794 676 888 707 Infulis
910 678 1068 715 praedietis,
1088 681 1175 714 quam
1196 677 1246 707 ali-

174 717 205 745 bi
219 716 382 755 ubicunque
396 716 501 747 fuerint
533 717 619 746 etiam
635 715 654 745 si
668 715 742 745 forte
755 716 854 754 aliquae
873 716 1012 746 dictarum
1028 715 1179 746 Insularum
1202 715 1246 745 di-

175 763 288 793 cantur,
304 755 350 800 seu
364 755 424 786 dici
441 738 562 799 possint,
579 754 614 785 ad
632 753 827 785 REGNUM
851 754 896 784 seu
921 752 1137 784 CoRoNAM
1162 754 1248 785 Sco-

175 800 260 823 TIAE
278 803 401 823 mimme
416 802 564 830 pertmere.

215 831 234 850 ³*
253 830 289 862 Et
305 832 454 871 praeteres,
472 839 503 862 ut
517 832 546 862 in
561 831 594 862 efi
608 839 686 870 parte
699 832 795 862 omnis
810 830 990 867 Ambiguitas
1002 837 1178 870 amputetur,
1196 830 1247 861 In-

177 871 308 901 tentionis
330 871 433 901 nostrae
454 881 515 901 non
537 871 644 908 eXtitit,
661 879 714 900 nec
735 867 824 898 existit
846 868 925 906 quod
947 868 1034 907 Nos,
1051 869 1097 899 vel
1111 869 1247 900 Haeredes

178 909 265 939 nostri
287 909 389 949 aliquid
409 910 500 949 Juris,
527 909 574 939 vel
600 907 712 938 Clamei
736 906 773 937 de
799 915 904 937 caetero
922 907 1073 939 vendicare
1091 909 1249 945 poterimus

177 948 206 977 in
234 948 397 987 praemissm,
421 948 466 979 vel
485 949 514 978 in
538 946 675 986 aliquibus
692 945 726 976 ad
741 955 774 975 ea
798 945 987 984 spe&mtibus
1003 956 1122 984 quoquo
1142 946 1249 985 modo,

176 988 263 1018 etiarn
283 987 303 1017 fi
321 988 351 1017 in
368 986 448 1025 dieta
466 985 551 1017 Carta
568 983 665 1015 nostra
683 985 715 1014 in
729 983 840 1022 speciali
853 984 1008 1016 nullatenus
1030 985 1231 1023 exprimantur.

455 1060 591 1093 HIIS
628 1060 975 1101 TESTIBUS,

731 1142 777 1170 De
790 1138 992 1179 Jeddeworth,

731 1180 775 1207 Et
790 1178 821 1207 de
828 1177 985 1217 Driburgh:

731 1218 866 1255 Henrico,
884 1220 1005 1247 Domino
1019 1217 1052 1248 de
1066 1219 1166 1260 Percy,

4 840 155 878 ’.ΨΒ-ῃ.

177 1141 338 1174 Venerabili
350 1139 434 1171 Patre
441 1163 451 1176 ,

180 1184 297 1211 Domino
309 1179 413 1210 Thomd
429 1177 606 1219 Dunolmensi
617 1180 694 1218 *Epi-

207 1219 281 1263 scvpe
290 1230 301 1263 ··.

178 1258 327 1296 Dominis,
732 1254 882 1294 Johanne,
902 1258 1019 1286 Domino
1031 1257 1063 1286 de
1079 1258 1234 1297 Moubray,

180 1295 310 1326 Leonello
318 1319 328 1335 ,
733 1293 874 1333 Radulpho
882 1317 891 1333 ,
909 1297 1027 1325 Domino
1041 1296 1073 1325 de
1086 1294 1207 1334 Nevill,

179 1338 223 1365 Et
236 1335 386 1373 Johanne,
730 1332 875 1371 4ῑᾶΐὶιῖίιννο,
891 1336 1010 1363 Domino
1023 1335 1055 1364 de
1069 1337 1194 1376 Manny,

176 1376 219 1404 Et
234 1373 448 1412 Richemundiae,
733 1370 867 1410 Johanne
892 1373 924 1402 de
952 1372 1114 1412 Cherleton,
1132 1375 1252 1404 Domino

180 1413 360 1442 Comitibus:
768 1410 801 1439 de
821 1413 929 1448 Powis,

181 1453 299 1480 Henrico
312 1453 386 1480 Duce
400 1448 571 1490 Lancastriae
580 1460 590 1479 .-
732 1447 866 1487 Johanne
882 1449 914 1479 de
930 1451 1011 1491 Grey,
1024 1452 1141 1480 Domino
1154 1451 1187 1480 de
1200 1452 1253 1481 Re-

141 1506 143 1510 .
183 1492 226 1520 W
225 1488 332 1518 illielmo
351 1489 382 1518 de
401 1487 516 1526 Bohun,
535 1486 694 1517 Northam-
769 1485 905 1526 therfeld‚

213 1531 313 1566 ptoniae
321 1550 331 1565 ,
734 1523 860 1562 Galfrido
868 1548 878 1563 ,
895 1529 1015 1556 Domino
1029 1527 1062 1557 de
1075 1531 1127 1568 Say
1134 1551 1144 1566 ‚

178 1569 278 1604 Rogero
296 1567 328 1596 de
348 1568 462 1596 Mortuo
483 1567 579 1602 Mari,
611 1566 697 1594 Mar·
735 1562 901 1602 Willielmo,
920 1567 1040 1595 Domino
1052 1567 1084 1596 de
1098 1569 1247 1607 Latymer:

214 1604 290 1642 chiae,
733 1601 869 1640 Johanne
883 1603 916 1632 de
930 1603 1087 1645 Scrivelyn,

179 1641 337 1681 Radulpho,
354 1641 528 1681 Staffbrdiae,
733 1640 837 1670 Thomd
850 1641 882 1671 de
896 1641 987 1671 Rokeb
1011 1664 1021 1681 ,

180 1683 223 1711 Et
236 1680 359 1711 Gilberto
371 1681 404 1711 de
417 1684 526 1719 Anegos
534 1702 544 1718 ,
733 1679 851 1709 Roherto
864 1680 896 1709 de
909 1652 1010 1719 Herley,

180 1718 358 1751 Comitibus:
735 1720 780 1748 W
778 1717 886 1749 illielmo
899 1719 931 1748 de
947 1720 1088 1750 Warenna

179 1759 356 1796 Abbatibus,
733 1756 873 1787 Willielmo
894 1758 926 1788 de
940 1743 1120 1798 Aldeburffi,

181 1801 226 1827 De
240 1796 360 1836 Melros,
733 1793 899 1835 Militibus3

180 1839 225 1866 De
239 1835 378 1874 Kelchon,
732 1833 772 1865 Et
784 1834 850 1866 aliis.

218 1913 284 1943 Dat.
306 1911 380 1950 apud
401 1909 613 1949 Rokesburgh,
630 1908 779 1942 Vicefimo
800 1910 921 1949 septimo
943 1912 989 1944 die
1005 1913 1145 1954 januarii,
1162 1912 1251 1946 Anno

178 1951 305 1983 Domini
322 1949 496 1989 Millefimo,
513 1949 756 1990 TrescentefimO,
774 1950 1020 1990 Qinquagefimo
1036 1953 1161 1992 Qinto.

293 2028 347 2058 Sub
361 2030 480 2058 Privato
494 2026 584 2066 Sigillo
597 2038 665 2058 cereo
680 2026 756 2058 rubei
770 2026 879 2067 coloris,
893 2028 1026 2068 pendente
1037 2040 1057 2060 a
1074 2030 1161 2061 cauda
1179 2031 1250 2061 Per-

339 2078 471 2105 gamenae.

205 2204 266 2235 Pro
290 2203 425 2237 Civitate
446 2203 559 2236 Baionae
579 2201 615 2236 de
645 2201 850 2283 Appessatione
880 2199 1032 2235 audienda
1054 2204 1092 2242 ῤ’
1123 2205 1232 2238 termi-

660 2262 720 2282 nan
762 2275 771 2285 o

29 2333 106 2365 Ann.
122 2333 165 2366 D.
186 2336 325 2393 REX,
343 2337 450 2368 dileeto
465 2338 498 2369 &
518 2336 594 2368 fideli
608 2336 723 2375 nostro,
741 2336 885 2368 Edwardo
898 2335 1028 2377 Principi
1042 2336 1176 2378 Walliae,
1189 2337 1256 2371 Du-

51 2373 136 2413 1356.
258 2377 286 2407 ci
303 2377 486 2415 Cornubiae,
503 2377 536 2408 &
551 2375 663 2407 Comiti
677 2375 814 2414 Cestriae,
832 2375 993 2415 Capitaneo
1006 2378 1041 2408 ὅτ
1062 2377 1178 2408 Locum
1200 2388 1255 2409 no-

31 2415 83 2478 ἕη-
99 2422 144 2449 30·
184 2414 273 2483 grim
287 2417 391 2446 tenenti
406 2417 436 2446 in
450 2415 566 2446 Ducam
578 2415 755 2453 Aquitaniae,
772 2414 973 2454 Primogenito
986 2415 1087 2446 nostro
1100 2416 1254 2456 cariffimo,

57 2471 62 2476 ·
81 2460 107 2487 3·
206 2465 218 2483 α
231 2461 314 2484 utem.

32 2490 100 2523 msc·
118 2498 162 2526 30.
221 2491 262 2522 Ex
281 2500 372 2531 parte,
389 2492 561 2524 dilectorum
580 2493 614 2524 &
630 2490 757 2523 fidelium
782 2492 962 2530 nostrorum,
981 2491 1121 2532 Majoris,
1142 2493 1255 2532 Jurato-

38 2531 106 2564 ις.
124 2538 160 2557 m.
183 2540 264 2568 rum,
291 2530 419 2562 Centum
447 2531 581 2571 Parium,
607 2540 640 2562 ac
665 2531 862 2562 Univeriitatis
881 2531 915 2562 δε
941 2532 1028 2562 totius
1046 2531 1252 2564 Communita-

40 2568 67 2593 ⁶·
179 2569 212 2599 tis
231 2569 361 2600 Civitatis
378 2569 481 2601 nostrae
499 2570 630 2608 Baionae,
648 2571 732 2601 nobis
749 2570 871 2601 exhibita
890 2570 995 2601 Petitio
1013 2571 1196 2610 continebat,

221 2608 315 2645 Qiod
337 2609 409 2639 inter
430 2609 519 2647 ipsos,
536 2610 570 2640 &
592 2608 685 2640 fideles
706 2608 988 2645 nostr0s‚H0mines
1005 2610 1106 2640 Terrae
1131 2610 1255 2641 Laburdi

188 2646 299 2685 multis,
316 2655 390 2678 retro
410 2648 600 2686 temporibus,
620 2647 792 2686 Discordiis,
818 2646 1037 2687 MalivolentiiS,
1057 2648 1257 2688 mucoribus,

187 2685 222 2715 &
245 2685 421 2722 Capitalibus
444 2685 607 2717 Inimicitiis
625 2686 774 2725 suscitatis,
793 2696 826 2716 ex
851 2687 969 2726 quibus,
986 2687 1056 2717 hinc
1078 2687 1164 2726 inde,
1182 2688 1257 2719 Stra-

186 2732 256 2761 geS,
274 2723 455 2763 Homicidia,
472 2724 606 2755 Intestina
626 2724 717 2762 Bella,
737 2724 890 2764 Incendia,
907 2726 940 2757 &
963 2725 1099 2764 Dampna
1120 2726 1258 2765 plurima,

186 2760 246 2792 sunt
260 2761 367 2801 secuta,
383 2761 549 2801 supradiffl,
568 2762 680 2801 Ma'or,
696 2763 796 2802 Pares,
813 2763 1004 2803 Univerfiras,
1019 2766 1054 2796 &
1076 2764 1256 2795 Communi-

186 2806 226 2829 tas
240 2799 370 2840 Baionae,
384 2801 418 2831 &
432 2801 592 2831 Homines'
621 2812 691 2831 errae
715 2802 855 2840 Laburdi,
872 2812 925 2841 pro
945 2803 1072 2834 sedandis
1092 2803 1256 2841 supradietis

184 2836 360 2878 Discordiis,
377 2841 410 2870 &
425 2839 507 2869 bono
522 2839 603 2870 Pacis
618 2841 651 2871 &
673 2839 849 2871 Concordiae
871 2842 941 2871 inter
962 2851 1011 2872 eos
1032 2844 1169 2880 perpetuo
1192 2842 1257 2873 soli-

185 2875 296 2916 dando,
310 2879 339 2907 in
361 2877 533 2908 Bernardum
555 2877 637 2914 Ezii,
656 2877 792 2908 Domino
813 2878 849 2908 de
871 2879 1012 2918 Lebreto,
1036 2880 1254 2912 vicecomitem

187 2913 321 2954 Tmarii,
355 2916 494 2947 dilecfimm
517 2917 549 2947 &
571 2915 684 2946 fidelem
706 2916 853 2955 nostrum,
882 2925 1014 2956 tanquam
1039 2920 1069 2948 in
1090 2919 1256 2959 Arbitrum,

185 2952 389 2985 Arbitratorem
398 2978 408 2992 ,
426 2954 470 2985 seu
484 2954 549 2985 ali-{is
556 2954 745 2985 amicablilem
760 2955 1010 2994 Compositorem,
1024 2957 1147 2988 eleetum
1155 2960 1257 2989 utrim-

183 3001 246 3061 Puc}
257 2993 487 3027 concorditer&
511 2993 702 3032 assumptum,
728 2993 1032 3032 compromiserunt&
1052 2996 1159 3027 realiter
1181 3007 1256 3028 con-

193 3040 228 3060 en
239 3039 321 3062 erunt

221 3054 358 3109 Idemque
371 3069 561 3108 postmodum
576 3070 746 3108 Bernartius,
762 3070 910 3102 Dominus
923 3071 960 3102 de
974 3071 1099 3103 Lebreto
1107 3095 1118 3112 ,
1131 3073 1251 3105 admissa.

183 3107 324 3140 Potestate
344 3109 506 3146 hujusmodi
526 3109 577 3140 fibi
590 3109 706 3148 tradita,
724 3110 801 3140 &in
824 3110 960 3147 Negotio
974 3111 1035 3148 ipso
1056 3112 1166 3150 aliquali
1181 3111 1255 3143 Pro-

186 3146 262 3178 ceffu
284 3148 458 3187 praehabito,
477 3149 562 3178 nimis
583 3148 742 3179 voluntarie
760 3148 833 3188 Juris
849 3149 959 3179 Ordine
972 3150 1005 3180 &
1031 3149 1181 3181 Limitibus
1196 3151 1254 3181 Po-

187 3185 288 3216 testatis
299 3186 349 3216 sibi
363 3187 469 3217 traditae
483 3197 540 3217 non
554 3187 681 3225 servatis,
699 3187 927 3225 Allegationibus
948 3188 981 3219 &
1003 3187 1190 3220 Petitionibus
1209 3190 1254 3220 di-

184 3225 302 3255 Ctorum
316 3225 456 3255 Fidelium
470 3225 633 3256 nostrorum
648 3226 684 3255 de
700 3225 805 3256 Baiona
819 3226 947 3265 repulsis,
962 3227 995 3257 &
1009 3226 1036 3258 se
1050 3227 1125 3258 Parti
1143 3228 1253 3260 Adver-

182 3262 220 3293 sfe
234 3262 419 3294 favorabilem
433 3263 629 3302 ostendendo,
646 3264 835 3303 arbitrabatur,
853 3266 1062 3304 pronunciavit,
1079 3267 1112 3297 &
1127 3266 1251 3298 Didium

136 3309 146 3323 ·
185 3301 264 3332 suum
279 3302 394 3341 protulit
415 3313 470 3340 pro
490 3302 666 3333 Hominibus
687 3303 790 3334 Terrae
812 3304 954 3342 Laburdi,
972 3305 1005 3335 ὃ(
1027 3313 1127 3336 contra
1148 3306 1252 3337 Fideles

186 3339 297 3371 nostros
310 3340 346 3371 de
361 3340 466 3372 Baiona
483 3341 650 3379 przedirstos,
668 3342 755 3380 ipios,
773 3343 806 3373 ὃς
822 3342 977 3373 Libertates
991 3353 1090 3374 eorum
1100 3367 1109 3382 ,
1127 3355 1160 3375 ac
1173 3345 1251 3384 Jura,

185 3386 232 3414 per
245 3379 418 3421 Arbitrium,
437 3379 680 3416 pronunciatum,
697 3380 732 3410 &
745 3381 854 3411 duflum
869 3381 948 3412 suum
963 3382 1139 3421 hujusmodi,
1155 3393 1252 3422 quate-

186 3423 237 3445 nus
250 3425 280 3445 m
294 3426 330 3446 eo
343 3417 394 3448 fuit
403 3440 412 3456 ,
431 3418 625 3456 multipliciter
641 3418 833 3457 offendendo,

223 3453 317 3498 Unde
330 3457 474 3499 praedicti,
497 3457 607 3495 Major,
626 3456 753 3488 Centum
773 3457 873 3496 Pares,
890 3456 1082 3498 UniversitaS,
1097 3460 1131 3490 δε
1153 3459 1252 3492 Com-

185 3500 304 3522 mumtas
322 3493 451 3525 Civitatis
469 3495 571 3526 nostrae
587 3496 718 3534 Baionae,
743 3496 890 3526 sentientes
912 3497 938 3527 se
961 3507 996 3527 ex
1013 3498 1159 3535 praemiffis
1176 3500 1255 3530 inde-

185 3530 243 3561 bite
256 3541 464 3576 ‘prae-gravato&
479 3534 513 3565 ad
530 3534 619 3571 Nos,
636 3545 664 3566 ut
682 3536 716 3566 ad
735 3534 851 3570 Regem
871 3535 984 3572 Angliae
1002 3536 1035 3567 δε
1059 3536 1204 3577 Franciae,
1219 3539 1253 3570 &

185 3569 346 3638 Aqmis’mae
369 3569 501 3610 Ducem,
518 3572 552 3603 δε
574 3573 697 3604 nostram
713 3574 880 3605 audientiam
896 3574 967 3605 infra
994 3583 1102 3614 tempus
1125 3576 1254 3608 debitum

189 3618 261 3646 appe
283 3616 378 3646 arunt,

223 3647 372 3686 Qiocirca
387 3646 482 3684 vobis,
498 3655 594 3678 tenore
607 3649 799 3690 praesentium,
816 3653 1023 3683 committimus
1035 3653 1068 3683 &
1081 3652 1256 3692 mandamus,

187 3687 314 3723 quatinus
342 3693 437 3729 totum
457 3685 490 3716 &
513 3687 666 3725 quicquid,
689 3689 752 3726 post
777 3689 907 3720 emissam
929 3691 964 3721 ad
987 3691 1053 3721 Nos
1079 3691 1255 3730 Appellatio-

187 3735 255 3755 nem
269 3724 447 3762 hujusmodi,
471 3724 504 3754 &
520 3733 617 3768 contra
639 3736 702 3757 eam
723 3728 882 3758 inveneritis
902 3729 1126 3769 Attempratum,
1150 3731 1179 3760 in
1201 3730 1255 3761 sta·-

187 3771 250 3793 tum
264 3763 395 3794 debitum
407 3771 471 3792 ante
485 3772 581 3792 omnia
602 3764 784 3804 reducentes,
804 3767 823 3786 ²¹³
843 3767 952 3798 caulam
975 3768 1179 3806 Appellationis
1202 3769 1256 3800 hu-

185 3802 307 3840 jusmodi
321 3802 354 3833 &
367 3802 450 3832 totius
463 3801 590 3838 Negotii
603 3803 780 3842 principalis,
797 3815 871 3835 cum
882 3807 1016 3836 omnibus
1027 3806 1078 3837 suis
1094 3807 1255 3844 Emergen-

188 3841 277 3878 tibus,
303 3839 556 3879 Dependentibus,
579 3839 769 3871 incidentibus
813 3845 846 3874 &
868 3842 1029 3882 Connexis,
1048 3846 1126 3884 juxta
1150 3846 1256 3885 stges,

187 3877 287 3922 For-os,
307 3879 339 3909 ὃ(
361 3878 584 3922 Consuetudines
604 3878 746 3909 diiiarum
769 3865 912 3921 Rartium,
931 3893 980 3920 per
1000 3893 1067 3922 VOS,
1085 3884 1130 3914 vel
1151 3885 1255 3924 alium,

190 3917 235 3946 seu
250 3917 334 3955 ahos,
352 3917 467 3948 audiatis
483 3918 515 3948 &
528 3917 595 3947 Fine
610 3917 711 3947 debito
723 3920 897 3958 terminetis,
918 3930 966 3952 aut
989 3922 1053 3952 ali‘as
1073 3922 1146 3952 inter
1167 3932 1253 3960 partes

189 3955 335 3998 praedictas
349 3954 601 3994 Compofitionem
617 3956 816 3995 amicabilem,
833 3957 913 3995 super
936 3960 1098 3999 praemissis,
1117 3964 1254 3999 perpetuo

188 3992 352 4031 valituram,
370 3995 486 4032 provide
507 3995 622 4026 faciatis.

225 4029 372 4063 Caeterum
381 4054 391 4070 ,
409 4034 471 4071 quia
484 4034 555 4065 inter
567 4033 702 4070 Subditos
717 4033 825 4067 nostros
839 4034 1000 4073 hujusmodi
1015 4037 1159 4078 *exul-atam
1176 4049 1191 4071 a
1205 4038 1253 4071 diu

41 3766 63 3787 ⁸
72 3771 94 3798 V
101 3768 175 3805 844.

1298 130 1784 173 PUBLICAss
2289 150 2369 188 1¹9

1280 215 1386 247 Pacem
1401 217 1530 253 cupimus
1545 217 1667 247 celeriter
1683 217 1845 254 reformari,
1863 216 1929 247 Nos
1943 227 2072 258 exnunC,
2090 228 2124 249 ex
2139 227 2214 250 certa
2229 220 2355 261 scientia,
2374 219 2449 249 Anu.
2464 219 2505 250 D.

1283 256 1341 286 tam
1355 255 1487 284 omnibus
1503 257 1535 285 ἃ
1553 256 1661 294 singulis
1676 255 1805 294 Baionse,
1825 256 1909 293 qui-:zm
1925 256 2099 288 Hominibus
2120 258 2220 289 Tent-
2247 260 2355 290 Labur-
2397 260 2480 296 13ῗὸ-

1283 293 1331 332 di,
1350 293 1491 323 Fidelibus
1512 294 1612 324 nostris
1638 294 1796 332 praetiic‘tis,
1815 296 1898 331 quam
1923 297 2056 326 omnibus
2080 297 2156 335 aliis,
2174 308 2243 334 quc-5
2264 298 2355 335 hujus·
2374 299 2439 326 Edu,
2462 307 2485 333 3.

1284 331 1364 362 modi
1377 332 1464 370 tangit
1478 332 1658 370 Negotium,
1676 341 1722 362 aut
1738 341 1854 369 tangere
1868 335 1970 370 poterit
1986 335 2014 364 in
2038 335 2182 374 futurum,
2200 335 2356 367 distriffius

1285 371 1462 407 inhibemus,
1481 371 1514 400 δε
1536 381 1583 408 per
1602 381 1654 401 vos
1677 373 1762 401 eriam
1785 370 1917 401 volumus
1940 373 2075 411 inhiberi,
2100 375 2155 411 ne,
2182 374 2358 412 Appellatio<

1284 418 1322 438 ne
1338 408 1499 446 hujusmodi
1516 409 1548 438 ἃ
1567 408 1769 440 Prosecutione
1789 409 1836 447 ips
1851 420 1870 440 is
1888 410 2089 449 pendentibus,
2107 412 2277 451 dut-anteque
2296 414 2356 451 ipso

1285 447 1434 485 principali
1460 446 1598 481 Negotio
1622 447 1763 485 indeciso,
1788 449 1825 479 alt
1844 456 1916 478 rutra
1940 448 2066 480 Partium
2090 452 2307 490 praedidhzrum,
2325 453 2355 482 in

1285 485 1392 516 alterius
1411 485 1629 523 praejudicium,
1647 486 1681 516 ad
1703 486 1790 516 Arma
1812 487 2012 526 procedendo,
2039 489 2254 528 qualescumque
2280 489 2359 529 Inju-

1285 525 1336 554 rias
1354 523 1526 561 irrogando,
1544 525 1694 562 quicquam
1715 534 1864 563 attemptet
1884 525 1930 555 vel
1948 527 2030 557 faciat
2048 530 2223 566 attemptari;

1324 562 1418 600 Quod
1435 562 1455 593 fi
1475 561 1599 599 aliquos,
1624 570 1722 592 contra
1741 563 1896 600 hujusmodi
1916 564 2121 596 inhibitionem
2149 566 2292 606 nostram,
2315 567 2359 597 in-

1283 602 1414 631 veneritis
1429 601 1693 643 attemptassekper¹
1704 610 1773 638 quos
1788 601 1845 632 Pax
1858 602 2010 642 praedicta,
2027 603 2186 641 plurimum
2197 605 2282 635 nobis
2291 615 2357 643 gra-

1283 647 1327 677 ta,
1344 647 1391 670 aut
1405 638 1479 682 dieti
1492 639 1600 676 negotii
1623 638 1708 682 unalis
1737 638 1854 670 Decifio
1868 649 1999 678 poterunt
2011 642 2162 681 impediri,
2179 643 2216 673 fic
2229 654 2287 681 eos,
2302 646 2361 674 exi-

1283 686 1371 712 gente
1389 676 1517 716 justiti-3,
1543 677 1702 715 castigetis,
1726 677 1807 715 quod
1830 678 1921 711 Poena
1939 680 2055 712 illorum
2075 681 2107 713 sit
2132 680 2229 712 Metus
2251 682 2308 714 aliis
2326 684 2362 714 &

1283 715 1465 756 Exemplum.

1320 753 1353 784 In
1369 754 1457 793 cujus,
1481 755 1544 785 &a

1284 830 1304 861 b
1351 792 1420 837 Dat.
1438 793 1513 831 apud
1534 792 1660 823 Novum
1678 791 1813 823 Castrum
1829 792 1909 832 super
1935 795 2070 835 Tynam,
2087 797 2209 836 septimo
2231 797 2279 828 die
2304 797 2358 828 Fe=

1306 841 1399 861 ruam.

1332 967 1381 999 De
1413 964 1594 998 Protetslione
1618 975 1674 1011 pro
1708 963 1891 1048 quilgtsfijgzm
1920 971 1951 1000 in
1984 970 2138 1002 comitiva
2170 973 2314 1015 Principis

1803 1027 1822 1047 a
1847 1028 1891 1049 ΖΦ.

1288 1098 1464 1169 THomas
1477 1098 1513 1130 de
1528 1098 1629 1144 Felton
1645 1099 1800 1146 Chivaler,
1820 1103 1887 1149 qui,
1904 1102 1934 1132 in
1950 1103 2098 1148 Obsequio
2115 1103 2214 1174 Reffis

1369 1139 1442 1169 tibus
1459 1138 1624 1182 Vaseoniae,
1642 1149 1672 1168 in
1688 1138 1837 1183 Comltiva
1851 1140 1984 1186 Edwardl
2004 1142 2145 1180 Pnnc1p1s

1287 1176 1974 1256 raturigis&eltzelgztffgnggaggnffirlgrfftegtggffi
1986 1219 2032 1250 die
2045 1219 2194 1251 Februarii.

2209 1106 2283 1175 ahin
2298 1103 2367 1136 Paf-
2380 1113 2457 1146 Ann.
2469 1114 2513 1146 DJ

2244 1153 2279 1175 1ae
2298 1154 2363 1175 mo-
2409 1156 2495 1192 135⁶·

2379 1196 2431 1222 An.
2451 1204 2497 1230 30.

2378 1235 2408 1259 E.
2428 1241 2455 1267 3.

2380 1273 2413 1297 Va
2425 1280 2445 1296 c.
2468 1273 2516 1305 30}

2380 1312 2411 1336 E.
2426 1317 2498 1345 3.m2

2380 1354 2409 1384 5.

1447 1290 1618 1325 Confimiles
1633 1293 1737 1327 Literas
1751 1295 1859 1329 habent
1873 1296 2038 1336 subscripti,
2055 1297 2204 1336 videlicet,

1325 1369 1460 1400 Ricardus
1477 1371 1509 1401 de
1529 1370 1654 1410 Staffier
1668 1371 1811 1405 chivaler.

1324 1409 1486 1440 Edmundus
1502 1411 1534 1440 de
1555 1410 1679 1450 Appelby
1698 1411 1839 1443 Chivaler.

1324 1446 1442 1477 Thomas
1458 1448 1491 1478 de
1509 1449 1624 1479 Ardene
1645 1449 1789 1480 Chivaler.

1325 1485 1477 1516 Nicholaus
1495 1488 1526 1517 de
1544 1487 1669 1526 Staffiird
1678 1487 1820 1519 Chivaler.

1327 1524 1468 1554 Walterus
1479 1526 1512 1555 de
1525 1525 1614 1564 Thorp
1630 1526 1721 1556 Miles.

1326 1562 1471 1601 Johannes
1488 1565 1521 1594 de
1538 1564 1620 1604 Lynb
1637 1575 1666 1605 ry
1685 1564 1831 1595 Chivaler.

1323 1601 1488 1640 Reginaldus
1503 1602 1536 1632 de
1553 1602 1608 1633 Cob
1628 1614 1673 1632 am
1691 1603 1837 1643 Chivaler,

1327 1678 1499 1712 Confimiles
1518 1680 1622 1712 Literae
1640 1691 1695 1720 pro
1713 1681 1881 1752 ςυίὓέὶίέᾳπι
1899 1681 1934 1714 ad
1952 1682 2047 1715 Partes
2063 1681 2221 1716 Britanniae
2238 1684 2332 1723 profe-

1830 1731 1872 1752 HS.

1326 1796 1477 1828 Richardus
1501 1796 1534 1828 de
1552 1796 1758 1838 Wymondham.

1326 1834 1475 1874 Johannes
1492 1837 1525 1867 de
1543 1837 1636 1868 Stokes
1656 1834 1798 1867 Chivaler.

1327 1874 1461 1906 Robertus
1480 1875 1513 1905 de
1532 1877 1639 1916 Marny
1658 1874 1802 1906 Chivaler.

1326 1914 1355 1942 Ε
1373 1914 1442 1945 idius
1459 1917 1525 1945 Fore
1549 1924 1588 1944 er.

1326 1925 1441 1981 Τῗὰφηας
1459 1953 1492 1982 de
1523 1964 1540 1982 a
1559 1955 1675 1992 Ryvere.

1327 1992 1488 2022 Bernardus
1506 1995 1608 2022 Brocas
1626 1990 1719 2022 Miles.

1327 2028 1474 2068 Johannes
1491 2030 1524 2060 de
1537 2033 1570 2060 Se
1586 2036 1634 2060 ton
1648 2029 1742 2060 Miles.

1329 2069 1460 2099 Wrinus
1478 2068 1524 2100 del
1539 2072 1556 2099 1
1578 2080 1591 2099 e
1609 2068 1634 2099 le
1653 2070 1792 2100 Nevewess

1326 2105 1474 2146 Johannes
1491 2109 1524 2139 de
1540 2109 1677 2140 Kirketon
1694 2111 1865 2148 Armurrer,

1328 2146 1481 2177 Richardus
1498 2147 1532 2178 de
1549 2150 1704 2189 Haveryng
1723 2147 1877 2185 Chivaler,

1329 2183 1477 2223 Johannes
1496 2190 1540 2217 Ou
1566 2186 1642 2226 horp.

1327 2222 1492 2254 Wllielmus

1331 2262 1484 2293 Richardus
1502 2263 1533 2293 de
1555 2262 1713 2302 Walkefare
1731 2262 1873 2297 Chivaler.

1328 2300 1475 2339 Johannes·
1491 2301 1674 2331 Neumarche.

1328 2338 1476 2378 Johannes
1494 2341 1526 2370 de
1549 2339 1684 2380 Moubray
1702 2338 1795 2371 Miles.

1327 2380 1445 2416 Rogerus
1464 2378 1576 2419 Holyns.

1330 2419 1373 2447 W
1373 2416 1499 2448 illielmus
1518 2419 1550 2448 de
1567 2415 1685 2456 Scargill
1699 2415 1841 2446 Chivaler.

1329 2456 1492 2486 Edmundus
1509 2456 1541 2485 de
1559 2460 1587 2494 U
1607 2458 1658 2485 ord
1672 2455 1697 2484 le
1717 2453 1802 2493 Cosjn
1819 2454 1963 2487 Chivaler.

1329 2493 1446 2525 Thomas
1465 2495 1497 2524 de
1513 2497 1574 2524 Her
1588 2493 1640 2523 ord
1655 2493 1796 2524 Chivaler.

1331 2532 1476 2572 Johannes
1493 2533 1526 2563 de
1543 2534 1646 2573 Blyton
1666 2531 1758 2562 Miles.

1333 2574 1376 2602 W
1376 2572 1502 2602 illielmus
1519 2571 1605 2602 Nicol
1621 2572 1654 2601 de
1673 2571 1798 2600 London.

1333 2612 1375 2640 W
1375 2610 1500 2641 illielmus
1518 2611 1549 2641 de
1569 2609 1692 2648 Meignyl
1706 2609 1845 2640 Chivaler.

1329 2648 1476 2688 Johannes
1494 2649 1619 2690 Salvayn
1636 2647 1781 2678 Chivaler.

1331 2688 1477 2727 Johannes
1495 2687 1527 2718 de
1544 2685 1659 2728 Shefeld
1674 2685 1806 2716 Chivaler

1331 2726 1478 2765 Johannes
1496 2727 1529 2756 de
1547 2725 1682 2767 Moubray
1700 2725 1806 2763 Junior
1827 2724 1969 2755 chivaler.

1329 2764 1475 2804 Johannes
1492 2763 1576 2795 Filius
1586 2764 1737 2833 IJohannis
1751 2764 1783 2794 de
1798 2763 1933 2803 Mouhray
1954 2763 1987 2794 de
2002 2761 2139 2795 Axiholm
2154 2760 2294 2795 chivaler.

1329 2803 1476 2843 Johannes
1496 2807 1584 2834 Arna
1596 2803 1617 2833 d
1628 2803 1660 2832 de
1675 2800 1815 2841 Evesham
1830 2805 1957 2843 Burgeys.

1330 2843 1466 2873 Robertus
1483 2850 1544 2874 atte
1558 2846 1655 2872 Grene.

1329 2882 1462 2912 Robertus
1485 2881 1634 2912 Bertrham
1653 2878 1792 2910 Chivaler.

2382 1812 2473 1839 franc}

2389 1854 2472 1885 30.E.
2488 1855 2516 1888 31

2386 1897 2423 1916 m.
2436 1888 2479 1917 18.

2391 1963 2429 1983 m.
2450 1954 2493 1983 16.

2389 2078 2424 2099 m·
2437 2072 2480 2105 ¹52·

1542 2235 1583 2264 yn
1602 2225 1745 2254 Chivaler.

1333 2923 1377 2950 W
1377 2920 1501 2951 illielmus
1520 2919 1675 2960 Duddeleye
1693 2921 1845 2949 Armurer.

1329 2959 1476 2998 Johannes
1496 2960 1529 2989 a'e
1549 2963 1601 2997 Sap
1599 2970 1619 2997 y
1638 2958 1670 2987 de
1688 2956 1823 2987 Ridmerle
1839 2967 1853 2987 e
1870 2956 1902 2987 de
1920 2956 2039 2998 Abytot.

1327 2998 1481 3028 Richardus
1497 2999 1530 3028 de
1548 2996 1699 3036 Aberbury
1718 2967 1857 3026 Chivaleyr.

1330 3035 1498 3066 Willielmus
1515 3034 1661 3075 Rogersbne
1681 3035 1712 3063 de
1733 3036 1868 3064 Kirketon
1886 3037 1915 3063 in
1935 3033 2094 3074 Lyndeseye.

1327 3074 1494 3105 Willielmus
1513 3075 1546 3104 de
1563 3072 1740 3110 Greneburgh
1760 3073 1976 3104 Archidiaconus
1993 3072 2151 3112 Staffbrdiae
2171 3079 2253 3111 nuper
2272 3069 2366 3108 Parsof

1368 3125 1405 3143 na
1424 3114 1547 3154 Ecclefiae
1565 3112 1597 3142 de
1612 3111 1752 3153 Kyngefle.

1334 3151 1484 3190 Johannes
1501 3159 1562 3181 atte
1580 3154 1678 3182 Grene.

1328 3192 1463 3221 Henricus
1477 3189 1580 3232 Sthoyl.

1327 3229 1484 3268 Radulphus
1503 3228 1624 3270 Paynell.

1327 3268 1477 3298 Nicholaus
1494 3269 1527 3298 de
1545 3271 1586 3309 Ry
1604 3265 1746 3297 chivaler.

1325 3305 1472 3345 Johannes
1490 3305 1600 3348 Sayvill
1616 3306 1648 3335 de
1666 3304 1768 3334 Eland.

1324 3344 1468 3384 Johannes
1483 3346 1514 3374 de
1530 3349 1616 3374 Bures
1637 3342 1715 3373 Miles
1733 3343 1766 3372 de
1780 3345 1850 3372 Com.
1865 3345 1941 3372 Surr.

1326 3385 1512 3424 wydemannus
1532 3383 1655 3423 Smythus

1327 3423 1442 3453 Thomas
1460 3424 1491 3453 de
1510 3424 1647 3452 Prochur.

1323 3461 1482 3491 Alveredus
1500 3461 1532 3491 de
1550 3460 1629 3501 Suluy
1648 3456 1792 3490 Chivaler.

1326 3500 1471 3539 Johannes
1487 3503 1593 3529 Vernon
1611 3497 1751 3529 chivaler.

1330 3538 1462 3568 Robertus
1476 3539 1507 3568 de
1522 3536 1607 3567 Scales
1625 3535 1764 3567 chivaler.

1331 3579 1351 3597 θ*
1369 3575 1506 3607 Walterus
1523 3578 1555 3605 de
1572 3578 1714 3616 Boyngton
1730 3571 1871 3602 Chivaler.

1330 3615 1462 3646 Andreas
1479 3616 1512 3645 de
1527 3613 1717 3644 Sharnebourn
1734 3609 1873 3640 Chivaler.

1332 3654 1500 3684 Theobaldus
1520 3652 1624 3692 TruJJi’l
1639 3649 1779 3680 clxvaler.

1331 3695 1411 3730 Hugo
1429 3693 1461 3722 de
1479 3691 1628 3731 Hastynges
1646 3686 1785 3718 chzvaler.
2193 3724 2197 3729 -
2277 3726 2281 3731 ἰ
2309 3726 2314 3731 .

1328 3731 1472 3770 Johannes
1489 3731 1520 3760 de
1536 3729 1642 3769 Wston
1654 3729 1806 3765 Piperarius
1821 3726 2000 3763 Apotecarius
2016 3724 2054 3761 ό,
2077 3721 2227 3763 Groffitrms
2249 3726 2360 3756 Cavtta-

1369 3774 1405 3799 tis
1421 3770 1548 3798 London.

1329 3811 1444 3843 Roeerus
1458 3805 1540 3836 Filius
1555 3806 1678 3841 Hugonis
1689 3802 1713 3832 le
1728 3802 1831 3842 Cheyne
1846 3801 1984 3833 chivaler.

1332 3839 1477 3885 Jcihannes
1492 3843 1575 3873 Filius
1589 3842 1700 3871 Roberti
1715 3842 1747 3871 de
1762 3840 1868 3871 Dalton
1882 3840 2019 3872 Chivaler.

1331 3888 1360 3914 u
1366 3883 1489 3913 'Jllselmus
1503 3882 1535 3911 de
1549 3879 1735 3918 Sauntrefiltm.

1328 3920 1477 3953 Ntcholaus
1492 3921 1524 3950 de
1539 3918 1701 3957 Longeford.

1327 3961 1458 3990 Robertus
1472 3960 1504 3988 de
1519 3958 1546 3988 la
1562 3961 1647 3987 Mare
1661 3956 1803 3988 Chivaler.

1333 4001 1374 4028 W
1376 3997 1497 4027 illzelmus
1519 4000 1645 4038 Seymore.

1328 4039 1442 4076 Rogerus
1458 4034 1626 4075 Lestraunge
1642 4034 1674 4066 da
1687 4034 1807 4075 Knokyn
1822 4030 1961 4063 Chivaler.

2386 3569 2434 3603 &v
2441 3570 2513 3608 ,8452

2374 3827 2411 3847 m.

2431 3819 2474 3855 14}

2266 4065 2366 4102 Faber:
