2561 4251
675 141 785 184 ET
871 136 1134 181 ACTA
1219 124 1694 169 PUBLICA„

0 244 75 281 Anu.
90 243 132 274 D.
185 243 225 274 lta
241 241 321 280 quod
335 248 436 271 ornnes
452 233 611 275 hujusmodi
624 232 768 264 Homines
786 228 820 260 ad
838 228 940 265 Arma,
959 226 1081 263 Armati,
1096 221 1200 254 Hobe·

4 314 7 318 ,
29 284 113 325 1369.
148 281 227 320 larii,
244 283 276 311 ὃς
291 278 427 318 Sagittarii
439 276 604 310 arraientur,
623 271 798 306 muniantur,
815 268 848 298 &
863 268 979 297 trientur
999 267 1066 294 citra
1088 262 1202 293 Festum

3 327 69 354 Edv-
93 332 118 358 3-
151 318 333 351 Pentecostes
349 316 483 355 proximo
497 313 623 343 futurum
637 311 670 340 ad
686 309 835 343 ultimum,
853 308 885 337 &
907 306 935 334 in
954 304 1125 333 Arraiatione
1149 301 1199 329 bu-

22 367 38 379 *
60 362 111 388 Vl.
144 358 270 399 jusmodi
283 357 301 374 ²*
318 363 480 389 teneantur,
500 351 537 381 sic
552 349 630 388 quod
647 347 779 383 Prompti
801 345 853 374 sint
868 345 901 374 &
915 342 1004 372 Parati
1024 341 1058 370 ad
1079 338 1202 379 proficis-

20 403 86 435 615.
151 398 292 433 cendum,
310 395 338 423 in
356 391 560 422 Defensionem
576 388 669 425 Regni
683 387 771 415 nostri
787 382 931 421 praedieci,
949 380 1079 417 quotiens
1093 388 1125 407 ex
1139 376 1204 406 Ho-

153 437 236 466 stium
251 432 408 462 incursibus
424 429 585 459 Periculum
599 425 711 463 aliquod
724 424 851 459 imineat,
872 421 904 451 ὅτ.
918 420 996 456 super
1012 418 1069 448 hoc
1081 426 1115 446 ex
1130 424 1204 454 parte

153 471 246 540 11οὲῐᾶ
258 471 361 514 fuerint
375 467 557 504 praemuniti,

221 519 231 540 t
246 518 329 538 enam

195 549 253 578 Pro
269 557 305 577 eo
319 531 398 585 qiiod
413 542 542 575 nonnulli
558 538 704 575 Artifices,
723 537 925 571 Laboratores,
943 533 975 563 &
989 532 1117 570 Operarii
1130 530 1208 560 labo-

160 597 217 619 rare
231 586 265 621 ⁷&
278 586 386 624 operari
401 582 524 613 recusant
538 581 610 615 iuxta
625 577 838 606 Ordinationem
848 597 856 611 ,
872 573 937 602 inde
954 581 1000 609 per
1010 571 1077 609 Nos
1089 572 1119 600 ὅ(
1130 569 1209 598 Con-

162 626 251 656 silium
266 624 394 654 nostrum
408 632 422 650 a
434 621 480 650 diu
495 619 616 655 fastam,
635 617 667 647 &
687 614 807 644 Poenam
817 635 826 650 ,
844 612 922 649 super
937 610 1010 640 dista
1024 608 1211 638 ordinatione

161 665 283 701 saetam,
302 672 362 693 non
376 662 492 694 timent,
510 667 545 686 eo
561 655 640 696 quod
651 653 810 693 Justitiarii,
829 650 894 680 inde
915 648 1056 687 assignati,
1075 645 1213 677 Seilinncs

163 703 220 733 suas
251 699 444 738 Temporibus
472 695 615 725 Ordinatis
639 702 696 721 non
716 698 826 726 teuent,
845 698 898 718 nec
921 687 956 716 de
978 683 1214 723 Delinquentibus

165 749 264 772 contra
274 739 380 769 dietam
395 735 611 765 Ordinationem
626 730 750 760 debitam
764 729 948 759 Punitiouem
963 725 1084 760 faciunt,

652 769 748 799 Brevia
763 766 872 803 nostra,
890 763 990 794 eisdem
1000 759 1217 827 CustodibusL&

1187 806 1220 825 a-

167 855 359 891 boratoribus,
378 853 410 883 &
433 850 574 889 Operariis
589 870 599 885 ,
626 846 733 884 singulis
755 843 844 873 Annis
859 863 869 878 ,
892 838 1037 869 Terminis
1061 836 1218 872 Limnatis,

162 894 238 932 juxta
251 893 374 923 formam
391 888 579 920 Ordinationis
594 883 736 924 praedictae
751 887 879 914 teneant,

206 931 245 962 Et
262 940 363 961 omnes
383 929 445 959 illos
469 925 615 960 Artifices,
640 921 805 957 Operarios,
824 918 855 949 ὃς
878 916 1078 952 Laboratores‚
1096 914 1144 951 qui
1165 920 1218 949 pro

167 971 273 1003 Salariis
288 970 321 1000 δε
337 966 503 1005 Stipendiis,
522 965 552 992 in
573 961 648 990 dieta
670 957 858 988 Ordinatione
882 954 1022 984 contentis
1044 953 1169 982 laborare
1185 949 1219 979 &

168 1010 268 1040 servire
283 1006 424 1043 recusant„
443 1005 476 1035 ὃ(
491 1002 567 1037 illos,
586 999 634 1037 qui

169 1050 217 1088 qui
230 1048 288 1085 plus
302 1047 339 1076 eis
354 1044 463 1075 solvunt
476 1041 563 1079 quam
579 1048 627 1075 per

204 776 450 810 Mandaverimus,
469 782 517 812 per
531 770 636 802 diversa

166 815 392 848 Vicecomitibus
406 812 485 850 quod
499 809 635 841 Seffiones
649 808 723 843 suas,
739 805 774 836 de
786 802 946 840 hujusmodi
964 799 1126 829 Artificibus
1136 820 1145 834 ‚

656 1003 716 1035 plus
737 997 865 1034 capiunt,
884 993 916 1024 ἃ
937 993 1020 1023 etiam
1039 1000 1139 1021 ornnes
1159 988 1221 1018 illos

642 1036 859 1065 Ordinationetn
876 1032 951 1062 illam
966 1030 1104 1060 Statutum
1121 1026 1221 1060 &De-

166 1088 299 1119 claraturn
312 1083 369 1120 est,
386 1080 498 1118 debite,
517 1080 590 1117 juxta
601 1076 732 1115 §formam
753 1071 935 1103 ordinationis
954 1067 1115 1107 praedictae,
1131 1064 1224 1106 puniri
1248 1065 1251 1076 ⁵

167 1129 200 1158 ὃς
215 1123 340 1161 castigari
353 1120 471 1156 faciant,

207 1163 297 1193 Vobis
310 1160 359 1190 sub
374 1156 557 1188 Forisfaetura
572 1153 720 1189 omnium,
741 1160 803 1189 quae
817 1148 900 1179 nobis
915 1144 1075 1176 forisfacere
1089 1141 1223 1182 poteritis,

169 1201 352 1235 Mandamus,
371 1197 484 1226 firmiter
507 1194 700 1232 Iniungentes,
717 1189 795 1228 qubd
808 1195 907 1217 omnes
930 1184 1072 1214 Homines
1089 1180 1225 1212 Defensa<

170 1240 254 1277 biles,
271 1239 344 1268 inter
367 1235 467 1265 Dietas
484 1232 593 1263 AEtates
613 1229 765 1260 Sexdecem
787 1228 819 1258 ὃς
841 1224 985 1262 Sexaginta
1008 1223 1178 1256 Annorum,
1196 1219 1224 1247 in

171 1278 295 1308 Civitate
309 1274 440 1313 praedieca
450 1295 459 1311 ,
478 1273 510 1302 &
525 1268 668 1301 Suburbiis
681 1265 803 1304 ejusdem
819 1263 980 1299 existentes,
998 1260 1102 1290 arraiari
1113 1281 1121 1296 ,

209 1316 247 1347 Et
264 1315 334 1352 ipsos
355 1307 681 1351 (videlicet)·quemlibet
694 1313 794 1334 eorum
806 1303 883 1341 juxta
897 1299 989 1330 Status
1009 1298 1047 1329 sui
1061 1296 1225 1335 exigentiam

173 1356 206 1386 &
222 1354 372 1384 Facultates
388 1350 461 1387 suas,
479 1348 572 1379 Armis
595 1343 823 1382 competentibus
843 1340 964 1376 muniri,
982 1339 1014 1369 ὃ(
1035 1338 1063 1366 in
1085 1334 1229 1371 MilleniS,

172 1393 325 1428 Centenis,
343 1391 376 1420 ὃ(
393 1387 522 1419 Vintenis
537 1385 624 1423 poni,

208 1432 246 1462 Et
260 1441 310 1461 eos
322 1429 358 1459 sic
375 1427 521 1463 Armatos,
540 1420 746 1459 Arraiatos,1&
763 1418 909 1454 Munitos,
927 1416 957 1444 in

169 1469 294 1509 jusmodi
308 1466 395 1497 teneri
406 1465 528 1500 faciatis,

210 1509 251 1540 Ita
266 1505 345 1544 quod
358 1503 489 1541 Prompti
501 1502 554 1532 fint
565 1500 597 1531 &
612 1498 720 1535 Parati,
738 1497 806 1527 citra
825 1493 936 1523 dietum
959 1492 1073 1523 Festum
1087 1488 1230 1518 Penteco-

173 1547 226 1578 stes
239 1546 273 1577 ad
287 1543 435 1580 ultimum,
449 1539 483 1571 ad
502 1535 754 1577 proficiscendum,
770 1535 799 1563 in
822 1531 1022 1562 Defenfionem
1045 1529 1113 1561 dieti
1134 1526 1230 1565 Regni

173 1585 280 1621 nostri,
297 1581 426 1621 quotiens
446 1588 479 1609 ex
498 1577 643 1608 dictorum
660 1572 799 1604 Hostium
819 1570 977 1600 Incursibus
996 1569 1159 1599 Periculum
1183 1565 1232 1594 ali-

173 1623 253 1662 quod
267 1621 397 1656 imineat,
415 1618 449 1649 &
464 1617 541 1653 super
554 1614 611 1644 hoc
625 1622 658 1643 ex
673 1621 749 1650 parte
763 1608 858 1640 nostra
870 1609 971 1639 fuerint
985 1605 1161 1645 praemuniti,

211 1660 253 1692 Et‘
262 1660 347 1690 etiam
364 1665 465 1687 omnes
485 1652 632 1690 Artifices,
651 1650 822 1688 operarios,
840 1648 873 1678 &
896 1647 1082 1677 Laboratores
1103 1641 1233 1675 Civitatis

174 1698 208 1732 δε
231 1697 437 1730 Suburbiorum
457 1691 675 1732 praedictorum,
693 1689 741 1727 qui
761 1697 813 1727 pro
834 1685 940 1716 Salariis
963 1686 995 1715 ὃς
1017 1682 1185 1723 stipendiis,
1202 1681 1232 1709 in

172 1738 248 1769 dieta
261 1734 449 1766 Ordinatione
471 1730 628 1766 contentis,
643 1728 768 1757 laborare
789 1726 822 1756 &
843 1723 941 1754 servire
961 1724 1102 1761 recusant,
1118 1728 1233 1752 necnon

174 1785 277 1811 omnes
292 1774 352 1804 illos
367 1772 415 1811 qui
425 1771 487 1838 gns
503 1768 642 1806 capiunt,
660 1766 694 1796 ὃς
707 1767 792 1795 etiam
799 1772 899 1794 omnes
914 1762 975 1792 illos
989 1763 1036 1800 qui
1049 1762 1086 1792 eis
1101 1761 1160 1800 plus
1168 1757 1234 1789 Sol-

175 1823 247 1847 vunt
260 1813 347 1853 quam
361 1820 409 1848 per
458 1808 646 1838 rdinationem
659 1804 738 1834 illam
761 1803 902 1833 statutum
921 1802 955 1832 ὃς
971 1800 1154 1831 Declaratum
1175 1796 1232 1833 est,

175 1854 288 1923 ‹fiebiteq
307 1851 381 1889 juxta
393 1848 516 1879 formam
534 1842 728 1875 Ordinationis
742 1840 905 1880 praedietae,
923 1838 1020 1869 Puniri
1041 1839 1074 1869 ὃς
1097 1835 1234 1875 Castigari

190 1900 295 1923 aciatis·
1240 1904 1242 1907 ¹

215 1914 333 1960 Nos'de
346 1934 467 1956 numero
482 1922 646 1953 Hominum
665 1919 699 1951 ad
719 1918 824 1955 Arma,
841 1916 1043 1953 Armatorum‚
1060 1913 1234 1944 Hobelario-

178 1979 263 2006 rum,
280 1967 313 1998 &
327 1964 540 2004 Sagittariorum
555 1959 777 2000 praedifiorum,
793 1956 830 1986 fic
852 1956 881 1986 in
902 1954 1026 1985 Civitate
1047 1950 1236 1991 praedietis&

183 2006 329 2037 Suburbiis
351 2002 472 2042 ejusdem
492 2009 540 2038 per
560 2008 613 2030 vos
636 1995 875 2032 Arraiandorum,
892 1995 960 2024 citra
981 1991 1095 2023 Festum
1125 1989 1238 2021 &mistae

732 2031 907 2064 Cancellaria
926 2030 1036 2069 nostra,
1053 2029 1184 2061 distincte
1203 2027 1237 2058 δε

980 1412 1152 1443 Arraiatione
1174 1410 1227 1440 hu-

181 2044 345 2080 Trinitatis,
369 2041 502 2078 proximo
516 2038 660 2074 futurum,
685 2036 715 2065 in

181 2085 277 2123 aperte
291 2079 483 2112 certificantes.

214 2120 302 2153 Teste
317 2119 400 2158 Rege
413 2116 488 2155 apud
498 2113 698 2155 Wyndesore,
712 2120 749 2142 xx
762 2109 808 2142 die
822 2107 929 2140 Martii.

860 2189 913 2217 Per
932 2185 1013 2226 ipficm
1031 2186 1134 2222 Regem.

219 2273 355 2316 Confimile
370 2276 461 2302 Breve
484 2268 629 2308 dirigitur,
645 2263 794 2297 Venerabili
818 2266 900 2294 Patri
922 2262 973 2292 Th.
988 2259 1113 2300 Episfopo
1135 2258 1241 2290 Dunol·

182 2315 278 2356 menfi,
302 2315 334 2343 de
355 2309 512 2349 Praemiffis,
534 2308 612 2348 infra
632 2305 806 2336 Libertatem
825 2300 1046 2339 Dunolmensem,
1064 2303 1092 2328 in
1115 2299 1179 2329 Fide
1201 2297 1239 2334 &⁴

183 2355 330 2392 Ligeantia
339 2375 348 2389 ,
365 2349 460 2389 quibus
474 2351 540 2385 Regi
553 2352 679 2383 tenetur,
689 2341 825 2382 faciendis
840 2344 869 2371 in
875 2339 972 2379 forma
979 2338 1122 2377 praediila.

222 2391 294 2432 abste
308 2397 341 2420 ut
349 2390 442 2428 supra·
868 2418 921 2447 Per
938 2416 1021 2456 ipfirm
1034 2417 1139 2452 Regem.

226 2510 315 2542 Item,
333 2501 471 2542 Radnlpho
485 2497 635 2541 Spigurnel,
653 2494 854 2537 Constabulario
861 2493 949 2533 Castri
967 2495 1128 2528 Dovorriae,
1146 2487 1245 2525 &Cu-

182 2543 255 2586 stodi
276 2543 403 2583 Qinque
425 2544 571 2578 Portum,
596 2536 644 2568 vel
662 2537 716 2575 ejus
734 2539 834 2566 Locum
849 2536 971 2571 tenenti,
989 2532 1021 2561 de
1039 2529 1179 2569 Praemiffis
1191 2529 1245 2570 fa-

190 2584 285 2613 ciendir
300 2586 375 2621 infra
389 2581 561 2611 Libertatem
574 2580 703 2607 Portuum
713 2573 911 2614 praediHorum.

262 2621 334 2660 Teste
353 2621 489 2659 utsupra.

870 2649 923 2678 Per
940 2646 1020 2687 ipsum
1038 2648 1143 2683 Regem.

225 2740 313 2773 Item,
333 2734 438 2772 Majori
453 2731 491 2766 (θ’
506 2731 629 2761 Ballivis
644 2730 777 2759 Civitatis
793 2726 953 2765 Wntoniae.

229 2774 333 2811 Majori
349 2770 386 2806 ὠ
403 2771 523 2800 Ballivis
539 2772 567 2799 V
568 2767 623 2799 illae
639 2766 861 2804 suthamptoniae.

267 2810 339 2850 Teste
358 2816 387 2839 ut
399 2811 493 2848 supra.

453 2934 501 2967 De
524 2932 670 2965 Financia
693 2928 790 2961 Ducis
811 2920 988 2958 Bourbom'ae.

55 3020 179 3053 Arm-D-
256 3022 282 3054 E
297 3021 357 3052 Roi
379 3030 395 3051 a
415 3015 551 3049 touvaa
573 3016 668 3053 itains,
696 3011 877 3043 Chastellains
914 3007 1074 3044 Admiralx,
1090 3005 1255 3043 Viscontes,

84 3059 168 3099 1369·
276 3059 381 3097 Mairs,
398 3056 519 3094 Baillifs‚
537 3027 677 3085 (gardeins
688 3051 736 3082 des
752 3050 851 3080 Portes
871 3033 910 3078 <iu
925 3047 1021 3085 Mier,
1039 3046 1072 3076 ὃς
1092 3054 1180 3075 autres
1197 3053 1255 3074 noz

50 3104 104 3127 Aa.
122 3109 170 3134 43·
201 3099 363 3136 Ministres,
376 3097 504 3127 auxibien
522 3093 609 3124 decea
622 3092 647 3122 la
662 3089 765 3128 Meer,
782 3097 868 3119 come
882 3086 961 3124 dela,
977 3093 1077 3125 asquex
1095 3083 1182 3114 cestes
1198 3091 1256 3112 noz

53 3143 82 3165 Ε·
106 3146 130 3173 3·
203 3135 312 3168 Lettres
326 3144 464 3173 venront,
483 3132 575 3163 Saluz.

53 3180 187 3210 ἱππ-43·
240 3175 338 3205 Come
352 3196 361 3211 ,
385 3173 480 3203 nostre
504 3168 662 3201 Treschere
683 3163 818 3205 Cousyn,
836 3164 862 3194 le
881 3162 949 3193 Duc
972 3161 1006 3192 de
1027 3161 1162 3191 Bourbon
1185 3169 1258 3189 nous

54 3218 86 3241 E.
107 3223 134 3249 3·
208 3213 261 3244 soit
275 3220 360 3243 tenuz
371 3222 386 3241 a
399 3212 491 3248 paier,
507 3219 544 3239 en
562 3207 657 3237 nostre
676 3204 810 3236 Roialme
827 3202 1035 3241 d'Engleterre,
1054 3209 1109 3229 une
1129 3207 1258 3236 certeyne

57 3262 95 3280 m.
114 3260 161 3286 24-
205 3252 324 3282 Somme
333 3248 407 3279 d’Or
420 3259 436 3278 a
450 3247 510 3277 cest
521 3245 670 3286 proschein
685 3243 766 3273 Feste
779 3242 814 3271 de
829 3241 961 3278 Pasques‚
980 3250 996 3269 a
1017 3237 1096 3268 cause
1111 3236 1146 3267 de
1161 3237 1185 3267 sa
1204 3237 1258 3276 Fy-

205 3299 309 3327 nance,
327 3288 392 3318 faite
403 3296 459 3316 oue
472 3294 558 3321 nous,
574 3283 616 3312 sur
631 3290 757 3320 certeyns
771 3279 891 3317 Causes,

77 3338 93 3353 ⁸
113 3337 166 3364 VI.
250 3330 262 3346 '⁴¹
279 3327 321 3358 La
335 3325 426 3364 quelle
438 3324 547 3354 somme
563 3321 582 3350 il
599 3330 670 3349 nous
690 3318 791 3348 envoie
803 3327 850 3355 par
864 3315 981 3348 Meffire
996 3313 1087 3353 Hugh
1106 3312 1142 3342 de
1161 3311 1259 3350 Digo-

59 3375 123 3402 616.
207 3377 269 3404 me,
288 3364 420 3395 Chivaler
434 3363 472 3392 du
486 3361 527 3390 dit
542 3359 611 3389 Duc
621 3380 631 3397 ,

242 3403 280 3435 Et
295 3412 366 3432 nous
380 3411 427 3439 par
440 3407 498 3431 tant
507 3421 517 3436 ‚

240 3441 382 3474 Voillantz
394 3449 446 3479 pur
462 3438 487 3468 la
498 3437 629 3468 Seuretee
643 3434 677 3465 δε
687 3430 862 3470 Sauuegarde
874 3429 913 3461 du
927 3429 967 3460 dit
974 3425 1091 3459 Meffirc
1099 3425 1186 3466 Hugh
1194 3436 1261 3464 pur-

202 3481 282 3514 voier
297 3489 332 3509 en
346 3478 415 3509 celle
427 3477 536 3513 Partie,

243 3520 342 3549 Avons
356 3517 410 3555 pris
424 3516 457 3545 &
470 3514 622 3552 preignons
630 3534 641 3550 ‚
656 3520 704 3550 par
718 3518 764 3540 ces
778 3507 937 3542 presentes,
955 3504 1028 3535 ledit
1037 3501 1152 3533 Meffire
1160 3502 1262 3542 Hugh,

208 3569 248 3589 ou
261 3564 349 3587 autres
366 3552 512 3584 Chivalers
527 3552 560 3581 &
572 3549 671 3580 Clercs
686 3547 724 3579 du
740 3548 780 3578 dit
792 3546 861 3577 Duc
897 3554 952 3574 oue
968 3543 1026 3573 leur
1042 3540 1262 3581 Compaigne&

207 3596 365 3630 Familiers,
383 3600 486 3628 tanque
500 3600 516 3620 a
530 3588 665 3619 Nombre
679 3588 716 3617 de
731 3585 793 3624 Dys
809 3569 955 3620 Parsones‚
972 3591 988 3611 a
1004 3579 1107 3610 Chival
1121 3589 1161 3610 ou
1175 3589 1191 3609 a
1204 3578 1264 3617 Pie,

209 3646 246 3666 en
270 3640 391 3664 venantz
410 3628 561 3659 Pardeuers
580 3635 666 3663 nous,
685 3634 721 3655 en
741 3623 836 3654 nostre
859 3623 900 3653 dit
914 3619 1067 3655 Roialme,
1081 3627 1135 3647 oue
1160 3617 1186 3646 la
1207 3618 1265 3648 dite

210 3672 351 3708 Monoie,
368 3670 439 3699 leurs
454 3665 586 3702 Chivals,
603 3662 698 3701 Biens,
715 3663 748 3693 &
763 3661 913 3700 Hernoys,
938 3658 1051 3695 illeques
1070 3655 1266 3692 demurrantz,

211 3712 245 3743 &
258 3721 293 3741 en
303 3710 376 3739 lours
390 3706 462 3737 Paiis
475 3710 671 3739 retournantz,
687 3711 722 3730 en
741 3700 834 3730 nostre
848 3697 920 3729 Sauf
938 3697 970 3727 &
990 3697 1049 3726 seur
1067 3693 1212 3731 Conduit,
1232 3695 1265 3724 &z

211 3748 398 3784 Prorefflon,
415 3746 449 3776 &
465 3742 574 3773 Defens
589 3739 760 3776 especiaulx;

251 3787 288 3819 Et
302 3795 353 3824 pur
368 3794 402 3815 ce
416 3792 487 3813 vous
500 3778 661 3816 Mandons,
678 3776 737 3811 &c.
753 3781 834 3814 prout
843 3778 871 3804 in
878 3771 1010 3814 similibus
1025 3770 1056 3800 de
1068 3770 1206 3800 Conduc‘lu
1214 3772 1267 3800 Li-

216 3828 290 3855 teris.

255 3862 300 3892 En
312 3860 563 3894 Tesmoignance,
580 3855 640 3886 &c.

254 3899 336 3931 Don.
354 3909 369 3929 a
386 3897 483 3931 nostre
501 3895 588 3927 Palais
602 3893 638 3924 de
653 3890 778 3924 Westm.
793 3890 819 3920 le
831 3888 893 3927 xiorj
907 3888 970 3926 jour
984 3885 1020 3917 de
1034 3884 1129 3916 Marz.

248 4064 321 4094 Tam.
338 4062 398 4090 111.
414 4061 448 4090 P.
467 4061 508 4089 11.
527 4038 529 4040 ’

2224 127 2302 167 155

2322 195 2395 227 Ann.
2411 193 2451 227 D,

2349 236 2431 274 13⁶⁹-

2320 279 2387 301 Ειόυ.
2409 284 2436 310 3.

1527 303 1573 334 De
1597 297 1817 332 Deliberasione
1841 295 1992 340 Obstdum.

1301 385 1406 454 Εὲὶὶῖἓὶ
1430 396 1445 415 a
1467 393 1536 416 touz
1556 394 1627 415 ceux
1642 407 1651 422 ,
1676 385 1725 422 qui
1743 381 1830 413 cestes
1853 382 1962 412 Lettres
1987 387 2101 410 verront
2121 387 2159 408 ou
2182 383 2299 413 orront,
2324 375 2396 406 Ann.
2413 372 2456 406 D,

1337 435 1351 453 a
1365 435 1379 453 u
1404 447 1409 452 .
2371 424 2397 434 ν

1283 462 1380 506 Savoir
1393 472 1462 491 vous
1475 462 1574 504 saisons
1588 471 1641 498 que
1657 459 1756 498 Johan
1770 459 1801 489 de
1816 457 1933 488 Durchie
1954 457 1986 488 ὃς
2008 455 2120 486 Thomas
2143 455 2174 484 de
2196 454 2299 488 Vara,
2323 424 2363 480 Λιῐι
2371 416 2437 488 ,(13.1

1248 498 1363 540 Bmgors
1374 500 1410 529 de
1425 501 1448 529 la
1465 500 1537 529 ville
1550 501 1586 529 de
1602 499 1703 537 Lyon,
1719 507 1771 527 ont
1785 499 1850 528 bien
1867 497 1898 527 ὅ(
1920 497 2061 526 loialment
2083 495 2237 529 demurez,
2253 498 2299 530 par
2324 495 2344 518 Ε
2376 500 2401 526 3.

1249 538 1345 569 devers
1361 548 1431 568 nous
1444 548 1477 566 en
1493 537 1634 575 Hostage,
1652 546 1753 573 tanque
1768 546 1803 566 en
1818 546 1882 572 cca,
1903 545 1952 572 pur
1973 538 2054 563 caule
2068 533 2103 562 de
2125 527 2302 568 l'Acomplis-
2359 528 2424 555 loid-

1250 574 1536 646 {rgie'cltedlsssraffclizdes
1550 574 1701 605 Accordez
1714 583 1808 614 parmy
1823 574 1846 604 la
1861 573 1945 611 Paix,
1962 572 2027 602 faite
2042 581 2118 601 entre
2134 570 2219 600 Nous
2232 571 2264 600 &
2282 570 2307 597 le

1492 637 1502 651 Ἰ

1256 691 1279 721 P
1294 654 1345 697 Et,
1363 663 1414 691 pur
1428 661 1501 689 tant,
1516 661 1587 682 nous
1598 650 1654 681 leur
1669 659 1755 680 avons
1768 649 1843 680 done
1856 649 1984 680 Licence
1998 649 2033 679 de
2047 648 2102 678 s'en
2118 646 2181 677 aller
2195 655 2230 675 en
2249 644 2307 674 leur

1281 703 1343 729 aus,

1296 730 1348 760 Par
1365 730 1432 767 quoi
1449 727 1591 758 Mandons
1606 727 1639 758 &
1650 725 1869 756 Commandons
1885 737 1900 755 a
1913 732 1983 754 touz
1997 733 2054 754 noz
2070 723 2192 762 Snbgiz,
2209 720 2310 752 Obeis-

1258 767 1351 805 santz,
1369 769 1402 798 δε
1418 767 1556 808 Gardeins
1569 766 1616 807 des
1632 765 1719 794 Portz
1736 765 1767 794 ἃ
1784 764 1926 802 Piss‘iges,
1945 774 2000 801 que
2021 765 2057 792 les
2072 764 2146 798 ditz,
2162 761 2256 798 johan
2276 759 2310 789 &4

1256 806 1406 850 Thomas,
1429 805 1578 840 soeffrent,
1597 803 1791 844 irancliement
1813 804 1845 832 ὅ(
1863 803 2068 838 pniliblement,
2094 802 2181 838 pailet
2202 812 2236 830 en
2254 800 2311 829 leur

1260 844 1348 892 Pam,
1361 844 1430 888 'saiiz
1446 852 1536 872 aucun
1553 842 1777 878 empei'chemeut
1792 851 1830 870 ou
1845 840 1967 878 domage
1980 840 2045 869 faire
2061 849 2075 867 a
2090 840 2169 877 eulx,
2187 850 2221 869 en
2228 845 2312 875 corps
2354 867 2357 869 .

1259 893 1323 913 nen
1338 885 1432 918 biens,
1450 890 1497 918 par
1511 889 1622 909 manere
1638 879 1822 917 quelconque.

1258 949 1261 951 ,
1273 932 1275 934 ’
1298 920 1378 950 Don.
1392 930 1439 958 par
1453 919 1684 962 Telmoignarice
1698 918 1734 947 de
1753 917 1846 946 nostre
1865 916 1984 946 Grande
1999 915 2074 952 Seal,
2089 926 2104 945 a
2118 914 2213 944 nostre
2226 914 2313 944 Palais

1261 956 1296 1002 de
1311 958 1434 990 Westm.
1450 957 1476 987 le
1498 967 1524 994 VJ
1539 959 1600 995 jour
1620 955 1763 993 d'Averil,
1790 955 1855 984 l'An
1875 956 1909 985 de
1932 955 2026 985 nostre
2047 954 2150 991 Regne
2171 954 2313 991 Qiarrant

1261 1006 1339 1028 tierz.

1520 1136 1521 1139 ’
1569 1127 1619 1158 De
1645 1123 1822 1167 Adwffi'one
1846 1122 2000 1166 Obsimm.

2343 1205 2418 1237 Ann.
2434 1200 2473 1235 D.

2372 1245 2455 1284 1369.

2342 1287 2392 1311 An.
2411 1292 2458 1318 43³

2345 1327 2376 1350 E.
2396 1330 2420 1357 3·

2385 1359 2447 1386 Ibide

1324 1213 1349 1282 Fi
1368 1213 1426 1243 Roi
1441 1222 1454 1243 a
1467 1219 1537 1243 touz
1550 1212 1646 1250 ceulx',
1663 1212 1691 1250 qi
1710 1210 1796 1241 cestes
1816 1209 1924 1240 Lettres
1945 1218 2060 1239 verront
2078 1219 2116 1239 ou
2135 1217 2252 1248 orront,
2270 1209 2319 1240 Sa·

1308 1258 1317 1267 ³
1352 1261 1397 1282 uz.

1304 1288 1403 1320 Savoir
1417 1300 1488 1321 vous
1502 1286 1599 1320 saisons
1615 1287 1726 1327 qt1e,'al
1745 1287 1858 1325 Report
1878 1285 1925 1315 des
1947 1284 2118 1315 Mireschalx
2141 1285 2176 1315 de
2196 1285 2303 1317 France

1270 1326 1356 1359 Nous
1370 1340 1456 1358 avons
1472 1329 1588 1365 Receu,
1605 1337 1659 1367 pur
1675 1326 1824 1365 Hostage,
1841 1325 1877 1354 de
1893 1325 1917 1355 la
1932 1324 2007 1354 Vilie
2020 1324 2055 1354 de
2070 1323 2169 1363 Lyon,
2189 1327 2278 1366 Louys
2290 1310 2321 1355 de

1270 1369 1338 1410 Euer
1351 1368 1382 1397 &c
1395 1366 1493 1406 Johan
1507 1367 1538 1396 de
1551 1366 1647 1403 Precy,
1666 1365 1780 1404 Burgois
1802 1365 1837 1393 de
1851 1364 1956 1392 mesme
1978 1364 2001 1393 la
2016 1361 2092 1392 Ville
2106 1362 2142 1392 de
2165 1364 2247 1402 Lyon
2284 1373 2324 1394 ou

1269 1405 1324 1436 lieu
1337 1406 1372 1435 de
1386 1405 1484 1443 Jolmn
1499 1406 1531 1434 de
1544 1403 1662 1434 Durchie
1678 1405 1711 1434 ἃ
1730 1402 1843 1432 Thomas
1857 1402 1888 1430 de
1901 1404 1999 1438 Varey,
2017 1400 2148 1440 n'adgairs
2169 1411 2227 1432 noz
2245 1386 2324 1433 sios-

1271 1450 1343 1481 tages
1365 1454 1415 1481 por
1438 1442 1728 1480 l'Accompliffement
1741 1442 1789 1471 des
1803 1440 1927 1478 Choses,
1947 1439 2084 1469 Promises
2098 1440 2130 1470 ὃς
2144 1441 2295 1471 Accordez
2310 1452 2326 1472 a

1272 1483 1359 1513 Nous
1375 1484 1409 1512 de
1423 1482 1446 1511 la
1462 1481 1552 1511 Partie
1567 1480 1661 1510 nostre
1675 1479 1831 1510 Treschere
1846 1479 1928 1508 Frere
1943 1478 1978 1507 de
1992 1477 2015 1507 F
2018 1487 2112 1508 rance:

1310 1520 1363 1559 Et,
1382 1529 1435 1559 pur
1455 1527 1532 1557 tant,
1556 1529 1628 1548 nous
1650 1519 1831 1549 Promettons
1853 1527 1880 1546 as
1905 1516 1980 1553 ditz,
1999 1518 2106 1554 Louys,
2121 1517 2153 1547 ὃς
2179 1515 2277 1554 Johan
2295 1516 2327 1545 de

1273 1560 1371 1599 Precy,
1387 1569 1442 1598 que
1463 1567 1534 1588 nous
1551 1558 1609 1588 leur
1625 1556 1833 1593 accomplirons
1854 1564 1943 1584 toutes
1960 1553 2071 1591 choses,
2088 1563 2142 1592 que
2158 1554 2270 1584 Promis
2294 1557 2327 1585 &

1273 1598 1406 1629 Accorde
1423 1607 1510 1627 avons
1522 1606 1537 1625 a
1552 1596 1588 1626 lcs
1603 1604 1691 1625 autres
1705 1593 1844 1631 Hostages
1859 1593 1894 1622 de
1908 1594 1965 1622 leur
1980 1591 2156 1623 Condicion.

1309 1636 1389 1666 Don.
1406 1645 1454 1676 par
1468 1634 1697 1671 Tesmoignancc
1711 1633 1750 1662 de
1769 1630 1864 1661 nostre
1884 1630 1979 1661 Orant
1996 1629 2072 1666 Seal,
2093 1641 2107 1660 a
2128 1629 2221 1660 nostre
2242 1628 2330 1660 Palais

1273 1674 1448 1744 {litgrll'Nestm
1461 1674 1487 1704 le
1500 1675 1526 1711 vj
1538 1674 1603 1711 jour
1618 1671 1771 1709 d’Averill,
1790 1671 1856 1701 l'An
1878 1669 1915 1699 de
1931 1668 2026 1699 nostre
2048 1667 2153 1706 Regne
2173 1668 2331 1707 Qarrante

1357 1852 1417 1883 Pro
1441 1846 1585 1894 Johanne
1607 1842 1785 1889 Eustacffii,
1811 1847 1956 1877 Pincerna
1982 1845 2068 1888 Regis
2092 1844 2235 1875 Franciae.

1271 1935 1444 2006 johannes.
1453 1931 1612 1970 Eustachii,
1629 1931 1768 1962 Pincerna
1782 1931 1870 1970 Regis
1886 1929 2029 1965 Franciae,
2046 1927 2130 1958 habet
2153 1927 2258 1958 Literas
2271 1926 2333 1957 Re·
2356 1902 2489 1971 A¹³P6D

1321 1984 1363 2010 gis
1378 1973 1414 2002 de
1428 1972 1502 2003 ialvo
1518 1971 1692 2008 Concludiu,
1708 1969 1803 2000 eundo
1816 1969 1850 1998 ad
1868 1977 1956 2006 partes
1966 1966 2104 2004 Franciae,
2124 1976 2192 1996 cum
2207 1965 2332 1995 Duobus
2385 1952 2397 1972 ¹
2406 1964 2417 1981 ³
2442 1952 2468 1979 9'

1276 2011 1451 2042 Hominibus
1463 2011 1496 2040 &
1511 2010 1635 2040 Duobus
1650 2009 1737 2046 Equis
1757 2008 1792 2038 de
1807 2006 1955 2038 Comitiva
1975 2005 2038 2043 sua,
2058 2005 2139 2043 usque
2156 2005 2190 2035 ad
2209 2003 2333 2034 Oetaeas
2358 1985 2399 2009 Aa
2424 1990 2472 2016 43*

1280 2051 1394 2082 Sancstae
1409 2049 1572 2085 Trinitatis,
1589 2048 1722 2086 proximo
1739 2047 1860 2083 futuras,
1878 2045 2025 2075 duraturas.
2357 2025 2394 2085 ξ
2408 2029 2435 2062 3'

1314 2088 1403 2119 Teste
1418 2087 1499 2127 Rege
1511 2087 1584 2125 apud
1600 2085 1901 2121 westmonasterium,
1919 2083 2050 2114 vicesimo
2070 2081 2146 2112 sexto
2159 2080 2204 2111 die
2224 2080 2335 2121 Aprilis.
2358 2063 2374 2124 12
2380 2064 2421 2133 ΞΜ
2436 2064 2474 2085 m*

1958 2161 2012 2189 Per
2028 2156 2110 2198 ipfi⁴m
2129 2161 2234 2196 Regem.

1283 2303 1311 2331 *ἓ
1331 2309 1388 2339 Pro
1409 2307 1555 2339 Pincerna
1575 2302 1731 2349 prirdt't‘lo,
1754 2300 1789 2334 de
1811 2303 1914 2339 Vino,
1941 2310 1978 2331 ex
1988 2308 2075 2344 parte
2096 2300 2180 2344 Regis
2196 2299 2337 2339 Francia,
2363 2296 2443 2323 *VI-

1543 2352 1587 2385 acl
1610 2355 1718 2398 Regem
1742 2348 1842 2394 miffo,
1869 2346 2066 2381 Remittendo.
2362 2336 2428 2369 ⁶¹7·

2367 2416 2443 2449 Anu.
2454 2416 2511 2446 D„

2393 2456 2479 2495 ¹3⁶9·

2364 2499 2414 2522 An.
2434 2504 2484 2530 43.

2361 2538 2380 2560 Ξ
2411 2543 2445 2569 34

2366 2576 2483 2607 Pat..43.

1289 2437 1414 2493 REX
1430 2436 1578 2469 Universrs
1598 2438 1632 2468 &
1652 2434 1760 2475 singulis
1783 2432 1956 2469 Admirallis,
1973 2430 2153 2470 Castellanis,
2171 2430 2344 2468 Capitaneis,

1328 2504 1331 2505 γ
1367 2477 1606 2514 vicecomitibus,
1625 2474 1801 2512 MajoribuS,
1820 2471 1994 2506 Custodibus
2007 2470 2144 2500 Portuum
2160 2469 2264 2506 Maris,
2280 2468 2340 2498 Bal-

1286 2515 1364 2553 livis,
1382 2515 1537 2554 Ministris,
1555 2516 1588 2546 ὃς
1608 2514 1666 2544 aliis
1681 2512 1822 2543 Fidelibus
1844 2511 1911 2548 suis,
1926 2512 1984 2540 tam
2006 2511 2034 2539 in
2056 2508 2234 2545 Cismarinis,
2253 2508 2339 2546 quam

1286 2554 1528 2626 isanransmarinis
1540 2553 1678 2592 partibus,
1697 2550 1768 2581 infra
1784 2549 1953 2586 Libertates,
1972 2549 2004 2579 &
2019 2556 2112 2585 extra,
2129 2547 2163 2577 ad
2176 2556 2262 2586 qum,
2281 2546 2339 2576 &c.

1310 2605 1324 2624 a
1335 2602 1422 2624 utem.

1329 2632 1414 2675 Cum.
1430 2630 1574 2669 Johannes
1595 2627 1756 2665 Eustachii,
1774 2626 1910 2656 Pincerna
1931 2625 2016 2664 Regis
2035 2624 2176 2661 Franciae,
2196 2622 2347 2662 Quinqua-
2367 2615 2386 2637 E
2408 2620 2440 2646 3·

1291 2672 1366 2710 ginta
1383 2669 1463 2708 Pipas
1480 2669 1566 2706 Vini,
1582 2668 1609 2696 in
1652 2666 1752 2696 uadam
1774 2665 1871 2702 Navi,
1886 2664 1921 2694 de
1944 2663 2073 2700 Francia,
2090 2662 2124 2692 ad
2143 2662 2211 2692 Nos
2234 2658 2263 2691 in
2283 2661 2345 2691 An-
2371 2655 2384 2684 Ρ
2406 2658 2429 2677 ¹·
2445 2657 2480 2676 ⁷⁹⁷⁸

1292 2711 1398 2750 gliam,
1417 2717 1451 2738 ex
1467 2716 1541 2746 parte
1554 2706 1625 2737 dicti
1672 2705 1727 2743 egis
1744 2704 1886 2740 Franciae,
1902 2702 1969 2732 duci
1983 2703 2096 2739 secent,
2370 2696 2413 2713 ²²·

1332 2747 1408 2791 Qae
1430 2745 1545 2784 quidem
1560 2744 1651 2778 Vina,
1672 2745 1700 2773 in
1721 2742 1798 2773 dicta
1818 2741 1914 2779 Navi,
1930 2740 1964 2770 ad
1986 2741 2073 2770 dictas
2094 2747 2184 2777 partes
2206 2737 2349 2774 Franciae,

1292 2785 1327 2817 ad
1345 2785 1434 2823 ipsum
1452 2784 1564 2822 Regem
1574 2806 1583 2821 ,
1598 2791 1631 2812 ex
1644 2782 1726 2812 certis
1740 2780 1823 2810 causis
1833 2802 1843 2818 ,
1859 2779 1988 2809 duximus
2002 2778 2187 2815 remittenda,

1330 2824 1399 2854 Nos
1417 2823 1555 2860 (volentes
1575 2821 1720 2852 Securitati
1734 2819 1803 2849 dic‘ii
1814 2818 1966 2856 johannis,
1984 2827 2016 2847 ac
2032 2816 2139 2854 Navis,
2157 2817 2188 2846 ὃς
2207 2814 2350 2844 vinorum

1293 2862 1492 2902 praedictorum
1508 2860 1666 2901 providere)
1688 2858 1853 2894 suscepimus
1869 2856 1955 2893 ipsum
1967 2853 2148 2893 Johannem,
2165 2863 2198 2883 ac
2213 2852 2330 2882 Navem
2341 2873 2351 2888 ,

1294 2903 1327 2933 ὃς
1343 2899 1418 2931 Vina
1432 2899 1581 2940 praedieta,
1600 2906 1714 2927 necnon
1734 2895 1899 2925 marinarios
1922 2895 2042 2931 ejuidem
2066 2892 2172 2930 Navis,
2189 2891 2299 2926 eundO,
2316 2890 2352 2920 de

1294 2940 1372 2971 dieto
1388 2939 1493 2978 Regno
1507 2937 1604 2968 nostro
1617 2936 1746 2974 Angliae,
1762 2934 1796 2964 ad
1809 2934 1896 2963 dietas
1910 2941 1997 2969 partes
2014 2931 2036 2961 F
2039 2932 2158 2968 ranciae,
2175 2939 2227 2968 pro
2240 2928 2354 2966 eisdem,

1296 2978 1377 3009 Vinis
1393 2978 1507 3016 praesato
1529 2974 1604 3013 Regi
1626 2974 1752 3003 Franciae
1775 2972 1964 3005 traducendis,
1988 2971 2017 2999 in
2037 2969 2142 3007 Terra,
2156 2970 2189 3000 &
2210 2970 2239 2998 in
2259 2966 2354 3003 Mari,

1296 3026 1344 3055 per
1359 3025 1451 3047 toturn
1465 3015 1616 3053 Regnum,
1636 3014 1667 3042 &
1686 3010 1857 3040 Dominium
1867 3032 1876 3047 ,
1893 3009 1925 3039 &
1942 3007 2116 3038 potestatem
2131 3007 2241 3044 nostra,
2252 3008 2354 3042 quoui-

1316 3066 1351 3086 ue
1367 3055 1400 3085 ad
1414 3054 1523 3084 diC'tum
1544 3051 1657 3089 Regem
1682 3049 1808 3078 Franciae
1830 3048 1979 3083 venerint,
1997 3048 2025 3075 in
2047 3047 2152 3076 salvum
2172 3047 2203 3076 ὃ(
2226 3048 2354 3074 lectarum

1327 3094 1487 3124 onduemru
1508 3089 1655 3126 nostrum,
1679 3097 1794 3117 necnon
1814 3088 1843 3116 in
1864 3085 2076 3115 Protectiouem
2098 3085 2131 3115 &
2152 3082 2353 3114 Defenlionein

1298 3132 1403 3164 nostras
1417 3129 1558 3171 speciales:

1335 3170 1370 3200 Et
1386 3170 1450 3199 ideo
1468 3168 1564 3204 vobis,
1582 3166 1614 3196 δε
1631 3163 1746 3194 cuilibet
1761 3161 1906 3201 vestrum,

1297 3212 1378 3241 dacin
1392 3211 1504 3238 Literis.

1337 3247 1369 3278 In
1385 3247 1479 3284 cujus,
1495 3245 1554 3274 ecc.
1572 3241 1657 3279 usque
1675 3239 1708 3270 ad
1722 3239 1823 3271 festum
1840 3239 1933 3270 Sancii
1945 3237 2082 3276 Johannis
2100 3233 2247 3273 Baptistae,
2262 3232 2355 3271 proxi-

1299 3297 1350 3317 mo
1365 3287 1489 3315 futurum
1499 3305 1508 3320 ,
1523 3282 1679 3317 duraturas,

1337 3324 1428 3355 Teste
1442 3322 1523 3360 Rege
1535 3318 1609 3357 apud
1625 3315 1932 3353 westmonasterium,
1947 3314 2081 3346 vicesimo
2096 3312 2172 3341 sexto
2187 3309 2234 3339 die
2247 3307 2355 3347 Apriis.

1922 3160 1983 3196 &c-
2001 3167 2032 3190 ut
2055 3163 2083 3190 in
2098 3159 2224 3200 fimilr'bus
2239 3157 2270 3186 de
2286 3160 2354 3185 Con-

1981 3391 2034 3419 Per
2049 3387 2130 3427 ipfitm
2148 3389 2253 3424 Regem.

1462 3536 1520 3568 Pro
1543 3526 1700 3574 Obsidibus
1723 3529 1874 3567 Franciae,
1900 3522 1936 3556 de
1951 3519 2179 3569 proclamando.

2378 3621 2454 3653 Ann.
2467 3622 2510 3654 D.

2400 3662 2483 3700 1369.

2377 3706 2428 3728 An.
2445 3710 2493 3737 43·

1375 3619 1439 3652 EX
1460 3616 1565 3653 Maiori
1582 3617 1615 3647 δε
1631 3611 1857 3644 vicecomitibus
1872 3608 2050 3645 Londoniae,
2069 3605 2202 3638 Salutem.

1304 3629 1366 3692 R
1407 3657 1590 3692 Przccipimus
1609 3653 1707 3689 vobis,
1726 3651 1844 3680 firmiter
1860 3649 2052 3686 injungentes,
2071 3646 2167 3683 quod,
2184 3646 2211 3673 in
2235 3642 2357 3674 Civitate

1304 3698 1453 3737 praedieta,
1471 3697 1499 3724 in
1512 3694 1582 3723 locis
1593 3693 1641 3722 ubi
1653 3689 1783 3729 expedire
1798 3687 1918 3719 videritis
1929 3707 1939 3724 ‚
1954 3685 2069 3725 publice
2085 3683 2250 3721 proclamari
2264 3683 2296 3714 ὃ(
2313 3683 2357 3711 in-

1305 3738 1396 3768 hiberi
1409 3734 1511 3765 saciatis
1518 3754 1527 3769 ,

1344 3774 1436 3813 Qiod
1463 3770 1570 3806 nullus,
1596 3766 1719 3805 Magnus
1743 3764 1788 3794 vel
1814 3763 1934 3800 Parvus,
1958 3759 2156 3798 cuiuscumque
2178 3758 2360 3789 Conditionis

1306 3815 1404 3850 fuerit,
1422 3811 1471 3841 sub
1486 3806 1666 3838 forisfactura
1679 3805 1810 3835 omnium
1826 3811 1889 3840 quae
1903 3801 1984 3830 nobis
1998 3799 2154 3828 forisfacere
2163 3798 2281 3836 poterit,
2295 3797 2359 3826 Ob-

1307 3853 1409 3883 fidibus
1428 3850 1462 3878 de
1485 3847 1588 3884 Regno
1610 3843 1735 3873 Franciae
1750 3865 1759 3880 ,
1785 3851 1838 3879 pro
1862 3839 1994 3877 Johanne
2016 3846 2105 3874 nuper
2123 3835 2206 3875 Rege
2231 3836 2354 3866 Franciae

1310 3900 1377 3921 tunc
1398 3886 1556 3919 Prisonario
1580 3881 1694 3919 nostro,
1716 3882 1744 3910 in
1764 3879 1891 3910 Civitate
1911 3876 2072 3906 Londoniae
2101 3874 2361 3910 commorantibus,

1309 3939 1355 3959 aut
1369 3935 1468 3958 eorum
1485 3921 1673 3953 Familiaribus
1697 3919 1738 3949 vel
1759 3917 1964 3950 Servientibus,
1981 3914 2151 3951 quicquam,
2168 3912 2245 3951 quod
2267 3913 2294 3941 in
2313 3921 2363 3942 eo-

1308 3977 1371 3998 rum
1385 3962 1553 3995 scandulum
1569 3959 1613 3988 vel
1626 3958 1824 3995 Opprobrium
1838 3954 1937 3984 cedere
1953 3952 2067 3989 poterit,
2085 3961 2131 3981 aut
2146 3953 2184 3981 eis
2203 3951 2248 3981 seu
2262 3959 2362 3980 eorum

1307 4005 1390 4036 alicui
1411 3999 1696 4033 comminationem,
1721 3994 1911 4061 Violeviam,
1930 3991 1974 4021 seu
1997 3988 2181 4028 Molestiam,
2198 3998 2245 4021 aut
2267 3987 2361 4018 Dam-

1857 4039 1876 4060 2
2274 4033 2364 4063 pnum

2381 3744 2467 3811 {aa

2382 3824 2427 3849 43.
2448 3818 2473 3839 Ε.
2486 3821 2511 3848 3.

2382 3862 2417 3880 m.
2435 3850 2510 3886 ¹9³¹*
