2561 4251
15 200 142 231 Anat).

35 239 119 282 3385.

11 282 65 308 Rlc.
86 291 112 307 2.

163 580 212 610 Th.
232 581 354 617 Episcopo
368 576 486 607 Karliol.

163 618 199 657 J.
219 617 342 656 Epistopo
358 614 486 646 Dunolm.

164 657 212 687 71].
234 654 356 695 Epifiopo
375 653 463 683 Elim.

164 698 203 725 Η.
221 696 343 733 Epffscopo
360 695 521 722 Norwicen.

164 737 199 763 R.
219 732 344 772 Etufiopo
358 731 480 760 London.

165 775 208 803 {V
229 772 351 810 Epistopo
367 768 473 808 cicestr.

166 811 216 840 Th.
237 808 359 852 Epilssopo
376 810 423 836 Ex
433 819 466 835 ιη.

168 849 204 888 J.
224 850 345 888 Epist-ipo
360 845 504 913 Herfffaerd-

169 888 206 926 J.
225 887 347 925 Episc'opo
362 888 420 914 Bat
430 895 484 913 aon.
500 881 537 918 (ἓν
552 881 662 913 PVellen.

33 1300 53 1319 ⁸
66 1301 134 1327 vn.

34 1349 102 1372 474-

36 1376 113 1406 Aun.
129 1373 166 1404 D.

58 1415 141 1451 1335.

38 1457 90 1481 ⁴⁴5³*-
106 1456 132 1481 ὅ.

37 1497 67 1521 Β,
91 1503 115 1520 2.

38 1532 125 1563 Clitas.
144 1529 159 1553 5³

40 1573 68 1596 R.
81 1570 172 1596 anss,

164 130 179 156 1
189 117 245 167 84

196 198 288 230 Teste
303 198 386 237 Rege
400 195 473 234 apud
489 196 613 235 Redyng,
633 194 748 232 Quarto
761 194 806 225 die
818 194 907 233 Junii.

641 273 693 300 Per
707 269 788 310 ipfimt
804 272 900 307 Regem
913 266 951 302 ὠ·
965 266 1119 297 Concilium.

163 351 328 383 Consimilia
348 348 448 379 Brevia
469 347 625 385 diriguntur
647 346 792 385 Episcopis
807 368 816 382 ,
844 345 1003 375 Abbatibus
1016 345 1049 376 &
1064 343 1228 381 Prioribus,

479 387 529 416 sub
545 386 644 416 eadem
659 385 751 422 Data3
766 383 918 422 videlicet,

163 468 204 497 A.
219 462 417 502 Arch:'episcopo
432 462 552 492 Eburum
568 462 678 501 Angliae
717 459 823 499 Custodi
850 458 1060 498 Spiritualitatis
1079 457 1233 497 Episcopa-

198 504 323 534 Primati.
752 497 797 529 tfis
811 498 979 528 Coventriae
993 499 1027 529 &
1038 496 1232 533 Lichefeldiae,

164 546 196 572 R.
218 540 340 580 Eptjiopo
355 544 460 570 Sarum.
753 536 827 567 Sede
841 547 966 567 vacante.

718 575 832 604 Abbati
843 576 875 604 de
890 579 980 612 Burgo
995 574 1089 603 Sancti
1104 575 1190 601 Petri.

718 613 832 643 Abbati
844 613 876 642 de
891 612 1041 651 Ratae-fere.

720 652 833 681 Abbati
847 652 878 681 de
889 652 1032 690 Thorneye.

721 690 832 719 Abbati
845 691 876 719 de
889 689 1030 730 Croyland.

722 729 836 758 Abbati
853 730 884 758 de
897 729 996 758 Sancto
1013 727 1166 756 Edmundo.

723 767 837 796 Abbati
844 768 937 796 Sand'ti
946 765 1094 803 Augustini
1103 770 1236 795 Cantuar.

724 805 836 843 Abbati
850 806 881 834 de
894 806 992 834 Sancto
1006 804 1128 835 Albano.

724 844 836 873 Abbati
852 843 959 883 Wastm.

724 883 836 912 Abbati
849 883 881 911 de
896 880 1042 919 Evcfham.

725 922 838 950 Abbati
852 919 972 960 Glaston.

726 960 838 989 Abbati
855 956 1067 998 VVynchetombe.

727 998 841 1028 Abbati
853 998 885 1026 de
898 996 1090 1036 Malmesbury.

728 1039 818 1066 Priori
831 1036 862 1065 de
876 1039 1023 1065 Coventre.

728 1075 839 1104 Abbati
852 1073 949 1112 Cellre.

728 1113 841 1143 Abbati
854 1113 887 1142 de
901 1115 934 1141 H
927 1113 994 1152 yda.

728 1151 842 1182 Abbati
856 1151 888 1181 de
895 1154 1003 1181 Burton
1011 1150 1090 1188 super
1095 1147 1247 1180 Trentam.

170 926 206 964 J.
230 924 349 964 Epstopo
361 922 497 962 Affavett.

172 964 209 1004 J.
230 967 291 1003 Epis
308 972 352 1002 opo
366 965 519 998 Bangoren.

173 1007 216 1034 A.
238 1001 360 1042 fptfiopo
374 1004 522 1030 Meneven.

174 1042 226 1072 Th.
243 1044 365 1080 Episcopo
382 1039 549 1069 Landaven.

176 1083 219 1111 W
242 1079 363 1118 Epifiopo
377 1079 503 1116 lsVynton.

175 1122 216 1148 H.
236 1117 359 1159 Efifi⁰p⁰
372 1118 494 1153 WBgorn.

178 1157 213 1196 J.
231 1160 354 1197 Eptscopo
368 1153 491 1184 Linroln.

399 1279 426 1305 *ἒ
450 1281 499 1313 De
513 1275 657 1311 morando
668 1276 760 1323 fhper
776 1274 907 1320 Colle-ras
925 1278 1046 1310 Maris.

184 1366 315 1425 REX,
332 1365 439 1397 dile&o
452 1365 501 1395 fibi
516 1364 545 1393 in
561 1361 680 1393 Christo
717 1361 829 1391 Abbati
843 1362 874 1391 de
889 1365 982 1402 Bury,
1000 1360 1134 1392 Salutem.

278 1407 355 1444 Qua
372 1428 381 1443 ,
404 1413 434 1435 ut
456 1402 644 1433 intelleximus
659 1424 668 1438 ,
690 1385 806 1431 inimici
827 1400 916 1431 nostri
932 1423 942 1439 ,
960 1410 1018 1431 con
1039 1400 1134 1439 regati
1147 1398 1249 1440 magna

185 1444 281 1475 Claffe
306 1444 438 1474 Navium
463 1443 496 1472 ὃς
515 1440 668 1471 Galearum
683 1461 693 1476 ,
717 1439 752 1470 ad
774 1439 967 1470 invadendum
982 1439 1015 1469 &
1066 1438 1248 1469 estruendum

186 1483 317 1514 Costeras
334 1481 509 1518 MaritimaS,
529 1480 562 1510 &
575 1478 609 1508 ad
626 1477 723 1517 Mala,
741 1487 806 1516 quae
819 1486 968 1516 poterunt,
986 1477 1070 1508 vobis
1084 1478 1117 1508 &
1129 1477 1186 1514 aliis
1201 1477 1224 1507 F
1226 1478 1250 1507 i—

185 1522 294 1552 deiibus
313 1520 415 1551 nostris
437 1517 635 1556 inferendum,
654 1517 720 1548 totis
733 1517 839 1549 viribus
853 1516 924 1555 suis,
942 1517 974 1547 in
987 1515 1101 1548 instanti
1118 1515 1248 1553 AEstaoe,

188 1561 214 1592 se
229 1571 324 1597 parunt
337 1561 371 1591 ὃς
386 1567 542 1593 conantur,

224 1599 308 1636 Nos,

227 1638 275 1668 Ut
294 1647 395 1667 eorum
416 1635 537 1665 Malitia:
556 1633 662 1664 virilius
681 1633 714 1664 &
729 1632 870 1672 securius,
885 1632 1002 1664 volente
1017 1632 1171 1670 Domino,
1188 1631 1252 1663 refi-

192 1676 293 1713 statur,
312 1676 457 1710 volentes,
477 1683 506 1704 ut
523 1673 677 1710 convenit,
696 1672 861 1710 providere,

227 1715 320 1744 Vobis
335 1737 345 1752 ,
368 1715 396 1743 in
419 1713 488 1742 Fide
511 1714 543 1742 ὃς
562 1711 706 1750 Ligeantia
718 1733 728 1747 ‚
757 1711 858 1748 quibus
872 1710 955 1740 nobis
967 1711 1120 1748 tenemini,
1137 1709 1253 1739 firmiter

191 1753 272 1791 Intun
281 1753 391 1790 tendo,
410 1750 581 1781 Mandamus
597 1748 676 1787 quod
686 1772 695 1787 ‚
710 1749 846 1779 omnibus
857 1749 914 1779 aliis
929 1748 1135 1787 praetermiffis,
1155 1747 1255 1779 &Ex-

191 1792 335 1823 cusatione
364 1799 544 1828 quacumque
570 1787 693 1817 ceffante
712 1809 722 1825 ,
749 1786 924 1817 confiderato
945 1787 1077 1818 Periculo
1101 1787 1230 1817 iminenti
1245 1809 1255 1824 ,

194 1830 286 1861 versus
307 1828 439 1859 Costeras
459 1827 618 1857 Maritimas
630 1848 639 1864 ‚
663 1827 693 1856 in
712 1824 861 1856 Comitatu
882 1825 1045 1864 Suffolciae,
1062 1825 1179 1856 adcitius
1195 1835 1255 1863 quo

192 1870 321 1906 poteritis
338 1878 389 1897 vos
404 1867 529 1903 trahatis,
548 1865 655 1894 ibidem
669 1874 737 1895 cum
750 1863 915 1895 sufficientia
927 1863 1093 1895 Hominum
1106 1863 1140 1894 ad
1157 1864 1255 1902 Arma,

194 1907 417 1938 Hobelariorum
433 1928 442 1943 ,
465 1905 498 1935 &
521 1903 734 1940 Sagittariorum
750 1925 760 1940 ,
774 1904 850 1941 juxta
866 1901 954 1933 status
967 1901 1052 1934 vestri
1067 1903 1257 1942 exigentiam,

193 1947 268 1977 bene
290 1946 323 1976 δε
343 1944 511 1974 sufficienter
533 1942 718 1972 Armatorum
745 1943 778 1973 &
796 1940 995 1980 Munitorum,
1014 1951 1100 1979 prout
1113 1950 1177 1972 ante
1192 1942 1255 1971 haec

194 1994 324 2055 {tempora
335 1993 388 2014 vos
403 1984 435 2014 δε
450 1980 671 2012 Praedecessores
684 1979 769 2012 vestri
784 1990 914 2018 tempore
936 1979 1058 2011 Guerrae
1077 1980 1170 2012 facere
1186 1990 1258 2011 con-

206 2033 352 2058 uevenns,

231 2062 320 2099 Super
334 2059 464 2090 Costeras
479 2057 623 2096 praeditstas
638 2057 723 2096 usque
746 2056 863 2088 Festum
881 2057 979 2089 SanCti
996 2057 1146 2089 Michaelis
1162 2058 1259 2096 proxi-

197 2103 251 2131 mo
267 2101 392 2131 futurum
408 2098 560 2134 moraturi,

238 2139 284 2169 Ad
302 2136 517 2174 Resistendum,
535 2137 591 2166 una
605 2145 673 2165 cum
686 2135 743 2165 aliis
760 2134 902 2166 Fidelibus
923 2134 1024 2166 nostris
1037 2159 1047 2173 ,
1067 2135 1187 2166 Malitiae
1204 2133 1263 2164 Ini-

200 2179 344 2247 ‘Pnicom'lrl'
359 2175 524 2206 nostrorum
540 2173 762 2213 paaedicstorum,
781 2174 801 2204 fi
822 2174 872 2212 qui
894 2174 1027 2205 invadere
1039 2174 1263 2212 praesumpserint

225 2226 316 2246 artesi
337 2225 381 2253 as,

183 2282 186 2284 ,
237 2255 275 2285 Et
290 2255 365 2290 hoc,
383 2253 451 2283 ficut
466 2251 535 2283 Nos
548 2252 582 2283 &
595 2250 784 2281 Salvationem
800 2250 895 2294 Regni
909 2250 998 2281 nostri
1015 2251 1128 2289 Angliae
1142 2250 1264 2289 diligitis,

60 2576 188 2609 Ann.D.

83 2618 164 2655 1385.

61 2660 113 2684 ΑΗ.
130 2657 157 2683 S.

61 2699 90 2721 R.
113 2704 138 2721 2.

62 2733 126 2761 Izid.

63 2781 99 2800 m.
121 2780 148 2798 20

201 2295 234 2362 l&
258 2293 308 2323 sub
332 2291 518 2336 Forisfactura
537 2291 672 2320 omnium
685 2300 750 2328 quae
762 2290 846 2320 nobis
864 2289 1024 2321 torisfacere
1039 2291 1184 2329 poteritis,
1201 2289 1264 2319 nul-

212 2342 308 2362 atenus
321 2339 467 2361 omittatis.

236 2370 326 2401 Teste
339 2370 422 2406 Rege
438 2369 547 2399 oetavo
562 2367 607 2398 die
622 2367 705 2404 Iunii.

367 2495 413 2526 De
428 2489 571 2524 morando
587 2493 669 2522 circa
687 2489 847 2534 Personam
866 2491 988 2522 Matris
1009 2492 1105 2537 Regis.

206 2575 324 2634 REX
334 2600 343 2614 ,
362 2576 480 2606 Dileeto
495 2576 528 2606 &
542 2574 631 2604 Fideli
647 2574 696 2604 suo
706 2596 715 2611 ,
734 2574 878 2602 Lodowico
890 2572 1019 2612 Chffizrd,
1037 2572 1173 2605 Salutem.

308 2615 406 2652 Licet,
426 2624 472 2652 per
487 2614 592 2643 diversi
608 2613 704 2643 Brevia
719 2612 830 2650 nostra,
849 2614 876 2642 in
893 2614 974 2643 variis
981 2611 1173 2643 Comitatibus
1185 2613 1267 2652 Reg—

205 2654 234 2683 ni
250 2653 338 2683 nostri
354 2653 484 2690 Anghae,
502 2652 718 2690 praeceperimus
735 2651 902 2687 proclamari
916 2649 997 2688 quod
1011 2661 1113 2681 omnes
1127 2652 1161 2683 ὃς
1176 2651 1267 2692 singu-

206 2692 224 2722 li
247 2691 369 2722 Domini
384 2714 393 2729 ,
415 2690 521 2721 Milites
535 2713 545 2729 ‚
567 2689 708 2727 Armigeri
723 2711 732 2726 ,
750 2688 783 2718 δε
799 2689 842 2718 alii
858 2688 998 2719 Generofi
1015 2699 1159 2720 armentur
1176 2691 1209 2721 &
1226 2700 1269 2720 ar-

207 2729 328 2761 raientur
343 2753 352 2768 ,
378 2731 413 2760 ita
434 2729 515 2767 quod
534 2729 660 2766 prompti
682 2727 733 2756 sint
755 2727 788 2756 &
809 2728 893 2763 parati
913 2728 945 2757 ad
969 2727 1220 2766 proficiscendum,
1239 2730 1266 2758 in

208 2768 415 2800 Defenlionem
429 2767 528 2804 Regni
545 2766 675 2805 Angliae,
693 2774 794 2795 contra
806 2764 943 2795 Inimicos
957 2765 1070 2796 nostros
1090 2768 1222 2805 quotiens
1234 2768 1268 2797 &

207 2807 323 2846 quando
339 2807 419 2846 super
434 2807 492 2836 hoc
504 2815 537 2836 ex
552 2814 627 2843 parte
640 2803 736 2834 nostra
750 2804 854 2833 fuerint
869 2803 1008 2841 requisiti,

246 2845 388 2877 Volumus
402 2854 497 2875 tamen
512 2867 521 2882 ,
540 2844 574 2874 &
587 2844 686 2880 vobis,
705 2843 734 2871 in
749 2841 818 2872 Fide
832 2842 865 2873 &
884 2841 1047 2879 Ligeantia,
1066 2843 1168 2880 quibus
1188 2844 1271 2874 nobis

209 2886 361 2920 tenemini,
380 2885 549 2922 injungimus
563 2883 596 2913 δε
612 2881 776 2912 mandamus
792 2880 872 2919 quod
885 2882 960 2910 circa
970 2880 1121 2911 Personam
1134 2884 1200 2920 cari]
1209 2892 1270 2911 tmae

209 2926 334 2953 Dominae
346 2923 379 2953 &
388 2925 494 2952 Matris
508 2919 604 2960 nostrae
614 2943 624 2958 ,
641 2920 817 2958 ubicumque
829 2928 893 2949 eam
909 2919 978 2949 infra
995 2919 1132 2959 Regnum
1140 2924 1191 2950 nol
1207 2930 1270 2950 rum

210 2961 382 3000 praedietum
403 2969 514 2990 moram
537 2959 644 2990 trahere
663 2959 814 2997 contigerit
827 2982 837 2996 ,
862 2967 914 2996 pro
936 2956 1158 2989 Confortatione
1178 2957 1222 2988 sua
1238 2959 1271 2989 δε

213 3001 312 3037 majori
332 3000 485 3029 Securitate
507 2998 643 3028 continue
664 2996 789 3026 affistatis
802 3020 812 3033 ,
838 2996 870 3026 δι
887 2997 912 3026 ei
927 2997 987 3027 talia
1000 2996 1167 3035 impendatis
1179 2996 1273 3027 Obse-

213 3040 292 3077 quia,
310 3039 343 3069 &
359 3037 440 3076 ipsius
457 3036 556 3066 Matris
571 3035 675 3066 nostra:
687 3036 721 3065 ὃς
737 3034 825 3064 nostri
839 3036 938 3065 intuitu
949 3058 959 3073 ,
978 3046 1043 3073 quae
1057 3035 1144 3066 Statui
1158 3035 1192 3065 &
1206 3034 1274 3066 Ho-

213 3078 279 3106 nori
301 3084 384 3106 tantae
405 3075 544 3105 Dominae
567 3076 596 3104 in
615 3073 698 3104 omni
712 3082 816 3103 eventu
831 3073 955 3104 videritis
969 3075 1142 3113 convenire,
1160 3073 1276 3104 Procla-

193 3146 197 3149 ,
216 3117 340 3146 matione
356 3113 506 3151 praedicta,
523 3114 570 3143 seu
583 3112 675 3150 aliqua
690 3111 743 3142 alia
759 3113 786 3141 in
800 3113 974 3142 contrarium
987 3112 1133 3151 facienda,
1147 3121 1207 3142 non
1221 3113 1276 3142 ob-

90 3780 219 3814 Ann.D.

111 3819 195 3859 1385-

89 3864 143 3888 An.
161 3859 188 3885 8.

89 3904 121 3929 R.
137 3908 166 3926 2.

91 3937 179 3974 Claus.
196 3935 222 3962 8.

93 3981 123 4005 R.
141 3985 167 4003 2.
181 3983 218 4003 m.

95 4013 158 4056 3³³·

216 3154 323 3191 stante,
342 3153 374 3183 ὃς
389 3152 465 3189 hoc,
483 3152 551 3181 sicut
567 3150 635 3181 Nos
648 3151 680 3181 ὃ(
695 3149 850 3180 Honorem
871 3150 1001 3181 nostrum
1019 3151 1133 3189 diligitis
1147 3174 1156 3188 ,
1176 3150 1208 3181 δε
1224 3150 1274 3180 sub

216 3191 521 3236 omniforisfatstura,
537 3199 623 3228 quam
636 3197 700 3227 erga
716 3187 784 3218 Nos
800 3189 944 3219 incurrere
960 3191 1103 3229 poteritis,
1121 3189 1277 3220 nullatenus

217 3237 395 3261 ommittatis.

258 3305 348 3338 Teste
360 3306 444 3346 Rege
454 3303 529 3344 apud
542 3303 804 3344 Wqstmonasterium
812 3325 822 3341 ,
839 3302 1017 3336 duodecimo
1031 3303 1078 3335 die
1087 3303 1173 3343 Junii.

912 3382 965 3411 Per
977 3381 1060 3421 ipficm
1073 3383 1176 3419 Regem,

261 3460 428 3492 Confimilia
449 3458 548 3491 Brevia
565 3455 901 3534 ditigumilrcieligiicsiptis
916 3481 927 3496 ,
952 3458 1004 3489 sub
1027 3457 1126 3489 eadem
1145 3455 1242 3494 Data3

260 3574 380 3606 Dilecto
395 3575 429 3606 &
443 3574 530 3605 Fideli
543 3574 607 3611 suo,
625 3572 740 3603 Ricardo
753 3575 841 3611 Stury.

265 3613 386 3644 Dilesto
401 3615 434 3644 &
450 3613 538 3643 Fideli
551 3612 616 3649 suo,
634 3611 764 3649 Johanm'
779 3612 811 3640 de
827 3610 933 3640 Wtrth.

270 3651 391 3683 Dilecto
403 3653 437 3683 &
453 3651 476 3681 F
478 3651 542 3680 ideli
556 3650 621 3688 suo,
640 3649 748 3679 Tbomae
761 3652 904 3686 Larymer.

270 3689 390 3758 {suffio
405 3691 438 3721 &
453 3689 543 3720 Fideli
555 3688 623 3726 suo,
642 3688 749 3719 Thomae
764 3686 905 3718 Morwell.

363 3739 384 3759 s.

554 3857 604 3889 De
617 3854 654 3887 V
653 3857 732 3901 iagio
748 3864 850 3887 contra
867 3856 976 3888 Scotos.

240 3936 360 3995 REX
375 3959 385 3984 ².
407 3938 547 3984 cariffimo
568 3939 723 3983 Avunculo
745 3938 810 3975 suo,
827 3936 957 3976 Johanni
969 3940 1035 3977 Regi
1049 3935 1171 3979 Castellae
1184 3934 1222 3972 ό·
1235 3937 1292 3966 La-

315 3985 398 4014 gmnts
411 3977 490 4009 Duct
502 3978 674 4010 Lancastnae
689 3977 824 4010 Salutem.

273 4013 368 4053 Qua,

600 104 1412 169 CONVENTtONES‚
1468 104 1862 169 L1TERAE,

1304 188 1351 220 Ad
1367 187 1557 219 Salvationem
1573 187 1702 220 Coronae
1716 188 1823 220 nostrae
1834 189 1937 226 Regiae
1951 213 1962 228 ,
1979 197 2226 228 communemque
2242 188 2328 227 Mag·
2346 185 2424 218 Ann.
2437 186 2481 220 D.

1268 236 1366 258 natum
1382 228 1416 258 &
1433 226 1591 258 Procerum
1611 237 1644 258 ac
1662 228 1748 258 totius
1762 227 1868 265 Populi
1883 228 1980 266 Regni
1995 230 2086 260 nostri
2102 229 2216 267 Angliae
2231 228 2332 259 utilita-
2371 226 2455 266 1385.

1269 275 1348 304 tem,
1367 275 1483 295 necnon
1501 265 1535 295 ad
1550 264 1774 295 Praecavendum
1788 265 1924 302 Dampna
1937 288 1948 303 ,
1971 266 2120 306 Scandala,
2137 269 2170 299 &
2188 266 2332 304 Pericula,
2350 267 2404 293 Εἰσ-
2419 274 2447 294 2.

1270 314 1336 342 quae
1350 313 1383 333 ex
1399 303 1572 334 Rebellione
1586 303 1742 334 Scotorum
1757 327 1768 341 ,
1793 303 1980 334 Inimicorum
1992 306 2026 335 &
2039 305 2205 337 Rebellium
2219 304 2333 336 nostro-

1271 351 1354 380 rum,
1372 342 1392 372 fi
1411 343 1428 361 ³⁹
1446 342 1547 372 diutius
1566 342 1653 380 ipsam
1675 341 1797 372 sustineri
1810 342 2009 380 contingeret,
2026 344 2154 381 poffent,
2171 353 2256 383 prout
2270 344 2329 375 tarn
2349 341 2364 355 ⁸
2382 340 2451 369 VII·

1272 382 1446 419 praeteritum
1461 390 1573 418 tempus
1585 381 1673 418 quam
1687 380 1804 418 praesens
1819 390 1870 410 nos
1881 379 2036 418 instruunt,
2055 383 2183 421 evenire,
2348 387 2417 417 475·

1307 417 1509 450 Ordinavimus
1524 420 1556 450 &
1571 418 1784 457 Proponimus,
1797 418 1933 448 Domino
1946 418 2125 451 concedente
2158 420 2215 451 effe
2220 421 2333 460 ,Qiar-

1272 457 1424 487 todecimo
1440 457 1487 488 die
1504 458 1572 496 Julii
1584 479 1594 496 ,
1618 459 1753 494 proximo
1775 457 1871 487 futuro
1884 479 1895 495 ,
1920 457 1993 495 apud
2016 456 2121 487 Villam
2132 442 2219 490 iNovi
2237 459 2333 490 Castri

1273 496 1354 533 super
1367 495 1398 525 T
1416 506 1503 539 narn,
1521 504 1588 526 cum
1601 495 1690 534 Equis
1703 497 1737 527 &
1753 495 1847 526 Armis
1859 496 1893 526 δε
1906 503 1971 526 toto
1984 494 2108 526 Servitio
2122 497 2206 527 nobis
2216 498 2331 537 debito,

1311 533 1358 564 Ad
1407 533 1626 565 rofimscendum
1649 535 1752 570 exinde
1799 543 1900 564 contra
1919 533 2013 565 diebos
2035 533 2163 573 Scotos,
2186 536 2220 566 ad
2233 546 2335 568 eorum

1274 570 1479 616 Rebellionem
1515 571 1681 615 Perfidiam,
1699 573 1732 603 &
1747 557 1916 611 Ix’lequitiam
1928 572 2043 604 viriliter
2057 573 2091 604 &
2108 581 2251 611 potenter,
2265 585 2334 607 cum

1277 609 1336 639 De1
1348 610 1452 640 auxilio
1459 634 1468 648 ,
1487 594 1716 648 Reprimendum
1723 633 1734 648 ‚

1314 648 1405 692 Vobis
1421 647 1610 686 Mandamus,
1626 649 1655 678 in
1670 648 1738 679 Fide
1752 649 1786 680 &
1798 647 1963 688 Homagio,
1980 650 2083 688 quibus
2097 650 2180 680 nobis
2191 651 2336 690 tenemini,

1276 686 1394 717 firmiter
1408 686 1603 726 Injungentoe‚
1621 687 1717 725 quod,
1736 687 1771 717 ad
1784 687 1934 724 praedictos
1947 687 2037 718 Diem
2053 689 2086 719 &
2100 689 2216 720 Locum
2231 713 2242 728 ‚
2266 699 2336 720 cum

1276 724 1366 763 Equis
1381 727 1414 757 &
1431 727 1526 756 Armis
1543 727 1575 757 &
1592 733 1656 756 toto
1667 725 1808 762 Servirio,
1827 725 1904 763 quod
1918 727 2000 756 nobis
2014 726 2137 765 debetis,
2153 729 2184 758 in
2199 728 2261 758 casu
2279 737 2336 759 tarn

1277 769 1381 801 arduo,
1401 763 1435 794 ad
1461 764 1529 794 Nos
1548 764 1603 794 sitis
1642 764 1746 801 rompti
1767 764 1800 793 &
1821 765 1906 800 parati
1927 763 1962 794 ad
1984 763 2226 797 Proficiscendum
2241 768 2340 797 nobis-

1279 812 1366 839 cum,
1385 803 1417 833 &
1436 812 1504 833 cum
1525 803 1582 833 aliis
1629 802 1746 832 idelibus
1764 802 1861 841 Regni
1875 801 2097 840 nostri„contra
2108 804 2202 835 distos
2217 805 2339 844 Scoms,

1280 841 1314 871 ad
1335 840 1489 871 Honorem
1508 840 1605 880 Regni
1625 840 1713 870 nostri
1735 841 1861 878 praedicti
1875 840 1983 879 acjura
1997 845 2106 871 Coronae
2119 842 2214 881 nostrae
2224 843 2337 875 strenue

1280 879 1513 919 Prosequendum
1526 880 1574 918 &,
1592 887 1731 910 annuente
1745 878 1894 917 Domino,
1915 878 2170 918 Consequendum:

1318 917 1427 948 Vestrae
1447 918 1556 956 insuper
1577 917 1725 948 Fidelitatis
1746 917 1945 948 Constantiam
1960 918 2111 956 specialiter
2126 920 2293 958 requirimus
2305 921 2340 952 &c

1281 965 1412 999 rogamus
1427 958 1570 995 quatinus,
1588 965 1690 994 praeter
1702 955 1852 986 Servitium
1876 956 2002 987 vestrum
2024 957 2210 996 praedkstum,
2227 957 2266 989 fic
2280 967 2342 991 ma-

1280 1004 1336 1033 jori
1356 1003 1526 1025 armatorum
1546 994 1712 1024 Hominum
1734 995 1767 1025 ὃ(
1781 993 1930 1032 Equorum
1943 995 2090 1027 Comitiva
2104 997 2212 1034 vallati,
2231 1006 2340 1036 quanto

1284 1034 1430 1077 potentius
1444 1056 1454 1071 ,
1478 1033 1669 1064 honorabilius
1685 1055 1695 1071 ,
1719 1032 1766 1062 seu
1785 1034 1929 1064 decentius
1947 1036 2092 1073 poteritis,
2115 1044 2169 1075 pro
2187 1038 2342 1067 communi

1284 1071 1355 1102 ἀιᾶὶι
1377 1071 1474 1110 Regni
1497 1071 1614 1102 utilitate
1629 1094 1639 1109 ,
1663 1072 1692 1101 in
1709 1071 1798 1102 nostri
1820 1073 1853 1103 ὃ(
1872 1071 1956 1102 vestri
1978 1072 2138 1104 Subsidium
2160 1075 2292 1113 veniatis,
2311 1084 2344 1107 ut

1285 1119 1338 1140 nos
1352 1111 1386 1141 &
1401 1121 1452 1141 vos
1464 1110 1500 1141 de
1513 1109 1644 1149 angustiis
1658 1109 1691 1140 &
1706 1109 1811 1148 taediis,
1828 1120 1907 1148 quae,
1924 1111 1964 1141 ob
1978 1111 2343 1149 praedi&am1nimicorum

1287 1147 1440 1179 Perfidiam
1459 1150 1492 1180 ὃ(
1511 1149 1712 1179 Rebellionem
1728 1172 1738 1186 ,
1752 1149 1812 1186 jam
1827 1148 1918 1180 multo
1932 1157 2062 1187 tempore
2073 1149 2258 1190 sustinuimus,
2274 1152 2344 1183 libe-

1221 1228 1227 1229 ἶ
1287 1188 1358 1225 rari,
1376 1197 1445 1218 cum
1458 1188 1561 1219 auxilio
1577 1186 1693 1217 Divinae
1709 1185 1846 1218 Potentiae
1856 1211 1866 1226 ,
1888 1187 2047 1226 valeamus,
2063 1188 2170 1228 nosque
2184 1189 2279 1220 obinde}
2293 1201 2346 1221 vo-

1286 1226 1330 1255 bis
1351 1236 1443 1263 grates
1464 1226 1580 1257 reddere
1601 1225 1747 1265 gratiosas,
1761 1225 1919 1265 vestrasque
1933 1225 2110 1258 Fidelitatem
2123 1229 2157 1260 &
2170 1227 2346 1260 Probitatem

1287 1265 1492 1296 commendare
1509 1265 1612 1296 merito
1625 1264 1785 1296 debeamus.

1322 1341 1413 1373 Teste
1428 1340 1512 1381 Rege
1525 1340 1599 1381 apud
1614 1340 1890 1382 Westmonasterium,
1906 1341 2022 1374 decimo
2036 1324 2120 1375 tertio
2133 1343 2180 1375 die
2191 1343 2278 1383 Junii.

1762 1421 1817 1450 Per
1828 1418 1911 1459 ipsum
1925 1421 2021 1458 Regem
2035 1418 2073 1456 ό·
2085 1421 2239 1453 concilium.

1289 1495 1459 1528 Confirnilia
1472 1496 1570 1528 Brevia
1580 1494 2140 1574 dirigtsilrgffiigltosmiziitgltzshzegaronibus‚
2159 1499 2194 1532 &
2210 1497 2351 1532 Militibus

1331 1612 1485 1644 Cariffimo
1502 1611 1658 1644 Avunculo
1673 1611 1740 1650 suo,
1758 1612 1902 1643 Edmundo
1917 1616 2018 1643 comiti
2031 1614 2225 1652 Comtebrigr'ae.

1331 1651 1485 1683 Cariffimo
1500 1651 1655 1682 Avunculo
1669 1650 1778 1690 Regis,
1795 1650 1846 1680 Th.
1866 1655 1963 1682 Comiti
1978 1652 2193 1690 Bukinghams‘ae.

1331 1690 1484 1721 Carissimo
1499 1689 1588 1720 Fratri
1603 1688 1691 1729 Regis
1724 1688 1829 1719 Tbomae
1843 1693 1940 1720 Comiti
1953 1692 2079 1723 Kantiae.

1331 1729 1448 1759 Ricardo
1463 1732 1562 1758 Comitt'
1574 1712 1747 1758 Arundeilae.

1331 1768 1438 1798 :rhome
1451 1770 1550 1798 Comiti
1564 1769 1736 1797 Warrwicae.

1336 1809 1447 1844 Hugom'
1462 1809 1562 1836 Comiti
1574 1804 1740 1844 Staffordiae.

1334 1846 1477 1876 Edwardo
1488 1845 1521 1874 de
1535 1847 1695 1885 Courteney,
1715 1843 1826 1875 Comiti
1840 1843 1991 1876 Devoniae.

1337 1883 1487 1914 Willielmo
1504 1884 1536 1913 de
1552 1886 1649 1913 Monte
1664 1886 1773 1921 Acuta,
1792 1881 1903 1914 Comiti
1914 1883 2023 1915 Sarum.

1333 1922 1449 1954 Robmo
1463 1922 1495 1952 de
1505 1924 1587 1961 Veer,
1607 1920 1721 1952 Comiti
1735 1921 1869 1952 Oxoniae.

1336 1964 1454 1992 Henrico
1467 1961 1500 1991 de
1516 1963 1581 1990 Perc
1607 1983 1617 1998 ,
1632 1960 1745 1992 Comiti
1758 1959 1988 1992 Northumbriae.

1335 2000 1442 2031 Thomae
1454 1999 1486 2029 de
1500 2001 1566 2029 Mau
1599 2010 1647 2038 ay,
1666 1998 1779 2030 Comiti
1794 1998 2034 2039 Notynghatniae.

1336 2039 1441 2079 Jacobo
1457 2039 1489 2068 de
1504 2038 1611 2068 Audele
1633 2061 1644 2077 ,
1660 2038 1696 2068 de
1710 2038 1832 2077 Helegh.

1338 2077 1488 2109 Willielmo
1505 2048 1636 2115 Bardoff,
1653 2076 1690 2108 de
1704 2077 1888 2117 Wermegey.

1337 2116 1467 2156 Johanni
1480 2117 1512 2145 de
1526 2115 1595 2146 Cher
1607 2122 1684 2156 eton,
1702 2115 1738 2146 de
1754 2114 1870 2155 POWYS.

1340 2155 1455 2184 Ricardo
1468 2157 1610 2195 Ponynges.

1339 2193 1426 2223 Gm'do
1439 2193 1471 2223 de
1484 2196 1592 2223 Briene.

1340 2232 1469 2271 Johanni
1482 2232 1513 2261 de
1526 2231 1645 2262 clinton.

1343 2271 1467 2301 Gilberto
1481 2270 1588 2300 Talbot.

1339 2309 1469 2348 Johanni
1481 2308 1504 2339 Ie
1521 2311 1627 2339 Warre.

1340 2350 1459 2379 Hemico
1472 2347 1496 2378 le
1509 2352 1586 2387 Scrop
1595 2371 1605 2387 ,
1623 2347 1768 2379 Chivaler.

1342 2389 1457 2417 Henrico
1470 2388 1502 2417 de
1517 2389 1640 2425 Ferrers,
1659 2386 1695 2418 de
1711 2386 1843 2427 Grobey.

1342 2426 1472 2465 Johanni
1485 2429 1552 2455 Roos
1560 2449 1570 2464 ,
1587 2426 1623 2456 de
1636 2425 1789 2456 Hamelak.

1343 2464 1472 2503 Johanm'
1485 2465 1517 2494 de
1532 2463 1634 2494 Nevill
1642 2487 1651 2502 ‚
1664 2464 1699 2494 de
1716 2463 1832 2503 Rabby.

1344 2503 1474 2542 Johanni
1485 2506 1573 2544 Grey,
1592 2502 1628 2534 de
1642 2502 1806 2533 Codenote.

1345 2544 1462 2571 Henrico
1474 2544 1561 2580 Grey,
1579 2541 1615 2572 de
1629 2541 1754 2571 Wilton.

1344 2579 1491 2649 :lliyegginaltss
1505 2579 1647 2648 {reyk’lde
1662 2579 1793 2619 Ruthyn.

1388 2629 1451 2648 omae
1483 2630 1497 2648 e
1539 2629 1568 2648 er
1586 2629 1600 2647 e
1610 2629 1624 2647 e
1642 2641 1648 2647 .

1345 2657 1473 2697 Johanni
1489 2657 1520 2687 de
1535 2656 1610 2686 Falle
1651 2680 1661 2694 ,
1681 2654 1826 2686 Chivaler.

1347 2695 1497 2727 Willielmo
1512 2694 1542 2725 la
1557 2694 1680 2734 Zouche,
1697 2694 1733 2726 de
1746 2691 1970 2733 Haryngwortlr.

1347 2737 1426 2772 Hugo
1439 2733 1562 2764 Burnell.

1347 2776 1447 2811 Rogero
1462 2773 1493 2803 de
1507 2771 1628 2812 clifford.

1349 2812 1478 2851 Johanm·
1493 2814 1635 2841 Buttourt.

1349 2850 1494 2927 ῗὲὲῗῖᾕῖἔ
1503 2849 1701 2918 ᾗξῖῖὶὴωρη.

1353 2927 1486 2957 Michaeli
1499 2928 1529 2957 de
1544 2926 1573 2957 la
1587 2926 1659 2956 Pole.

1351 2965 1492 3004 Radulpho
1506 2969 1609 2995 Barom'
1623 2965 1655 2994 de
1670 2966 1725 2994 Gre
1734 2963 1804 3004 stok.

1351 3003 1498 3034 Willielmo
1512 3006 1668 3040 Botriaux‚
1687 3001 1717 3033 C
1739 3002 1831 3033 ivaler.

1353 3042 1482 3081 Johanni
1496 3042 1528 3071 de
1538 3040 1614 3071 Bello
1629 3044 1735 3071 Monte.

1352 3081 1466 3111 Roberto
1481 3080 1513 3110 de
1526 3082 1590 3109 Har
1606 3086 1697 3116 ngton.

1353 3120 1469 3149 Roberto
1482 3120 1513 3148 cle
1528 3091 1683 3160 ltVchghbJ.

1351 3158 1458 3188 Thomae
1472 3161 1599 3194 Camoys,
1617 3154 1761 3186 Chivaler.

1353 3196 1469 3226 Ricardo
1481 3193 1595 3232 Talbot‚
1611 3194 1648 3224 de
1662 3192 1817 3223 Blakmere.

1383 3233 1483 3263 ohanni
1498 3233 1530 3262 de
1543 3233 1589 3272 Cly
1603 3240 1659 3262 ton.

1384 3272 1485 3301 ohanni
1499 3271 1531 3301 de
1544 3275 1580 3302 Co
1598 3271 1680 3309 ham,
1697 3270 1734 3302 de
1748 3268 1863 3300 Kantia.

1356 3310 1502 3341 Willielmo
1516 3310 1548 3339 de
1562 3313 1660 3340 Dacre.

1358 3349 1486 3388 Johanm‘
1498 3347 1680 3388 Lestraunge,
1697 3346 1733 3377 de
1748 3345 1828 3376 Knol
1850 3352 1898 3382 ng.

1358 3388 1467 3419 :thome
1481 3387 1512 3417 de
1527 3387 1649 3427 Nmyll,
1664 3387 1701 3417 de
1713 3384 1790 3416 Halu
1855 3385 1904 3414 ire-

1360 3426 1476 3457 Ricardo
1489 3429 1616 3467 qumore.

1362 3464 1502 3504 Radulpho
1516 3462 1628 3503 Baffet,
1645 3464 1677 3494 de
1691 3462 1834 3501 Drayton.

1363 3503 1485 3542 Philippo
1497 3506 1598 3543 Darcy.

1365 3542 1471 3573 Thema
1485 3543 1518 3571 de
1531 3540 1629 3571 Morle.

1366 3580 1495 3619 Johanni
1510 3577 1698 3617 Bourghchier.

1368 3618 1491 3649 Wltero
1504 3621 1570 3648 Fitz
1585 3619 1708 3647 Wauter.

1366 3657 1495 3696 Johanm'
1509 3655 1626 3693 Lovell‚
1639 3654 1676 3684 de
1689 3649 1897 3692 Tydiernerssi.⁴

1367 3695 1496 3735 Johanm'
1510 3695 1543 3725 de
1556 3696 1654 3725 Monte
1668 3696 1771 3723 Acuto.

2271 4025 2389 4064 ‘Sum'
