2561 4251
734 127 838 170 ET
903 128 1176 172 ACTA
1240 131 1724 178 PUBLICA.

46 234 176 278 'Ann.D.

77 285 160 324 1381.

47 326 99 354 Ric.
120 334 147 350 2·
274 302 489 334 Procuratoria
508 299 711 345 Elizaberhae,
738 303 860 335 Matris
880 305 974 336 Annae
983 301 1170 349 fhpmdiffae·

245 385 405 424 Lizabeth,
425 385 532 418 Divinfi⁴
544 387 656 419 favente
670 387 834 419 Clementia
848 412 857 427 ,
883 391 1064 418 Romanorum
1077 391 1245 426 Imperatrix

256 425 361 465 semper
376 425 521 465 Augusta,
539 428 573 457 &
587 429 703 456 Boemiae
719 429 822 464 Regina
831 451 841 464 ,

221 464 486 501 Recognoscimus,
505 464 625 495 Tenore
637 464 838 502 Praesentium,
854 464 987 495 universis
1004 464 1084 503 quod

223 502 272 533 De
293 503 553 540 circumspestionis
574 504 607 533 δε
630 502 638 531 1
675 502 772 532 alitatis
791 502 941 540 industria,
960 502 1075 533 Illustris
1091 489 1245 543 Principis,

182 541 307 572 Domini
324 541 480 580 Przimistai
496 543 581 570 Ducis
596 511 790 579 Thffihirzertfis
807 540 1014 580 Consanguinei
1036 542 1125 572 nostri
1140 543 1245 573 kariffi-

182 581 240 618 mi,
257 589 290 610 ac
328 579 500 616 Nobilium,
517 578 632 608 Conradi
648 582 764 617 Crerar,
783 578 953 609 Sereniffimi
967 580 1104 618 Principis
1120 580 1243 611 Domini

186 603 332 658 anestai
345 621 421 655 Regis
435 620 613 646 Romanorum
628 614 666 650 ὠ
680 619 811 656 Boemiae,
830 618 891 648 Filii
906 617 995 648 nostri
1011 618 1142 649 karissimi
1155 642 1165 657 ,
1184 619 1247 649 Cu-

45 393 97 418 An.
112 399 142 426 4.

45 433 76 456 R.
97 438 121 456 2.

43 471 84 494 Ex
98 470 156 494 Au·

41 513 106 541 togr.

185 657 234 686 riae
252 657 400 696 Magistri,
418 657 451 686 δε
466 657 543 683 Petri
556 655 587 684 de
604 655 792 685 Wartemberk
809 656 842 686 al.
861 656 897 686 de
910 656 1003 695 Kost,
1023 657 1093 687 dicti
1115 658 1179 688 Filii
1193 667 1248 687 no-

185 694 232 725 stri
256 694 458 732 Camerlingii,
476 693 590 730 plenam
607 694 640 724 &
655 694 839 725 indubitatam
852 694 985 726 fiduciam
1001 695 1161 726 obtinentes
1176 720 1186 734 ,
1204 696 1247 725 A-

184 736 267 765 nimo
281 734 433 764 deliberato
442 754 451 770 ‚
469 733 503 762 &
518 731 553 761 de
568 740 643 763 certa
656 732 749 762 nostra
761 733 901 771 Scientia,

221 773 254 803 In
267 771 425 810 praesentia,
443 769 614 808 Nobilium,
631 771 761 800 Sdenkins
777 773 809 801 de
831 770 1017 810 Waldensteyn
1038 771 1170 811 Magistri
1184 771 1247 803 Cu-

183 812 231 841 riae
247 809 369 847 nostrae,
386 811 526 838 Hermant
542 810 573 838 de
585 809 704 848 Kufficyk
718 809 862 846 Burgravii
884 811 973 839 nostri
989 809 1103 840 Groten
1125 812 1175 849 &,
1191 810 1247 841 ho-

181 848 332 886 norabilis,
352 851 476 877 Martini
491 851 617 878 Canonici
631 846 826 887 Olomucenfis,
845 847 1022 878 Thesaurarii
1036 848 1141 886 nostri,

217 886 310 918 Dic‘io
326 887 461 917 Domino
475 890 547 916 Duci
561 886 595 917 δε
608 885 751 915 Nobilibus
766 885 887 923 praefatis
900 886 1032 924 plenam,
1050 887 1166 917 liberam
1182 910 1192 926 ,
1210 887 1243 916 δε

180 925 381 957 omnimodam
398 925 545 963 dedimus,
563 925 597 955 &
611 923 710 954 damus
724 923 928 963 Praesentibus,
949 925 1140 964 Facultatem,
1158 925 1194 956 de
1209 926 1243 956 &

180 964 260 1002 super
275 964 434 1002 Parentela,
453 963 522 993 inter
538 985 548 1001 ,
571 961 786 994 Sereniffimum
807 962 902 994 Princi
924 973 970 994 ern
985 987 994 1002 ,
1013 963 1181 994 Dominum
1196 966 1245 993 Ri-

181 1003 292 1033 cardum
313 1006 408 1040 Regem
427 1001 541 1038 Angliae
591 1002 626 1032 &
648 999 842 1032 Excellentem
864 1002 882 1017 ²⁹
930 1003 1070 1042 irginem,
1091 1002 1244 1033 Domicel-

181 1042 238 1073 lam
254 1044 373 1072 Annam
387 1041 496 1069 Natam
510 1023 645 1079 nostram,
663 1040 763 1071 nostro
783 1040 915 1072 Nomine
929 1065 939 1081 ,
965 1041 1138 1080 Tra&andi,
1156 1040 1244 1071 Ordi-

182 1080 283 1119 nandi,
299 1078 494 1117 Disponendi,
513 1079 564 1116 &,
583 1079 612 1108 in
625 1079 761 1110 Animam
776 1079 919 1117 nostram,
934 1079 1070 1119 Jurandi,

221 1119 259 1150 Et
279 1117 417 1156 quidquid
436 1127 485 1157 per
509 1117 602 1148 dictos
616 1142 626 1157 ,
649 1120 751 1148 Ducem
772 1119 805 1149 ὃς
827 1118 954 1156 Nobiles,
972 1119 1002 1149 in
1016 1119 1077 1157 ipso
1090 1118 1245 1149 Parentelae

182 1156 318 1196 Negotio
333 1179 343 1195 ,
368 1166 421 1195 pro
445 1156 497 1186 hac
513 1155 585 1187 Vicc
600 1179 611 1195 ,
626 1155 812 1195 Tractatum,
831 1156 1021 1194 Ordinatum,
1040 1156 1245 1195 Disponitum,

182 1196 217 1226 &
239 1195 468 1234 qualitercunque
486 1196 609 1234 juratum
629 1196 659 1225 in
679 1194 816 1226 Animam
839 1195 965 1226 nostram
987 1196 1062 1234 fuit,
1080 1196 1139 1226 hoc
1152 1195 1242 1233 ipsum

180 1233 291 1264 Rarum
306 1257 316 1274 ,
340 1234 464 1265 Gratum
479 1257 489 1270 ,
511 1233 545 1264 &
568 1233 697 1263 Firmum
719 1235 822 1264 habere
837 1257 847 1271 ‚
864 1241 976 1272 tenere,
995 1235 1028 1265 ὃ(
1043 1234 1242 1265 inviolabiliter

181 1272 332 1304 observare
346 1272 498 1316 volumus,
516 1272 706 1309 promittimus
718 1295 728 1311 ,
751 1273 784 1303 δε
806 1272 959 1312 debemus,
977 1273 1161 1304 Praesentiurn
1178 1273 1241 1311 (sub

180 1311 304 1350 appenso
318 1312 417 1342 nostro
430 1310 542 1349 Sigillo)
558 1309 723 1341 testimonio
736 1310 906 1342 Literarum.

219 1350 331 1381 Datum
350 1350 441 1390 Prage
455 1374 465 1387 ,
490 1349 536 1380 die
555 1349 713 1386 penultima
732 1349 842 1380 Menfis
858 1349 998 1388 Januarii,
1017 1348 1106 1380 Anno
1117 1348 1241 1380 Domini

181 1389 356 1428 Millesimo,
373 1387 611 1425 Trecentesimo,
631 1387 821 1427 octogesimo
837 1390 942 1427 primo.

33 992 53 1008 ὓ
64 991 132 1018 VII.

38 1029 103 1066 283.

183 1509 346 1555 Commiffio
368 1514 562 1558 Imperatoris
588 1510 632 1543 ad
657 1509 853 1543 manandum
875 1509 912 1542 de
939 1513 1098 1544 Amicitiis
1115 1539 1125 1555 ,
1148 1515 1184 1551 &⁶
1206 1512 1242 1546 de

503 1562 584 1606 Ltga
603 1568 706 1591 contra
722 1559 919 1603 Scismaticos.

37 1639 115 1671 ΑΠΠ-
126 1638 167 1668 D·
180 1645 418 1708 WEncessaus
427 1668 435 1683 ,
456 1645 514 1675 Dei
534 1643 621 1684 gratia
635 1667 646 1683 ,
668 1647 850 1675 Romanorum
868 1647 929 1675 Rex
936 1644 1040 1684 semper
1054 1644 1194 1686 Augustus
1209 1646 1243 1677 ὃς

57 1678 142 1717 1381.
294 1686 410 1714 Boemtae
423 1685 501 1724 Rex,

36 1721 93 1746 An.
108 1728 136 1752 4·
218 1722 339 1754 Notum
354 1723 490 1761 facimus,
507 1723 628 1753 Tenore
644 1721 848 1760 Praesentium,
865 1723 998 1753 universis
1013 1723 1112 1762 quod,

34 1760 65 1784 R·
85 1766 110 1785 2·
219 1761 284 1800 De,
304 1761 417 1792 Illustris
436 1760 596 1800 Przemiflai
618 1763 702 1790 Ducis
725 1760 902 1801 Teschinenfis
921 1761 1060 1799 Principis
1079 1763 1112 1792 &
1132 1762 1241 1793 Sororii

34 1799 75 1822 Ex
91 1798 150 1822 Au-
180 1801 268 1831 nostri
284 1800 436 1839 carissimi,
453 1810 486 1830 ac
501 1801 603 1838 etiam,
623 1798 794 1837 Nobilium,
814 1800 931 1829 Conradi
943 1800 1101 1840 deKreyger
1111 1800 1163 1830 Ma
1184 1801 1241 1831 istri

34 1839 100 1869 togr.
179 1837 277 1870 Curiae
297 1838 402 1870 nostrae
417 1863 426 1877 ,
451 1840 484 1871 &
506 1840 583 1868 Petri
602 1838 633 1868 de
647 1838 843 1876 Wartenberg,
861 1837 1094 1869 Confiliariorum
1107 1840 1140 1870 &
1182 1840 1240 1870 ide-

176 1879 248 1910 lium
267 1877 440 1908 dilectorum
462 1877 650 1915 nostrorum,
677 1876 840 1913 Legalitatis
853 1900 863 1915 ‚
888 1877 1004 1908 Virtutis
1017 1902 1026 1914 ,
1052 1879 1086 1909 δε
1108 1877 1240 1909 Probatae

175 1916 450 1955 circumspectionis
463 1915 607 1947 industriis
622 1916 735 1954 plenam
754 1916 787 1947 ὃς
802 1915 986 1947 indubitatam
1007 1916 1141 1948 fiduciam
1161 1918 1240 1948 obti-

213 1965 273 1986 ntes

175 1966 291 2033 neIpsosi
320 1993 431 2025 Animo
445 1992 617 2032 deliberato,
631 1992 667 2024 de
682 2001 759 2024 certa
773 1993 868 2024 nostra
878 1993 1016 2032 Scientia,
1034 1994 1069 2024 &
1080 1994 1147 2024 iano
1155 1994 1239 2025 Prin-

173 2016 433 2103 fiffiiffi'ssssm
443 2032 652 2102 ὲζὶῗῐῗᾶἒω
659 2031 1238 2102 3ῗᾶἳέὣὲυἷεςεὲἓὲἕῗῃῗεωὲἱὲαἰῃῖἓ·

171 2111 302 2141 Facimus
318 2133 327 2149 ,
353 2095 564 2142 Coiistituimus
580 2133 590 2148 ‚
611 2093 644 2140 ἐξ
658 2133 668 2148 ,
684 2110 796 2139 meliori
808 2094 898 2140 modi>
911 2111 945 2141 &
960 2095 1163 2148 forma’quibus
1178 2095 1241 2141 fieri

169 2149 280 2190 potest,
300 2149 484 2180 Praesentibus
499 2148 675 2178 Ordinamus
687 2147 800 2192 nostros
814 2148 1044 2193 Ambaxiatores,
1061 2149 1233 2180 Procurato-

167 2186 1091 2270 resDaliit‘itgsogcoggicffdigissgsesei[3153thsssggfbariirs]imodam
1110 2226 1238 2258 Potestaa

173 2273 235 2297 tem
250 2265 404 2296 Traeiandi
414 2288 424 2304 ,
440 2264 638 2296 Contrahendi
652 2290 661 2302 ,
673 2263 797 2302 Iniendi,
818 2264 966 2303 Faciendi,
982 2264 1236 2296 &Consumman-

171 2304 218 2342 di,
237 2314 289 2342 pro
305 2304 401 2335 Nobis
417 2305 450 2335 &
467 2303 636 2334 Haeredibus
650 2302 753 2333 nostris
767 2302 891 2334 Boemiae
904 2303 1050 2344 Regibus,
1068 2303 1232 2343 Amicitias,

170 2339 323 2381 Uniones,
342 2344 375 2374 ὃς
390 2343 472 2382 Ligas
487 2342 510 2373 F
512 2341 672 2380 raternaleS,
691 2342 724 2373 &
739 2342 824 2372 etiam
839 2341 917 2372 Coll'
938 2343 1036 2381 antias,

208 2381 320 2412 Statum
335 2383 368 2413 &
382 2381 537 2412 Honorem
553 2380 745 2411 Sacrosandtse
757 2380 902 2411 Romanae
940 2381 1047 2413 cclefiae
1060 2405 1071 2421 ,
1093 2382 1144 2420 &,
1163 2381 1232 2413 San-

172 2416 286 2450 &iffimi
302 2420 331 2449 in
347 2419 466 2451 Christo
480 2419 567 2450 Patris
581 2420 614 2450 ὃς
630 2418 770 2456 Domini,
791 2418 914 2450 Domini
927 2419 1034 2450 Urbani
1049 2421 1131 2458 Papae
1144 2423 1231 2460 Sexti,

170 2467 375 2489 concernentes
393 2481 403 2498 ,
424 2459 458 2489 ad
479 2458 685 2489 Exterminium
706 2458 955 2497 Scismaticorum,
974 2469 1051 2490 nunc
1065 2459 1232 2499 Vigentium

171 2495 206 2527 &
224 2496 388 2528 Rebellium
401 2520 412 2535 ,
438 2497 616 2535 praesentium
638 2497 672 2528 &
694 2495 873 2534 futurorum,
893 2497 974 2535 ipsius
990 2497 1113 2528 Domini
1128 2499 1234 2529 Urbani

170 2534 254 2574 Papae
270 2535 412 2574 praedicti,
430 2536 464 2566 δε
479 2534 682 2566 Successorum
695 2535 810 2565 suorum
823 2535 975 2566 Canonice
991 2537 1155 2567 intrantium
1169 2560 1179 2576 ,
1200 2538 1234 2569 &

168 2584 220 2612 per
226 2574 406 2643 dCollegium
427 2573 621 2605 Cardinalium
634 2597 644 2612 ,
661 2573 741 2605 dieto
755 2576 872 2604 Domino
885 2574 996 2605 Urbano
1009 2574 1170 2614 adhaerens,
1185 2577 1234 2607 eli-

190 2622 224 2643 en
246 2623 330 2644 orum

168 2621 188 2652 g
208 2650 289 2682 Cum
324 2636 505 2683 S’ereniffimo
521 2651 670 2691 Principe,
689 2650 825 2683 Domino
840 2651 975 2682 Richardo
989 2655 1058 2690 Rege
1066 2651 1179 2690 Angliae
1195 2652 1235 2682 Il-

167 2687 266 2759 {tzaestr'i¹3
286 2675 381 2721 Ii'ratre
395 2690 495 2721 nostro
509 2691 670 2729 cariffimo,
685 2700 738 2728 pro
751 2690 806 2730 Se,
825 2690 859 2722 &
872 2690 924 2722 suis
939 2690 1111 2722 Haeredibus
1118 2692 1234 2730 Anglioe

202 2737 217 2757 e
238 2738 245 2757 1
268 2739 298 2759 us

237 2774 249 2796 t
268 2752 375 2797 easdem
395 2767 540 2798 Amicitias
552 2790 562 2806 ,
585 2767 722 2798 Uniones
737 2791 747 2805 ,
770 2768 804 2798 δε
819 2767 901 2806 Ligas
914 2767 1101 2806 Fraoernales,
1117 2778 1231 2800 necnon

170 2800 353 2844 Colligantias
367 2815 421 2853 pro
436 2805 617 2836 Sacrosan&a
629 2805 763 2836 Romana
775 2805 900 2836 Ecclesia
908 2828 917 2843 ‚
925 2808 958 2838 &
972 2805 1108 2837 Domino
1120 2807 1233 2847 nostro,

169 2841 280 2872 Urbano
303 2846 381 2882 Papa
402 2843 537 2881 praediCto
552 2867 562 2881 ,
587 2842 687 2874 nostro
710 2842 844 2874 Nomine
858 2866 867 2882 ,
889 2844 922 2874 &
943 2843 1104 2875 Haeredum
1119 2845 1233 2877 nostro-

171 2890 235 2911 rum
245 2903 254 2919 ,
273 2881 374 2912 Literis
389 2881 490 2913 nostris
506 2881 667 2921 Firmandi,
684 2883 718 2914 &
732 2882 761 2912 in
775 2882 910 2913 Animam
927 2882 1051 2913 nostram
1062 2883 1200 2923 Jurandi,

209 2919 255 2950 Ac
271 2921 354 2951 etiam
364 2944 374 2958 ‚
390 2920 488 2951 nostro
504 2920 656 2959 Nomine,
673 2931 689 2951 a
702 2920 783 2951 disto
798 2920 932 2951 Domino
944 2923 1014 2959 Rege
1028 2922 1140 2960 Angliae
1149 2923 1232 2962 Jura-

170 2965 266 3027 nliengla
281 2958 467 2998 Recipiendi,
482 2959 518 2990 de
531 2960 565 2991 &
580 2958 660 2997 super
673 2957 822 2990 Praernissa
833 2959 970 2992 servando
989 2961 1024 2992 &
1042 2962 1128 2992 etiam
1141 2961 1232 2993 adim-

201 3006 236 3027 en
256 3008 277 3028 o

170 3005 190 3034 p
207 3035 253 3066 Ac
276 3022 374 3068 omnia
394 3037 428 3068 &
449 3036 554 3075 singula
577 3036 710 3068 Faciendi
726 3061 736 3076 ,
762 3047 828 3076 quae
847 3047 901 3076 pro
916 3037 1175 3071 Consummatione
1187 3039 1232 3070 seu

169 3072 306 3105 Faetione
321 3076 534 3113 Amicitiamm,
552 3074 726 3114 Unionum,
740 3076 774 3107 δε
790 3076 988 3107 Fraternalium
1004 3077 1232 3117 Ligarum,nec-

167 3121 229 3141 non
253 3113 487 3151 Colligantiarum
508 3114 726 3152 praedictarum,
744 3115 895 3146 necessaria
907 3115 1028 3154 fuerint,
1046 3117 1091 3147 seu
1105 3127 1230 3154 quomo-

168 3148 276 3181 dolibet
288 3161 467 3190 opportuna,
485 3152 523 3182 Et
538 3162 602 3190 quae
614 3152 682 3183 Nos
698 3153 791 3184 facere
807 3155 841 3185 &
855 3153 1027 3185 concludere
1049 3155 1192 3193 possemus
1206 3156 1227 3186 fi

168 3188 347 3225 personaliter
358 3190 529 3228 adeffemus,
548 3192 634 3221 etiam
647 3191 667 3221 fi
684 3190 855 3223 Mandatum
869 3194 977 3231 exigant
990 3193 1120 3231 speciale:

208 3225 410 3258 Promittentes
428 3228 631 3259 nichilominus
644 3252 654 3267 ,
677 3239 732 3267 pro
756 3230 878 3271 Nobis,
903 3233 936 3263 &
956 3231 1038 3262 dieiis
1058 3232 1229 3264 Haeredibus

168 3264 271 3295 nostris
287 3265 413 3296 Boemiae
428 3266 573 3305 Regibus,
589 3267 714 3305 Ratum,
733 3267 875 3307 Gratum,
894 3278 979 3309 atque
988 3271 1116 3301 Firmum
1133 3273 1229 3303 invio·

168 3302 287 3334 labiliter
299 3304 464 3343 observare,
482 3303 632 3343 Quidquid
647 3315 697 3343 per
712 3307 842 3344 praefatos
862 3308 1013 3339 Sororium
1035 3311 1069 3341 &
1090 3310 1228 3341 Consilia-

167 3341 223 3370 rios
247 3341 378 3381 nostros,
396 3344 500 3372 Ducem
518 3342 712 3381 Teschinensem
722 3366 732 3381 ,
759 3346 912 3375 conradum
927 3347 959 3376 de
975 3350 1112 3387 Creyeger,
1129 3350 1163 3380 ὃς
1177 3352 1230 3379 Pe-

165 3384 242 3408 trum
261 3380 294 3410 de
310 3381 502 3419 Wrtenberg,
520 3380 620 3411 nostro
636 3381 790 3421 Nomine,
808 3385 836 3413 in
851 3383 1020 3424 Praemiffis,
1039 3386 1227 3425 A&um,Fa-

165 3418 247 3448 &um
263 3441 273 3456 ,
297 3419 344 3449 seu
366 3418 609 3450 Consummatum
629 3419 713 3450 fuerit
727 3444 736 3459 ,
780 3422 996 3461 uomodolibet,
1012 3424 1070 3454 five
1085 3424 1209 3456 Gestum

166 3450 350 3487 Praesentium
364 3458 426 3495 (sub
440 3457 545 3496 Regiae
558 3457 662 3496 nostrae
677 3430 828 3498 Majeiizatis
840 3460 951 3499 Sigillo)
966 3461 1155 3494 Testimonio
1177 3449 1230 3495 Lil

166 3502 299 3526 terarum.

204 3532 316 3564 Datum
337 3533 525 3574 Nuremberg
564 3535 654 3566 Anno
666 3535 791 3568 Domini
806 3536 979 3578 Millefimo,
997 3537 1231 3580 Trecentefimo,

165 3571 371 3616 Qetuagefimo
390 3573 491 3604 Primo
505 3596 515 3612 ,
537 3557 699 3605 indiffione
715 3576 843 3615 Qartzi,
860 3576 962 3608 Kalen.
982 3577 1089 3608 Menfis
1103 3579 1229 3610 Februa-

166 3620 198 3641 τι]
207 3633 216 3649 ,
234 3610 403 3651 Regnorum
417 3611 582 3644 nostrorum
593 3612 682 3644 Anno
696 3614 822 3646 Boemiae
838 3615 968 3647 Decimo
979 3616 1102 3655 οὲὶανο,
1119 3617 1229 3649 Roma-

166 3658 272 3680 norum
289 3653 362 3682 vero
379 3650 500 3689 Quinto.

24 3759 42 3776 .
57 3760 126 3788 νη.
325 3730 370 3758 De
383 3728 522 3758 Mandata
535 3730 646 3759 Domini
654 3731 749 3768 Regis,
766 3730 864 3762 Cacell.
881 3731 1096 3772 Archiepiscopus
1109 3732 1226 3770 Pragen.

24 3797 91 3832 284.

19 3833 195 3915 5131ngss
219 3869 277 3900 Pro
295 3868 454 3903 cardinali
473 3871 622 3914 Bononia,
647 3869 851 3906 Praebendario
869 3876 900 3906 in
914 3873 1042 3917 Ecclesia
1057 3873 1222 3908 Lincolm'ae.

20 3917 119 4016 {⁷⁵⁶2}-
168 3953 485 4009 REX'anibus,
500 3956 535 3988 ad
550 3966 638 3996 quos,
655 3958 716 3989 &e
734 3948 867 3990 Salutem.

42 3998 118 4027 ιη..
266 3992 363 4024 Sciatis
375 3995 455 4031 quod
470 3995 553 4035 Nos,

14 4031 114 4067 ιιι-ρ,
124 4039 152 4058 2.
202 4027 262 4060 Pro
277 4031 352 4061 bona
371 4031 524 4064 affectione
538 4057 548 4072 ,
573 4043 658 4073 quam
673 4043 739 4072 erga
754 4034 925 4077 Personam,
942 4035 1180 4070 Reverendiffimi
1193 4037 1226 4068 in

19 4074 58 4095 m.
80 4077 109 4096 2.
167 4064 287 4105 Christo
301 4068 406 4111 Patris,
423 4072 580 4105 Cardinalis
591 4076 739 4113 Bononiae,

1258 3647 1347 3688 stella
1369 3647 1406 3683 (dy
1431 3650 1553 3684 Legionis
1566 3669 1575 3685 ,
1599 3656 1651 3684 pro
1670 3647 1697 3677 se

2269 158 2343 187 111

1317 218 1381 263 ,Cui
1401 220 1548 251 Dominus
1571 224 1693 252 Summus
1714 221 1846 263 Pontifex
1867 224 1903 255 de
1922 223 2102 263 Praebenda,
2127 235 2214 265 quam
2228 230 2347 269 Petrus,
2363 233 2440 263 Ann.
2453 232 2498 266 D.

1284 257 1354 301 olim
1378 259 1535 289 Cardinalis
1558 263 1656 291 Beatae
1677 265 1780 291 Mariae
1804 263 1953 293 Inviolatae
1972 287 1981 302 ,
2003 266 2034 294 in
2048 265 2172 296 Ecclelia
2186 266 2348 300 Cathedrali
2393 273 2477 310 1381.

1286 296 1473 366 Lgicolnicfs,
1487 300 1629 341 optinuit,
1648 310 1697 339 per
1712 300 1907 332 Privationem
1921 302 1991 333 diCti
2005 304 2079 334 olim
2093 303 2265 345 Cardinalis,
2282 318 2350 345 pro·
2365 314 2417 339 Ris.
2438 321 2464 338 2.

1284 345 1314 367 vi
1336 343 1356 365 it
1370 343 1400 365 ut
1414 346 1428 366 a
1454 346 1538 366 entur

1307 373 1475 418 'Gerimuffi
1491 377 1525 406 ὃς
1545 361 1600 414 ³pro
1621 377 1697 407 bona
1717 376 1872 408 dilectione
1886 388 1971 416 quam
1986 379 2063 410 idem
2079 379 2235 413 Cardinalis
2250 382 2346 415 Bono·

1283 422 1340 443 niae
1353 413 1452 443 Nobis
1466 415 1500 444 ὃς
1513 413 1624 453 Regno
1638 415 1737 446 nostro
1753 417 1888 447 haetenus
1904 417 2086 456 monstravit,
2107 420 2140 450 &
2154 421 2246 452 indies
2260 433 2346 454 mon-

1285 451 1367 489 strat,
1385 460 1469 488 prout
1482 454 1565 482 nobis
1579 453 1620 483 est
1634 454 1849 493 Testificatum,

1322 488 1523 520 Conceffimus
1537 492 1571 522 &
1585 492 1744 522 Licentiam
1759 493 1905 532 dedimus,
1924 503 2060 532 quantum
2075 496 2104 526 in
2120 497 2203 528 nobis
2217 498 2345 538 est,tam

1283 528 1365 559 dieto
1380 527 1522 571 Cardiaali
1537 532 1681 567 Bononiae,
1699 531 1779 568 quod
1794 531 1868 570 ipse,
1888 542 1938 570 per
1951 533 2150 565 Procuratores
2170 537 2232 567 suos
2246 561 2255 576 ,
2274 539 2346 569 Pos-

1283 566 1431 597 seffionem
1453 566 1538 596 diecae
1558 567 1724 598 Praebendae
1743 569 1867 608 legitime
1889 571 1993 609 affequi
2013 572 2047 603 &
2067 575 2231 606 continuare
2243 577 2344 616 poffit,

1284 606 1319 636 &
1336 605 1468 635 Proficua
1481 604 1603 642 ejusdem
1618 605 1782 637 Praebendae
1796 618 1830 638 ac
1845 608 2051 640 Membrorum
2066 612 2100 642 &
2114 611 2346 646 pertinentiarum

1283 643 1400 674 suorum
1417 653 1683 682 quorumcumque,
1701 655 1751 682 per
1766 656 1864 676 manus
1877 646 2118 688 Procuratorum,
2134 650 2348 692 Firmariorum,

1284 682 1319 711 ὃς
1331 682 1451 712 aliorum
1468 680 1671 712 Ministtorum
1685 683 1814 722 suorum,
1834 687 1911 722 perci
1933 696 1995 723 ere,
2013 687 2099 725 quam
2113 691 2343 731 quibuscumque

1285 719 1425 750 Fidelibus
1447 720 1542 757 Ligeis
1558 722 1592 752 &
1613 721 1735 751 Subditis
1758 722 1881 760 nostris,
1926 734 1941 753 e
1960 723 2069 762 Regno
2094 727 2193 758 nostro
2218 730 2345 769 Angliae,

1284 759 1363 795 quod
1376 758 1426 797 ipfi
1438 758 1542 795 poffint
1554 759 1611 789 effe
1625 759 1826 791 Procuratores
1841 761 1963 800 ejusdem
1979 765 2134 794 Cardinalis
2146 770 2291 807 Bononiae,
2317 770 2346 800 in

1284 795 1390 836 Regno
1411 796 1510 826 nostro
1532 797 1670 834 praedicto
1686 820 1696 836 ,
1721 809 1755 829 ac
1775 800 1898 829 Firmarii
1917 801 1951 832 ὃς
1970 800 2095 832 Ministri
2117 804 2155 834 sui
2177 805 2344 838 Praebendae

1283 834 1428 872 praediCtae
1441 858 1451 872 ,
1476 845 1545 878 cum
1566 837 1702 866 omnibus
1722 837 1862 868 Membris
1877 839 1911 869 &
1933 838 2110 871 Pertinentiis
2122 843 2172 873 suis
2187 845 2344 884 praedictis,

1283 872 1386 911 absque
1406 871 1589 910 Impetitione
1610 874 1699 905 nostri
1714 899 1724 914 ,
1748 877 1793 908 vel
1811 875 1972 908 Haeredutn
1983 901 1993 916 ,
2011 879 2056 910 seu
2072 879 2274 913 Ministrorum
2288 893 2344 914 no-

1282 911 1405 942 strorum
1420 921 1679 951 quorumcumque.
2336 917 2343 920 ”

1319 949 1353 980 In
1367 951 1464 989 cujus,
1482 951 1542 981 &c.

1362 988 1452 1020 Teste
1466 989 1551 1029 Rege
1562 989 1636 1028 apud
1649 990 1935 1036 Westmonasterium
1950 994 2032 1025 tertio
2046 993 2091 1025 die
2105 995 2217 1034 Aprilis.

1784 1071 1838 1100 Per
1852 1071 1946 1099 Breve
1959 1071 1992 1100 de
2006 1072 2126 1102 Privato
2140 1071 2241 1109 Sigillo.

1376 1196 1435 1226 Pro
1454 1193 1612 1226 Cardinali
1625 1195 1804 1238 Perufinensi
1821 1195 2003 1229 Cancellario
2022 1197 2242 1243 Hercfordenst.

1281 1277 1419 1346 I<E8X⁸
1434 1278 1596 1327 Omnibus,
1614 1279 1650 1311 ad
1662 1290 1751 1319 quos,
1768 1280 1829 1311 &c.
1848 1279 1981 1312 Salutem.
2359 1294 2435 1325 Am,
2450 1295 2491 1327 D·

1394 1327 1470 1348 cratis
1482 1319 1561 1356 quod
1569 1341 1579 1356 ‚

1319 1351 1344 1383 P
1463 1355 1472 1364 Α
1586 1358 1591 1363 .
2203 1344 2221 1367 ·.
2290 1362 2296 1369 .
2313 1363 2319 1369 ,
2381 1335 2465 1372 1381.

1345 1364 1378 1385 ro
1399 1356 1477 1386 bona
1496 1355 1650 1388 affectione
1669 1366 1755 1395 quam
1774 1366 1837 1396 erga
1858 1356 2013 1390 Personam
2027 1382 2037 1398 ‚
2056 1358 2297 1393 Reverendrffimr
2311 1372 2340 1393 m
2360 1378 2413 1401 sm,
2429 1384 2458 1409 4·

1282 1390 1400 1423 Christo
1415 1393 1519 1434 Patris,
1540 1395 1696 1425 Cardinalis
1711 1395 1905 1436 Perrfinenfis,
2358 1416 2388 1438 R.
2409 1422 2435 1439 ,Η

1320 1430 1377 1461 Cui
1399 1431 1541 1463 Dominus
1563 1437 1685 1463 Summus
1702 1435 1831 1475 Pontifex
1844 1436 1880 1465 de
1893 1435 2065 1466 Cancellaria
2079 1436 2214 1469 Ecclefiae
2230 1439 2338 1470 Cathe-
2357 1450 2414 1477 Ibid

1281 1468 1361 1499 dralis
1375 1469 1607 1510 Herefordenfis,
1626 1483 1675 1510 per
1695 1472 1887 1504 Privationem
1905 1474 1976 1504 olim
1998 1475 2152 1505 Cardinalis
2167 1476 2340 1508 Glandacen-
2352 1497 2388 1517 m·
2405 1499 2435 1524 9

1275 1507 1331 1547 fis,
1349 1509 1397 1546 qui
1419 1508 1608 1542 Cancellarius
1627 1512 1749 1549 ejusdem
1770 1511 1904 1543 Eccleliae
1919 1512 2023 1551 fuerat,
2041 1515 2181 1554 providit,
2201 1525 2232 1547 ut
2246 1517 2338 1547 afferi-

1283 1555 1345 1584 tur,

1318 1585 1470 1625 Gerimus,
1488 1587 1522 1618 &
1538 1597 1591 1625 pro
1610 1587 1688 1618 bona
1707 1587 1860 1619 dilefflone
1877 1598 1963 1626 quam
1982 1588 2059 1619 idem
2073 1589 2227 1622 Cardinalis
2241 1592 2342 1624 Nobis

1285 1625 1319 1656 &
1341 1624 1451 1662 Regno
1473 1625 1571 1656 nostro
1590 1626 1723 1657 haetenus
1744 1627 1913 1659 monstravit
1930 1628 1963 1658 &
1981 1628 2070 1658 indies
2083 1629 2237 1669 monstrat,
2256 1641 2341 1672 prout

1281 1663 1364 1694 nobis
1379 1662 1420 1694 est
1432 1663 1629 1695 Testificatum
1639 1689 1648 1702 ,

1319 1701 1519 1732 Conceffimus
1530 1705 1564 1735 δε
1579 1703 1737 1734 Licentiam
1751 1702 1897 1741 dedimus,
1916 1712 2051 1742 quantum
2067 1706 2097 1735 in
2111 1707 2193 1736 nobis
2205 1707 2262 1745 est,
2277 1709 2337 1739 tam

1280 1740 1361 1771 dici-o
1385 1740 1526 1771 Cardinali
1540 1765 1550 1780 ,
1574 1741 1654 1780 quod
1675 1742 1747 1780 ipse,
1766 1753 1816 1781 per
1830 1742 2032 1774 Procuratores
2044 1743 2121 1782 suos,
2137 1743 2197 1779 ὠς.
2210 1754 2292 1784 prout
2308 1751 2338 1777 in

1280 1779 1409 1815 fimilibus
1421 1779 1453 1809 de
1466 1783 1592 1809 Licentia
1606 1783 1712 1810 Literis
1721 1803 1731 1819 ,

1314 1818 1347 1848 In
1362 1819 1459 1856 cujus,
1477 1819 1538 1849 δῖε.

1315 1855 1406 1887 Teste
1421 1855 1503 1896 Rege
1513 1856 1586 1895 apud
1592 1856 1902 1897 Westmonasterium,
1920 1857 2038 1889 decimo
2052 1859 2159 1891 octavo
2172 1859 2218 1892 die
2227 1861 2339 1900 Aprilis.

1784 1937 1837 1965 Per
1850 1937 1944 1965 Breve
1955 1936 1987 1965 de
2000 1938 2121 1967 Privato
2134 1937 2233 1975 Sigillo.

1299 2069 1358 2100 Pro
1376 2065 1539 2100 Cardinale
1554 2069 1734 2111 Ravmas,
1760 2077 1864 2100 contra
1883 2066 2080 2101 Cardinalem
2097 2066 2313 2115 Albanensem.

1278 2150 1410 2209 REX
1430 2152 1588 2191 Omnibus,
1604 2153 1638 2183 ad
1654 2163 1742 2191 quOS,
1761 2153 1821 2184 &c.
1840 2153 1973 2185 Salutem.

1376 2189 1591 2222 Confiderantes
1615 2192 1830 2231 Affefflonem,
1870 2202 1953 2230 uam,
1971 2192 2158 2224 Reverendus
2169 2194 2197 2223 in
2214 2193 2333 2227 Christo
2351 2183 2427 2214 Ann-
2442 2186 2485 2218 D·

1275 2227 1375 2273 Pater,
1394 2230 1549 2274 Cardinalis
1563 2231 1747 2272 Ravennenfis
1761 2240 1824 2271 erga
1836 2203 1905 2262 {ios
1919 2232 1952 2262 &
1966 2230 2103 2270 Regnum
2118 2232 2258 2276 ¹nostrum
2273 2235 2336 2265 An·
2374 2224 2459 2276 1381.

1272 2267 1337 2306 glrae
1358 2278 1431 2308 gerit
1479 2270 1512 2300 &
1534 2269 1615 2307 quod
1629 2269 1683 2307 ipse
1696 2279 1786 2308 nuper
1798 2269 1833 2300 de
1851 2270 1936 2301 Bonis
1950 2270 2017 2309 suis,
2032 2271 2193 2309 jocalibus,
2212 2273 2245 2302 ὃ(
2260 2273 2336 2312 aliis,
2351 2266 2401 2289 Aa.
2421 2273 2450 2299 4·

1274 2305 1359 2344 usque
1377 2306 1411 2336 ad
1434 2292 1569 2338 &alerem
1591 2308 1724 2347 Qatuor
1743 2308 1872 2339 Millium
1889 2309 2077 2352 Flore-norum
2092 2333 2101 2347 ,
2119 2310 2264 2339 cardinali
2276 2311 2335 2341 Al·
2346 2305 2424 2345 ¹³2²·

1273 2343 1384 2385 banenfi
1404 2355 1553 2385 antequam
1575 2347 1693 2385 praesens
1716 2346 1821 2377 Scisma
1836 2348 1866 2376 in
1878 2346 2002 2377 Ecclelia
2017 2349 2174 2387 oriebatur,
2193 2359 2226 2379 ex
2238 2350 2335 2380 confi⁴
2349 2340 2413 2368 ¹⁶³²-

1271 2383 1364 2414 dentia
1376 2384 1393 2414 s
1406 2386 1502 2453 egiali,
1518 2385 1663 2416 Avinione
1676 2385 1805 2424 tradidit,
1823 2385 1857 2416 ad
1871 2395 1942 2424 opus
1958 2386 2039 2424 ipsius
2055 2387 2211 2417 Cardinalis
2219 2390 2334 2419 Raven-

1272 2432 1323 2452 nas
1337 2433 1373 2453 cu
1386 2425 1418 2453 ’to
1439 2425 1526 2454 iendis

1312 2461 1463 2500 Quodque
1477 2447 1626 2501 praeilieius
1640 2462 1794 2493 Cardinalis
1807 2462 1988 2504 Albanenfis,
2005 2463 2195 2502 postmodum
2208 2469 2336 2504 Antipa-

1267 2508 1311 2538 pae
1332 2500 1474 2531 adhaerens
1488 2525 1498 2540 ,
1523 2501 1602 2532 Bona
1623 2502 1757 2539 praedidia
1777 2503 1869 2533 eidem
1893 2505 2044 2541 Antipapae
2066 2502 2192 2534 liberavit
2213 2505 2244 2534 in
2255 2505 2337 2542 iplius

1273 2539 1427 2569 Cardinalis
1447 2542 1596 2570 Ravennas
1610 2549 1695 2579 grave
1708 2540 1877 2579 Dampnum
1886 2564 1895 2579 ,
1914 2549 1944 2571 ut
1958 2541 2163 2580 concepimus,

1312 2577 1361 2608 De
1374 2577 1473 2609 Gratia
1486 2578 1582 2609 nostra
1606 2579 1714 2616 speciali
1730 2579 1932 2610 Conceffimus
1953 2579 2046 2610 eidem
2068 2580 2211 2610 cardinali
2222 2584 2335 2612 Raven-

1273 2626 1341 2654 nas,
1357 2625 1493 2654 quantum
1507 2618 1536 2647 in
1551 2617 1635 2647 nobis
1654 2617 1696 2648 est
1711 2641 1720 2656 ,
1737 2618 1817 2656 quod
1832 2618 1905 2656 ipse,
1922 2627 1956 2648 ex
1971 2619 2025 2648 hac
2038 2617 2144 2656 Causa,
2163 2619 2198 2649 de
2212 2620 2335 2650 Fructu-

1272 2654 1324 2684 bus
1348 2654 1556 2686 Beneficiorum
1579 2655 1647 2686 dieii
1664 2656 1818 2686 Cardinalis
1838 2656 2004 2695 Albanenfis
2019 2680 2029 2694 ,
2052 2659 2080 2687 in
2103 2656 2211 2695 Regno
2232 2659 2332 2689 nostro

1272 2692 1400 2732 Angliae,
1418 2693 1463 2724 seu
1479 2694 1515 2725 de
1527 2694 1671 2733 Pecuniis,
1689 2694 1726 2725 de
1738 2696 1842 2725 eisdem
1861 2696 1880 2714 ³¹⁵
1902 2695 2331 2734 Fruffibusfflrovenientibus,
2351 2711 2365 2725 e
2386 2712 2443 2739 VH

1271 2731 1390 2769 praefato
1405 2732 1547 2763 Cardinali
1558 2732 1712 2774 Albanenfi
1729 2734 1828 2764 debitis
1850 2734 1884 2764 &
1903 2734 2055 2772 debendis,
2073 2735 2102 2764 in
2123 2745 2331 2771 quorumcum-
2347 2748 2412 2784 285.
2447 2731 2456 2739 '

1271 2779 1328 2807 que
1346 2769 1481 2801 Manibus
1497 2772 1617 2809 fuerint,
1634 2772 1735 2803 habeat
1747 2774 1780 2804 δε
1793 2781 1940 2812 recuperet
1950 2773 2102 2803 Summam
2119 2773 2253 2811 Qatuor
2268 2773 2331 2804 Mi-

1271 2808 1341 2839 lium
1359 2809 1547 2840 Florenorum
1562 2809 1743 2841 antedietam.

1310 2846 1343 2877 In
1355 2848 1451 2886 cujus,
1472 2849 1533 2879 &c.

1340 2885 1430 2918 Teste
1443 2887 1526 2926 Rege
1537 2886 1610 2925 apud
1626 2886 1912 2918 Westmonasterium
1922 2909 1933 2925 ,
1947 2885 2084 2918 vicesimo
2097 2886 2143 2918 die
2158 2887 2271 2925 Aprilis.

1780 2965 1834 2994 Per
1845 2966 1938 2995 Breve
1952 2963 1984 2994 de
1997 2966 2116 2994 Privato
2129 2963 2228 3003 Sigillo.

1342 3088 1606 3135 Confoederationes
1639 3091 1797 3123 Renovate
1832 3092 1908 3122 inter
1936 3092 2047 3137 Regem
2071 3091 2202 3124 francie
2225 3095 2262 3130 &-

1619 3140 1828 3171 Procuratores
1845 3136 1980 3181 Castellae.

1269 3223 1409 3284 PEtrus
1422 3226 1493 3261 Lupi
1507 3222 1538 3252 de
1556 3221 1655 3262 Ayala
1670 3222 1756 3253 Miles
1777 3224 1811 3255 &
1824 3222 1988 3254 Vexillarius
2000 3223 2174 3254 Illustriffimi
2190 3223 2328 3262 Principis
2346 3236 2412 3267 Am,
2434 3236 2466 3267 D

1336 3265 1369 3294 &
1386 3262 1509 3292 Domini
1524 3262 1598 3297 mei,
1613 3260 1738 3291 Domini
1753 3262 1893 3300 Johannis
1908 3265 1986 3300 Regis
1999 3262 2120 3330 Cafellae
2134 3262 2171 3297 ὠ·
2186 3265 2327 3302 Legionis,
2370 3260 2456 3314 13ii1,
2468 3262 2475 3269 .

1268 3301 1426 3340 Praesesque
1446 3301 1506 3330 suus
1529 3300 1558 3329 in
1578 3298 1720 3336 Guipusta
1734 3323 1745 3339 ,
1769 3302 1803 3332 &
1822 3303 1980 3331 Fernandus
1999 3305 2034 3330 A
2037 3301 2111 3341 fonfi
2130 3302 2161 3330 de
2184 3301 2301 3337 Algana
2316 3325 2325 3342 ,
2340 3317 2391 3342 An·
2406 3325 2437 3350 4⁴

1268 3339 1460 3370 Decretorum
1476 3338 1610 3375 Doctor,
1629 3339 1662 3369 δε
1678 3338 1821 3378 Burgenfis
1835 3339 1969 3370 Eccleliae
1982 3339 2114 3370 Decanus
2127 3363 2135 3376 ,
2154 3339 2326 3370 Procurato-
2342 3357 2370 3379 R.
2392 3362 2419 3379 2,

1268 3389 1309 3408 res
1330 3379 1363 3409 &
1384 3377 1582 3409 procuratorio
1596 3375 1732 3407 Nomine
1745 3378 1815 3408 dieti
1829 3378 1952 3408 Domini
1966 3377 2053 3407 nostri
2069 3377 2175 3415 Regis,
2191 3377 2325 3409 habentes
2342 3389 2473 3428 Infr.l3ibl.

1267 3417 1301 3448 ad
1317 3417 1490 3454 infrascripta
1506 3415 1621 3454 speciale
1634 3415 1821 3453 Mandatum,
1840 3424 1925 3453 prout
1939 3415 2049 3446 constat
2070 3425 2118 3453 per
2133 3415 2242 3446 Literas
2255 3416 2324 3448 dieti
2341 3433 2398 3456 Cot.

1267 3455 1392 3486 Domini
1408 3454 1495 3485 nostri
1508 3454 1611 3493 Regis,
1626 3454 1706 3492 super
1720 3455 1778 3485 hoc
1791 3454 1952 3491 confeaas,
1971 3463 2090 3492 quarum
2106 3453 2208 3485 Tenor
2223 3454 2323 3486 scribi-
2341 3470 2393 3496 Tit.
2401 3470 2437 3495 Α,
2449 3475 2475 3504 3,

1267 3503 1313 3525 tur
1327 3495 1439 3524 inferius

1303 3533 1339 3563 N
1347 3543 1367 3563 o
1375 3542 1397 3562 T
1406 3541 1426 3562 υ
1436 3517 1462 3561 ix'i
1478 3540 1495 3560 F
1504 3540 1524 3560 A
1534 3540 1551 3560 c
1560 3539 1571 3560 1
1581 3538 1608 3561 M
1617 3540 1640 3561 υ
1650 3540 1662 3561 s
1680 3530 1812 3562 universis
1820 3553 1829 3569 ,
1848 3529 2029 3568 praesentibus
2045 3531 2078 3562 &
2094 3530 2205 3570 futuris,
2224 3532 2324 3571 quod,

1306 3570 1385 3602 Cum
1404 3570 1512 3600 dudum
1534 3571 1625 3607 inter,
1651 3569 1868 3599 Illustriffimum
1890 3569 2052 3607 Principem
2076 3570 2109 3600 &
2131 3570 2296 3600 Dominum
2311 3595 2323 3610 ,

1266 3609 1373 3641 Faelicis
1387 3608 1617 3645 Recordationis,
1635 3607 1801 3639 Dominum
1815 3610 1978 3645 Henricum,
1997 3608 2144 3645 quondam
2158 3611 2253 3645 Regem
2267 3613 2322 3639 Ca-

1746 3648 1780 3677 &
1796 3656 1849 3684 pro
1861 3646 1941 3676 dieto
1956 3648 2072 3675 Domino
2085 3649 2170 3684 Rege,
2188 3649 2237 3684 qui
2251 3656 2322 3680 tunc

1265 3696 1323 3718 erat
1339 3687 1398 3718 suus
1414 3686 1634 3725 Primogenitus,
1652 3695 1686 3715 ex
1700 3669 1783 3715 Parte
1797 3684 1852 3715 una
1862 3708 1871 3722 ,
1890 3684 1923 3715 &
1939 3684 2022 3714 clarae
2037 3686 2203 3723 memoriae,
2213 3685 2322 3717 Domi-

1265 3735 1337 3756 num
1357 3724 1490 3755 Karolum
1504 3748 1513 3761 ,
1539 3731 1607 3754 tunc
1618 3727 1716 3760 Regem
1729 3726 1866 3760 Franciae,
1886 3732 1938 3760 pro
1951 3723 1988 3753 Se
2001 3724 2034 3753 &
2047 3733 2117 3761 pro,
2136 3722 2322 3756 Illustriffimo

1265 3763 1418 3803 Principe,
1438 3763 1570 3793 Domino
1584 3762 1702 3800 Karolo,
1722 3772 1798 3792 nunc
1818 3765 1887 3799 Rege
1901 3765 2038 3799 Franciae,
2057 3762 2106 3791 suo
2123 3761 2322 3802 Primogenito

1264 3804 1299 3834 &
1313 3803 1453 3839 Haerede,
1471 3809 1505 3831 ex
1517 3801 1615 3839 altera,
1633 3809 1719 3831 certae
1734 3801 1815 3840 Ligae
1837 3802 1871 3832 &
1886 3799 2152 3844 Conloederationes
2175 3810 2326 3840 conceptae

1265 3843 1299 3873 δε
1317 3843 1418 3872 habitae
1441 3841 1543 3871 fuerint
1563 3839 1614 3870 sub
1629 3841 1710 3870 certis
1725 3839 1964 3875 conditionibus,
1984 3837 2222 3876 Exceptionibus,
2240 3850 2325 3878 atque

1264 3881 1374 3919 modis,
1394 3888 1477 3918 prout
1491 3880 1520 3908 in
1534 3877 1651 3917 Literis,
1668 3879 1750 3916 super
1763 3878 1821 3909 hoc
1835 3887 1870 3907 ex
1884 3886 2000 3914 utraque
2014 3875 2097 3907 Parte
2111 3877 2267 3917 consectis,
2286 3880 2324 3909 la-

1276 3920 1318 3950 nis
1350 3920 1494 3950 ontinetur

1263 3928 1274 3951 t
1301 3930 1370 3989 Ncos
1386 3958 1484 3996 Ligas,
1500 3940 1784 3993 bonfoederanones,
1802 3955 1835 3985 &
1850 3954 1994 3984 Amicitias
2007 3952 2167 3995 praedic'tas,
2185 3954 2235 3985 sub
2250 3954 2329 3986 Mon

1263 3997 1305 4028 dis
1321 4022 1330 4034 ,
1356 3995 1578 4026 Conditionibus
1593 4017 1603 4032 ,
1629 3995 1662 4025 ὃς
1678 3993 1900 4031 Exceptionibus
1915 3993 2056 4023 contentis
2070 3994 2099 4023 in
2115 3993 2232 4031 Literis,
2249 4003 2322 4024 con-

1264 4036 1345 4069 fedus
1360 4037 1437 4073 {uper
1451 4034 1526 4072 hoc,
1544 4041 1702 4071 caeteraque
1714 4031 1843 4065 universa
1863 4032 1897 4063 ὅ(
1912 4030 2038 4070 singula,
2055 4032 2085 4062 in
2099 4032 2204 4063 eisdem
2220 4032 2320 4098 Liggrrils
