2561 4251
758 154 1552 202 CONVENTIONES,
1598 152 1988 201 LITERAE,

98 523 188 547 franc.

84 1295 162 1326 Arin.
176 1296 216 1327 D.

114 1345 197 1373 1397-

81 1377 136 1401 Aa.
157 1385 201 1403 20.

82 1416 104 1440 R
136 1422 160 1442 2.

82 1456 123 1477 Ex
133 1455 189 1479 Au—

79 1497 146 1527 mgr.

75 3308 91 3324 ⁸
107 3309 174 3337 v11.

74 3345 139 3382 855.

257 180 273 207 1
286 180 303 206 2
314 167 335 205 8

105 248 181 306 Arrii.
193 248 233 278 D.
247 289 255 292 K
1354 248 1402 307 iffi
1409 238 1526 308 {3133
1527 258 1537 308 ῗ
1539 240 1687 309 uisu-miens
1699 248 1749 278 per
1763 238 1834 270 Nos
1848 238 1926 277 super
1939 239 1998 270 hoc
2017 238 2101 272 fuerit
2122 240 2252 280 legitime
2272 241 2420 281 requisitus
2435 239 2561 319 Ati-{ubst

103 297 212 354 RK?-
536 328 563 354 :ig
589 330 636 362 De
658 331 824 374 Peregrini-5
841 324 1044 360 traducendi„
1391 315 1442 349 Ac,
1460 318 1546 347 etiam
1567 301 1728 355 piomiserit
1739 314 1869 360 se,·post
1883 315 2097 360 requisitionem
2111 313 2287 357 hujusmodi,
2303 319 2415 350 diffida-
2427 322 2480 348 Ric.
2491 290 2540 348 ξ..

106 369 118 378 .
142 370 153 389 χ
173 367 208 393 11.
1351 362 1448 397 turum
1463 355 1580 385 eosdem
1593 355 1705 399 nostros
1717 353 1912 392 mutatores,
1927 361 1965 397 eis
1978 353 2070 392 palam
2083 355 2116 385 &
2129 357 2243 393 publice
2254 358 2413 389 intimando

255 416 373 474 Ra<
389 415 548 462 ,omnnia
566 413 601 444 ad
720 412 782 443 εκ.
800 410 935 443 sautem-
1347 392 2050 470 iiiiifflitflgusisiiffieis„sisaim2
2063 402 2165 424 20‘010
2179 396 2252 428 ΜΞ
2264 398 2299 428 ⁶³⁶
2313 396 2412 436 ineufi

100 485 129 506 R·
154 490 178 506 2·
286 453 540 524 coiiscssffiiiiiii¹32³
550 477 711 521 'neemiam
728 487 888 525 Dedimus,
905 486 1024 519 Diieeo
1045 487 1080 518 ὃς
1102 484 1194 516 Fideii
1215 482 1316 514 nosti-0
1347 468 2296 546 mgffi'ffiqffiuffiffiissuffiopmfirnffiutfflffiarggssffis'cggteigcaffis
2305 474 2411 544 {2⁰33

166 563 170 571 ‚
250 533 370 571 Philippo
394 532 425 560 de
445 535 594 567 Courteuay
617 527 768 565 Cbivaler,
786 526 868 565 quod
884 527 956 564 ipse,
975 526 1085 564 Qiater
1101 524 1208 564 Viginti
1228 522 1315 552 Pere-

97 562 181 633 ἕξ
203 567 231 583 ²·
249 573 365 610 grinos,
381 572 410 600 in
425 569 544 608 quadam
558 568 659 606 Birgea
673 567 736 604 iiia,
755 575 856 596 vocata
871 565 896 595 la
912 565 1008 603 james
1028 564 1064 593 de
1084 560 1250 601 Eymouth,
1271 571 1314 591 re-

251 610 363 648 cinei-e,
384 609 417 640 &
437 618 503 644 em,
526 606 617 636 versus
640 605 777 635 Sanctum
792 603 937 642 Jacobum
960 602 1100 639 Galiciae,
1126 601 1161 631 ad
1181 608 1248 630 vota
1267 598 1312 629 sua

247 642 354 678 ibidem
377 644 560 685 perficienda,
585 646 705 681 ducere,
725 644 758 673 ὃ(
780 651 828 672 eos
849 641 951 672 abinde
970 642 998 671 iri
1021 639 1157 684 Regnum
1178 637 1310 682 nostrum

247 686 359 724 Anglii:
382 696 428 714 ner
450 684 610 722 Deputatos
631 682 693 713 suos
713 682 847 711 reducere
869 679 961 710 facere
982 678 1067 719 possit
1078 680 1155 709 licite
1169 678 1202 708 &
1216 686 1311 715 impu-

244 726 302 763 ne,
319 725 455 761 aliquibus
477 722 726 758 ordinationibus,
744 721 772 749 in
792 721 964 750 contrarium
986 718 1082 756 faciis,
1107 726 1166 747 non
1187 715 1313 746 Obstan-

245 764 463 831 anii'mramen
479 799 626 836 Peregrini
642 797 696 835 illi,
713 795 750 826 de
769 795 906 826 Amicitia
921 796 955 826 &
969 794 1139 826 Obedientia
1157 793 1259 824 nostris
1277 803 1311 824 ac

243 838 354 870 Gentes
373 840 469 870 Laicae
488 838 621 874 existam,
640 836 673 867 &
691 835 771 873 quod
793 835 906 865 Aurum
925 834 970 864 vel
990 835 1148 872 Argentum
1166 833 1195 862 in
1214 832 1309 863 Massa

242 879 289 908 vel
306 878 446 915 Moneta,
463 878 561 907 colore
580 875 718 912 praeientis
738 873 876 903 Licentiae
892 872 1018 909 nostrae,
1036 880 1135 902 contra
1154 869 1253 902 statuta
1273 871 1308 902 &

244 916 446 948 Ordinationes
460 916 530 946 dicii
543 914 639 954 Regni
653 911 757 951 nostri,
775 911 870 943 secum
884 921 945 942 non
966 911 1093 941 deferant
1115 910 1217 949 quovis
1240 919 1308 941 mo-

240 954 290 986 do.

277 993 312 1025 In
329 995 405 1032 cujus
413 1019 422 1032 ,
441 993 502 1024 &c.

317 1070 408 1103 Teste
420 1069 504 1109 Rege
518 1067 592 1107 apud
607 1065 882 1108 llfestinonasteriurn,
896 1066 952 1097 xiv.
968 1065 1015 1096 die
1034 1064 1144 1103 Aprilis.

258 1201 365 1233 Litera
383 1201 551 1245 Homagii‚
576 1198 702 1231 Domini
723 1198 848 1242 Ruperti
863 1198 991 1230 Senioris
1010 1196 1105 1228 Ducis
1130 1197 1278 1228 Bavariae.

269 1284 302 1315 N
320 1285 504 1315 Noutria
526 1283 697 1314 Domni
714 1305 724 1320 ,
752 1280 884 1312 AMEN.

304 1323 358 1354 Per
371 1324 429 1354 hoc
446 1322 562 1360 praesens
576 1321 729 1352 Publicum
745 1319 991 1358 Instrumentum‚
1010 1319 1131 1351 Cunctis
1146 1319 1236 1358 ipsum
1261 1320 1305 1350 in-

237 1364 392 1400 tuentibus,
410 1370 498 1400 pateat
512 1360 658 1391 evidenter
668 1384 677 1397 ,

274 1401 387 1439 Qiod,
406 1401 456 1431 sub
477 1401 564 1431 Anno
586 1400 622 1429 ab
640 1398 837 1429 Incarnatione
857 1396 1000 1434 Domini,
1026 1396 1200 1436 Millefimo,
1225 1397 1303 1427 Tre-

235 1440 409 1477 centelimo,
436 1437 638 1475 Nonagefimo
657 1437 804 1474 Septimo,
822 1436 984 1467 Indic‘iione
1006 1436 1115 1473 Quinta
1150 1435 1306 1467 Pontifica-

233 1477 279 1509 tsis
301 1477 471 1509 Sanc'tiffimi
493 1479 522 1506 in
545 1475 666 1506 Christo
687 1476 775 1506 Patris
791 1477 824 1506 &
841 1475 966 1505 Domini
980 1475 1085 1513 nostri,
1105 1459 1230 1506 Domini
1244 1477 1301 1504 Bo-

234 1516 342 1556 nifacii,
359 1517 454 1546 divina
475 1515 675 1551 Providentia,
693 1516 774 1552 Papae
793 1516 887 1551 Noni,
907 1515 994 1542 Anno
1018 1513 1151 1551 Odiavo,
1170 1513 1229 1543 Die
1253 1523 1303 1550 pe-

234 1555 356 1586 nultima
372 1554 483 1586 Mensis
498 1553 588 1591 Maii,
605 1553 675 1583 hora
688 1554 866 1591 vesperarum
881 1551 927 1582 vel
942 1551 1034 1590 quasi,
1050 1550 1223 1589 Constituti,
1238 1561 1302 1589 per—

233 1594 380 1632 sonaliter,
398 1595 426 1623 in
441 1592 545 1624 Castro
559 1592 767 1629 Oppenhoun,
785 1589 1301 1628 Axgunc.Dioecese,coramIllustre

232 1631 384 1671 Principe,
403 1635 518 1661 Domino
541 1633 658 1669 Ruperto
679 1633 801 1666 Seniore,
821 1628 942 1660 Comite
961 1629 1088 1659 Palatino
1110 1629 1203 1666 Reni,
1222 1629 1299 1659 Sacri

232 1671 362 1701 Romani
379 1671 492 1708 imperii
501 1669 693 1706 Electore,&
710 1667 830 1697 Bavariae
846 1668 948 1704 Duce,
968 1677 1016 1697 me
1032 1667 1158 1697 Notario
1172 1666 1298 1698 Publico

231 1708 412 1747 Infrascripro
426 1709 530 1738 ibidem
544 1707 694 1744 praesente,
714 1705 830 1743 desuper
847 1706 992 1743 requisito,
1013 1707 1046 1737 &
1060 1706 1195 1736 Testibus
1213 1706 1300 1736 infra-

231 1748 355 1785 scriptis,
375 1747 502 1777 strenuus
518 1746 621 1781 Miles,
640 1744 790 1775 Nicholaur
806 1745 950 1784 Rybenuzo
965 1743 1116 1782 Cbivaler,
1133 1745 1166 1776 δε
1185 1743 1300 1782 Johan—

228 1797 274 1816 nes
292 1789 418 1823 Parum,
438 1785 641 1815 Procuratores
657 1784 691 1814 &
705 1782 831 1821 Sindici,
849 1783 1017 1813 Serenisiinii
1030 1783 1170 1821 Principis
1181 1784 1214 1814 δε
1232 1783 1298 1814 Do-

229 1826 318 1862 mini,
338 1824 461 1854 Domini
476 1822 607 1853 Richardi
620 1824 698 1859 Regis
714 1821 828 1860 Angliae
842 1820 880 1856 όν
894 1824 1036 1859 Franciae,
1054 1822 1087 1852 &
1104 1821 1226 1852 Domini
1241 1822 1297 1852 Hi-

228 1863 353 1901 berniae,
373 1872 457 1900 prout
469 1862 506 1893 de
522 1861 661 1892 Mandato
676 1860 888 1891 Procurationis
904 1860 1074 1890 eorumdem
1089 1861 1122 1890 ad
1138 1860 1297 1899 infrascrip-

226 1909 253 1931 ta
263 1925 271 1940 ,
290 1911 339 1939 per
356 1901 485 1932 Patentes
501 1900 608 1931 Literas
622 1899 692 1929 dieti
708 1898 832 1929 Domini
848 1899 986 1929 Richardi
1002 1899 1109 1937 Regis,
1125 1899 1209 1937 plene
1224 1910 1296 1930 cori-

226 1939 314 1971 stabat
328 1950 412 1978 atque
426 1939 552 1976 constat,
572 1938 713 1977 quandam
727 1938 852 1968 Literani
867 1937 988 1973 eiusdem
1014 1937 1139 1968 Domini
1159 1937 1296 1969 Richardi

224 1979 332 2019 Regis,
351 1979 450 2018 Sigillo
466 1977 618 2013 iN'Iai'estatis
631 1976 686 2006 suae
713 1976 856 2014 sigillatam
875 1977 909 2007 &
931 1977 1112 2015 roboratam,
1131 1978 1160 2006 in
1182 1976 1233 2007 suis
1255 1987 1297 2008 te-

224 2027 323 2048 nentes
336 2018 482 2054 manibus,
499 2016 580 2047 dieto
593 2015 692 2046 lllustri
707 2014 850 2053 Principi,
869 2015 1004 2045 Domino
1019 2015 1152 2053 Ruperto
1167 2015 1294 2054 Seniori,

225 2055 307 2086 Duci
329 2057 365 2086 de
390 2056 501 2086 Bavaria
514 2079 524 2093 ,
554 2054 788 2092 praesentaverunt
803 2078 812 2092 ,
837 2054 871 2088 δί,
894 2053 928 2083 ad
950 2063 1049 2084 manus
1070 2054 1104 2085 &
1126 2054 1292 2091 potestatem

225 2095 347 2132 ejusdem
363 2094 583 2133 assignaverunt,
596 2092 791 2123 Desiderantes
807 2092 839 2123 &
857 2091 1043 2130 Requirentes
1057 2092 1206 2131 Qatenus
1222 2103 1296 2131 prae-

224 2133 296 2164 fatus
318 2133 429 2164 illustris
452 2132 585 2170 Princeps
601 2155 611 2171 ,
634 2131 783 2162 Dominus
804 2130 949 2171 Rupertus
971 2131 1040 2161 Dux
1061 2130 1164 2162 Senior
1180 2155 1190 2170 ,
1215 2133 1295 2170 ipsis,

225 2173 347 2202 nomine
369 2171 591 2202 Procuratorum
613 2169 682 2200 dic'ti
706 2169 830 2200 Domini
848 2169 984 2200 Richardi
997 2170 1293 2208 RegisJuramentum

223 2211 371 2248 corporale
392 2210 471 2248 super
495 2209 661 2246 HoinagiO,
682 2209 711 2238 in
734 2208 810 2238 diua
831 2210 903 2248 regia
921 2209 1014 2246 litera,
1041 2209 1137 2246 tacto,
1163 2209 1293 2247 praestare

222 2249 398 2287 dignaretur,
417 2248 572 2279 secundum
586 2248 738 2278 Tenorem
754 2247 786 2278 δε
800 2248 924 2277 formam
939 2247 1043 2278 Literae
1061 2247 1201 2287 ejusdem,

264 2288 326 2325 Qui
341 2288 455 2325 quidem
471 2286 585 2317 Illustris
601 2286 738 2322 Princeps
753 2286 787 2316 δε
815 2285 980 2324 Dominus,
1000 2286 1094 2316 Litera
1116 2287 1293 2326 hujusmodi,

221 2325 258 2356 de
273 2328 403 2357 manibus
417 2325 523 2363 praefati
539 2325 665 2355 Domini
678 2324 713 2354 N
716 2323 817 2355 icholai
835 2325 977 2364 Rybenuz
995 2324 1097 2355 Militis
1118 2324 1292 2356 Procurato-

221 2365 257 2394 ris
277 2366 311 2396 ὅ(
330 2364 457 2402 Sindici,
477 2374 546 2395 curn
569 2364 723 2393 reverentia
743 2372 796 2400 qua
821 2362 915 2393 decuit
935 2363 969 2393 ad
984 2363 1009 2392 se
1023 2372 1152 2401 recepta,
1169 2374 1238 2394 mox
1262 2366 1291 2394 iri

221 2404 364 2440 praesentia
377 2405 409 2434 ἃ
424 2403 563 2433 audientia
577 2402 628 2432 suis
641 2402 695 2439 legi
711 2402 865 2439 praecepit,
884 2403 917 2432 δε
934 2401 1053 2432 Tenore
1067 2402 1190 2439 ejusdem
1210 2403 1292 2433 intel-

222 2441 315 2480 lecio,
338 2441 429 2472 statim
443 2441 518 2472 idern
535 2440 644 2471 illustris
660 2440 812 2477 Princeps,
831 2440 975 2470 Dominus
992 2439 1039 2470 Ru
1062 2449 1135 2471 ertus
1150 2440 1220 2471 Dux
1240 2442 1291 2472 Se-

222 2481 305 2517 nior,
325 2480 428 2510 Manus
451 2480 506 2510 suas
527 2482 598 2509 inter
623 2478 728 2509 Manus
745 2477 868 2508 Domini
886 2479 1025 2509 Nicholai
1070 2480 1200 2518 ybenuz,
1220 2480 1293 2511 Pro-

223 2519 358 2548 curatoris
378 2519 410 2549 δε
432 2518 540 2548 Sindici
560 2516 705 2555 praediCti,
735 2516 917 2556 interposuit,
944 2528 1010 2555 quas
1034 2518 1108 2548 idem
1133 2518 1292 2550 Nicholaus

222 2558 295 2587 inter
307 2557 363 2587 suas
377 2558 488 2594 ambas,
506 2559 534 2586 in
549 2556 640 2586 forma
656 2557 685 2585 in
701 2555 798 2586 talibus
813 2555 921 2592 usitata,
940 2557 1046 2594 recepit
1061 2558 1093 2587 δε
1110 2558 1238 2596 tenebat,

263 2594 300 2624 Et
315 2604 382 2625 tunc
397 2595 472 2624 idem
487 2594 634 2625 Dominus
648 2593 790 2632 Rupertus
814 2594 881 2623 Dux
895 2594 1011 2631 Senior,
1031 2597 1059 2624 in
1080 2596 1224 2632 priesentia
1247 2596 1291 2626 di-

222 2631 263 2662 &i
280 2633 401 2663 Domini
418 2633 571 2670 Nicholai,
588 2642 620 2662 ac
637 2633 693 2661 mei
709 2632 824 2662 Notarii
850 2632 962 2663 Publici
987 2633 1139 2671 Subscripti
1150 2657 1159 2672 ,
1177 2637 1210 2666 δε
1230 2636 1291 2664 Te-

223 2671 308 2701 stium
323 2672 580 2708 infrascriptorum,
597 2670 703 2708 praefati
718 2669 841 2699 Domini
856 2671 942 2700 nostri
961 2672 1047 2709 Regis
1071 2672 1182 2710 Angliae
1204 2673 1290 2704 deve-

221 2711 264 2741 nit
279 2709 430 2748 Vassallus,
450 2712 483 2741 δε
500 2709 607 2740 Homo
622 2708 727 2746 ligeris,
747 2709 886 2750 &eidem
911 2709 1047 2739 Domino
1070 2711 1168 2741 nostro
1191 2711 1289 2751 Regi,

222 2749 252 2778 iri
266 2749 417 2779 Personam
431 2749 499 2779 dieti
516 2748 638 2778 Domini
653 2746 791 2777 Nicbolai
807 2746 997 2777 Procuratoris
1014 2748 1052 2778 sui
1062 2771 1070 2783 ,
1085 2750 1117 2780 &
1134 2749 1212 2780 dicio
1222 2750 1289 2781 Do-

222 2788 304 2817 mino
327 2787 476 2818 Nicliolao
492 2787 520 2816 in
537 2786 687 2816 Personam
704 2785 810 2822 praefati
826 2784 949 2815 Domini
964 2785 1050 2815 nostri
1065 2786 1151 2825 Regis
1175 2788 1290 2819 Homa-

243 2827 301 2856 ium
323 2826 426 2863 ligium
446 2826 530 2864 fecit,
555 2835 639 2862 atque
660 2824 760 2854 Fidem
781 2824 814 2854 δε
836 2823 1012 2854 Fidelitatem
1035 2825 1127 2855 eidem
1152 2826 1287 2858 Domino

220 2834 298 2903 {egi
317 2864 436 2894 durante
459 2873 518 2894 tora
538 2865 594 2894 vita
617 2863 660 2893 sua
679 2862 814 2899 servabit,
832 2863 865 2893 ὃς
886 2862 986 2900 faciet,
1003 2873 1036 2893 ac
1053 2862 1146 2893 facere
1164 2865 1210 2895 sua
1233 2866 1287 2896 fide

222 2903 366 2940 promisit,
388 2902 464 2933 sicud
485 2901 619 2932 Vassallus
641 2900 817 2938 Infeodatus,
835 2901 911 2931 bonai
932 2900 1004 2939 fide,
1023 2900 1156 2932 Domino
1179 2903 1228 2933 suo
1250 2904 1290 2934 fa-

224 2950 290 2970 cere
311 2949 444 2978 tenetur,
467 2940 621 2971 secundum
642 2939 812 2976 Tenorem,
837 2939 1086 2976 complementum
1109 2941 1142 2971 ὃ(
1165 2941 1288 2972 formam

224 2978 404 3016 Literarum,
422 2981 482 3009 tam
496 2979 604 3016 praefati
626 2976 752 3008 Domini
772 2976 891 3008 Ricardi
914 2978 1017 3017 Regis,
1036 2980 1122 3017 quarn
1142 2981 1226 3010 etiam
1247 2982 1290 3018 ip—

223 3017 276 3047 sius
293 3016 414 3048 Domini
430 3017 551 3055 Ruperti
568 3016 660 3047 Ducis
681 3016 822 3053 senioris,
840 3016 892 3046 sibi
907 3017 1031 3047 invicem
1045 3018 1123 3055 stiper
1144 3018 1286 3056 hujusmo-

224 3056 255 3086 di
270 3055 420 3095 Homagio
432 3064 495 3086 ante
508 3058 610 3086 mutuo
627 3054 806 3092 traditarum,
824 3055 857 3085 ὃς
878 3054 912 3085 ad
933 3055 991 3086 hoc
1013 3056 1199 3093 corporaliter
1217 3058 1290 3095 jura·

224 3096 286 3132 vir,
303 3094 372 3124 Sic
396 3094 509 3124 Deus
530 3101 662 3124 IPSUM
684 3101 870 3133 ADJUVET
896 3102 946 3124 ET
967 3102 1105 3125 ommes
1125 3094 1287 3127 SANCT1

226 3142 244 3163 E
273 3141 337 3170 us;

251 3141 299 3202 JEt
320 3171 484 3201 immediate
506 3170 601 3209 postea
621 3169 750 3208 praefatus
772 3168 919 3201 Dominus
940 3170 1010 3201 Dux
1041 3171 1122 3202 dicito
1151 3170 1287 3204 Domino

223 3209 375 3241 Nicholao
388 3210 516 3241 osculum
530 3209 608 3240 dedit
616 3218 694 3248 JuXta
710 3219 825 3240 morem
839 3208 940 3240 Patriae
955 3211 983 3240 iri
996 3209 1096 3240 talibus
1110 3209 1249 3241 usitatum.

224 3288 252 3315 *ἓ
276 3292 372 3323 Tenor
393 3299 498 3322 autem
524 3289 649 3335 praefhtae
681 3290 775 3334 Regiae
804 3291 945 3330 Litterae,
980 3289 1033 3335 ipsi
1055 3291 1183 3323 Domino
1211 3291 1285 3323 Ru-

268 3349 360 3385 perto
385 3341 470 3371 Duci
495 3340 631 3380 Seniori,
652 3347 707 3382 per
730 3337 866 3382 praefasos
882 3340 1091 3370 Proca-rasores
1116 3341 1152 3374 ὠ·
1181 3338 1284 3370 Sindi·

272 3399 318 3420 cos
337 3387 534 3434 praeftntatae,
558 3387 594 3420 de
611 3382 703 3420 verbo
722 3384 765 3417 ad
780 3383 907 3418 verbum
924 3385 1083 3431 sequitur,
1107 3389 1143 3423 (ᾗ
1170 3384 1208 3429 est
1234 3397 1282 3419 ta-

274 3436 311 3468 lis
324 3461 334 3477 ,

223 3520 428 3578 RIchardus,
447 3519 507 3550 Dei
527 3519 629 3559 grati-Ti,
646 3523 707 3550 Rex
728 3518 842 3561 Angliaej
863 3516 902 3553 (ἐν
927 3521 1066 3557 Franciae,
1085 3521 1118 3551 δε
1134 3519 1280 3551 Dominus

299 3559 463 3597 Hiberniae‚
482 3558 603 3589 Dilecffis
617 3560 651 3590 δί
667 3558 807 3589 Fidelibus
822 3558 889 3595 iuis,
908 3558 1039 3587 Nicholao
1052 3559 1182 3588 Rubenuz
1209 3558 1282 3589 Chi-

223 3597 314 3666 valSer,
331 3600 364 3630 ὃ(
375 3597 505 3665 Johgnni
517 3599 646 3636 Parant,
665 3596 805 3628 Servienti
819 3597 868 3626 suo
884 3596 917 3626 ad
932 3597 1040 3635 Arma,
1057 3597 1188 3627 Salutem.

283 3645 357 3666 cratis
392 3646 431 3666 uo

261 3646 514 3713 Cum,qRupe‡tm
533 3676 624 3703 Senior
645 3672 754 3704 Comes
775 3671 913 3703 Palatinus
933 3672 1027 3709 Reni,
1052 3672 1131 3703 Sacri
1152 3672 1281 3705 Romani

223 3709 340 3749 Imperii
356 3712 489 3748 Electior,
508 3722 541 3742 ac
563 3712 771 3749 Archidapifer,
795 3711 828 3741 ὃ(
851 3710 971 3741 Bavariae
995 3712 1081 3748 Dux,
1105 3710 1280 3750 Consangui-

225 3759 292 3780 neus
312 3750 407 3780 noster
429 3749 582 3781 carissimus
597 3773 606 3788 ,
629 3750 773 3780 devenerit
794 3748 945 3779 efficaciter
965 3749 1141 3787 Homagialis
1163 3751 1278 3789 noster,

224 3797 277 3825 pro
296 3790 418 3819 termino
438 3788 464 3819 V
468 3789 515 3819 itae
533 3788 603 3823 suae,
621 3798 654 3818 ac
678 3787 755 3818 bona
774 3786 828 3817 fide
848 3788 931 3817 nobis
952 3788 1125 3825 promiserit,
1144 3790 1276 3826 quamdiu

227 3826 327 3856 vixerit
342 3849 351 3864 ,
375 3828 509 3856 sinceram
530 3825 689 3856 fidelitatem
703 3849 713 3864 ,
737 3827 849 3856 bonum
869 3825 998 3855 nostrum
1019 3835 1155 3864 quantum
1176 3830 1278 3864 poterit

225 3871 393 3904 procurare,
410 3865 443 3894 &
464 3865 500 3894 de
520 3864 620 3894 nostro
640 3864 740 3902 Malo,
759 3864 873 3901 quando
891 3866 916 3893 ei
940 3864 1006 3893 inde
1027 3864 1198 3902 constiterit,
1216 3868 1277 3896 avi—

223 3903 309 3930 sando
323 3911 354 3931 ac
367 3903 482 3932 fideliter
497 3903 728 3940 praemuniendo,
747 3902 823 3932 sicud
839 3902 1014 3940 Homagialis
1027 3902 1115 3932 fidelis
1137 3902 1187 3933 suo
1210 3902 1274 3934 Do-

225 3939 309 3968 mino
322 3946 357 3981 de
371 3938 519 3970 Praemissis
532 3941 623 3971 inlitus
636 3940 676 3970 est
689 3941 781 3971 facere
795 3942 827 3970 δε
842 3940 975 3978 obligari3

262 3975 420 4006 Promiserit
433 3981 515 4009 etiam
531 3979 572 4015 se,
593 3989 692 4009 contra
706 3978 793 4016 Nos,
813 3978 946 4008 Domum
967 3979 1109 4017 nostram,
1127 3987 1174 4008 aut
1195 3979 1274 4017 Reg-

221 4024 291 4045 num
315 4013 459 4057 nostrum‚
477 4026 619 4054 nunquam
641 4017 798 4053 faeturum,
817 4018 850 4048 ὃς
871 4017 978 4054 insuper
991 4017 1151 4047 adunaverit
1165 4017 1191 4047 se
1206 4017 1274 4047 ‘sio-

222 4054 265 4084 bis
276 4052 392 4084 fideliter
406 4053 507 4091 astare,
524 4055 557 4085 &
572 4055 628 4085 effe
643 4055 801 4093 adjutorem
816 4063 914 4086 contra
928 4056 961 4087 &
983 4055 1109 4087 adversus
1126 4055 1273 4093 lnjuriato-

1307 3901 1461 3940 Dominis,

1306 3940 1438 3984 Nichclao
1460 3939 1546 3969 Probo
1566 3938 1660 3970 Sacrae
1679 3938 1813 3970 Theolo-
1853 3938 1917 3974 Ac,

1343 545 1561 577 desiderabimus
1575 571 1585 585 ,
1615 556 1649 577 ac
1668 546 1862 577 Concordato
1875 568 1886 584 ,
1914 547 1986 577 inter
2006 546 2097 584 ipsum
2118 546 2236 579 Ducem
2257 550 2291 580 &
2310 551 2406 582 dictos

1344 583 1380 614 N
1383 586 1481 616 uncios
1494 585 1621 623 nostros,
1638 593 1775 623 quantum
1789 594 1844 622 pro
1857 584 1972 622 singulis
1986 584 2108 616 Lanceis
2123 585 2289 617 Hominum
2304 589 2408 621 Arma—

1342 631 1461 661 torum,
1477 632 1615 662 quantum
1635 633 1689 661 pro
1711 622 1869 660 Militibus,
1888 633 2025 661 quantum
2069 633 2102 654 ro
2122 623 2298 664 Batonibus,
2315 637 2404 666 quan-

1341 669 1405 691 tum
1428 672 1482 700 pro
1502 661 1686 699 Comitibus,
1704 669 1841 700 quantum
1861 671 1915 701 pro
1935 661 2022 691 Duce
2060 662 2105 692 elli
2119 663 2336 703 rationabiliter,
2352 676 2407 704 pro

1341 700 1438 730 mense
1450 700 1596 740 assignari,
1611 702 1645 732 &
1661 700 1811 738 quomodo
1823 699 1874 730 illis
1889 699 1925 730 de
1943 699 2024 730 dieto
2045 700 2192 738 Stipendio
2212 702 2333 734 satisfieri
2355 704 2407 737 de-

1340 738 1422 777 beat,
1439 748 1564 770 teneatur
1584 740 1666 770 nobis
1683 738 1800 769 fideliter
1821 738 1988 776 providere,
2007 737 2043 768 d'e
2066 739 2129 776 ipsis
2151 740 2329 772 Hominibus
2348 742 2406 773 Ar-

1340 779 1439 816 matis,
1458 777 1639 816 Comitibus,
1659 776 1832 815 Baronibus,
1850 775 2009 814 Militibus,
2029 777 2062 808 &
2076 776 2250 819 Clientibus,
2269 780 2357 820 usque
2369 782 2406 814 ad

1339 817 1501 846 exaCtarum
1518 818 1551 848 ὃς
1565 817 1713 854 petitarum
1727 815 1896 846 Numerum
1912 815 2109 854 Lancearum;

1378 854 1509 886 Voluerit
1521 855 1630 893 insuper
1644 854 1721 885 idem
1736 854 1806 884 Dux
1821 855 1855 885 &
1868 854 2058 891 concesserit,
2077 854 2156 892 quod
2169 855 2225 893 ipse
2259 859 2404 890 universos

1338 893 1373 924 &
1394 893 1517 933 singulos
1537 893 1673 924 Subditos
1694 892 1821 930 nostros,
1837 892 1961 922 Nobiles
1980 894 2013 924 &
2038 892 2199 932 ignobiles,
2219 878 2347 927 elericos
2367 899 2402 929 &

1338 931 1458 970 Laicos,
1474 933 1507 963 &
1521 933 1589 962 alios
1624 931 1798 969 uoscumque
1811 930 1917 961 nostrae
1934 931 2038 962 ditioni
2056 931 2223 971 Subjeeios‚
2241 935 2402 972 cujuscum-

1338 980 1395 1007 que
1417 971 1586 1009 Dignitatis,
1609 969 1722 1008 Statim,
1747 969 1882 1008 Gradus,
1904 969 1949 1001 seu
1971 970 2143 1001 conditionis
2163 973 2302 1003 exriterint
2315 995 2326 1011 ,
2351 984 2402 1011 per

1337 1008 1441 1039 Terras
1456 1011 1489 1040 δε
1506 1009 1648 1040 Dominia
1661 1008 1741 1047 ipsius
1754 1008 1848 1038 Ducis
1862 1008 2047 1047 transeuntffl,
2065 1009 2111 1040 vel
2126 1019 2237 1040 moram
2251 1011 2403 1052 facientes,

1335 1045 1453 1078 fideliter
1468 1047 1619 1086 defendet,
1636 1048 1670 1078 &
1687 1047 1794 1078 salvum
1808 1045 1999 1077 Conducmm
2019 1049 2074 1085 εἰς,
2091 1049 2222 1086 quotiens
2240 1049 2321 1088 super
2341 1051 2403 1083 hoc

1336 1094 1387 1123 per
1401 1085 1514 1116 eosdem
1531 1086 1613 1117 fuerit
1629 1086 1758 1124 congrue
1770 1085 1932 1123 requisitus,
1948 1085 1994 1116 vel
2012 1086 2110 1123 aliquis
2133 1085 2336 1119 Officiatorum
2358 1091 2403 1127 ip-

1336 1124 1389 1154 sius
1402 1124 1494 1155 Ducis
1508 1124 1592 1156 fuerit
1605 1125 1702 1155 debite
1715 1124 1875 1163 requisitus,
1894 1123 1969 1156 salvo
1983 1124 2064 1163 quod
2079 1125 2210 1156 consueta
2225 1125 2344 1167 Pedagia
2365 1128 2400 1160 &

1334 1162 1500 1194 Theolonia
1513 1164 1623 1202 debita,
1642 1163 1850 1202 persolvantur,

1374 1200 1539 1233 Promiserit
1551 1203 1635 1233 eriam
1650 1202 1778 1240 praefatus
1800 1200 1888 1240 Dux,
1902 1200 2012 1239 ipsum,
2025 1202 2124 1233 omnia
2145 1203 2178 1234 &
2197 1202 2304 1241 singula
2321 1204 2400 1236 Prae-

1335 1239 1430 1278 missa,
1448 1241 1482 1271 &
1504 1251 1605 1271 eorum
1627 1241 1774 1278 quolibet,
1794 1240 1824 1269 in
1847 1240 1865 1269 s
2016 1241 2102 1271 nobis
2121 1241 2220 1272 medio
2235 1244 2399 1280 juramento

1334 1278 1451 1310 firmiter
1466 1280 1499 1310 &
1512 1279 1710 1310 inviolabiliter
1745 1277 1853 1309 seclusis
1865 1277 1962 1308 fraude
1974 1278 2008 1308 δε
2021 1278 2108 1317 dolo,
2125 1279 2358 1320 observaturum,

1373 1317 1525 1356 Exceperit
1546 1327 1645 1348 tamen
1667 1319 1696 1348 in
1718 1303 1870 1347 Praemiffis
1891 1316 1967 1346 idem
1981 1316 2070 1356 Dux,
2087 1319 2219 1348 Sanllam
2231 1321 2323 1349 Sedem
2344 1323 2398 1351 Ro-

1335 1367 1464 1395 manam,
1483 1358 1516 1387 &
1531 1356 1662 1387 inclitum
1678 1357 1860 1393 Principem,
1877 1355 2071 1395 Wemzeflaum
2086 1358 2265 1387 Romanorum
2286 1361 2400 1398 Regem,

1336 1395 1370 1425 &
1390 1399 1501 1424 Sacrum
1523 1398 1683 1434 Imperium,
1699 1405 1735 1426 ac
1758 1393 1913 1424 colleeiores
1927 1393 1990 1433 ficos
2010 1394 2125 1432 ejufilem
2145 1398 2268 1434 Imperii,
2286 1407 2320 1428 ac
2340 1399 2400 1427 Pa-

1335 1433 1477 1473 truossiios
1491 1436 1627 1464 Bavariae
1642 1437 1746 1471 Duces,
1762 1436 1864 1462 Ducem
1879 1435 2035 1470 Lutringiae
2049 1432 2200 1465 Generum
2215 1434 2295 1465 suum
2304 1459 2313 1474 ,
2331 1437 2358 1465 E
2381 1440 2401 1460 '-

1325 1472 1416 1511 scopos
1437 1471 1656 1511 W‘ormacienfi’m
1677 1473 1710 1503 δε
1731 1470 1876 1509 Spirense'm
1891 1495 1900 1509 ,
1932 1473 2122 1509 Burggravios
2144 1473 2340 1512 Nurenhergen
2352 1486 2378 1504 es
2390 1497 2402 1514 ,

1335 1510 1523 1580 MaErcliifnem
1536 1512 1633 1541 Baden
1641 1534 1650 1550 ,
1668 1513 1796 1540 Comitem
1810 1513 1939 1540 Simonem
1952 1510 1984 1540 de
1997 1510 2149 1550 Spanhonn.

1400 1557 1410 1580 t
1461 1560 1494 1580 os

1369 1574 1586 1620 Praemissorum
1606 1587 1844 1626 consideratione,
1860 1587 1894 1619 &
1913 1587 1951 1617 ita
1970 1587 2051 1626 quod
2065 1587 2142 1619 idem
2158 1588 2228 1620 Dux
2240 1589 2400 1631 Homagia-

1330 1625 1379 1664 lis,
1401 1625 1554 1666 Vaffallus,
1573 1628 1607 1658 ὃς
1629 1627 1729 1657 Fidelis
1749 1626 1855 1656 Homo
1877 1625 1979 1666 Ligeus
1998 1626 2094 1657 noster
2116 1627 2179 1666 siat,
2197 1629 2232 1659 δε
2253 1629 2401 1669 deveniat,

1333 1665 1366 1695 &
1389 1664 1504 1703 existat,
1522 1675 1556 1696 ac
1577 1665 1760 1704 Homagium
1780 1663 1878 1702 suum,
1897 1674 1965 1695 cum
1985 1664 2065 1703 super
2085 1665 2143 1698 hoc
2165 1675 2200 1697 ex
2215 1677 2291 1706 parte
2304 1669 2400 1700 nostra

1330 1702 1414 1734 fuerit
1431 1704 1592 1742 requisitus,
1611 1705 1694 1734 nobis
1707 1705 1735 1733 in
1750 1703 1844 1733 forma
1860 1711 1912 1740 pro
1926 1703 2087 1740 hujusmodi
2101 1704 2225 1736 Vaffallis
2244 1707 2278 1738 ὅσ
2300 1706 2401 1744 Ligeis

1330 1741 1430 1772 nostris
1444 1743 1578 1773 consueta
1593 1742 1690 1780 faciat,
1709 1752 1742 1773 ac
1756 1740 1854 1771 omnia
1869 1741 1903 1772 &
1916 1740 2019 1780 singula
2033 1741 2083 1772 alia
2103 1741 2220 1774 Servitia
2239 1746 2400 1785 praemiffa,

1329 1779 1416 1811 Pacta
1435 1782 1469 1812 δε
1494 1780 1685 1812 Conditiones
1704 1782 1733 1810 in
1755 1779 1868 1810 Litteris
1888 1779 1971 1817 ipsius
1991 1778 2084 1810 Ducis
2099 1803 2109 1819 ,
2140 1781 2208 1812 inde
2234 1783 2374 1815 confeetis
2387 1808 2398 1823 ,

1327 1819 1483 1856 specificata
1505 1821 1538 1851 ὅ(
1558 1829 1712 1857 contenta,
1737 1819 1812 1849 bene
1829 1819 1863 1859 ὃς
1881 1817 1999 1849 fideliter
2012 1842 2022 1856 ,
2046 1819 2149 1857 absque
2165 1820 2261 1852 fraude
2278 1822 2311 1853 δι
2327 1822 2398 1854 dolo

1329 1857 1429 1896 faciat,
1456 1859 1599 1896 perficiat,
1625 1857 1789 1895 compleat,
1811 1856 1941 1887 observet
1954 1879 1965 1895 ‚
1989 1857 2022 1888 &
2045 1857 2079 1888 ad
2100 1858 2158 1888 hoc
2180 1858 2397 1896 Sacramentum

1327 1898 1495 1965 ckorporale,
1510 1907 1579 1928 cum
1599 1897 1667 1929 inde
1686 1905 1721 1927 ex
1742 1904 1820 1935 parte
1842 1895 1937 1926 nostra
1952 1895 2036 1927 fuerit
2050 1896 2213 1936 requisitus,
2228 1899 2309 1933 nobis
2324 1909 2398 1938 prae-

1329 1938 1340 1965 i
1356 1945 1384 1966 et

1329 2013 1346 2044 s
1369 1959 1506 2007 V'olerites
1521 1975 1612 2016 ipsum
1628 1975 1747 2006 Ducem
1769 1973 1867 2004 favore
1889 1972 2038 2012 repensivo
2058 1973 2217 2012 prospicere
2236 1976 2270 2008 &
2293 1977 2398 2016 gratio-

1340 2024 1359 2044 o

1363 2037 1598 2084 c’toncefferimus
1615 2053 1709 2084 eidem
1724 2051 1805 2082 Duci
1822 2050 1906 2081 Mille
1923 2050 2041 2095 Libras,
2059 2051 2268 2091 percipiendas,
2285 2053 2398 2100 singulis

1328 2089 1437 2130 Annis,
1455 2092 1490 2122 ad
1506 2092 1690 2123 Scaccarium
1706 2089 1834 2121 nostrum
1844 2112 1853 2128 ,
1871 2088 1906 2120 ad
1919 2098 2058 2120 terminos
2070 2089 2167 2121 Sancti
2190 2090 2342 2123 Michaelis
2362 2094 2397 2124 δε

1329 2128 1459 2168 Paschae,
1478 2141 1528 2168 per
1543 2131 1663 2170 aequales
1680 2129 1847 2166 Portiones,
1865 2128 1899 2158 ad
1915 2136 2005 2158 totam
2020 2127 2116 2159 Vitam
2134 2130 2141 2158 i
2165 2129 2215 2160 sius
2231 2129 2341 2170 Ducis,
2357 2133 2396 2163 ita

1325 2169 1536 2238 {sewi
1549 2170 1575 2238 5³
1591 2169 1658 2200 N0³
1671 2166 2121 2237 ssstcsiassizi‘ssiffibtissss
2133 2139 2268 2244 {aa
2283 2170 2318 2200 ²¹>
2331 2170 2395 2239 irc

1374 2218 1407 2244 e,
1437 2218 1492 2239 unc
1532 2218 1679 2247 aim,po
2032 2228 2042 2244 ,
2263 2218 2311 2238 urn
2361 2219 2395 2240 o-

1325 2248 1472 2286 magium,
1488 2257 1521 2277 ac
1543 2247 1561 2265 *⁸
1585 2247 1636 2277 alia
1658 2245 1813 2285 praemissa,
1832 2255 1882 2282 per
1894 2244 2043 2283 praefatum
2058 2243 2176 2275 Ducem
2197 2245 2235 2276 fic
2252 2246 2395 2288 facienda,
2418 2253 2434 2270 ¹⁸
2451 2254 2521 2283 vu,

1326 2286 1414 2321 quarn
1437 2285 1548 2316 Solutio
1570 2285 1712 2316 dictarum
1735 2283 1821 2314 Mille
1839 2283 1990 2313 Librarum
2006 2283 2116 2320 penitus
2129 2283 2237 2315 cestent
2248 2286 2283 2316 &
2297 2288 2395 2317 termi-
2419 2291 2482 2328 856.

1324 2333 1442 2367 nenrur,
1462 2332 1547 2369 prout
1569 2325 1599 2354 in
1621 2323 1735 2355 Litteris
1755 2321 1859 2353 nostris
1882 2321 2062 2361 patentibus,
2079 2321 2147 2353 inde
2160 2322 2315 2364 confectis,
2333 2325 2395 2363 ple-

1325 2363 1388 2392 nius
1408 2372 1590 2402 continetur,

1364 2400 1448 2440 Nos,

1362 2438 1419 2508 Dfied
1428 2439 1518 2470 vestra
1532 2439 1732 2479 Providentia,
1750 2438 2022 2478 circumspectione,
2039 2439 2075 2472 &
2089 2438 2222 2471 industria
2234 2439 2393 2479 pleniffime

1324 2487 1380 2508 con
1423 2488 1498 2509 entes

1362 2502 1589 2555 Affignavi'mus,
1608 2516 1820 2554 Deputavimus
1854 2518 1888 2549 &
1901 2515 2114 2548 Constituimus
2128 2527 2196 2556 vos,
2213 2517 2249 2549 &
2272 2518 2391 2557 quemli-

1322 2554 1371 2585 bet
1384 2555 1509 2586 vestrum
1520 2579 1529 2594 ‚
1547 2555 1765 2586 Commissarios
1780 2541 1911 2593 nostros,
1926 2555 1983 2585 five
1998 2554 2237 2586 Commissarium
2250 2556 2392 2595 nostrum,

1322 2593 1356 2622 ad
1370 2593 1548 2634 Homagium
1564 2594 1680 2633 Ligium
1692 2593 1773 2631 ipfius
1790 2593 1882 2624 Ducis
1897 2594 1927 2622 in
1941 2593 1994 2623 hac
2013 2601 2108 2631 parte,
2128 2603 2162 2623 ac
2184 2594 2268 2625 etiam
2290 2594 2324 2624 ad
2341 2594 2392 2626 Sa—

1321 2642 1502 2664 cramentum
1522 2643 1573 2664 cor
1593 2632 1668 2663 orale
1688 2632 1810 2670 ejusdem
1831 2631 1940 2669 Ducis,
1959 2640 2012 2669 pro
2033 2631 2234 2662 observatione
2253 2634 2389 2664 omnium

1322 2671 1543 2710 &singulorum
1585 2670 1795 2709 raemissorum,
1814 2671 1877 2700 vice
1901 2669 1934 2700 &
1953 2668 2120 2700 auetoritate
2137 2670 2257 2709 nostris,
2275 2673 2390 2710 capien-

1320 2708 1391 2740 dum
1407 2711 1440 2741 ὃς
1455 2709 1668 2748 recipiendum,
1686 2718 1736 2747 ac,
1753 2709 1787 2739 ad
1804 2707 2028 2739 instrumentum
2042 2707 2214 2748 Publicum,
2230 2709 2280 2740 sub
2300 2709 2388 2750 Mag-

1324 2757 1364 2777 no
1388 2748 1488 2788 Sigillo
1511 2749 1592 2786 ipsius
1614 2747 1705 2781 Ducis
1718 2747 1932 2786 consignatum,
1949 2747 2029 2784 super
2043 2746 2222 2785 praestatione
2235 2748 2269 2779 &
2283 2747 2389 2780 factura

1321 2785 1462 2824 Homagii
1476 2787 1676 2824 &juramenti
1690 2786 1912 2824 praedictorum,
1930 2784 2102 2823 petendum,
2120 2785 2335 2826 recipiendum,
2351 2788 2386 2818 &

1318 2824 1353 2854 ad
1368 2827 1540 2863 praesentiam
1557 2824 1684 2864 nostram
1697 2824 1902 2862 deferendum,
1922 2832 2080 2861 caeteraque
2099 2824 2148 2854 alia
2169 2825 2202 2855 &
2222 2824 2326 2862 singula
2344 2826 2386 2856 fa-

1318 2863 1451 2894 ciendum
1475 2865 1508 2896 &
1532 2863 1746 2902 exequendum,
1766 2873 1831 2901 quae
1853 2864 1881 2892 iri
1904 2861 2051 2892 Praemiffis
2065 2862 2205 2901 &aliquo
2219 2862 2386 2895 Praemiffo-

1318 2912 1384 2932 rum
1399 2902 1548 2933 necessaria
1560 2902 1662 2932 fuerint
1676 2901 1722 2931 seu
1738 2900 1959 2938 quomodolibet
1971 2908 2130 2939 oportuna,

1357 2940 1395 2971 Et
1418 2941 1485 2972 ideo
1505 2941 1588 2971 vobis
1604 2964 1614 2978 ,
1636 2940 1669 2971 ὅ(
1692 2940 1808 2970 cuilibet
1832 2937 1960 2969 vestrum
1985 2937 2177 2977 Mandamus,
2202 2939 2282 2977 quod
2304 2941 2381 2972 circa

1318 2977 1463 3010 Praemiffa
1475 2989 1544 3010 cum
1557 2979 1638 3009 omni
1654 2976 1782 3008 efficacia
1795 2977 1945 3016 diligenter
1958 2977 2123 3016 intendatis,
2135 2978 2170 3009 &
2184 2987 2216 3009 ea
2228 2978 2332 3010 faciatis
2345 2980 2381 3010 δε

1319 3019 1495 3055 exequamini
1509 3019 1536 3047 in
1550 3017 1643 3047 forma
1657 3015 1797 3054 praedista.

1356 3055 1389 3085 ln
1407 3057 1484 3095 cujus
1498 3058 1536 3087 rei
1549 3055 1780 3092 Testimonium,
1798 3053 1846 3084 has
1861 3053 1979 3084 Litteras
1993 3052 2098 3083 nostras
2111 3052 2170 3083 fieri
2183 3053 2303 3086 fecimus
2326 3054 2380 3086 Pa—

1317 3101 1464 3162 tenDerit‘um
1479 3133 1508 3162 in
1525 3131 1636 3161 Palatio
1651 3129 1737 3170 nostro
1758 3127 1866 3169 lffi’stm.
1884 3129 2058 3161 duodecimo
2080 3129 2128 3160 die
2149 3129 2271 3170 Aprilis,
2289 3131 2378 3164 Anno

1316 3169 1405 3210 Regis
1421 3170 1565 3201 vicesimo.
1943 3208 1998 3236 Per
2009 3205 2090 3246 ’,Ρ-βπ)
2100 3209 2196 3245 Regem

2147 3284 2245 3315 Scarle.

1351 3363 1439 3404 Super
1460 3364 1561 3402 quibus
1581 3363 1715 3394 omnibus
1734 3363 1767 3394 &
1789 3361 1917 3401 fingulis‚
1934 3361 2064 3399 praefatus
2085 3360 2201 3392 Illustris
2221 3361 2374 3403 Princeps,

1315 3401 1460 3432 Dominus
1472 3406 1604 3441 Rupertus
1618 3405 1687 3431 Dux
1700 3405 1790 3430 Senior
1805 3409 1838 3430 ex
1852 3410 1920 3437 uria,
1938 3409 2054 3430 necnon
2067 3399 2239 3440 suprascripti
2261 3400 2374 3433 Procu-

1314 3450 1417 3472 ratores
1429 3442 1462 3471 δε
1478 3442 1586 3471 Sindici
1599 3451 1673 3478 parte
1687 3449 1721 3469 ex
1734 3440 1834 3476 altera,
1852 3437 2072 3481 Requisiverunt
2089 3448 2158 3468 cum
2178 3438 2307 3471 instantia
2325 3450 2376 3472 me

1312 3479 1468 3510 Notarium
1482 3479 1635 3510 Publicum
1649 3478 1868 3514 infrascriptum,
1888 3485 1918 3507 ut
1927 3476 2008 3513 super
2021 3477 2134 3513 lingulis
2148 3476 2298 3508 Praemisfis
2309 3479 2372 3516 ipsis

1316 3519 1348 3548 &
1364 3528 1466 3549 eorum
1480 3518 1595 3548 cuilibet
1611 3516 1786 3547 conficerem
1802 3525 1856 3545 una
1871 3515 1915 3545 vel
1930 3515 2008 3554 plura
2018 3514 2135 3558 Publica
2155 3514 2353 3547 Instrumenta.

1350 3555 1382 3586 In
1400 3566 1522 3594 quorum
1537 3557 1619 3586 etiam
1636 3553 1851 3584 Praemissorum
1864 3555 1996 3583 omnium
2012 3552 2127 3583 evrdens
2138 3552 2365 3592 Testimonium,

1311 3595 1379 3625 Nos
1389 3618 1398 3632 ‚
1415 3599 1547 3624 Ruoertus
1560 3596 1629 3622 Dux
1643 3596 1735 3622 Senior
1749 3592 1893 3630 praefatus,
1913 3591 2060 3628 Magnum
2073 3591 2206 3629 Sigillum
2220 3591 2347 3623 nostrum
2356 3615 2367 3631 ,

1310 3634 1436 3672 praesenti
1450 3633 1570 3663 Publico
1588 3631 1781 3662 Instrumento
1795 3630 1926 3661 duximus
1941 3629 2152 3668 apponendum.

1346 3710 1419 3741 Asta
1438 3709 1500 3740 sunt
1520 3710 1598 3747 haec,
1627 3708 1730 3746 Anno,
1755 3706 1933 3746 Indiffione,
1950 3705 2136 3746 pontificatu,
2153 3705 2273 3744 Mense,
2290 3704 2365 3746 Die,

1308 3749 1407 3787 Hora,
1425 3749 1458 3779 &
1475 3747 1561 3779 Loco
1574 3748 1694 3786 superius
1707 3745 1872 3784 expressatis.

1675 3823 1862 3854 Praesentibus
1876 3822 1982 3853 ibidem
1989 3844 2000 3861 ‚

1853 3898 2033 3930 Dosioribus
2041 3906 2049 3925 :

1851 3974 1974 4005 Strenuis
1988 3972 2131 4004 Militibus

1344 3988 1363 4000 0

1306 3990 1502 4047 Et⁰¹K¹1³cholao
1530 4019 1649 4054 Bingina
1669 4015 1813 4047 Decreto-
1849 4011 1982 4050 Johanne
1995 4013 2027 4040 de
2040 3995 2216 4051 Hirszlssmrn,

1343 4064 1425 4092 rum,
1849 4049 1983 4088 Johanne
1997 4053 2165 4088 Camerarii,

2275 4086 2362 4118 Thana
