2561 4251
231 122 284 170 98
681 101 1939 153 CONVENTIONES‚L1TERAE,
2553 152 2555 158 y

86 204 165 236 Arm.
178 203 219 233 D.
235 213 366 241 temntz,
384 204 416 234 δ’
435 210 525 231 autres
549 206 609 228 noz
631 196 700 228 Bien
721 196 875 233 voillantz,
893 193 991 230 Amis,
1014 191 1125 230 Alliez,
1143 190 1176 221 ὅ(
1200 189 1299 220 Adhe-
1832 168 1835 169 ⁷
2428 159 2555 226 Amnis

109 244 185 281 1380
235 241 425 280 ren5,82¹.t:7,.
2447 234 2531 273 1380.

272 279 522 349 ῗζῆὲῗζὲἓιῖξιῖεε
537 314 573 345 de
586 312 679 351 Dieu,
697 313 731 343 &
743 320 795 348 pur
811 308 918 340 eschuir
931 306 1070 338 l’effusion
1086 306 1122 337 de
1136 306 1211 337 Sanc
1219 304 1299 335 Cris-

274 370 290 387 11

234 368 375 426 tle§orons
391 392 518 422 affenttiz
532 401 584 429 pur
596 389 719 420 Traitier
739 386 783 417 sur
803 385 932 416 l'Accort
954 385 987 415 ὃ(
1008 384 1092 422 Paix,
1111 393 1126 412 a
1149 383 1229 413 Faire
1247 391 1298 412 en-

235 444 276 465 tre
305 443 376 463 nous
399 431 483 462 d'une
512 430 578 461 Part
594 451 604 467 ,
637 428 670 458 &
697 425 794 457 nostre
813 421 987 463 Aa'versaire
1006 423 1038 453 de
1063 425 1165 452 Frame
1193 420 1298 451 d‘autre

228 473 309 503 Parte

269 494 374 548 Et’pur
391 518 426 539 ce
439 518 495 546 que
507 503 653 546 PEveffiue
671 504 702 534 de
724 504 851 541 Baieux,
870 504 997 539 Ingeram
1017 502 1142 537 Seigneur
1165 498 1196 528 de
1215 500 1298 536 Coucy

234 549 334 579 Come
355 549 391 578 de
411 547 556 582 Soiffons,
574 546 699 574 Burrian
721 545 846 578 Seigneur
866 541 898 571 de
916 540 945 570 la
970 543 1091 577 Ryvere,
1117 535 1248 567 Arnault
1266 537 1299 565 de

235 587 365 626 Corbeye,
393 587 426 616 &
448 583 579 614 Nitholas
600 582 711 619 Brake,
737 579 901 617 Chivalers,
930 577 1042 609 Mestre
1064 575 1158 616 Aleyn
1179 573 1298 614 Boyscel,

232 627 333 666 Johan
349 626 373 655 le
389 628 511 660 Mei-cer,
530 625 563 655 &
581 621 701 653 Nleistre
713 619 814 658 Johan
828 618 966 658 Tabarye,
986 616 1128 655 B'Ieffages
1142 616 1174 645 &
1195 614 1298 658 Depu-

233 676 280 698 tcz
300 665 334 696 de
356 663 452 694 nostre
472 662 513 692 dit
538 661 716 698 Adversaire,
735 658 832 688 doient
843 659 924 688 venir
935 655 1135 695 proschernent
1153 664 1180 683 as
1200 662 1299 692 parties

85 284 139 310 Ric.
159 291 186 309 ²·
1361 284 1411 316 De
1423 280 1664 330 sitpervisbribus
1681 284 1788 316 Status
1801 287 1896 332 Regni
1913 288 1950 324 &-
1969 287 2102 334 Hospitii
2118 292 2207 338 Regis
2221 288 2381 338 affignatis.
2425 273 2476 299 Ric.
2497 281 2534 303 Ξ*
2551 280 2561 341 l}

2555 344 2561 361 -1

1341 378 1478 434 REX,
1499 378 1754 412 venerabfflbusin
1777 379 1895 412 christo
1915 381 2063 421 Patribus,
2080 387 2123 415 A.
2140 387 2342 427 Archapifiopa
2362 389 2405 418 E·
2423 396 2465 421 An
2495 396 2523 433 ³·
2555 371 2561 438 ᾗ

1420 418 1514 448 borum
1535 419 1650 463 Angliae
1672 419 1802 451 Primati:
1829 422 1873 450 W.
1900 422 2110 461 Wjaentonients,
2132 424 2169 462 J.
2186 427 2354 457 Herc‘kra'en
2375 439 2388 456 s
2423 437 2445 460 R
2469 416 2489 459 '2
2513 415 2522 424 ⁹
2556 444 2558 448 ·

1338 455 1372 485 &
1386 457 1436 487 Th.
1453 457 1596 497 Roffinsn,
1614 457 1774 496 Episcopis:
1793 469 1844 498 ac,
1861 458 1985 490 Dilectis
1998 460 2033 491 δε
2071 461 2190 493 fidelibus
2204 462 2268 505 suis,
2287 477 2311 495 r„
2324 451 2404 496 sardi
2424 456 2482 500 Par.
2494 454 2517 510 ’3
2558 455 2561 491 ἕ

1339 493 1524 537 ᾼῑυηάεΠοε,
1544 496 1653 526 Thomae
1667 497 1698 527 de
1711 497 1788 527 Bella
1803 501 1901 536 campo
1914 499 2090 536 Warwicae‚
2106 501 2140 530 ὃ(
2155 502 2262 540 Hugonz'
2286 506 2406 536 etaffo'r-
2425 514 2446 538 R
2467 519 2480 537 2
2520 496 2528 504 ’
2560 522 2561 528 ¹

1338 531 1611 579 diae,.C0miribus:
1631 534 1780 566 Willielmo
1799 538 1831 567 de
1853 540 2006 578 Latymer,
2025 539 2143 568 Guidom'
2159 540 2192 569 de
2213 526 2310 574 Βνίεφῑε
2346 545 2404 583 Jo-
2425 533 2454 579 m·
2487 517 2541 549 ·P·²
2560 539 2561 544 ¹

1337 570 1424 601 hanni
1437 573 1469 602 de
1483 576 1580 602 Monte
1595 577 1707 611 Acuta,
1724 574 1891 606 Banerettis:
1912 575 2054 615 Radulpho
2069 577 2101 607 de
2122 577 2276 619 Hastyngs,
2293 567 2407 620 than-
2456 571 2462 577 ⁸
2479 557 2506 585 3⁹

1338 621 1368 640 nt
1380 611 1412 640 de
1424 611 1616 650 Gddesbergh,
1635 611 1673 647 ὠ
1691 614 1834 643 Edwardo
1856 615 2062 655 Dalyngrugge,
2081 615 2239 657 Militibus,
2259 621 2406 653 Willielmo

1338 649 1371 681 de
1388 649 1588 688 lValleworth,
1607 651 1640 681 ὅ(
1655 650 1786 688 Johanni
1801 652 1938 692 Philipot,
1953 653 2075 686 Civibus
2089 655 2272 696 Londoniae,
2289 660 2323 691 δε
2336 660 2406 692 Tho-

74 2832 153 2863 'Ann
167 2830 209 2861 D.

97 2872 184 2910 1380.

74 2914 128 2938 An.
146 2920 170 2947 3.

75 2971 166 3021 Civis-2
189 2996 216 3023 3.

75 3031 104 3054 R.
131 3036 156 3054 2.
175 3036 213 3055 m.

76 3103 93 3119 2
116 3087 182 3131 'Vir

78 3149 141 3176 ²50·

232 705 270 735 de
286 702 438 744 Pycardie,
457 702 566 732 licome
579 709 651 731 nous
665 708 754 730 avons
769 696 929 736 emenduz,
947 707 963 728 a
977 693 1057 727 cause
1070 693 1144 725 dela
1159 693 1200 723 dit
1213 691 1299 723 Trai-

228 753 266 776 tie
282 768 290 780 ,

263 781 370 819 Nous,
1218 809 1223 815 .

271 819 425 850 Veullantz
436 817 571 859 purvoier
583 826 600 847 a
612 816 637 847 la
649 815 766 846 Seurete
778 813 814 846 de
835 823 907 853 eux,
925 812 989 843 lour
1009 810 1127 850 Gentz,
1145 808 1298 848 Familers,

235 859 376 897 Chivalx,
392 857 545 896 Hernoys,
561 857 594 887 &
608 855 688 886 Biens
703 863 907 892 queconques,
1275 887 1281 893 ι

271 898 374 928 Avons
385 896 461 934 Pris,
482 894 558 933 Mis,
577 895 610 925 &
623 893 752 930 Resceu,
770 891 945 931 Preig'nonS,
964 888 1165 927 Mettons‚4&
1180 887 1297 918 Rescei-

232 947 306 969 vons
329 937 366 967 les
387 934 537 966 deffusditz
559 932 689 971 Evesque
712 933 746 963 ὃς
766 941 856 962 autres
880 929 1038 966 adauges,
1058 929 1092 959 ὅτ,
1113 926 1240 971 -εὴεῑευη
1260 925 1296 956 de

232 986 304 1014 eux,
323 986 392 1006 avec
406 983 476 1012 eust,
491 973 550 1003 leur
565 971 683 1010 Gemz,
699 965 1176 1008 familiers‚Chivalers,Esqurers,
1186 964 1298 1002 Gletes,

232 1015 347 1052 Varles,
366 1013 522 1050 Chevaux,
541 1010 682 1049 Hernois,
699 1010 732 1041 δε
748 1018 836 1040 autres
858 1008 940 1039 Biens
963 1015 1160 1045 queconques‚
1179 1014 1215 1035 en
1237 1012 1297 1035 noz

230 1054 293 1085 sauf
309 1054 341 1084 ὃς
358 1053 436 1083 seure
457 1049 604 1088 Conduit,
630 1048 814 1086 Protection,
841 1046 986 1083 Tuicion,
1011 1044 1105 1075 Sauve
1121 1042 1237 1081 Garde,
1261 1043 1296 1074 &

229 1092 355 1124 Defense
367 1090 518 1129 especialx,
537 1099 573 1119 en
587 1097 708 1126 venant,
726 1087 816 1124 alant,
834 1085 867 1116 &
883 1084 1055 1127 passantpar
1077 1082 1174 1126 nostre
1195 1081 1297 1126 Roial-

233 1141 281 1162 me
306 1132 339 1162 &
360 1129 461 1167 Poair,
476 1127 524 1158 des
546 1129 646 1166 parties
664 1126 700 1156 de
719 1125 826 1155 France
846 1134 861 1155 a
876 1124 914 1154 les
927 1122 1032 1154 Parnes
1046 1120 1082 1151 de
1096 1121 1242 1158 Picardie,
1260 1120 1294 1152 &

229 1178 405 1208 qucconque
418 1176 496 1198 autre
512 1166 582 1196 Lieu
597 1166 641 1196 sur
655 1166 692 1195 les
703 1163 764 1194 ditz
777 1163 930 1200 Marches,
948 1172 987 1193 ou
1001 1161 1020 1191 il
1043 1161 1113 1191 serra
1133 1159 1296 1197 accordez,

229 1218 309 1239 entre
328 1216 386 1237 noz
410 1205 554 1243 Messages
574 1205 607 1235 &
631 1203 820 1239 Procureurs,
837 1212 873 1232 en
897 1201 967 1232 celle
989 1198 1100 1237 Partie,
1123 1200 1157 1231 ὅ(
1178 1199 1216 1229 les
1236 1197 1296 1229 ditz

232 1246 376 1283 Meinges
396 1246 432 1276 de
452 1243 537 1283 nostre
558 1243 731 1282 Adversaire
746 1264 755 1280 ,
785 1241 977 1272 d’Affembler
997 1250 1013 1269 a
1036 1238 1115 1268 cause
1136 1238 1172 1269 de
1193 1237 1219 1268 la
1238 1237 1297 1268 dite

230 1285 347 1323 Traite,
363 1284 395 1315 ὃς
415 1284 440 1314 la
463 1283 642 1318 Demorant,
667 1281 839 1319 Sojornant,
863 1281 896 1312 δε
918 1287 971 1309 eux
992 1277 1154 1308 Retornant
1175 1286 1239 1306 vers
1257 1276 1297 1306 les

228 1325 328 1363 parties
350 1324 385 1352 de
406 1322 528 1358 France,
549 1331 595 1358 par
609 1321 701 1350 Terre
715 1320 748 1350 &
769 1329 818 1356 par
839 1317 943 1356 Mere,
959 1317 1050 1347 Touz
1066 1315 1237 1353 Ensemble,
1255 1325 1296 1346 ou

226 1373 275 1402 par
294 1362 396 1392 Parties
410 1385 420 1399 ,
436 1361 543 1391 sicome
558 1360 576 1389 il
590 1359 649 1389 leur
664 1359 768 1397 plerra,
782 1357 882 1396 jusque
897 1357 949 1387 ale
964 1355 1088 1385 nombre
1107 1354 1143 1385 de
1161 1354 1239 1384 Cent
1262 1355 1295 1385 &

225 1402 352 1433 Seffante
366 1399 500 1431 Persones
514 1409 528 1429 a
543 1397 662 1435 Chival,
680 1398 713 1428 δε
728 1397 792 1426 ainli
807 1396 906 1426 fovent
928 1404 1015 1425 come
1036 1394 1067 1424 ils
1083 1392 1242 1431 vendront,
1261 1394 1295 1424 &

229 1452 244 1472 a
262 1441 338 1471 Faire
354 1440 441 1478 serra,
460 1447 563 1477 ianque
577 1447 664 1468 come
677 1435 737 1467 cest
753 1434 860 1474 present
874 1434 974 1465 Traite
987 1433 1117 1471 durrera,
1136 1432 1170 1463 &
1186 1432 1297 1470 Qatre

246 1490 312 1510 OUl‘S
331 1488 344 1508 a
368 1488 409 1508 ses

225 1480 242 1519 J
267 1518 305 1549 Et
320 1489 372 1555 piijr
388 1502 425 1547 ce
437 1526 509 1546 vous
527 1514 691 1552 Mandons,
711 1513 744 1544 &
764 1510 955 1542 Comandons
973 1510 1168 1541 estroitement
1186 1518 1202 1539 a
1221 1518 1296 1540 vous

226 1565 298 1588 touz
318 1565 376 1586 noz
398 1556 459 1585 ditz
481 1554 615 1592 Subgitz,
635 1553 668 1584 &
689 1561 748 1582 noz
763 1551 861 1588 Arnis,
880 1549 1112 1586 Bienveullanrz,
1131 1548 1241 1585 Alliez,
1261 1548 1295 1578 ὃ(

229 1596 377 1626 Adherens
393 1594 494 1623 Prions
507 1595 539 1625 ὃς
556 1592 744 1629 Requerons‚
762 1591 795 1622 &
811 1589 933 1620 chescun
957 1589 1057 1625 d'eux‚
1073 1588 1106 1618 &
1125 1587 1184 1617 leur
1208 1587 1296 1616 Lieu-

227 1642 359 1670 tenanrz,
379 1632 521 1670 Officers,
541 1632 574 1662 &
590 1630 746 1668 Deputez,
765 1638 820 1666 que
832 1628 870 1658 les
885 1627 1034 1658 dessusditz
1050 1625 1175 1665 Evesque
1190 1626 1223 1657 &
1246 1635 1295 1656 au-

227 1683 282 1705 tres
300 1671 458 1710 Messages,
475 1670 511 1700 de
524 1669 620 1700 nostre
642 1670 684 1698 dit
706 1665 897 1706 Adversaire,
916 1666 978 1696 lour
999 1665 1117 1703 Gentz,
1136 1664 1296 1702 Familiers,

227 1711 394 1748 Chivalers,
421 1709 565 1747 Esquiers,
591 1707 707 1744 Clercs,
733 1707 766 1737 &
788 1715 879 1736 autres
901 1704 938 1735 de
958 1714 1124 1742 queconqes
1148 1703 1236 1734 cstarz
1255 1713 1294 1734 ou

229 1750 387 1782 condicion
403 1748 460 1785 q'ils
474 1749 579 1785 soient,
597 1747 704 1784 jusques
716 1755 750 1775 au
763 1744 803 1775 dit
821 1743 960 1774 Nombre
975 1743 1011 1774 de
1026 1741 1104 1773 Cent
1121 1743 1154 1774 ὃ(
1169 1741 1295 1772 Seffante

227 1789 348 1822 Persons
367 1797 382 1817 a
405 1786 525 1824 Chival,
548 1786 613 1815 lour
634 1783 774 1820 Chivabr,
801 1782 973 1821 Monnoye,
992 1781 1090 1819 Biens,
1107 1783 1141 1813 δε
1161 1780 1296 1820 Hernoys

229 1836 434 1867 queconques,
453 1835 523 1856 vous
539 1822 660 1854 soeffrez
671 1824 705 1854 δε
722 1821 833 1859 laissez,
858 1820 977 1851 suffrent
992 1821 1025 1851 &
1040 1820 1148 1851 laissent
1171 1820 1296 1857 paifible-

227 1876 308 1898 ment
323 1865 418 1896 Passer
432 1865 464 1895 &
479 1862 615 1903 Repaffer
652 1861 813 1898 Demurer,
832 1859 1003 1898 Sojourner,
1017 1859 1103 1897 Alcr,
1118 1861 1151 1891 &
1168 1858 1295 1890 Retour-

227 1917 278 1937 ner
299 1903 467 1941 Ensemble,
485 1913 525 1933 ou
547 1911 593 1940 par
614 1885 733 1938 flames,
752 1909 766 1929 a
789 1899 852 1930 lour
872 1898 1016 1936 volentes,
1034 1899 1068 1931 δε
1088 1907 1148 1929 tant
1160 1897 1196 1928 de
1211 1898 1296 1929 Foitz

227 1954 315 1976 come
340 1943 358 1973 il
380 1943 442 1973 lour
462 1941 567 1981 plerra,
586 1948 643 1970 tant
666 1948 714 1977 par
734 1937 837 1976 Mere,
856 1947 942 1968 corne
961 1947 1010 1975 par
1034 1936 1144 1976 Terre,
1163 1946 1209 1975 par
1232 1946 1296 1968 tout

225 1983 324 2015 nostre
338 1981 442 2019 Poiar,
460 1991 474 2011 a
490 1980 561 2010 Lieu
577 1978 615 2009 du
629 1978 670 2009 dit
692 1977 806 2015 Traite,
824 1985 894 2007 touz
915 1975 1084 2014 Ensemble,
1101 1986 1141 2007 ou
1160 1986 1207 2014 par
1226 1974 1296 2006 Par-

223 2025 293 2060 ties,
310 2022 329 2051 si
343 2030 431 2051 come
446 2019 464 2049 il
479 2019 537 2049 leur
549 2017 697 2055 semblera,
710 2016 822 2056 jusques
836 2025 852 2046 a
867 2015 894 2046 le
909 2015 950 2045 dit
970 2014 1128 2054 Nombre,
1146 2015 1247 2046 durant
1269 2015 1291 2045 la

226 2063 269 2094 dit
288 2060 399 2091 Traitie
411 2081 421 2097 ,
440 2058 473 2089 δε
497 2058 609 2095 Quatre
625 2056 713 2096 Jours
735 2064 829 2093 apres,
848 2053 913 2085 sanz
926 2053 1002 2092 fere,
1017 2053 1124 2092 doner,
1141 2064 1181 2084 ou
1202 2052 1295 2084 suffrir

226 2100 299 2132 estre
315 2099 381 2136 fait,
401 2107 437 2128 ne
451 2096 546 2134 done,
565 2106 614 2134 par
627 2095 695 2126 voie
708 2094 744 2126 de
761 2092 862 2132 Arest,
880 2103 895 2124 a
911 2093 990 2124 cause
1014 2092 1050 2124 de
1074 2092 1215 2132 Marche‚
1232 2092 1294 2124 Re-

224 2138 349 2179 prisaile,
368 2147 407 2167 ou
428 2136 616 2172 Entrecours,
634 2143 683 2173 par
708 2142 785 2164 autre
806 2131 897 2163 Cause
934 2130 1062 2169 Colour,
1086 2142 1126 2163 ou
1148 2131 1293 2164 Occasion

224 2178 433 2217 quelconques,
450 2185 465 2205 a
488 2184 558 2212 eux,
574 2184 613 2205 ou
632 2173 716 2204 ascun
737 2172 837 2209 d’eux,
852 2181 891 2202 ou
904 2155 1025 2209 Person,
1048 2169 1205 2210 Chevaux,
1222 2170 1294 2202 Mo-

226 2219 311 2255 noie,
336 2215 432 2252 BienS,
460 2214 603 2250 Hemois‚
621 2223 662 2243 ou
681 2220 770 2242 autres
793 2209 902 2241 Choses
938 2209 1040 2248 Grief,
1059 2209 1205 2250 Damage,
1223 2209 1295 2241 Mo-

225 2256 278 2289 lest
293 2279 303 2294 ,
328 2254 461 2291 Vilenie,
488 2251 571 2284 Arest
616 2249 820 2288 Destourbier,
845 2259 884 2280 ou
906 2233 1150 2287 iimpeschement
1170 2259 1294 2288 aucuns,

225 2295 350 2331 aincois,
368 2292 395 2323 se
410 2291 535 2322 mestiers
548 2274 607 2329 eff,
625 2291 659 2321 &
673 2299 721 2329 par
737 2299 791 2320 eux
811 2298 851 2319 ou
873 2288 956 2319 ascun
977 2288 1060 2319 d'eux
1082 2298 1119 2319 en
1141 2288 1232 2320 cestes
1251 2299 1295 2320 re-

226 2336 306 2374 quis,
322 2333 383 2362 lour
401 2331 448 2361 fait
461 2331 539 2361 avoir
552 2329 612 2360 sauf
623 2328 774 2366 Conduit,
793 2327 910 2365 Genrz,
928 2327 1046 2365 Vivers,
1064 2327 1098 2357 δε
1113 2334 1201 2358 autres
1209 2326 1293 2358 Cho-

226 2375 266 2405 ses
289 2369 454 2402 neceffaires
475 2379 527 2407 pur
548 2368 607 2398 leur
629 2367 760 2406 Paffage,
779 2365 947 2404 Demoere,
966 2366 1000 2397 δε
1015 2365 1178 2404 Retorner,
1196 2376 1211 2397 a
1232 2366 1295 2398 lour

227 2409 383 2449 Despenses
399 2407 563 2439 resonablee.

262 2449 308 2479 En
322 2447 556 2481 Tesmoixznance
566 2444 602 2476 de
618 2454 672 2476 ceo
686 2454 760 2475 nous
781 2453 870 2475 avons
892 2441 941 2473 fait
960 2451 1063 2474 mettre
1082 2442 1178 2475 nostre
1199 2443 1294 2475 Grant

227 2488 289 2520 Seel
304 2497 319 2516 a
336 2486 424 2517 cestes
439 2486 590 2516 Presenres.

263 2525 347 2556 Don.
363 2534 378 2554 a
392 2524 488 2555 nostre
504 2524 601 2562 Paleys
616 2521 651 2552 de
665 2520 791 2551 Westm.
808 2520 835 2551 le
848 2519 960 2550 Primer
973 2519 1046 2559 Jour
1061 2519 1198 2551 d'Averil.

760 2600 818 2627 Par
834 2596 858 2626 le
874 2599 924 2627 Roi
937 2595 975 2632 &⁶
985 2598 1037 2637 son
1052 2596 1162 2638 Conseil.

368 2731 462 2773 Super
481 2723 646 2768 Adhifione
666 2721 791 2756 Roberto
808 2719 966 2764 Gebonenfi
983 2725 1148 2770 Antipapae.

232 2813 366 2871 REX,
392 2810 614 2857 Constabulario
631 2809 735 2839 Turris
754 2808 811 2839 suae
832 2806 1011 2845 Londoniue,
1034 2807 1081 2839 vel
1102 2808 1159 2845 ejus
1177 2806 1295 2839 Locum

310 2861 417 2883 tenenti
432 2850 538 2881 ibidem
548 2873 557 2888 ,
575 2848 708 2879 Salutem.

268 2892 454 2967 ΙᾸὲεεῖἓίῐὲῐζξὲζ
461 2913 638 2956 ’Bernardum
651 2925 682 2954 de
698 2923 780 2954 Aula
794 2926 822 2953 V
823 2924 905 2961 iridi,
923 2922 959 2953 de
975 2922 1120 2953 Dominio
1134 2922 1234 2953 nostro
1254 2923 1295 2954 Α·

232 2970 378 3005 quitaniae,
405 2966 570 3002 Clericum,
595 2963 777 2994 Sanfflffimo
800 2963 830 2992 in
851 2961 969 2992 Christo
992 2961 1067 2992 Patri
1086 2963 1120 2993 &
1143 2960 1296 3000 Domino,

231 3006 367 3037 Domino
389 3005 516 3041 Urbano,
543 3002 652 3034 Divina
671 3003 689 3021 ²¹⁴⁵
714 3001 915 3039 Providentia,
933 3001 1112 3031 iacrosanstae
1133 2999 1297 3039 Romanae,

230 3055 264 3076 ac
286 3044 443 3076 universalis
461 3042 597 3074 Ecclesiae
620 3045 725 3071 Summo
747 3039 892 3077 Pontifici,
912 3040 992 3069 simul
1014 3049 1083 3069 cum
1106 3038 1239 3078 Johanne
1263 3040 1295 3068 de

228 3083 386 3114 Camberlac
405 3082 499 3112 Nlilite
513 3105 522 3119 ,
549 3079 708 3110 Rebellaffe
723 3102 733 3116 ,
761 3079 795 3109 &
815 3078 931 3107 Roberto
954 3077 1100 3117 Gebonenst
1123 3080 1294 3116 Antipapae‚

227 3124 279 3191 qai
299 3124 324 3153 se
344 3122 467 3160 Papam,
485 3119 621 3150 ileretica
641 3118 742 3148 dustus
765 3118 917 3155 pravitate,
936 3117 1001 3148 facit
1016 3118 1182 3154 nominare,
1200 3117 1295 3147 adhae-

228 3162 247 3193 si
273 3171 289 3191 e

265 3185 306 3230 Et’
317 3198 407 3239 ipsum
423 3198 595 3228 Bernardum
607 3195 733 3225 Prisonae
748 3193 868 3233 nostrae,
888 3195 916 3224 in
930 3194 1018 3224 Turri
1032 3193 1125 3224 nostra
1142 3192 1275 3230 praedieh
1285 3218 1294 3232 ,

228 3238 464 3269 Commiserimus
477 3259 486 3274 ,
512 3236 620 3265 ibidem
639 3243 708 3264 cum
729 3232 848 3271 praefato
869 3232 1002 3271 Johanne
1017 3256 1028 3272 ,
1051 3232 1086 3263 ad
1108 3232 1292 3263 Voluntatem

225 3277 351 3308 nostram
362 3299 371 3314 ,
387 3274 595 3313 justici-andum
603 3297 613 3310 ,

266 3316 324 3346 Pro
335 3326 371 3345 eo
384 3324 479 3345 tamen
495 3313 592 3352 quiid,
612 3309 785 3341 Venerabilis
805 3309 904 3348 Pater,
924 3312 979 3348 Epi
993 3318 1066 3348 copus
1085 3309 1237 3350 Aquensis,
1255 3309 1292 3340 de

227 3353 375 3385 Dominio
388 3353 488 3383 nostro
504 3351 662 3389 Aquitaniae
672 3372 681 3387 ,
698 3349 727 3378 in
736 3347 909 3378 Cancellaria
923 3359 961 3379 no
990 3359 1017 3379 ra
1032 3349 1210 3387 personaliter
1223 3358 1294 3378 con·

228 3392 354 3430 stitutus,
380 3392 479 3422 Nobis
501 3390 542 3422 est
562 3388 723 3420 testificatus
743 3386 823 3425 quod
845 3388 974 3423 praefatus
995 3388 1153 3417 Bernardus
1169 3410 1179 3426 ‚
1205 3396 1292 3424 quem

229 3431 306 3461 idem
323 3430 478 3468 Episcopus
491 3430 587 3466 novit,
606 3437 635 3458 ut
650 3427 758 3464 asserit,
776 3427 805 3456 in
822 3424 955 3456 Droecese
976 3427 1009 3457 &
1031 3425 1155 3456 Civitate
1177 3426 1228 3456 suis
1252 3426 1293 3456 A-

227 3470 324 3508 quens.
343 3469 497 3499 oriundum
510 3468 606 3505 fuisse,
626 3465 764 3504 praediero
780 3464 915 3494 Domino
929 3465 1027 3495 nostro
1038 3465 1151 3496 summo
1172 3463 1293 3494 Pontifi-

227 3510 254 3538 ci
277 3508 411 3538 obediens
432 3507 472 3537 est
493 3508 526 3538 ὃς
546 3506 701 3543 subjecrus,
720 3504 754 3533 &
776 3504 804 3532 in
826 3501 881 3533 fide
902 3503 1055 3534 Catholica
1070 3503 1186 3534 fideliter
1208 3503 1293 3540 perii-

228 3546 318 3584 stens‚
335 3546 470 3584 quodque
486 3546 562 3575 idem
578 3544 734 3573 Bernartius
749 3541 1029 3585 praefarossAnttpapae
1045 3543 1141 3580 aliquo
1162 3550 1292 3581 ternpore

228 3595 287 3614 non
309 3585 420 3615 adbaeiit
434 3609 444 3622 ,
470 3584 688 3620 manucepitque
708 3582 799 3610 dietus
819 3580 974 3617 Episcopus
997 3582 1100 3611 habere
1121 3580 1290 3618 praedietum

230 3624 418 3660 Ber-nardum,
437 3623 472 3653 de
495 3622 540 3652 die
562 3623 590 3650 in
610 3622 703 3656 diem,
723 3628 821 3649 coram
842 3617 978 3648 Concilio
1002 3619 1119 3656 nostro,
1137 3618 1172 3648 ad
1187 3619 1292 3648 facien-

230 3661 318 3698 dum,
338 3663 369 3691 ὃ(
388 3661 599 3698 recipiendum,
618 3658 696 3697 quod
711 3668 760 3696 per
775 3656 851 3687 idem
867 3655 1034 3688 Concilium
1047 3657 1178 3688 nostrum
1194 3656 1230 3687 de
1255 3668 1291 3688 eo

232 3702 383 3733 contigerit
398 3700 536 3737 ordinari,

270 3736 360 3779 Vobis
376 3737 548 3767 mandamus
566 3735 645 3773 quod
669 3734 757 3771 ipsum
780 3734 951 3763 Bernardum
971 3736 1087 3773 praefato
1110 3733 1254 3772 Episcopo
1277 3744 1293 3765 a

232 3773 344 3805 Prriona
359 3777 491 3812 praedifta
504 3775 648 3805 deliberari
661 3773 764 3803 faciatis

268 3812 355 3843 Teste
369 3814 450 3854 Rege
464 3815 537 3853 apud
550 3813 593 3844 W
595 3810 856 3848 estmonasterium,
873 3810 989 3842 decimo
1002 3811 1048 3842 die
1059 3810 1171 3850 Aprilis.

1340 699 1392 718 mae
1407 691 1487 718 Graa
1502 688 1570 720 Civi
1584 688 1736 729 Eborum,
1753 690 1888 721 Salutem.

1379 726 1565 773 Reducentes
1585 727 1708 772 corditer
1728 728 1764 759 ad
1784 731 1957 760 memoriam
1978 731 2095 770 qualiter
2107 757 2117 772 ,
2142 741 2275 774 tempore
2292 735 2408 776 suseepti

1341 765 1439 811 Regrn
1453 766 1544 811 nostri
1559 766 1737 812 RegiminiS,
1755 777 1880 812 (gramm,
1898 770 2000 808 &jam
2014 770 2124 810 sumus,
2142 773 2269 813 undique
2289 774 2409 808 Guerris

1338 805 1470 845 gravibus
1484 806 1624 844 involuti,
1642 815 1675 836 ac
1688 806 1815 837 inimicis
1829 808 2061 848 quampluribus,
2079 811 2129 848 qui
2141 811 2211 843 Nos
2223 812 2410 851 &Regnum

1339 844 1472 888 nostrum
1489 844 1601 889 Angliae
1614 844 1755 876 destruere
1771 845 1863 884 (quod
1874 846 1955 884 abfit)
1971 847 2107 879 ha&enus
2120 848 2297 891 laborarunt,
2315 854 2349 884 &
2364 854 2409 883 in-

1337 882 1397 913 dles
1411 894 1465 922 pro
1478 883 1591 914 Viribus
1605 883 1767 923 elaborant,
1780 885 1947 918 circumdati
1963 886 2045 918 Miro
2061 887 2173 927 modo,
2186 899 2241 921 nec
2255 890 2326 922 dum
2339 891 2408 924 inde

1338 922 1495 953 credendus
1511 922 1553 954 est
1564 922 1659 961 Finis,

1376 961 1415 992 Et
1435 962 1517 1001 licet,
1534 972 1570 992 eo
1589 970 1745 1005 praeteXtu,
1760 972 1814 1006 nos
1833 965 1978 1003 oportuit,
1995 974 2029 996 ac
2051 972 2185 1004 oportet,
2209 966 2238 996 in
2261 968 2389 1005 praesenti

1338 999 1504 1031 nostrorum
1518 999 1680 1044 Sublidium
1696 1000 1892 1041 subditorum,
1910 1012 1966 1042 pro
1977 1003 2067 1035 nostri
2081 1006 2115 1038 &
2128 1003 2243 1036 illorum
2255 995 2410 1040 Defenfio³
2428 1025 2431 1029 ’

1338 1048 1392 1076 ne,
1413 1039 1606 1078 multipliciter
1622 1040 1772 1078 invocare,

1376 1077 1431 1116 Ipsi
1443 1087 1538 1109 tamen
1553 1077 1681 1115 Subditi,
1700 1078 1784 1109 nobis
1798 1080 1827 1109 in
1840 1078 1969 1118 praesenti
1982 1078 2174 1114 Parliamento
2194 1083 2295 1115 nostro
2314 1087 2406 1125 gravi-

1338 1123 1381 1147 ter
1394 1117 1584 1184 qluerelando,
1598 1116 1793 1148 monstrarunt
1813 1118 1931 1156 qualiter
1949 1117 2180 1152 communitates
2198 1122 2296 1161 Regni
2314 1125 2406 1156 nostri

1338 1154 1469 1194 Angrae,
1487 1166 1537 1194 per
1552 1155 1723 1200 multiplices
1744 1155 1907 1201 Solutiones
1927 1156 2132 1199 Decimarutn,
2153 1161 2408 1201 Qintarumdeci-

1339 1203 1470 1232 marum,
1494 1195 1528 1225 &
1549 1195 1671 1225 aliorum
1693 1194 1890 1226 subsidiorum
1911 1195 2104 1236 diversorum,
2128 1200 2187 1230 tam
2208 1200 2347 1233 Domino
2366 1205 2404 1233 E.

1338 1237 1516 1278 nuper-Regi.
1527 1232 1662 1280 xAngliae,
1680 1232 1748 1264 Avo
1769 1233 1889 1274 nostro,
1905 1236 1991 1273 quam
2012 1235 2129 1275 Nobis,
2154 1248 2209 1276 pro
2228 1239 2405 1273 Defenfione

1339 1271 1440 1310 Regni
1452 1272 1551 1317 saepius
1563 1272 1781 1311 concessorum,
1798 1282 1831 1303 ac
1845 1274 1903 1304 aliis
1917 1274 1954 1305 de
1965 1275 2052 1306 causis
2064 1277 2331 1317 quampluribus,in
2344 1289 2406 1312 tan-

1339 1319 1399 1354 tam
1413 1311 1543 1356 Inopiam
1557 1311 1618 1355 sunt
1631 1311 1767 1355 colapsae,
1786 1313 1866 1349 quod
1880 1312 1929 1350 ipfi
1952 1323 2040 1344 onera
2059 1314 2237 1354 hujusmodi,
2256 1327 2322 1356 quae
2342 1319 2392 1349 fibi

1339 1352 1390 1380 nih
1404 1350 1488 1382 dietis
1500 1350 1619 1381 Guerris
1632 1350 1751 1381 celerius
1761 1350 1844 1382 detur
1866 1351 1963 1390 Finis,
1980 1352 2027 1383 seu
2046 1352 2083 1383 de
2100 1353 2156 1385 alio
2179 1355 2326 1387 Remedio
2345 1343 2408 1389 suc-³

1339 1398 1481 1432 curratur,
1499 1389 1602 1420 eisdem
1620 1390 1742 1419 omniuo
1763 1390 1953 1429 importabilia
1974 1390 2113 1432 existunt,
2139 1403 2194 1425 nec
2217 1404 2249 1426 ea
2268 1404 2406 1433 poterunt

1337 1427 1371 1457 ah
1394 1428 1491 1460 ualiter
1505 1428 1652 1466 sustinere,

1402 1475 1413 1497 t
1427 1467 1525 1498 Nobis
1539 1467 1683 1498 humiliter
1697 1466 1888 1505 supplicarunt
1902 1475 1950 1507 ut,
1968 1468 2003 1500 ad
2015 1468 2173 1501 Honorem
2188 1471 2319 1504 nostrum
2333 1475 2408 1511 pari-

1338 1512 1381 1535 ter
1395 1506 1429 1536 &
1446 1506 1666 1543 Commodum,
1684 1516 1717 1536 ac
1730 1516 1783 1544 pro
1795 1506 1942 1537 diciorum
1956 1507 2095 1539 Fidelium
2111 1509 2269 1549 Ligeorum
2292 1512 2407 1543 nostro-

1338 1553 1403 1574 rum
1416 1555 1445 1574 m
1458 1545 1510 1576 hac
1525 1554 1602 1583 parte
1618 1544 1807 1576 Relevatione
1842 1544 1988 1577 Vellemus
2000 1546 2071 1578 Nos
2093 1549 2128 1579 &
2148 1549 2250 1580 statum
2272 1550 2406 1583 nostrum

1337 1581 1387 1627 sub
1400 1584 1460 1628 tam
1472 1585 1585 1616 decenti
1602 1584 1635 1614 &
1649 1583 1795 1614 conformi
1811 1569 1839 1614 i<
1879 1586 1966 1616 'mine
1977 1586 2139 1626 gubernari,
2157 1597 2191 1619 ac
2207 1587 2333 1620 Gestum
2347 1589 2405 1621 Of-

1337 1620 1512 1665 ficiariorum
1532 1624 1566 1654 &
1587 1621 1790 1667 Ministrorum
1812 1626 1864 1654 noi
1892 1633 1994 1663 orum,
2011 1634 2062 1665 per
2081 1635 2206 1664 quorum
2227 1627 2408 1660 inadverten-

1337 1668 1406 1691 t1atn
1425 1662 1458 1692 &
1478 1662 1690 1701 negligentiam,
1712 1662 1746 1691 &
1766 1662 1808 1692 ob
1823 1661 1983 1694 Defectum
1999 1663 2069 1694 boni
2082 1665 2241 1704 Regiminis
2253 1667 2407 1699 Poffeffio-

1337 1709 1408 1730 num
1428 1700 1463 1731 &
1485 1701 1596 1731 Rerum
1617 1699 1794 1737 nostrarum,
1811 1709 1845 1730 ac
1868 1710 1986 1739 propter
2007 1703 2179 1735 exceffivum
2203 1707 2237 1738 &
2258 1706 2404 1738 insolitum

1340 1739 1464 1770 modurn
1482 1739 1672 1778 Expensarum
1696 1739 1724 1768 in
1744 1738 1859 1769 Officiis
1873 1739 2032 1779 praedietis,
2047 1739 2181 1780 Dampna
2198 1745 2407 1783 quamplurima

1336 1778 1371 1809 ὃς
1393 1778 1599 1822 incommoda,
1618 1778 1679 1808 tam
1699 1776 1818 1816 Nobis,
1835 1778 1923 1816 quarn
1941 1778 2052 1817 Regno
2074 1780 2174 1812 nostro
2194 1783 2349 1822 praedidio,
2374 1794 2408 1817 ut

1337 1815 1478 1855 afferunt,
1497 1817 1690 1855 multipliciter
1715 1825 1887 1855 evenerunt,
1904 1827 1959 1848 nec
1979 1827 2040 1849 non
2059 1817 2261 1852 Emolumenta
2281 1823 2315 1854 &
2336 1823 2410 1855 Pro-

1337 1865 1439 1888 ventus
1460 1857 1619 1888 Terrarum
1641 1857 1675 1887 &
1696 1851 1909 1899 Dominiorum
1931 1856 2096 1888 nostrorum
2109 1883 2119 1896 ,
2151 1869 2184 1890 ac
2212 1859 2278 1892 Rec
2315 1862 2408 1894 tiones

1337 1905 1594 1934 quorumcumque
1617 1894 1829 1933 Denanorurn,
1852 1895 1912 1926 tam
1931 1905 1986 1934 pro
2005 1895 2140 1936 Guerris,
2162 1899 2250 1936 quam
2268 1909 2284 1930 a
2325 1899 2409 1939 Opus

1337 1935 1372 1965 &
1389 1933 1530 1973 Expensas
1546 1933 1641 1965 nostra
1655 1932 1889 1972 Deputatorum‚
1908 1933 1947 1964 fic
1962 1934 2059 1974 inspici
2073 1935 2109 1966 &
2129 1935 2282 1975 diligenter
2303 1941 2412 1971 exami-

1337 1974 1398 2017 nari
1415 1973 1534 2012 jubere,
1552 1982 1583 2004 ut
1602 1982 1670 2010 nos,
1686 1980 1773 2010 prout
1794 1971 1897 2011 Regiae
1919 1976 2057 2006 convenit
2079 1973 2118 2005 M
2152 1976 2248 2017 estati,
2271 1977 2406 2010 decenter

1337 2011 1463 2051 Vivere,
1481 2013 1515 2044 δε
1529 2021 1636 2050 partem
1653 2009 1780 2041 nostram
1792 2010 1913 2042 aliorum
1927 2021 2048 2043 onerum
2061 2023 2095 2052 pr
2141 2015 2285 2055 ieiorum,
2303 2018 2332 2047 in
2346 2017 2409 2049 Re-

1336 2051 1510 2082 levationem
1530 2052 1565 2083 &
1587 2049 1733 2081 Auxilium
1753 2048 1900 2081 dictorum
1925 2051 2093 2083 nostrorum
2107 2053 2297 2086 Subditorum
2318 2055 2409 2095 (salvis

1336 2092 1368 2122 in
1374 2091 1518 2160 1chmnibus
1531 2089 1633 2121 nostris
1651 2087 1811 2128 Regalitate
1822 2089 1857 2121 &
1871 2089 1996 2128 honore)
2010 2093 2168 2130 poterimus
2181 2093 2360 2134 supportare,

1412 2139 1444 2160 os
1472 2145 1474 2147 v

1375 2169 1395 2189 ’κ
1416 2153 1465 2200 Aa
1485 2167 1624 2212 Qietem
1644 2167 1678 2200 &
1697 2164 1876 2211 Relevamen
1900 2170 2036 2201 omnium
2063 2169 2190 2202 fidelium
2215 2171 2406 2205 Subditorum

1337 2206 1503 2238 nostrorum
1517 2206 1625 2245 ubique
1639 2205 1799 2244 prospicere
1812 2206 1956 2246 volentes,
1977 2216 2009 2240 ut
2023 2217 2171 2249 tenemur,

1376 2244 1620 2284 Advertentesque
1633 2244 1772 2283 Dampna
1783 2247 1872 2284 quarn
1887 2248 2009 2278 maxima
2023 2247 2233 2288 Incommoda,
2252 2251 2312 2282 tarn
2324 2252 2408 2282 nobis

1338 2286 1426 2324 quam
1449 2286 1504 2316 toti
1527 2284 1554 2315 R
1595 2294 1634 2315 no
1656 2283 1773 2323 nostro,
1791 2285 1832 2315 ob
1857 2283 2017 2317 Defectum
2035 2287 2069 2318 &
2083 2288 2315 2320 inadvertentiam
2327 2289 2406 2322 Offi-

1337 2325 1491 2355 ciariorum
1503 2325 1537 2356 &
1593 2322 1755 2354 inistrorum
1769 2322 1952 2363 nostrorum,
1970 2325 1990 2356 si
2009 2325 2128 2357 fortaffis
2150 2327 2338 2368 Negligentes
2358 2329 2407 2362 vel

1338 2362 1460 2394 Remiffi
1474 2363 1594 2401 fuerint,
1609 2361 1645 2393 de
1657 2362 1733 2393 facili
1746 2361 1826 2402 posse
1842 2364 1973 2403 evenire,

1373 2402 1601 2440 Cupientesque,
1617 2411 1650 2432 ea
1664 2401 1702 2432 de
1726 2401 1821 2439 causa,
1836 2411 1959 2432 omnem
1977 2402 2247 2444 immoderantiam,
2269 2414 2408 2445 quatenus

1336 2441 1457 2486 honeste
1478 2441 1676 2479 debuerimus,
1701 2439 1824 2472 Honore
1845 2439 1946 2471 nostro
1968 2443 1998 2472 in
2019 2443 2156 2475 omnibus
2176 2444 2269 2484 salvo,
2295 2445 2408 2484 penitus

1336 2490 1476 2518 exnrpare

1376 2502 1646 2587 Aficdde’lndustria,
1663 2516 1828 2556 Fidelitate,
1843 2518 1878 2550 &
1893 2517 2161 2560 Circumspefflone
2180 2521 2279 2554 vestris
2298 2521 2409 2560 plenius

1336 2568 1393 2589 con
1435 2566 1512 2588 entes

1376 2580 1586 2635 Affignavi’mus
1608 2594 1670 2625 Vos
1684 2619 1694 2632 ‚
1720 2593 1948 2634 Qatuordecim
1961 2618 1972 2633 ,
1997 2595 2166 2628 Tresdecim
2180 2622 2190 2636 ‚
2217 2597 2407 2636 Duodecim,

1336 2635 1506 2673 Undecim,
1525 2633 1657 2671 Decem,
1675 2632 1819 2670 Novem,
1840 2632 1939 2672 0610,
1957 2634 2091 2674 Septem,
2111 2635 2186 2675 Sex,
2204 2637 2238 2668 &
2265 2637 2407 2676 Qinque

1336 2673 1466 2705 vestrum
1481 2674 1618 2712 (quorum
1633 2672 1669 2703 de
1684 2672 1812 2711 quolibet
1826 2671 1926 2702 Gradu
1940 2673 1974 2704 ὃς
1999 2673 2079 2704 Statu
2096 2674 2235 2706 Vestrum
2257 2686 2350 2707 unum
2370 2675 2406 2706 ad

1337 2714 1431 2744 minus
1446 2712 1581 2744 Interesse
1594 2711 1746 2747 Volumus)
1762 2710 1796 2740 ad
1811 2711 1909 2740 omnia
1924 2710 2022 2750 Loca,
2042 2711 2159 2752 Curias,
2177 2714 2210 2745 &
2225 2713 2338 2745 Placeas
2351 2722 2408 2745 no-

1337 2752 1409 2790 stra,
1428 2752 1487 2782 tam
1504 2750 1658 2790 (videlicet)
1674 2751 1705 2779 in
1721 2749 1882 2787 Receptam
1897 2748 2038 2781 Scaccarii
2051 2752 2158 2791 nostri,
2177 2753 2264 2791 quam
2278 2753 2331 2784 alia
2345 2751 2408 2783 Lo-

1336 2801 1369 2821 ca
1384 2790 1496 2829 nostra,
1514 2791 1571 2821 una
1586 2799 1654 2820 cum
1669 2788 1845 2819 Custodibus
1859 2788 1894 2819 &
1906 2787 2061 2821 Officiariis
2072 2800 2192 2829 eorum,
2210 2791 2353 2828 Intrandi‚
2371 2792 2406 2822 &

1336 2829 1447 2860 ibidem
1461 2852 1471 2868 ,
1503 2830 1559 2860 unii
1578 2838 1648 2859 cum
1668 2827 1808 2858 Ministris
1827 2828 1861 2859 δε
1882 2826 2036 2859 Officiariis
2061 2830 2204 2867 praedistis
2217 2854 2228 2868 ,
2259 2830 2385 2860 Rotulos
2397 2854 2409 2868 ,

1337 2867 1486 2906 Compota
1523 2870 1557 2899 &
1571 2876 1766 2906 quaecumque
1781 2866 1832 2896 alia
1853 2865 2065 2906 Memoranda,
2083 2867 2277 2906 Receptiones
2298 2867 2410 2899 Reddi-

1338 2914 1420 2937 tuum
1442 2908 1475 2938 ὅ(
1493 2892 1697 2937 ’Proventuum
1712 2928 1723 2944 ,
1754 2914 1788 2936 ac
1808 2905 1971 2935 Solutiones
1992 2905 2185 2936 Denariorum
2214 2905 2381 2937 nostrorum
2395 2930 2406 2944 ,

1338 2946 1556 2983 concernentia,
1573 2945 1620 2974 dili
1641 2952 1720 2974 enter
1733 2942 1921 2981 Inspiciendi,
1939 2942 2140 2982 Examinandi,
2155 2945 2191 2976 δε
2205 2944 2372 2983 Scrutandi,

1376 2983 1597 3022 Specialiterque
1633 2981 1818 3021 upervidendi
1832 2982 1865 3013 δε
1888 2980 2074 3012 Examinandi
2095 2982 2291 3014 Revensiones
2311 2984 2345 3014 &
2364 2982 2406 3014 E-

1339 3023 1521 3059 molumenta
1544 3030 1752 3060 quaecumque,
1772 3024 1831 3050 tam
1854 3020 1884 3050 R
1921 3021 1950 3050 ni
1971 3020 2059 3050 nostri
2083 3020 2228 3060 praeditsti,
2245 3031 2279 3052 ac
2300 3022 2406 3053 Terra-

1338 3071 1422 3099 rum,
1447 3061 1677 3097 Dominiorum,
1701 3058 1876 3095 Civitatum,
1932 3058 2058 3097 illarum,
2081 3058 2268 3098 Castrorum,
2286 3060 2406 3092 Fortali-

1338 3100 1453 3130 ciorum
1470 3123 1479 3137 ,
1505 3101 1540 3131 &
1560 3099 1674 3129 aliarum
1696 3097 1908 3127 Poffeffionum
1952 3096 2116 3128 nostrorum
2137 3107 2405 3139 quorumcumque,

1336 3146 1396 3168 tam
1411 3137 1574 3168 Cismarinis
1588 3138 1676 3175 quam
1691 3135 1897 3166 Transmarinis
1909 3120 2035 3166 f'artibus
2048 3136 2245 3176 existentium,

1376 3175 1601 3214 Proficuumque
1623 3176 1656 3207 ὃς
1677 3173 1919 3205 Emolumentum
1940 3176 2074 3205 omnium
2095 3174 2281 3207 Monetarum
2295 3177 2406 3208 nostra-

1336 3224 1401 3245 rum
1416 3216 1450 3246 &
1467 3214 1622 3245 Billionum
1636 3213 1760 3252 ibidem,
1778 3223 1894 3245 necnon
1915 3213 2094 3244 Prioratuum
2116 3215 2150 3245 ὃς
2176 3215 2342 3246 Domorum
2362 3216 2405 3247 A-

1335 3253 1540 3290 lienigenarum
1549 3275 1559 3291 ,
1578 3253 1602 3283 V
1606 3254 1827 3291 acationurnque
1842 3252 2144 3291 Archiepiscopatuum
2153 3276 2162 3291 ,
2170 3252 2403 3294 Episcopatuum,

1336 3292 1524 3322 Abbatiarum
1533 3314 1543 3330 ,
1563 3292 1596 3322 &
1612 3291 1809 3330 Prioratuum,

1374 3330 1420 3361 Ac
1435 3331 1471 3361 de
1490 3329 1622 3368 Wardis,
1639 3329 1811 3370 Marimgiis,
1827 3329 1965 3369 Escaetis,
1982 3330 2017 3362 &
2039 3328 2235 3362 Forisfaeturis
2254 3331 2403 3371 universis,

1334 3369 1368 3400 ad
1384 3380 1436 3400 nos
1450 3371 1672 3408 pertinentibus,

1372 3408 1411 3439 Et
1426 3408 1462 3439 de
1476 3407 1619 3448 Captione
1634 3407 1876 3447 Prisonariorum,
1895 3406 2050 3446 villarum,
2071 3407 2242 3446 Locorum,
2260 3407 2404 3447 Navium,

1335 3447 1373 3515 ᾗ
1382 3447 1531 3478 Bonorum
1543 3448 1580 3478 de
1593 3447 1706 3479 Guerra
1720 3447 1917 3485 ubicumque,
1935 3445 1993 3476 tam
2014 3455 2065 3484 per
2087 3446 2228 3486 Terram,
2247 3447 2334 3485 quam
2352 3456 2404 3486 per

1375 3496 1437 3524 are,
1455 3496 1605 3524 captorum

1372 3524 1410 3555 Et
1423 3525 1458 3555 de
1473 3509 1623 3556 Beneficii}
1633 3525 1666 3555 &
1681 3524 1739 3555 aurs
1753 3522 1977 3554 Poffeffionibus
1992 3524 2127 3555 omnibus
2140 3523 2333 3555 Cardinalium
2339 3523 2400 3554 Re-

1334 3564 1452 3594 bellium
1461 3586 1470 3601 ,
1489 3566 1522 3594 &
1535 3564 1654 3594 aliorum
1668 3562 1856 3593 Inimicorum
1869 3562 2034 3593 nostrorum
2043 3586 2053 3601 ,

1372 3602 1410 3632 Et
1431 3602 1635 3633 Emolumenta
1653 3602 1767 3638 omnia,
1785 3601 1845 3631 tam
1867 3601 1905 3631 de
1919 3601 2052 3639 Antiquis
2065 3600 2232 3639 Custumis,
2249 3600 2333 3638 quam
2346 3608 2401 3629 no-

1335 3642 1376 3671 vis
1399 3641 1548 3678 Subfidiis,
1575 3640 1716 3671 Lanarum
1759 3638 1916 3670 Coriorum
1932 3664 1941 3677 ,
1967 3639 2089 3670 Pellium
2110 3641 2265 3670 lanutarum
2279 3660 2289 3676 ,
2313 3638 2346 3668 &
2366 3638 2403 3669 de

1337 3679 1458 3717 Pannis‚
1477 3679 1577 3717 Vinis,
1594 3680 1628 3710 &
1642 3678 1699 3709 aliis
1714 3662 1815 3708 Rebus
1830 3678 1864 3708 &
1880 3677 2081 3708 Mercimoniis
2094 3677 2319 3716 quibuscumque
2331 3677 2402 3708 infra

1336 3717 1473 3761 Regnum
1490 3718 1523 3748 ὃς
1539 3717 1679 3748 Dominia
1692 3716 1788 3747 nostra
1803 3718 1937 3754 praediCta
1951 3715 2058 3748 Duffis
2076 3718 2110 3749 ὅτ.
2131 3715 2294 3753 Ducendis,
2312 3716 2346 3746 ὃς
2366 3716 2401 3747 ab

1334 3757 1439 3786 eudem
1454 3756 1574 3787 Eduffis
1585 3757 1619 3787 &
1633 3755 1796 3786 Educendis

1374 3795 1422 3826 Ac
1437 3796 1520 3825 etiam
1536 3795 1666 3832 Recepta
1679 3795 1712 3825 &
1733 3778 1865 3825 Proiicua
1884 3793 2038 3831 Hanaperii
2059 3790 2258 3829 Cancellariae,
2277 3792 2310 3823 ὃς
2331 3791 2401 3823 alio-

1336 3843 1399 3863 rum
1416 3833 1584 3871 Cunarum,
1603 3833 1789 3872 Placearum,
1799 3834 1832 3863 &
1847 3832 2001 3863 Locorum
2016 3831 2179 3861 nostrorum
2193 3840 2401 3867 quorumcum-

1336 3882 1407 3910 que,
1422 3873 1481 3902 tam
1496 3882 1546 3911 per
1560 3882 1660 3902 manus
1674 3871 1924 3902 Thesaurariorum
1939 3870 2100 3900 nostrorum
2116 3877 2169 3906 pro
2184 3868 2297 3899 Guerra
2310 3869 2402 3909 nuper

1335 3910 1555 3948 deputatorum,
1574 3911 1608 3941 δε
1622 3911 1650 3939 in
1665 3910 1795 3950 Recepta
1808 3910 1946 3941 Scaccarii
1961 3907 2064 3944 nostri,
2081 3908 2168 3943 quam
2186 3909 2213 3937 in
2236 3907 2399 3945 Hanaperio

1336 3949 1370 3978 &
1385 3949 1441 3978 aliis
1457 3949 1545 3979 Locis
1560 3949 1594 3980 &
1612 3948 1718 3979 Placeis
1731 3948 1834 3979 nostris
1850 3946 2003 3986 praediffis,
2022 3945 2269 3984 qualitercumque
2282 3945 2399 3984 Recep-

1336 3995 1363 4016 ta
1398 3997 1412 4015 a
1429 3996 1560 4025 tempore
1573 3986 1777 4018 coronationis
1788 3985 1893 4016 nostrae
1909 3985 2070 4021 hucuique,

1400 4026 1559 4056 xaminandi
1586 4025 1695 4063 insuper
1723 4027 1758 4057 &
1782 4024 1929 4061 diligenter
1957 4021 2126 4059 Inspiciendi
2146 4023 2236 4062 qualia
2256 4020 2344 4090 Vassa
2366 4022 2401 4089 ἐς

2330 4068 2365 4091 eo
2385 4070 2399 4092 a

2429 2171 2446 2193 t
2456 2162 2528 2209 vn?
2543 2152 2549 2163 ”

2428 2222 2443 2240 2
2446 2220 2494 2249 51²
