2561 4251
181 108 259 144 192

34 177 164 212 Ann.D.
180 189 250 211 neur
270 152 307 209 d⁵e
325 186 384 209 noz
405 177 541 216 presentes
555 174 680 212 Lettres,
699 174 788 205 Nous
809 174 889 205 Vous
910 173 1057 204 Mandons
1072 182 1127 211 que
1143 169 1251 202 tantost

56 227 141 258 1372.
180 220 214 251 ὃ(
235 218 301 248 senz
322 218 398 256 delay
411 226 443 245 ce
457 216 515 245 leur
531 215 578 244 soit
596 213 717 244 Adrecie
730 214 762 243 ὅ(
776 212 905 243 Amende
920 212 1073 249 duement,
1094 211 1200 241 iicome
1216 209 1249 240 ils

35 258 104 286 ἱόν.
125 267 151 295 3.
182 257 365 294 appartendra
384 265 399 284 a
418 254 486 283 faire
500 252 536 283 de
551 252 657 290 raison,
676 251 734 282 Car
752 251 817 281 ainsi
833 260 904 281 nous
916 250 987 290 plest
1003 251 1035 282 &
1053 250 1080 280 le
1095 250 1196 280 volons
1208 258 1251 278 es-

182 303 226 326 tre
240 296 297 325 fait.
1114 290 1121 297 '

223 333 304 363 Don.
327 342 341 361 a
361 329 455 360 nostre
478 328 562 360 Citee
585 329 621 359 de
643 327 789 361 Londres,
808 327 834 356 le
853 336 887 357 xx
900 328 966 365 jour
981 327 1015 356 de
1033 326 1169 364 Feverer,
1189 324 1256 356 l'An

186 371 223 402 de
237 372 261 401 la
276 370 408 400 Nativize
422 367 517 398 nostre
533 367 666 407 Seigneur
682 365 764 403 Min,
777 365 963 402 Troiicemz,
980 366 1112 404 Septanre
1126 365 1159 396 &
1173 363 1257 401 deux,

187 411 221 440 ὃς
244 410 278 439 <le
302 406 518 477 i-ozssssggnes,
533 406 570 437 de
595 406 701 436 france
718 404 813 435 Trent
833 406 866 437 &
889 405 992 442 Trois,
1010 406 1045 435 &
1064 403 1256 443 d'Engleterre

190 448 350 486 Qarrante
434 455 464 475 ts.

227 523 352 554 Autieles
376 522 485 553 Lertres
505 522 541 552 de
563 521 634 552 Saus
650 520 748 551 Garde
764 521 797 552 &
813 520 941 551 Conduit
955 520 1018 551 sont
1032 520 1110 550 faites
1126 529 1177 558 pur
1193 517 1256 547 ΙἘ-

190 561 290 602 veslque
310 563 342 592 de
362 565 442 591 Laon
452 585 461 600 ‚
479 560 504 590 le
518 563 601 590 Dean
613 560 645 589 de
658 562 756 597 Paris,
773 561 810 590 les
825 559 940 590 Nobles
955 559 1122 596 Parionnes,
1137 557 1174 587 les
1187 561 1257 587 Sires

190 603 223 631 de
236 600 396 641 chastillon,
415 601 448 630 ὃς
466 599 604 636 Ingelram
617 600 649 628 a'e
665 600 762 628 Hedon
777 598 939 637 Chivalers,
960 598 1099 636 Messages
1111 597 1147 627 de
1161 596 1257 626 nostre

189 640 229 670 dit
255 640 416 670 Adverlaire
439 638 610 676 Desarrnez,
630 638 663 668 ὃς
690 647 744 677 pur
764 637 824 667 leur
847 637 874 667 V
877 638 974 675 allet‘L,
999 635 1159 673 Chivaulx,
1177 635 1259 666 Biens

192 679 226 710 &
245 678 371 709 Hernois
390 677 542 716 qelconqes
557 699 566 715 ,
587 687 620 707 en
642 686 744 707 venant
766 687 814 714 par
837 675 936 706 devers
956 676 993 706 les
1016 675 1077 705 ditz
1091 674 1268 712 Cardinalx,

192 717 336 756 Mesl'ages
355 718 391 747 de
413 715 506 746 nostre
529 715 606 746 Seint
624 715 723 752 Piere,
741 716 774 746 &
790 724 807 755 y
821 714 952 745 demurer
967 716 1000 746 &
1013 715 1134 752 traitier‚
1151 713 1184 744 &
1197 713 1259 743 d'il-

190 755 453 833 ΙΟἙΞἍΥἙἚΞΞ·
463 764 532 785 com
546 754 637 784 dessus
653 753 693 785 est
708 754 766 793 dit,
784 764 799 784 a
814 753 897 784 duret
913 762 1016 792 tanque
1031 763 1046 783 a
1062 753 1104 784 dit
1121 761 1221 792 temps.

226 871 350 903 Autieles
373 871 483 902 Letrres
503 870 539 901 de
559 869 632 901 Sauf
647 868 745 899 Garde
766 868 799 900 &
820 868 953 900 Conduit
975 869 1038 900 sont
1059 868 1135 899 faites
1151 877 1203 906 pur
1219 868 1258 899 les

189 910 251 941 ditz
273 909 400 951 Evesque
418 910 449 939 de
471 912 568 946 Laon,
588 909 612 938 le
633 911 715 938 Dean
738 908 769 937 de
786 910 885 946 Paris,
903 909 939 938 les
955 908 1068 938 Nobles
1084 907 1258 946 Parsonnes,

189 949 226 980 les
243 954 312 980 Sires
327 951 358 979 de
374 947 537 987 Chastrlbm,
555 949 588 979 &
606 946 742 984 Ingelram
757 948 788 976 de
803 947 898 976 Hedon
908 969 917 984 ,
936 945 1101 984 Chivalers,
1119 945 1258 985 Messages

190 989 228 1019 de
246 990 264 1008 ²*
281 989 379 1019 nostre
399 988 439 1018 dit
465 987 644 1023 Adverl'aire,
665 985 832 1023 Del'armes,
851 986 883 1015 ὅ(
899 996 951 1023 pur
967 985 1024 1016 leur
1039 985 1166 1023 Valieiz,
1185 984 1260 1016 Chi-

193 1027 272 1063 valz,
292 1027 391 1065 Biens,
410 1027 441 1057 ὃς
465 1025 592 1056 Hernois
611 1025 782 1063 qelconqu,
801 1034 836 1054 en
852 1033 953 1054 venant
972 1024 1117 1061 pardevers
1138 1024 1177 1055 les
1198 1024 1260 1055 ditz

192 1065 342 1096 Cardinalx
355 1089 363 1104 ,
388 1065 529 1103 Messziges
550 1063 586 1094 de
607 1063 702 1093 nostre
723 1064 801 1093 Seint
823 1063 922 1100 Piere,
939 1062 1025 1092 sibien
1047 1062 1169 1094 deinzla
1183 1061 1260 1094 Ville

191 1104 230 1134 de
251 1103 358 1142 Calais,
378 1114 467 1134 come
483 1114 517 1133 en
533 1103 570 1133 les
586 1101 738 1132 Marchees
750 1111 789 1131 ou
804 1101 908 1132 Parties
920 1101 955 1131 de
969 1100 1060 1131 Calais
1078 1102 1111 1132 ὃ(
1125 1101 1161 1131 de
1176 1100 1227 1132 Gu
1248 1118 1260 1124 ·

192 1146 309 1211 nsciszi'&
328 1143 498 1211 yddeinorer
513 1143 546 1173 &
565 1142 730 1209 παιιῑίεῃηὲξε
746 1140 890 1178 d’illoeqes
905 1149 1050 1171 retourner
1065 1148 1154 1171 come
1168 1140 1203 1170 de
1231 1150 1260 1170 us

191 1192 208 1212 e
270 1192 306 1220 it,
325 1193 340 1212 a
374 1191 433 1212 urer
453 1191 557 1219 tanque
573 1191 586 1209 a
602 1189 641 1209 out
658 1189 684 1210 te
718 1189 757 1218 ps.

186 1267 207 1297 p
228 1219 308 1250 Don.
327 1231 343 1251 a
359 1219 485 1251 Westm.
504 1220 530 1249 le
548 1220 655 1249 Tiercz
672 1217 746 1257 Jour
768 1217 804 1249 de
829 1216 953 1256 Marcz,
978 1216 1064 1257 1’An,
1082 1215 1144 1254 &a
1164 1223 1196 1247 ut
1209 1216 1261 1257 β-

209 1269 251 1288 ra.

37 994 57 1013 ⁴*
76 994 131 1022 VI.

40 1041 104 1066 712.

242 1388 336 1431 Super
361 1384 560 1432 Alligantiis,
586 1395 656 1417 cum
680 1385 774 1431 Rege,
801 1385 907 1415 Litera
927 1384 1024 1416 Ducis
1043 1385 1214 1417 Britanniae.

44 1474 124 1506 Ann.
138 1472 179 1505 D.
201 1470 254 1528 A

69 1521 155 1552 1372.

42 1555 96 1582 An.
115 1554 162 1588 46.

44 1633 87 1659 Ex
98 1600 158 1657 {iu-
199 1633 291 1665 temps
314 1625 404 1664 passe,
421 1635 436 1655 a
455 1635 526 1656 nous
546 1634 611 1665 par,
629 1625 726 1656 nostre
740 1625 880 1662 Seigneur
895 1624 928 1655 &
945 1622 1030 1662 Pere,
1051 1624 1075 1653 le
1090 1623 1157 1663 Roy
1169 1623 1265 1654 d'An-

43 1674 110 1704 ιαμ.
197 1667 330 1706 gleterre,
349 1666 382 1695 &
397 1664 446 1695 des
460 1663 599 1694 Alliances
611 1664 778 1695 d'autrefoiz
792 1663 897 1693 d'entre
913 1663 949 1694 Li
963 1664 996 1694 δε
1013 1661 1115 1700 Nous,

235 1703 274 1736 Et
285 1704 411 1734 deliranz
423 1713 457 1733 au
473 1702 559 1732 mielz
573 1712 628 1741 que
642 1713 714 1733 nous
726 1702 894 1741 pourrions,
914 1711 928 1731 a
941 1701 1038 1732 nostre
1053 1701 1129 1740 plain
1147 1699 1266 1739 Pouoir,

196 1751 256 1774 tant
268 1753 324 1781 que
341 1743 497 1772 bonement
513 1740 539 1771 se
552 1750 618 1780 peut
633 1743 782 1780 extendre,
801 1741 826 1771 le
838 1740 977 1777 deservir,

234 1781 322 1813 Nous
344 1780 466 1811 voulons
482 1803 492 1818 ,
518 1789 616 1809 envers
637 1789 725 1819 touz,
741 1781 774 1811 ὅ(
796 1787 898 1809 contre
922 1787 1009 1816 muz,
1027 1788 1084 1818 que
1099 1777 1212 1810 Bonnes
1232 1779 1266 1810 &

197 1820 323 1851 Firmeoe
342 1819 484 1851 Alliances
504 1817 594 1848 soient
615 1828 711 1856 entre,
735 1817 830 1848 nostre
849 1817 891 1847 dit
913 1817 1049 1856 Seigneur
1071 1818 1105 1849 &
1126 1817 1215 1856 Pere,
1240 1818 1267 1848 le

197 1858 267 1899 Roy
281 1858 492 1897 d'Angleterre,
512 1855 551 1887 ses
565 1855 690 1888 Enfantz
705 1858 737 1888 ὅ(
752 1856 822 1887 leurs
837 1855 945 1894 Hoirs,
959 1857 995 1886 de
1009 1855 1081 1886 leurs
1093 1855 1189 1894 Corps
1204 1857 1267 1887 des-

197 1898 342 1935 cendanz,
361 1898 395 1929 &
419 1896 489 1926 leurs
504 1895 639 1935 Soubgez
654 1896 737 1926 d'une
751 1904 828 1933 part,
845 1895 879 1925 &
896 1894 1001 1933 Nous,
1018 1903 1077 1925 noz
1090 1893 1219 1934 Enfanz,
1235 1896 1270 1926 &

198 1935 289 1968 Hoirs
308 1937 344 1968 de
364 1944 424 1966 noz
443 1933 555 1972 Corps,
571 1935 604 1965 &
619 1944 680 1966 noz
695 1934 831 1973 Soubgez
847 1933 1005 1964 Obeissanz
1017 1933 1123 1964 d'autre
1137 1943 1216 1974 part,
1234 1935 1268 1966 &

196 1975 272 2015 desja
291 1975 328 2006 les
346 1984 470 2013 prenons
489 1974 522 2005 &
539 1973 657 2012 faisons,
675 1974 727 2011 &,
744 1983 793 2013 par
808 1982 860 2011 ce,
879 1973 917 2003 les
935 1973 1058 2042 soubgez
1075 1972 1112 2002 de
1130 1973 1269 2004 chascune

197 2022 276 2055 part,
289 2021 427 2055 pourront
441 2011 602 2043 Conserver
612 2035 621 2050 ,
634 2013 667 2044 &
684 2011 846 2042 Marchanz
862 2010 1002 2044 Marchan
1024 2021 1053 2041 er
1068 2011 1271 2051 paisiblement,

200 2063 232 2084 es
249 2052 320 2084 Pors
335 2054 369 2086 &
388 2051 461 2083 Paiis
477 2050 514 2081 de
531 2051 669 2082 chaicone
687 2059 765 2090 part,
783 2051 850 2081 sanz
863 2050 948 2088 faire,
963 2060 1001 2081 ne
1017 2060 1131 2087 menet,
1149 2061 1185 2082 ne
1199 2061 1272 2083 con-

199 2090 296 2131 duire,
315 2093 349 2124 δε
365 2091 403 2122 les
416 2089 465 2122 diz
478 2088 612 2130 Soubgez
626 2090 719 2121 seronr
737 2089 881 2128 recuilliz,
895 2089 1014 2127 sauvez,
1032 2089 1203 2130 confortez,
1218 2101 1272 2123 co-

199 2139 250 2164 me
263 2141 292 2162 es
304 2130 404 2161 fermes
419 2129 558 2160 Alliances
570 2130 740 2168 appartient,
755 2128 840 2159 d’une
853 2137 912 2166 part
935 2128 969 2160 &
989 2128 1111 2167 d'autre,

200 2208 225 2242 B
239 2169 276 2202 Et
287 2169 334 2215 ⁸les
358 2167 512 2200 Monnaies
532 2168 568 2199 de
582 2168 722 2200 chascune
735 2176 796 2208 part
810 2176 947 2199 courront
960 2177 997 2199 en
1014 2166 1166 2207 Guienne,
1184 2168 1218 2200 &
1234 2178 1270 2200 en

226 2218 284 2241 reta
334 2218 351 2240 e

240 2247 276 2279 Et
286 2218 403 2279 ¹lge'lsslal
426 2247 460 2279 &
481 2247 520 2278 les
540 2246 692 2286 Domages
704 2246 741 2279 de
760 2255 820 2279 noz
833 2246 883 2278 diz
894 2246 1054 2288 Seignurioe
1067 2246 1245 2278 escheuirnos
1257 2255 1274 2276 a

201 2286 299 2318 nostre
320 2287 385 2319 loial
399 2285 507 2318 Pouoir

239 2325 275 2357 Et
290 2336 339 2364 par
353 2336 402 2364 ce,
425 2335 481 2364 que
493 2336 529 2356 en
545 2333 636 2356 tontes
647 2325 734 2364 Paiz,
751 2323 878 2363 Treues,
895 2324 1040 2363 Traitiez‚
1055 2326 1089 2357 &
1104 2323 1271 2356 Accordan-

203 2373 269 2404 ces,
287 2366 337 2403 qui
358 2365 385 2396 se
405 2364 500 2396 feront
519 2372 599 2395 entre
613 2373 670 2394 noz
683 2364 732 2395 diz
745 2363 909 2403 Seigneurs,
928 2363 1046 2395 &leurs
1059 2364 1159 2403 parties
1171 2363 1271 2394 adver-

203 2403 258 2441 Γᾶ,
275 2405 309 2437 &
330 2403 513 2435 contendanz
526 2426 535 2441 ,
556 2403 588 2433 &
608 2402 807 2440 Guerroianz,
823 2409 975 2432 comment
995 2412 1051 2441 que
1071 2402 1141 2440 soit,
1161 2401 1272 2440 Nouz,

204 2449 267 2472 noz
291 2441 417 2481 Enfanz,
436 2442 470 2473 &
490 2441 580 2472 Hoirs
601 2441 758 2479 dessuidiz,
777 2440 871 2471 soions
884 2450 931 2480 par
948 2450 1045 2478 expres
1057 2442 1220 2479 comprins,
1239 2441 1274 2472 &

203 2489 264 2511 noz
284 2480 380 2512 Droiz
425 2481 600 2519 Seigneuriae
612 2503 621 2517 ,
636 2479 826 2519 Juridicions,
844 2479 1004 2518 Nobletes,
1024 2479 1202 2518 Franchism,
1222 2478 1274 2510 Li-

204 2518 319 2557 bertez,
337 2520 370 2550 &
394 2504 581 2557 horremus,
599 2520 632 2550 &
652 2527 715 2549 tout
737 2518 831 2549 nostre
844 2517 942 2556 Estat,
959 2518 993 2548 &
1006 2517 1054 2548 des
1067 2527 1141 2556 noz,
1158 2527 1194 2548 en
1209 2526 1274 2548 tou-

204 2564 247 2587 tes
259 2557 373 2596 choses,
390 2557 522 2596 Gardez,
534 2557 660 2595 Sauvez,
677 2559 710 2588 &
726 2557 887 2595 Reservez,
906 2557 926 2586 fi
942 2555 1124 2588 Entierment
1138 2556 1172 2587 &
1187 2556 1274 2586 Fran-

205 2595 342 2626 chement
357 2619 367 2634 ,
387 2606 441 2634 que
463 2597 494 2626 ils
520 2597 613 2627 furent
633 2606 722 2634 onqes
741 2607 770 2627 es
790 2604 883 2634 temps
904 2594 940 2625 de
962 2605 1022 2627 noz
1044 2595 1275 2634 Predecesseurs,

206 2633 298 2673 Rois,
317 2633 404 2671 Dux,
421 2645 460 2664 ou
475 2634 584 2665 Contes
595 2635 631 2665 de
643 2635 810 2672 Bretaigne,

245 2672 281 2703 Et
302 2672 490 2704 Promettons
510 2683 545 2703 en
568 2674 663 2703 bonne
679 2673 726 2712 foy
750 2674 880 2703 d'Armes
901 2673 933 2703 &
956 2673 991 2704 de
1006 2671 1164 2711 Gentilise,
1181 2672 1215 2703 &
1234 2681 1272 2702 en

206 2709 307 2742 Parole
319 2711 356 2742 de
372 2711 440 2742 Duc
450 2735 459 2750 ,
476 2721 523 2741 ces
537 2711 646 2741 Chol'es
661 2713 732 2742 tenir
746 2712 779 2742 ὃ(
794 2712 873 2742 avoir
890 2711 1002 2741 Fermes
1016 2712 1048 2742 &
1064 2710 1206 2749 Estables,
1219 2721 1271 2740 en-

204 2760 269 2781 vers
285 2759 371 2794 toua,
388 2750 421 2781 ὃς
439 2759 541 2781 contre
564 2758 651 2788 touz,
666 2759 681 2780 a
703 2759 765 2781 tout
781 2749 877 2780 nostre
889 2749 955 2780 loial
970 2750 1090 2787 pouoir,
1108 2750 1142 2781 &
1155 2750 1221 2780 sanz
1230 2750 1274 2788 ja-

205 2797 267 2819 mefi
281 2799 359 2819 venis
371 2798 517 2819 enCOUH‘C·

242 2826 346 2857 Donn.
359 2837 375 2858 a
390 2828 518 2865 Vannes,
535 2827 604 2858 souz
616 2826 712 2857 nostre
724 2825 808 2857 Prive
822 2826 886 2856 Seel
895 2850 905 2866 ,
920 2826 946 2857 le
958 2826 1004 2856 xxi
1013 2826 1081 2865 jour
1095 2825 1131 2857 de
1146 2825 1270 2866 Feurier,

205 2864 273 2897 l’An
287 2866 362 2904 Mil,
379 2866 467 2897 Trois
480 2865 582 2905 Cenz,
599 2866 717 2897 Sexante
740 2867 773 2897 &
793 2865 891 2896 Onze.

272 1471 363 1502 Touz
384 1469 475 1508 ceuls,
491 1470 540 1508 qui
562 1480 609 1501 ces
631 1470 740 1502 Lettres
760 1477 894 1508 verront,
908 1467 1002 1508 jehan
1023 1468 1094 1500 Duc
1109 1469 1145 1500 de
1159 1468 1264 1500 Bretai·

274 1519 330 1550 gne
345 1510 443 1540 Conte
456 1510 491 1538 de
508 1508 671 1548 Montforr,
690 1510 775 1541 Salut.

237 1547 360 1580 Sachent
381 1549 433 1578 tuit
446 1557 517 1586 que,
534 1558 549 1577 a
572 1548 694 1579 l‘Oneur
709 1549 742 1580 &
759 1547 944 1584 Reverence,
963 1546 996 1577 &
1011 1555 1082 1585 pour
1093 1545 1263 1577 l’Affection

206 2979 225 3011 s
245 2941 384 2981 Constat,
402 2940 440 2977 &⁶
460 2942 531 2973 leurs
548 2942 666 2981 sobgez‚
683 2943 766 2973 d’une
781 2950 869 2981 part,
886 2940 925 2977 ὠ
952 2944 1048 2981 Nous,
1064 2952 1135 2980 noz,
1153 2950 1189 2971 en
1213 2941 1276 2973 Ra-

219 2990 285 3018 ure,

248 3018 304 3049 Les
325 3020 407 3058 quiex
427 3028 497 3050 mor,
517 3029 553 3049 en
577 3019 682 3050 Rasure
697 3030 770 3051 nous
784 3019 996 3059 Approuvons,
1014 3019 1047 3050 &
1063 3017 1277 3058 Confermons,

209 3057 281 3089 souz
294 3057 362 3088 l'An
377 3058 410 3088 ὃ(
425 3058 449 3087 le
459 3057 532 3096 Jour
545 3059 682 3090 dessusdir.

479 3186 727 3216 procuratorium
744 3181 876 3229 pradiffl
894 3184 1003 3215 Ducis.

64 3281 142 3313 Am,
159 3270 326 3343 DJEhan
340 3269 409 3301 Duc
427 3270 463 3300 de
482 3268 626 3306 Bretaigne
642 3268 675 3299 δε
695 3266 809 3312 Counte
827 3269 862 3299 de
879 3267 1032 3299 Montford
1044 3291 1055 3308 ‚
1074 3267 1173 3299 feisons
1191 3266 1279 3297 {avoir

94 3329 177 3358 1372„
262 3321 277 3340 a
291 3310 403 3348 Touz,
425 3319 480 3347 que
495 3317 570 3352 *nous
585 3316 672 3336 avons
691 3305 851 3350 Ordreigne
869 3308 902 3337 &
922 3307 1036 3351 Estably
1052 3331 1061 3344 ,
1082 3308 1116 3338 &
1131 3329 1141 3344 ,
1167 3315 1215 3343 par
1234 3315 1280 3336 ces

65 3362 118 3386 An.
135 3361 181 3395 4⁶·
216 3349 381 3386 Presenrez,
397 3347 594 3385 Ordreignons
614 3346 646 3375 &
668 3344 869 3383 Establissons,
892 3346 986 3376 nostre
1008 3347 1072 3376 bien
1091 3354 1156 3375 ame
1176 3343 1280 3383 Clerc,

66 3401 98 3425 f„
120 3407 143 3433 3,
218 3387 349 3430 Thomas
369 3387 405 3417 de
428 3386 582 3430 Melburn,
608 3383 702 3414 nostre
728 3383 902 3423 procureur,
930 3385 1056 3422 Adteur,
1074 3384 1107 3414 &
1131 3382 1281 3428 Meffagier

65 3438 107 3462 ,Ex
123 3439 181 3464 Aa-
216 3426 347 3466 especial,
365 3433 451 3464 quant
466 3435 480 3454 a
495 3424 609 3454 Treiter
624 3422 656 3453 &
674 3422 821 3453 Accorder
837 3433 902 3460 oue,
909 3423 1005 3453 nostre
1017 3422 1206 3454 Tresredoute
1219 3422 1281 3452 Sei—

65 3480 134 3508 ngr,
215 3475 286 3495 neur
301 3464 333 3494 &
349 3463 428 3501 Pier,
447 3464 473 3493 le
488 3462 555 3501 Roy
570 3460 760 3496 d'Engleterre
770 3483 780 3499 ,
796 3460 838 3490 sur
853 3462 973 3491 certeins
988 3461 1124 3499 Articles,
1139 3460 1188 3490 des
1227 3469 1280 3491 uex

215 3514 252 3534 en
267 3511 355 3533 avons
370 3503 470 3540 charge
482 3501 576 3531 nostre
589 3501 629 3530 dit
641 3493 744 3536 Clerc,
756 3508 834 3529 taunr
849 3509 895 3536 par
909 3499 1133 3538 Bouche,quant
1146 3508 1195 3536 par
1238 3507 1280 3529 et-

212 3552 258 3611 ¹tIrp
277 3540 348 3572 seele
369 3541 404 3571 de
427 3539 521 3570 nostre
544 3539 629 3570 Prive
648 3538 711 3569 Seel
732 3539 765 3569 ὃς
789 3537 905 3577 Signet,
922 3539 1059 3569 touchant
1078 3537 1104 3568 le
1124 3537 1172 3567 fait
1185 3537 1223 3567 du
1239 3538 1280 3568 dit

247 3589 313 3611 reite

255 3620 283 3650 A
306 3601 387 3656 q'uele
409 3615 503 3645 nostre
523 3615 610 3645 Clerc
624 3625 712 3645 avons
725 3615 822 3645 donne
835 3614 868 3645 &
882 3613 1015 3644 donnons
1028 3615 1102 3652 plein
1116 3613 1227 3652 Pouer,
1246 3616 1280 3646 &

220 3656 412 3687 Mandement
433 3655 564 3692 especial,
581 3654 617 3684 de
638 3663 692 3684 ceo
710 3654 795 3692 faire,
811 3663 847 3684 en
862 3653 887 3683 le
902 3663 1014 3684 manere
1027 3654 1061 3685 δε
1074 3662 1194 3683 comme
1208 3663 1282 3683 nous

222 3696 266 3734 luy
278 3705 365 3726 avons
381 3694 498 3731 charge,
805 3718 807 3721 .

259 3734 298 3763 Et
316 3733 515 3769 PromettonS,
534 3741 570 3761 en
585 3731 662 3760 bone
678 3730 745 3769 foy,
763 3729 869 3759 d'avoir
883 3730 916 3760 ὃ(
930 3731 1003 3760 tenir
1016 3730 1106 3760 ferme
1120 3730 1154 3760 &
1169 3728 1283 3768 estable,

227 3779 289 3801 tour
303 3780 432 3809 quanqcz
446 3769 542 3799 nostre
556 3769 595 3799 dit
610 3768 697 3798 Clerc
713 3767 882 3805 accordera,
896 3768 929 3798 &
946 3769 1020 3806 fera,
1035 3768 1079 3799 sur
1093 3767 1284 3808 cestez,pour

227 3809 313 3839 Nou>
324 3830 333 3845 ,
347 3811 378 3838 δε
397 3818 468 3847 four
483 3818 542 3838 noz
556 3807 659 3838 l-leires
674 3807 709 3837 de
725 3805 820 3835 nostre
834 3806 930 3844 Corps
943 3816 1091 3844 procurez.

264 3846 345 3876 Don.
366 3856 400 3874 en
421 3845 516 3876 nostre
535 3845 651 3876 Chastel
666 3845 701 3875 de
715 3845 816 3882 Aulrey
831 3845 900 3874 souz
915 3845 1008 3875 nostre
1023 3845 1104 3876 Prive
1120 3844 1181 3874 Seel
1196 3844 1229 3874 δε
1242 3844 1285 3874 Si-

216 3894 306 3955 ὃηεῑ,
325 3885 349 3913 le
363 3892 417 3913 xxv
434 3886 494 3921 jour
507 3885 544 3915 de
557 3885 580 3916 F
582 3893 695 3922 euerer,
712 3882 780 3913 l’An
795 3882 898 3922 Mille,
913 3884 1102 3923 Troiscentz,
1117 3884 1236 3915 Sexanre
1251 3883 1285 3915 &

253 3933 314 3954 nze.

711 3960 757 3989 Eu
770 3956 843 3998 paffe
850 3968 906 3998 par
920 3959 944 3989 Ie
956 3963 1027 3990 Duc.

615 83 1418 134 CONVENTIONES,

196 1587 230 1618 &
253 1587 502 1624 Remembrance,
517 1586 565 1616 des
587 1586 712 1617 Bienfaiz
735 1588 767 1617 &
789 1584 990 1622 Nourrirures,
1009 1593 1064 1615 euz
1087 1585 1120 1616 &
1136 1585 1206 1623 faiz,
1224 1594 1264 1614 ou
1296 1614 1298 1616 .

1496 86 1893 141 LITERAE,

2375 171 2453 204 Arm.
2469 173 2514 210 D:

2397 220 2483 252 1372-
2501 243 2510 246 -

1288 259 1455 301 *Literffi
1472 259 1565 306 fitper
1593 257 1764 302 Conceffione
1789 263 1927 294 Ducatus
1956 259 2180 301 Richmundiae‚
2205 262 2242 299 ὠ·
2259 261 2360 293 Mar-
2378 253 2445 278 Ἐάν·
2464 260 2512 290 δι’
2549 275 2551 282 v

2377 287 2462 318 *vL

2380 335 2446 364 7¹3·

2378 368 2418 392 An
2445 368 2493 402 46.

1472 307 1612 341 chiarum
1635 312 1712 341 inter
1739 311 1930 343 Britanniam
1944 313 1980 348 ὠ·
2000 311 2184 343 Ρὶῖἱανὶανη.

1286 395 1409 467 JEhan
1425 394 1496 425 Duc
1510 395 1545 425 de
1559 395 1687 433 Bretaign
1705 396 1738 426 ‹Sc
1753 395 1873 426 Counte
1886 395 1923 426 de
1942 394 2107 433 Montfort,
2125 395 2226 427 feisons
2239 394 2326 425 savoir
2342 403 2359 424 a
2380 407 2408 430 E.
2424 387 2456 440 ⁴3,

1339 443 1408 465 touz
1435 445 1507 473 que,
1523 444 1619 472 aupres
1641 434 1762 473 pluscurs
1781 434 1894 465 Treites
1915 435 1947 466 &
1970 432 2101 470 Paroles‚
2118 433 2203 464 Nous
2216 435 2306 465 sumes
2320 432 2360 463 A·
2379 446 2419 468 Ex
2433 444 2493 470 A...

1292 474 1414 511 cordez,
1432 483 1504 509 pour
1524 474 1602 503 avoir
1627 473 1717 510 bons,
1734 473 1850 510 formes,
1870 475 1902 505 &
1919 472 2092 512 perpetueles
2106 471 2270 503 Alliauncez
2283 482 2359 510 oue,
2377 487 2444 518 mgr,
2489 471 2495 476 ”

1291 512 1387 542 nostre
1408 511 1599 541 Tresredoute
1621 512 1757 549 Seignetir
1774 514 1808 544 ὃς
1825 512 1905 550 Pier,
1924 513 1949 542 le
1965 511 2033 550 Roy
2046 509 2257 549 d'Engleterre,
2273 520 2360 542 corne

1291 552 1352 588 plus
1367 561 1382 580 a
1396 550 1469 588 plein
1492 549 1534 579 est
1546 559 1669 580 contenti
1685 560 1721 579 en
1738 561 1774 581 un
1790 551 1896 581 certein
1911 550 2038 587 Cedule,
2056 549 2124 579 seele
2139 549 2176 579 de
2190 548 2284 579 nostre
2296 548 2364 579 Pri-

1293 599 1329 618 ve
1351 589 1427 625 Seel,
1447 598 1502 626 que
1524 598 1595 618 nous
1617 587 1749 619 Rendant
1771 592 1797 618 le
1817 589 1933 619 Counte
1952 589 1988 619 de
2010 587 2216 625 Richmonde,
2238 589 2361 626 ovesque

1293 635 1362 658 touz
1374 627 1412 658 ses
1428 626 1550 661 Droitz,
1569 626 1735 664 Nobletez,
1754 627 1904 663 Honeurs,
1920 630 1952 659 &
1969 627 2136 665 Avouions,
2150 627 2183 657 &
2199 634 2287 656 autres
2301 628 2362 663 Ap-

1293 676 1464 706 pertenence
1486 665 1674 704 quelconqes,
1693 665 1725 694 δε
1749 676 1763 695 a
1783 666 1820 695 les
1842 667 1952 703 Tenir,
1969 677 1985 696 a
1999 665 2102 704 Nous,
2122 667 2155 696 ὃς
2169 675 2185 695 a
2200 673 2259 695 noz
2272 664 2364 695 I-ioirs

1294 706 1331 736 de
1350 705 1444 736 nostre
1467 703 1562 741 Corps
1585 713 1758 742 procureez,
1776 714 1812 734 en
1836 705 1860 734 la
1882 706 2005 734 maniere
2025 713 2111 735 corne
2131 713 2190 735 noz
2214 702 2365 734 Predeces-

1295 745 1367 775 seurs
1388 745 1413 775 le
1429 753 1572 781 tenerent,
1591 752 1681 780 onqes
1700 752 1735 772 en
1752 742 1829 773 nulle
1845 752 1955 783 temps,
1973 742 2075 781 ovesqe
2091 753 2145 774 ceo
2158 742 2226 783 q'est
2241 741 2364 773 Marche

1295 792 1374 813 entre
1394 783 1521 822 Breiaign
1539 784 1570 813 ὅ(
1590 781 1703 821 Peytoe.

1331 822 1369 852 Et
1389 821 1478 852 Nous
1502 821 1659 860 Aequitons
1669 842 1678 858 ,
1695 820 1728 851 ὃ(
1749 828 1807 850 noz
1823 818 1929 850 Hoires
1939 819 1975 850 de
1989 827 2053 849 tout
2069 828 2197 858 quanque
2209 820 2268 851 leur
2281 829 2364 858 purra

1293 860 1446 891 demandet
1464 859 1499 890 de
1521 869 1609 896 nous,
1628 868 1676 896 par
1701 867 1780 889 vcrtu
1803 858 1839 889 de
1861 867 1922 889 noz
1933 857 2129 898 Obligacionz
2142 867 2181 887 ou
2197 858 2305 890 Lettres
2318 882 2327 898 ,
2347 869 2363 890 a

1299 900 1377 930 cause
1400 900 1435 929 de
1452 897 1594 929 Becherell
1619 897 1821 936 n'autrement,
1835 898 1916 936 jusqe
1931 897 2104 936 aujourduy,
2121 907 2136 927 a
2150 895 2238 927 Nous
2250 896 2366 928 Rendre

1295 948 1354 968 noz
1367 938 1554 976 OblIgacions
1568 937 1600 967 ὃ(
1616 936 1706 966 bones
1720 935 1899 975 Qitancez,
1918 937 1953 968 &
1967 934 2161 974 Suffisaintez,

1332 977 1370 1008 Et
1389 976 1466 1007 ceste
1488 975 1584 1006 Choi‘e
1608 974 1707 1006 Avons
1731 975 1844 1013 charge
1864 977 1896 1006 ὃς
1917 973 2120 1013 Commande,
2143 972 2240 1005 nostre
2259 971 2365 1012 Clerc,

1294 1015 1426 1046 Thomas
1446 1015 1481 1046 de
1506 1014 1656 1050 Melburn,
1675 1012 1778 1053 paster,
1796 1014 1829 1046 &
1853 1014 1980 1045 Acorder
1994 1014 2097 1052 ovesqe
2113 1012 2208 1043 nostre
2221 1013 2262 1042 dit
2280 1011 2364 1050 Pier,
2412 1044 2415 1046 ,

1295 1064 1367 1123 {our
1382 1064 1471 1092 nous,
1491 1056 1524 1085 δε
1539 1063 1574 1083 en
1592 1051 1688 1083 nostre
1704 1061 1802 1091 noun,
1817 1052 1850 1084 ὅ(
1862 1063 1879 1083 a
1891 1062 1947 1083 ceo
1962 1052 2046 1091 faire,
2065 1051 2084 1083 li
2098 1061 2186 1083 avons
2199 1051 2276 1082 done
2289 1051 2364 1089 plein

1320 1103 1398 1123 ouer.

1332 1130 1379 1161 En
1399 1130 1577 1165 Tesmoigne
1592 1130 1630 1160 du
1645 1129 1727 1169 quelc
1742 1127 1856 1167 Chose,
1876 1129 1965 1160 Nous
1980 1128 2078 1160 Avons
2091 1129 2162 1161 seele
2174 1128 2250 1160 ceste
2263 1128 2364 1160 Cedu-

1295 1170 1321 1200 le
1339 1170 1374 1200 de
1394 1169 1490 1200 nostre
1507 1168 1590 1198 Prive
1610 1168 1689 1199 Seelc
1714 1169 1746 1199 &
1766 1169 1866 1206 Signet
1881 1191 1890 1205 ,
1916 1178 1952 1198 en
1977 1168 2071 1198 nostre
2093 1167 2220 1198 Chastiel
2240 1168 2276 1199 de
2294 1168 2365 1199 Aul-

1295 1217 1360 1279 gy,
1376 1209 1401 1239 le
1417 1218 1472 1240 xxv
1488 1208 1554 1245 jour
1572 1207 1609 1238 de
1625 1207 1760 1246 Fcuerer,
1778 1207 1847 1238 l'An
1868 1206 1970 1246 Mille,
1988 1206 2172 1244 Troiscents,
2187 1206 2306 1238 Sexante
2329 1207 2364 1238 &

1329 1256 1393 1278 nze.

1931 1282 2011 1324 Paffe
2017 1292 2073 1323 par
2087 1281 2111 1314 le
2126 1286 2196 1314 Duc.

1323 1420 1372 1452 De
1399 1415 1542 1451 morando
1563 1417 1655 1465 fhper
1675 1414 1839 1498 AdarchiiZ
1851 1417 1971 1460 Scotiae,
1995 1415 2135 1463 Epistopo
2156 1414 2348 1458 Dunolmetfi

1728 1469 1814 1499 Man
1836 1474 1935 1500 atum.

1303 1551 1446 1610 REX,
1464 1552 1625 1584 Venerabili
1636 1553 1665 1583 in
1682 1550 1798 1582 Christo
1814 1551 1907 1591 Patri,
1924 1551 2072 1592 Thomae,
2089 1552 2188 1584 eadem
2200 1549 2305 1592 gratia,
2323 1546 2366 1580 E·
2387 1550 2464 1582 Ann.
2479 1549 2522 1582 D.

1381 1594 1498 1631 piscopo
1513 1592 1700 1623 Dunolmenli
1709 1614 1719 1630 ,
1734 1591 1869 1621 Salutem.
2404 1598 2500 1630 :1372

1340 1630 1437 1669 Qua,
1453 1633 1490 1661 de
1514 1631 1695 1661 Avinmento
1714 1629 1841 1660 Concilii
1859 1628 1963 1668 nostri,
1981 1630 2174 1661 ordinavimus
2187 1627 2267 1668 quod
2289 1626 2368 1664 VOS,
2390 1633 2433 1657 An
2457 1630 2507 1665 46.

1302 1677 1370 1698 cum
1389 1678 1449 1700 tora
1472 1669 1588 1700 Familia
1609 1671 1643 1701 ὅ(
1667 1668 1832 1698 Retinentia
1852 1667 1961 1706 vestra,
1978 1668 2056 1706 super
2075 1668 2174 1700 Terris
2189 1667 2286 1698 vestris
2302 1675 2370 1704 pro-
2389 1673 2420 1696 Ε.
2443 1678 2469 1704 3.

1302 1709 1384 1745 priis,
1403 1717 1491 1747 prope
1514 1707 1657 1738 Mart-hias
1679 1707 1803 1744 Scotiae,
1821 1705 1900 1744 super
1916 1707 1990 1737 salva
2008 1706 2148 1738 Custodia
2171 1705 2367 1737 Marchiarum
2391 1706 2481 1743 Claus.

1303 1747 1501 1784 praedictarum
1520 1756 1553 1776 ac
1575 1746 1731 1777 Terrarum
1754 1744 1906 1775 vestrarum
1928 1745 2053 1784 ibidem,
2073 1755 2184 1776 moram
2203 1745 2368 1776 continuam
2390 1747 2437 1781 46.
2456 1748 2486 1772 Ε.
2498 1752 2525 1781 3.

1303 1784 1425 1824 faciatis,
1442 1785 1476 1816 ad
1500 1784 1698 1815 Resistendum
1719 1783 1847 1814 Inimicis
1861 1782 1981 1822 nostris,
2000 1793 2070 1815 curn
2084 1783 2247 1816 Periculum
2262 1782 2370 1813 ibidem
2391 1793 2430 1813 m.
2446 1792 2491 1820 3²-

1305 1825 1422 1855 imineat
1444 1824 1578 1861 aliquale,

1344 1862 1452 1900 Vobis,
1475 1865 1502 1892 in
1526 1863 1593 1893 Fide
1611 1862 1645 1894 &
1670 1859 1838 1900 Ligu—mna,
1853 1861 1955 1900 quibus
1969 1860 2070 1892 Nobis
2085 1860 2240 1899 tenemini,
2255 1858 2375 1898 injungi-

1305 1911 1368 1932 mus
1388 1903 1421 1934 &
1449 1901 1617 1932 mandamus
1639 1901 1720 1939 quod
1742 1899 1851 1937 statim,
1871 1900 1934 1930 visis
1954 1899 2152 1969 ffistnribus,
2170 1899 2305 1930 omnibus
2319 1898 2378 1929 aliis

1306 1940 1515 1981 praetermissis,
1533 1941 1567 1971 ad
1587 1941 1690 1971 'reims
1709 1937 1826 1977 vestras,
1842 1939 1933 1976 prope
2012 1939 2102 1969 rchias
2123 1937 2285 1978 praedidas,
2305 1945 2377 1968 cum

1307 1981 1391 2010 omni
1413 1979 1606 2018 festinatione,
1626 1988 1677 2009 vos
1697 1977 1821 2016 trahatis,
1845 1978 1952 2007 ibidem
1971 1978 2005 2009 &
2024 1977 2090 2008 alibi
2109 1978 2140 2007 in
2157 1975 2286 2007 Partibus
2307 1976 2358 2006 illis

1308 2019 1358 2049 ubi
1382 2019 1470 2063 majus
1494 2017 1658 2049 Periculum
1681 2026 1716 2047 ex
1738 2016 1878 2047 Hostium
1895 2014 2052 2047 Incursibus
2064 2017 2220 2046 imminerit
2233 2024 2302 2046 cum
2315 2022 2378 2046 tota

1307 2057 1438 2089 Potentia
1451 2057 1483 2088 &
1500 2056 1617 2087 Familia
1629 2066 1662 2087 ac
1676 2054 1842 2087 Retinentia
1857 2054 1965 2094 vestra,
1983 2055 2122 2086 continue
2138 2055 2292 2094 moraturi,

1345 2095 1388 2127 Ita
1410 2095 1490 2135 quod
1513 2096 1639 2140 prompti
1660 2095 1714 2126 sitis
1736 2095 1769 2126 &
1793 2094 1879 2132 parati
1894 2093 1928 2124 ad
1944 2093 2183 2132 proficiscendum
2197 2103 2284 2124 manu
2297 2092 2380 2132 sorti,

1309 2137 1366 2166 una
1383 2145 1451 2165 cum
1474 2134 1533 2165 aliis
1557 2133 1739 2179 Magnetibus
1753 2132 1786 2164 δε
1802 2132 1826 2162 F
1827 2132 1944 2163 idelibus
1958 2132 2076 2171 nostris,
2093 2142 2163 2172 quos
2174 2133 2204 2162 in
2216 2131 2298 2162 dictis
2310 2131 2380 2162 Par—

1308 2175 1400 2212 tibus,
1418 2175 1447 2204 in
1467 2173 1564 2204 Terris
1587 2173 1658 2211 suis,
1673 2181 1708 2203 ex
1729 2172 1783 2202 hac
1805 2171 1901 2210 causa,
1920 2172 2024 2201 morari
2047 2171 2266 2209 mandavimus,
2281 2179 2380 2201 contra

1310 2213 1448 2244 Inimicos
1462 2211 1594 2251 nostros,
1612 2211 1632 2242 si
1644 2212 1693 2251 qui
1710 2211 1738 2241 in
1756 2209 1899 2247 Regnum
1915 2209 2045 2240 nostrum
2059 2209 2165 2240 ibidem
2180 2209 2292 2248 ingredi
2305 2218 2380 2248 prae-

1310 2251 1493 2292 sumpserint,
1511 2251 1546 2282 ad
1567 2252 1576 2281 i
1597 2250 1692 2281 sorum
1714 2248 1860 2280 Malitiam
1879 2248 1914 2281 &
1927 2247 2123 2288 Proterviam,
2142 2257 2211 2279 cum
2227 2247 2288 2280 Dei
2299 2247 2380 2287 adju-

1310 2293 1401 2329 torio,
1421 2290 1569 2335 propulsari
1591 2299 1640 2320 um
1657 2299 1664 2319 ε

1347 2329 1551 2360 Mandavimus
1574 2329 1651 2360 enirn
1673 2327 1879 2358 Arraiatoribus
1897 2325 2064 2357 Hominum
2082 2326 2118 2356 ad
2136 2326 2239 2364 Arma,
2256 2324 2379 2357 Amato-

1311 2378 1394 2407 rum,
1410 2368 1648 2404 Hobelariorum,
1663 2368 1696 2398 &
1721 2366 1954 2404 Sagittariorum,
1972 2366 2002 2395 in
2022 2364 2102 2396 dieto
2121 2364 2292 2404 Episcopatu
2313 2363 2379 2394 Du-

1311 2408 1450 2438 nolmenfi
1464 2430 1474 2446 ,
1497 2417 1531 2438 ac
1553 2408 1582 2437 in
1607 2405 1804 2437 Comitatibus
1821 2403 2045 2435 Northumbriae
2060 2426 2069 2440 ‚
2094 2403 2260 2442 Cumbriae,
2281 2401 2382 2433 West·

1312 2446 1494 2485 merlandiae,
1519 2446 1551 2477 ὅ(
1576 2445 1725 2481 Eborum,
1750 2444 1831 2482 quod
1852 2443 1951 2480 vobis,
1966 2452 2000 2473 ac
2021 2442 2078 2473 aliis
2100 2441 2278 2473 Custodibus
2299 2440 2382 2472 Mar·

1312 2485 1442 2555 gianfm
1462 2484 1662 2553 {raedistarum
1678 2507 1689 2523 ,
1714 2483 1748 2514 &
1767 2480 1893 2514 vestrum
1911 2481 2027 2513 cuilibet
2041 2504 2052 2520 ‚
2066 2491 2181 2519 pareant
2197 2503 2207 2520 ,
2218 2480 2378 2518 obediant,

1366 2534 1395 2554 re
1447 2534 1464 2553 n
1486 2531 1549 2554 eant

1350 2561 1388 2593 Et
1407 2533 1507 2591 lignire
1531 2546 1633 2592 fa’ciant
1650 2570 1750 2591 coram
1769 2560 1851 2590 vobis
1866 2568 1968 2589 omnes
1982 2557 2129 2589 Homines
2149 2557 2292 2588 Arraiatos
2310 2556 2378 2594 Epi-

1312 2600 1440 2639 scopatus
1463 2602 1497 2632 &
1524 2598 1723 2630 Comitatuum
1748 2598 1954 2636 praedictorum
1968 2619 1978 2632 ‚
2004 2597 2074 2627 crim
2102 2606 2149 2634 per
2166 2605 2218 2626 vos·
2232 2618 2243 2633 ,
2266 2596 2312 2625 seu
2330 2595 2380 2626 ali-

1310 2649 1402 2678 quem
1420 2639 1566 2670 dictorum
1584 2637 1764 2674 Custodum,
1781 2636 1884 2666 fuerint
1903 2635 2065 2674 praemuniti
2084 2644 2117 2665 ex
2136 2643 2212 2674 parre
2231 2633 2343 2671 nostra,

1348 2677 1387 2709 Et
1406 2688 1458 2709 vos
1474 2677 1510 2708 de
1529 2676 1667 2707 Numero
1684 2675 1866 2712 Hominum,
1884 2673 1922 2704 fic
1941 2673 2152 2710 Arraiatorum,
2166 2683 2199 2704 ac
2217 2672 2253 2703 de
2269 2671 2382 2702 Nomi-

1312 2717 1395 2747 nibus
1414 2716 1657 2754 Millenariorum,
1676 2713 1936 2751 Centenariorum,
1954 2713 1988 2743 &
2004 2711 2254 2757 Yinrenariorum,
2272 2710 2384 2740 Homi-

1313 2766 1361 2786 nes
1381 2756 1444 2786 illos
1462 2755 1629 2786 ducentium
1664 2763 1732 2784 cum
1752 2753 1837 2784 omni
1856 2750 2035 2781 festinatione
2054 2750 2169 2781 reddant
2187 2751 2320 2781 certiores
2336 2758 2342 2778 :

1354 2793 1392 2825 Et
1415 2795 1474 2824 hoc
1490 2817 1500 2831 ‚
1526 2794 1595 2824 sicut
1615 2777 1684 2823 Nos
1698 2815 1708 2831 ,
1732 2793 1766 2823 ὃς
1791 2789 1949 2821 Honorem
1968 2789 2097 2821 nostrum
2118 2790 2150 2820 &
2168 2787 2294 2820 vestrum
2310 2810 2319 2824 ,
2343 2796 2380 2817 ac

1312 2832 1506 2863 salvationem
1525 2833 1559 2863 ὅ(
1579 2830 1788 2862 Defensionem
1805 2829 1877 2860 dieti
1890 2827 1988 2868 Regni
2007 2827 2097 2859 nostri
2113 2828 2244 2868 diligitis,
2263 2826 2379 2856 nullate-

1313 2882 1366 2902 nus
1382 2880 1528 2901 omittam.

1350 2909 1441 2941 Teste
1460 2909 1543 2949 Rege
1559 2909 1635 2948 apud
1653 2905 1965 2943 westmonasterium,
1982 2906 2046 2943 xxvj
2063 2905 2110 2936 die
2130 2902 2281 2934 Februarii.

1713 2973 1768 3001 Per
1781 2970 1864 3010 ipfiem
1880 2971 1977 3007 Regem
1995 2967 2033 3003 ό·
2047 2967 2201 2999 Concilium.

1316 3050 1336 3070 ⁸*
1349 3049 1520 3082 Consimilia
1544 3049 1645 3080 Brevia
1669 3047 1828 3087 diriguntur
1855 3045 2010 3081 subscriptis
2025 3067 2035 3083 ,
2059 3044 2093 3076 ad
2113 3045 2284 3076 morandum
2302 3045 2382 3084 super
2403 3039 2423 3059 ²¹*
2442 3042 2494 3069 VI·

1455 3089 1596 3120 Marchiis
1609 3086 1783 3124 subscriptis,
1801 3084 1850 3115 sub
1868 3083 1967 3114 eadem
1986 3082 2080 3123 Data,
2099 3084 2246 3124 videlicet,
2404 3088 2469 3115 7¹4·

1356 3167 1474 3195 Henrico
1491 3165 1524 3194 de
1542 3165 1608 3193 Perc
1633 3187 1643 3202 ,

1355 3203 1478 3232 Gilberto
1496 3203 1528 3232 de
1546 3205 1597 3231 Um
1612 3200 1729 3233 ramvill
1737 3224 1747 3240 ,
1773 3199 1887 3232 Comiti
1903 3198 2066 3240 d’Anegos,

1356 3244 1457 3278 Rogero
1475 3244 1507 3271 de
1523 3240 1565 3278 Clzj
1588 3242 1653 3278 ord,

1356 3280 1489 3318 Thomae,
1507 3279 1630 3318 Episcopo
1647 3278 1786 3318 Karlioli,

1354 3319 1513 3358 Ranulpho,
1532 3321 1649 3348 Domino
1667 3319 1699 3348 de
1716 3320 1818 3349 Dacre.

1518 3444 1629 3480 Eidem
1652 3445 1791 3491 Epiftopo
1807 3443 1899 3490 fiaeper
1924 3445 2021 3475 Mora
2039 3440 2191 3489 pradilia.

1321 3532 1448 3592 REX
1499 3531 1663 3562 Venerabili
1686 3531 1716 3560 in
1738 3528 1858 3560 Christo
1881 3527 1974 3567 Patri,
1991 3527 2138 3567 Thomae,
2156 3528 2256 3559 eadem
2274 3526 2379 3567 gratia,
2400 3515 2478 3546 Ann·
2493 3515 2536 3547 D-

1400 3555 1543 3611 Episcopo
1562 3569 1774 3610 Dunolmensi,
1787 3567 1912 3599 Salutem
2427 3563 2514 3594 1372.

1358 3610 1535 3650 Qibusdam
1552 3609 1634 3638 certis
1649 3608 1685 3649 de
1703 3610 1806 3645 caulis,
1821 3605 1889 3636 Nos
1906 3605 2059 3643 specialiter
2075 3605 2254 3635 moventibus
2263 3617 2276 3641 ,·
2287 3603 2380 3641 vobis,
2399 3599 2453 3623 Aa.
2467 3595 2516 3630 4⁶·

1319 3651 1348 3679 in
1368 3651 1456 3687 Fide,
1475 3649 1508 3679 &
1528 3646 1694 3685 Ligeantia,
1711 3646 1812 3685 quibus
1829 3645 1914 3675 nobis
1931 3645 2086 3681 tenemini,
2103 3643 2267 3673 mandamus
2292 3641 2382 3672 firmi-
2400 3638 2431 3662 Ε·
2455 3642 2476 3676 3,

1319 3697 1361 3719 ter
1380 3689 1556 3726 injungentes
1570 3708 1580 3723 ,
1607 3686 1686 3722 quod
1704 3684 1798 3714 statim
1811 3706 1819 3722 ,
1839 3683 1902 3713 visis
1943 3683 2103 3713 raesentibus
2117 3704 2127 3719 ,
2145 3679 2315 3724 inssIvitate
2334 3691 2383 3711 ve-
2439 3670 2504 3699 ¹⁶¹3·

1324 3727 1378 3758 stra
1399 3724 1558 3760 Dunolmi,
1573 3733 1607 3753 ac
1622 3722 1720 3763 Burgis
1750 3724 1783 3753 &
1798 3722 1880 3752 Villis
1896 3721 1915 3751 1&
1933 3721 2092 3757 ercatoriis,
2107 3720 2140 3749 &
2153 3719 2210 3748 aliis
2225 3717 2328 3754 Locis,
2341 3720 2386 3748 in-

1322 3766 1362 3795 fra
1385 3765 1557 3794 Libertatem
1577 3761 1700 3792 vestram
1722 3745 1863 3792 bunolrni
1876 3783 1884 3798 ,
1908 3760 1957 3803 ubi
1976 3759 2075 3802 melius
2093 3756 2224 3801 expedire
2242 3756 2386 3801 viz-ieritis,

1323 3805 1438 3842 publice
1456 3801 1641 3840 proclamari,
1656 3802 1689 3832 ὅ(
1706 3809 1740 3830 ex
1759 3809 1835 3838 parte
1853 3798 1949 3829 nostra
1966 3797 2081 3827 firmiter
2095 3795 2215 3838 inhiberi
2234 3795 2356 3835 faciatis,

1362 3841 1415 3871 Ne
1432 3842 1493 3880 quis
1511 3838 1677 3877 Dominus,
1697 3838 1799 3875 Miles,
1820 3837 1952 3875 Armiger
1991 3834 2036 3865 vel
2055 3841 2228 3875 qu1cumque
2249 3833 2294 3863 alii
2318 3834 2385 3864 Ho-

1941 3858 2084 3909 (forpore,
2102 3870 2137 3899 de
2154 3870 2296 3902 Libertate
2314 3883 2386 3911 prae-

1326 3881 1432 3918 mines,
1450 3878 1659 3915 Defensabiles,
1675 3878 1719 3907 vel
1738 3877 1873 3915 Potentes
1892 3875 1921 3903 in
2134 3910 2138 3914 ι

1326 3918 1420 3954 dieta,
1440 3926 1514 3947 exrra
1538 3915 1661 3946 Patriam
1673 3916 1769 3952 suam,
1785 3915 1835 3944 ubi
1849 3910 2057 3942 Conversantes
2069 3908 2172 3951 fuerint
2189 3910 2232 3939 vel
2250 3910 2388 3941 Domici-

1326 3957 1362 3986 lia
1377 3956 1525 3986 habuerint
1540 3976 1551 3991 ‚
1566 3953 1603 3984 vacl
1619 3955 1723 3991 aliquas
1742 3961 1832 3990 partes
1853 3951 1965 3981 Exteras
1983 3970 1993 3984 ‚
2010 3950 2160 3978 occasione
2179 3947 2301 3990 G-uerrae
2313 3972 2322 3986 ,
2341 3949 2386 3978 vel

1326 3993 1378 4026 alia
1395 3994 1478 4025 causa
1489 4001 1688 4033 quacumque,
1704 3998 1804 4022 exeant
1821 3989 1867 4020 vel
1883 3985 2034 4024 transeant,
2050 3985 2101 4017 sub
2118 3985 2305 4019 Foristacrura
2321 3995 2389 4030 om-

2310 4033 2392 4055 mum

2516 1103 2525 1118 r*
2516 1071 2525 1086 μ
2517 1042 2523 1048 ι
2511 955 2522 974 ι’

2552 862 2561 1138 Ἶτ-«ᾼμῐτ-,ᾈμᾈᾼ;.-
2559 837 2561 841 ,
2551 773 2561 824 225
2558 752 2561 757 ,
2549 652 2553 699 ΑμΑ·
2558 631 2561 635 Α
2550 606 2551 610 ⁴
2550 567 2561 589 ,Α
2550 507 2561 542 ‘Ti
