2561 4251
201 131 229 171 4

69 201 146 233 Ann-
156 200 197 231 D·
249 202 284 235 In
300 203 377 242 cujus
393 201 433 232 rei
444 197 663 231 Testimonium
675 196 725 227 has

94 248 179 280 ¹373-
214 251 312 275 tentes.
821 272 825 277 Ι
971 269 976 274 ,
1175 267 1180 271 ¹

67 281 135 309 Ην.
154 288 180 316 3-
252 278 344 311 Teste
363 275 469 314 meipso
492 273 566 318 apud
589 271 898 308 westmonasterium,
915 268 1031 300 decimo
1053 267 1131 298 sexto
1152 266 1200 297 die
1221 263 1275 295 Fe-

216 319 333 354 bruarii,
351 316 438 346 Anno
452 313 548 352 Regni
562 312 650 342 nostri
663 311 777 347 Angliae
792 307 1003 349 quadragesimo
1016 306 1165 344 Septimo,
1179 304 1276 343 Regni

217 359 288 389 vero
302 353 389 386 nostri
401 352 527 383 Franciae
539 351 701 382 Tricefimo
716 356 823 387 quarto.

741 195 848 226 Literas
868 191 977 223 nostras
996 189 1056 222 fieri
1075 190 1197 222 fecimus
1216 187 1272 219 Pa-

312 479 359 510 De
376 479 526 519 Servitia,
546 484 648 506 contra
666 474 834 505 Henricum
854 467 983 514 Bastard
997 468 1033 501 de
1048 467 1181 515 [spania.

222 550 1280 634 Rea<³35{seruientia{regitestensis

66 625 182 691 „1237437
216 638 321 707 nostssae
336 638 477 707 SNlavium
497 635 590 666 versus
609 621 697 674 pa’rtes
719 633 918 664 Occidentales
934 655 943 670 ,
975 617 1009 662 in'
1025 630 1115 661 Portu
1134 629 1170 659 de
1190 627 1280 659 Dert-

251 687 279 708 ut
357 687 370 705 a
383 684 469 706 utem.

67 698 98 758 E}
115 702 140 729 3⁴
218 688 384 746 mGra'vem
407 713 627 752 Qierimoniam
647 715 727 742 Petri
745 712 776 741 de
799 713 858 748 Doy
878 712 961 747 uina,
982 706 1114 750 Magistri
1135 704 1279 744 cujusdam

66 732 203 797 {ms'47'
218 754 310 785 Navis
331 762 441 784 vocatae
463 751 486 782 la
509 750 608 789 Matye
627 750 773 791 Sterlyng,
791 750 823 779 &
845 720 964 792 afiorum
986 745 1192 791 Magistrorum
1212 742 1279 773 Na·

120 780 145 806 3⁸
164 780 199 798 Μ’
217 794 298 824 vium
312 792 347 822 de
360 790 432 822 Villa
448 789 592 827 Guetary,
613 789 787 827 Ligeorum,
807 786 937 817 cariffimi
957 785 1020 830 ‘Filii
1040 783 1148 828 nostri,
1166 781 1279 820 Johan-

69 816 115 845 39⁸
217 836 259 862 nir
273 835 349 873 Regig
363 828 484 870 Castellae
498 827 535 863 ἐν
553 831 691 867 Legionis,
712 827 802 858 Ducis
819 824 1007 862 Lancastrioe,
1023 832 1197 861 receprmoe,

257 869 465 900 Continentem
481 866 578 905 quod,
1213 898 1218 903 ι
1251 897 1256 903 .

258 908 357 944 Cum,
373 906 421 945 ipli
437 905 500 943 post
515 905 645 935 Mortem
662 906 738 933 Petri
753 913 840 942 nuper
854 905 931 938 Regis
947 899 1080 939 Ispanniae
1093 898 1236 936 defuncti,
1249 907 1278 928 in

219 946 326 986 Regno
340 944 507 983 Portugaliae
517 968 525 981 ,
545 954 643 975 contra
657 945 802 973 Henricum
815 940 939 980 Bastard
951 940 982 969 de
1000 937 1146 979 Ispanm'a‚
1165 937 1277 967 Adver-

217 986 317 1018 sarium
331 984 477 1022 nostrum,
495 984 633 1014 continue
649 983 751 1012 morati
763 981 880 1017 fuerint,

256 1024 300 1055 Ac
314 1023 406 1054 dietus
420 1022 502 1052 Filius
516 1020 610 1051 noster
626 1021 730 1051 Literas
744 1020 802 1050 suas
816 1017 921 1048 eisdem
929 1015 1071 1056 Magistris
1086 1014 1278 1054 miserit,sup-

217 1062 350 1101 plicando
364 1063 400 1091 eis
415 1071 444 1092 ut
458 1063 486 1090 in
500 1056 678 1097 Obsequium
694 1059 772 1089 suum
786 1058 928 1093 venirent,
956 1094 961 1099 ἡ
1013 1094 1018 1099 .
1120 1093 1124 1098 η

254 1101 401 1138 Iidemque
425 1099 572 1136 Magistri,
594 1097 731 1129 Mandato
751 1096 819 1127 dicti
841 1095 962 1125 Domini
981 1093 1020 1124 sui
1040 1091 1221 1131 obedientes,
1247 1100 1279 1123 ut

216 1140 266 1178 ipsi
289 1143 316 1170 in
336 1140 446 1169 dietum
468 1137 646 1176 Obsequium
670 1137 768 1166 melius
789 1134 886 1165 venire
907 1132 1036 1172 possent,
1063 1131 1278 1175 Navenvsuam

219 1179 382 1217 praedictam
396 1187 464 1207 cum
480 1176 559 1207 Vinis
570 1177 603 1207 &
618 1175 676 1206 aliis
688 1174 801 1205 diversis
815 1171 999 1203 Mercandisis
1019 1171 1215 1209 frectaverint,
1233 1180 1280 1200 us-

218 1228 273 1255 que
289 1225 376 1254 partes
391 1215 528 1246 Flandriae
543 1216 575 1245 &
589 1214 624 1244 de
638 1214 745 1244 Sancto
762 1211 879 1242 Maloro
893 1210 1069 1247 ducendam,
1088 1219 1140 1247 pro
1181 1217 1277 1239 nentes

218 1257 246 1285 in
262 1255 440 1293 Obsequium
456 1254 526 1285 dieti
539 1253 600 1283 Filii
612 1251 718 1295 nost-ri,
736 1250 885 1290 postquam
898 1249 1120 1288 Expeditionem
1137 1219 1277 1279 gffetarum

219 1294 459 1325 Mercandilarum
472 1294 580 1323 suarum
594 1291 742 1329 fecissent,
760 1290 887 1321 celeriter
901 1287 1025 1327 veniffe,
1043 1289 1076 1320 &
1091 1288 1197 1319 ibidem
1211 1286 1279 1318 fide-

216 1332 278 1363 liter
292 1341 416 1362 moratos
426 1331 507 1362 fuisse

256 1371 393 1410 Dieiique
418 1354 563 1410 Magistri,
587 1368 730 1400 veniendo
750 1367 827 1406 supra
848 1366 953 1404 Mare,
976 1366 1053 1404 juxta
1071 1363 1224 1397 Costeram
1244 1366 1281 1397 de

220 1409 408 1454 Derternuth,
426 1409 542 1441 diversis
557 1407 688 1439 Navibus
701 1407 734 1438 &
749 1405 857 1446 Bargeis
869 1404 968 1444 Regni
981 1404 1070 1435 nostri
1092 1404 1204 1445 Angliae
1225 1406 1282 1436 ob-

219 1458 354 1481 viaverint

259 1488 320 1527 Qi
336 1473 450 1526 quidem
468 1485 612 1526 Magistri,
630 1484 667 1515 de
679 1484 824 1515 securitate
836 1482 930 1513 dileeti
945 1482 1008 1512 Filii
1026 1482 1114 1513 nostri
1134 1482 1282 1514 confiden-

219 1535 276 1565 (σε,
296 1536 364 1557 cum
378 1536 479 1556 eorum
494 1524 608 1564 propria
622 1523 781 1560 voluntate,
798 1521 1014 1566 cumnNavibus
1027 1522 1060 1553 &
1078 1521 1189 1560 Bargeis
1208 1532 1282 1561 prae-

219 1565 319 1603 dietis,
338 1566 367 1595 in
384 1565 464 1595 dieto
478 1563 566 1594 Portu
581 1563 617 1593 de
632 1561 790 1592 Dertmuth
806 1571 840 1599 ap
860 1560 1015 1598 licuerunt,

258 1604 347 1642 Super
366 1613 425 1642 quo
446 1602 517 1632 dieti
541 1601 670 1638 Magistri
691 1601 725 1631 &
744 1600 788 1630 alii
849 1607 986 1630 ercatores
1009 1598 1100 1629 Navis
1121 1598 1280 1638 praediCtae,

242 1642 374 1680 ostqiram
395 1643 422 1671 in
443 1641 556 1671 dietum
574 1640 694 1670 Portum
711 1639 854 1676 venerint,
872 1637 998 1675 arestari,
1017 1638 1050 1668 &
1064 1647 1131 1667 curn
1146 1636 1228 1668 Navi
1249 1648 1282 1668 ac

246 1682 308 1711 onis
329 1681 362 1711 ὃς
383 1679 567 1711 Mei-candifis
587 1679 637 1709 suis
658 1677 781 1715 ibidem,
800 1677 848 1707 sub
863 1676 968 1707 Aresto
982 1675 1158 1714 hujusmodi,
1177 1675 1283 1707 detenti

220 1719 358 1758 existunt,
377 1728 548 1757 quamquam
564 1717 611 1756 ipli
630 1717 735 1747 Literas
749 1715 856 1754 praefati
872 1715 934 1745 Filii
947 1714 1050 1752 nostri,
1069 1715 1102 1745 &
1115 1717 1193 1752 Regis
1214 1718 1282 1745 Por-

222 1757 348 1796 tugaliae,
365 1759 398 1789 &
413 1760 522 1787 Comitis
536 1759 600 1786 Don
616 1756 737 1786 Ferando
750 1755 830 1792 super
841 1754 900 1784 hoc
915 1753 1024 1790 plenius
1036 1752 1230 1793 ostenderint,

259 1796 350 1828 Unde
366 1796 463 1826 Nobis
477 1795 665 1834 supplicarunt
681 1803 710 1824 ut
725 1794 797 1831 ipsos
810 1794 844 1823 ab
861 1791 965 1822 Aresto
978 1791 1116 1830 praediCto
1129 1793 1286 1832 deliberari,

221 1836 255 1866 ὅ(
276 1835 350 1866 dicta
373 1835 507 1872 Navem,
527 1832 718 1864 Mercandisas
737 1833 771 1863 &
791 1831 871 1863 Bona
892 1830 937 1861 sua
958 1829 1082 1862 Restitui
1097 1832 1197 1870 jubere
1219 1833 1289 1863 veli-

223 1884 286 1905 mus

260 1897 329 1981 NCIOS
355 1911 502 1950 (volentes
529 1920 598 1942 cum
625 1910 729 1941 eisdem
752 1919 834 1949 agere
854 1908 993 1949 gratiose)
1017 1909 1101 1940 vobis
1122 1909 1288 1941 mandamus

244 1961 283 1981 uo

222 1961 242 1991 q
263 1974 331 2020 Vilis
345 1989 426 2020 diffls
442 1989 560 2025 LiteriS,
578 1988 637 2018 tam
651 1987 719 2018 dieti
736 1988 798 2018 Filii
812 1986 920 2025 nostri,
935 1987 1021 2024 quarn
1041 1986 1187 2018 dic'iorum
1209 1990 1287 2025 Regis

225 2028 400 2067 Portugalliae
415 2029 447 2059 &
465 2030 572 2057 Comitis
589 2029 652 2056 Don
667 2027 806 2066 Ferando,
825 2026 844 2056 fi
858 2026 941 2056 vobis
954 2024 1111 2057 constiterit
1124 2026 1194 2064 ipsos
1220 2026 1288 2058 Ma-

222 2068 323 2137 gffros
344 2070 376 2100 ὃ(
398 2067 574 2098 Mercatores
594 2065 630 2096 de
652 2065 789 2096 Amicitia
806 2063 901 2095 nostra
918 2064 1053 2103 existere,
1072 2073 1102 2096 ut
1114 2064 1287 2103 praediCtum

223 2117 239 2137 C
273 2129 282 2143 ν

261 2145 349 2176 Tunc
363 2144 494 2183 praefatos
510 2142 661 2181 uslagistros
675 2142 708 2173 &
725 2141 904 2173 Mercator&
917 2141 974 2172 fine
996 2141 1131 2173 dilatione
1152 2141 1289 2173 dearesta-

224 2184 263 2220 ri,
282 2184 314 2215 δε
331 2185 369 2214 eis
385 2182 501 2213 Navem
515 2191 546 2211 ac
565 2181 645 2213 Bona
658 2182 691 2212 ὃς
707 2180 897 2212 Mercandisas
910 2181 955 2211 sua
968 2182 1097 2219 propria,
1114 2191 1147 2211 ac
1162 2180 1238 2212 Bona
1253 2182 1288 2212 ὃ(

223 2221 412 2253 Mercandisas
433 2221 551 2252 aliorum
575 2220 747 2251 Amicorum
769 2219 949 2258 nostrorum,
977 2229 1043 2258 quae
1066 2220 1096 2249 in
1117 2219 1192 2251 dieta
1210 2220 1289 2252 Navi

224 2260 332 2292 arestari
346 2261 473 2298 fuerunt,
493 2258 597 2290 restitui
613 2260 646 2290 &
660 2259 764 2289 habere
777 2258 897 2289 faciatis:

261 2299 380 2330 Proviso
404 2308 498 2329 tamen
523 2297 601 2335 quod
620 2298 718 2327 omnia
740 2296 817 2327 Bona
837 2297 870 2327 ὃ(
896 2295 1086 2327 Mercandisas
1099 2295 1288 2328 Inimicorum

225 2338 408 2373 nostrorum,
428 2347 491 2375 quae
511 2337 540 2365 in
563 2336 637 2366 dieta
660 2335 740 2366 Navi
762 2337 874 2366 inventa
895 2335 1027 2374 fuerunt,
1045 2335 1120 2367 salvo
1138 2336 1171 2366 &
1193 2336 1290 2367 secure

226 2377 328 2448 abbsque
344 2376 557 2406 Deliberatione
571 2374 781 2413 custodiantur,
799 2374 831 2404 &
846 2373 927 2412 ipsis,
944 2373 978 2404 ad
993 2384 1064 2412 quos
1084 2375 1240 2414 pertinent,
1257 2374 1290 2405 li-

251 2425 362 2447 erentur

268 2439 438 2484 Mantla'mus
460 2453 543 2483 ctiam
564 2451 647 2482 vobis
669 2449 750 2489 quod
774 2449 905 2489 quasdam
919 2450 980 2480 alias
993 2449 1092 2481 Naves
1107 2451 1143 2481 de
1153 2451 1291 2491 Portuga-

230 2493 283 2528 lia,
302 2503 364 2531 qua:
385 2492 474 2522 versus
493 2501 582 2529 partes
606 2490 642 2520 de
665 2490 771 2520 Sanc'io
794 2489 912 2520 Maloro
934 2499 968 2519 ex
982 2489 1061 2519 causa
1075 2490 1210 2527 pra-‘dieta
1230 2491 1291 2521 sunt

231 2532 382 2561 transiturae
404 2533 535 2568 (quarum
559 2530 576 2547 '¹‘
595 2528 780 2566 Sebastianus,
798 2527 914 2566 John,
934 2531 1091 2567 Martinus,
1113 2528 1232 2567 Johan,
1257 2530 1291 2560 &

234 2569 358 2598 Massam
397 2570 457 2598 sunt
474 2567 615 2607 Magistri)
634 2568 651 2597 si
667 2568 736 2597 infra
751 2566 904 2597 Disttieffls
919 2565 1026 2597 vestros
1041 2568 1186 2606 venerint,
1204 2568 1281 2598 salvo

232 2608 335 2645 absque
349 2593 490 2650 &finienda
502 2609 539 2636 eis
554 2606 694 2636 inferenda
705 2629 713 2643 ,
732 2605 883 2643 custodiri,
900 2606 932 2636 &
945 2606 1042 2635 omnia
1057 2604 1135 2636 Bona
1156 2607 1190 2637 δε
1211 2591 1293 2637 Mer-⁹

232 2646 356 2676 candisas
377 2645 563 2675 Inimicorum
581 2644 762 2682 nostrorum,
792 2654 856 2681 quae
876 2646 904 2673 in
926 2643 1007 2674 dietis
1028 2643 1160 2675 Navibus
1180 2646 1293 2676 inventa

234 2686 355 2722 fuerint,
375 2685 439 2720 illis,
460 2683 494 2714 ad
506 2693 577 2721 quos
593 2684 750 2720 pertinent,
767 2683 869 2712 babere
883 2682 916 2712 &
930 2683 1036 2712 liberari
1056 2683 1176 2721 facian,
1193 2684 1228 2715 δε
1250 2685 1294 2722 ip·

235 2724 278 2754 sos
300 2722 470 2761 Magistros,
489 2731 558 2752 cum
579 2722 660 2751 dietis
680 2720 812 2750 Navibus
835 2721 868 2750 &
891 2730 991 2750 eorum
1012 2720 1095 2750 Bonis
1108 2723 1243 2761 propriis,
1262 2732 1295 2753 ac

235 2763 293 2807 aliis
310 2761 393 2806 Bonis
407 2761 578 2791 Amicorum
593 2759 755 2803 nostrorum
765 2781 774 2796 ,
792 2758 824 2789 ad
839 2767 927 2796 partes
941 2768 1000 2797 quo
1014 2759 1174 2798 voluerint,
1192 2761 1295 2799 absque

236 2798 854 2876 iniffigdggiaeguos,igffiggrrql(pgrigigtutgthuas
867 2834 966 2865 Naves
981 2833 1016 2865 de
1038 2834 1215 2876 Portugalia,
1232 2847 1298 2876 quae

237 2888 328 2947 ῐὲὲιρετ
364 2888 392 2907 er
406 2875 597 2945 Homdineste
612 2875 818 2944 Derthmfflsss&
834 2874 973 2943 Plffimudss,
981 2882 1089 2942 εεῑέκ,
1106 2875 1242 2919 &usque
1255 2876 1299 2906 di—

240 2927 352 2985 fussffint
362 2924 463 2993 ,Οὲΐὲ
487 2925 524 2997 ὅξ-
540 2922 1042 2997 Γεὲιῐιξῐέ[ἕυίῗοὲίῑίῳὲξςίαῑίεεῗυάἒῗιες
1049 2914 1299 2989 Χιὲῑεῖῃῗᾶηέἰῗίῗτῗ

241 2993 370 3062 §ostrum
385 2992 526 3036 informati
541 2992 674 3022 fuerimus
687 2990 722 3021 ad
736 3000 806 3029 quos
822 2989 922 3021 Naves
945 2989 1090 3028 praedi&ae
1112 2990 1148 3021 de
1163 2990 1232 3029 Jure
1251 2991 1301 3022 de-

264 3041 327 3061 eant
345 3039 488 3068 pertinere.

281 3069 373 3101 Teste
386 3069 471 3108 Rege
484 3067 558 3107 apud
574 3067 882 3106 westmonasterium,
900 3067 1039 3099 vicesimo
1053 3066 1099 3099 die
1116 3066 1264 3098 Februarii.

78 2536 204 2570 *v11.4

252 3155 316 3162 ψ...

1205 3153 1292 3160 «ψ-η

455 3202 505 3233 De
520 3198 690 3233 Traiana&
705 3211 777 3231 cum
795 3202 871 3247 Rege
890 3201 1099 3247 Arragonum.

99 3303 165 3335 Arm
185 3301 218 3332 D
249 3286 364 3345 REX
379 3285 545 3322 Universis,
564 3284 709 3324 praesentes
721 3284 827 3315 Literas
840 3284 1019 3324 inspec'iuris,
1037 3283 1172 3315 Salutem.

127 3326 181 3373 „¹7
220 3325 227 3332 ⁸
344 3325 494 3356 Noveritis
509 3323 588 3362 quod
604 3323 689 3360 Nos,

101 3387 127 3408 A
149 3363 173 3382 2¹
186 3350 211 3381 3'
289 3364 338 3394 De
359 3363 489 3394 fidelitate
511 3364 543 3393 &
564 3360 818 3398 circumspectione
842 3361 960 3398 provida
994 3361 1165 3392 dilefiwrum
1191 3360 1224 3391 &
1240 3359 1309 3390 fide-

101 3389 215 3454 liu-:⁷⁴
252 3403 321 3433 lium
338 3402 517 3439 nostrorum,
536 3401 641 3430 Thomae
657 3400 688 3442 de
700 3397 951 3442 FeltonySqenescalli
968 3385 1100 3430 hominii
1116 3397 1203 3429 nostri
1219 3398 1310 3436 Aqui-

101 3459 177 3482 franc
190 3466 223 3490 4,
254 3443 352 3477 tanim,
372 3440 481 3470 Roberti
495 3441 526 3469 de
541 3443 611 3469 Rom
626 3438 744 3475 Majorrs
764 3435 893 3467 Civitatis
913 3438 1034 3476 nostrae,
1052 3447 1085 3468 ac
1109 3436 1160 3467 Ma
1182 3436 1236 3466 'stri
1255 3439 1309 3466 Ro-

102 3499 131 3520 ]33
150 3478 217 3529 μὴ’
230 3477 236 3483 ’
255 3479 325 3509 berti
341 3480 372 3508 de
386 3478 518 3518 lnykford
529 3477 669 3514 utriusque
678 3476 752 3514 Juris
767 3475 905 3505 Doctoris
924 3476 1128 3507 Constabularii
1176 3474 1238 3504 astri
1256 3485 1310 3505 no-

106 3542 150 3557 Ὃ.
212 3515 217 3521 '
255 3518 303 3548 stri
327 3517 512 3555 Burdegaliae,
529 3526 562 3546 ac
584 3515 724 3554 Johannis
745 3514 776 3543 de
795 3514 908 3555 Ecclefia
929 3514 1036 3553 judicis
1049 3514 1168 3553 Majoris
1183 3512 1311 3544 Civitatis

106 3551 119 3568 ³
254 3555 357 3586 nostrae
373 3554 594 3593 Burdogalensrs,
612 3553 803 3589 confidentes,

289 3594 372 3631 ipsis,
392 3594 540 3632 Qiatuor‚
557 3593 681 3629 Tribus,
701 3593 734 3622 ὃς
756 3590 880 3620 Duobus
900 3601 1019 3629 eorum,
1036 3591 1069 3621 ad
1095 3590 1310 3628 Tractandum,

252 3631 518 3670 componendum,
542 3631 575 3661 &
594 3629 858 3665 Concor-dandum,
884 3640 937 3667 pro
960 3630 1058 3660 Nobis
1073 3653 1083 3667 ,
1110 3629 1233 3660 Subditis
1247 3651 1256 3667 ‚
1276 3629 1310 3659 &

252 3670 360 3708 Regnis
379 3669 498 3707 nostris,
515 3679 600 3707 curn,
620 3667 800 3698 Serenissimo
818 3667 967 3705 Principe,
986 3668 1120 3698 Domino
1144 3670 1225 3697 Petro
1239 3669 1306 3703 Rege

254 3712 436 3745 Arragoniae,
458 3717 510 3746 pro
526 3707 578 3745 Se,
594 3706 823 3742 Successoribus,
842 3706 967 3745 Regnis,
985 3708 1018 3737 δε
1042 3706 1164 3737 Subditis
1182 3706 1251 3743 suis,
1268 3705 1311 3736 su-

256 3756 304 3782 per
326 3747 399 3784 Ligis
417 3747 450 3777 &
474 3746 631 3782 Amicitiis,
649 3744 866 3781 Temporalibus
889 3747 921 3776 ὃς
938 3746 1094 3783 perpetuis,
1111 3746 1182 3774 inter
1199 3743 1212 3773 Ι
1235 3744 1312 3782 sum,

257 3785 291 3813 ὅ(
305 3784 387 3822 Nm,
405 3795 437 3814 ac
450 3784 567 3814 Domos
581 3782 686 3813 nostras
705 3782 826 3820 Regias,
843 3782 963 3821 Regna,
981 3783 1137 3820 Dominia,
1154 3782 1188 3813 &
1231 3782 1312 3812 ubdi-

257 3828 302 3850 tos
317 3822 444 3860 nostros,
462 3831 670 3860 quaecurnque,
688 3819 814 3850 ineundis
829 3820 861 3850 δε
883 3821 1031 3860 faciendis,
1049 3822 1083 3852 &
1102 3820 1180 3858 super
1201 3818 1312 3850 Mutuis

260 3859 393 3896 Auxiliis,
411 3860 477 3890 hinc
492 3860 572 3897 inde,
590 3868 675 3897 prout
686 3869 758 3894 opus
768 3859 868 3896 fuerit,
885 3869 983 3891 contra
1007 3859 1223 3900 qualescumque
1242 3857 1313 3888 Per-

258 3898 354 3934 sonriS,
371 3898 404 3927 ὃς
418 3907 590 3935 oportunum
607 3898 703 3935 fuerit,
720 3896 896 3934 praestandis,

298 3934 335 3965 Et
354 3944 402 3972 ea,
420 3946 482 3972 (με
504 3937 540 3966 sic
559 3936 692 3966 Tractata
710 3935 743 3966 &
758 3934 942 3966 Concordata
955 3936 1072 3974 fuerint,
1086 3935 1253 3975 Jurarnento
1276 3935 1310 3966 δε

259 3974 500 4012 quacumque'alia
514 3975 654 4004 securitate
667 3973 850 4003 Firmandum
864 3974 897 4004 &
913 3974 1080 4005 Vallandum
1089 3997 1098 4013 ,

293 4010 434 4049 Nosque,
451 4012 483 4042 &
504 4012 641 4043 Haeredes
662 4011 790 4050 nostros,
806 4021 838 4042 ac
853 4011 971 4052 Regna,
987 4011 1143 4051 Dominia,
1160 4010 1312 4043 Subditos-

667 100 1472 151 CONVENTIONES,
1527 100 1914 154 LITERAE,

1311 193 1368 224 que
1389 184 1701 230 nostra,nubicumque
1720 185 1864 217 existentia
1876 210 1888 224 ,
1909 185 1946 216 ad
1964 182 2205 218 observationem
2224 184 2376 225 omnium,
2396 184 2521 220 Ann.D.
2547 161 2552 174 ἒ

1313 233 1378 260 quae
1393 225 1472 262 super
1485 225 1538 255 hiis
1553 224 1663 256 naetari
1676 226 1711 257 &
1724 224 1894 256 concordari
1905 226 2075 264 contigerit,
2092 224 2211 256 firmiter
2234 223 2376 263 Obligan-
2412 234 2498 266 1373.

1314 261 1579 332 duxIi'jt'Cautionem
1593 312 1626 332 ac
1640 301 1844 338 Securitatem,
1862 309 1927 338 quae
1940 299 2025 330 nobis
2039 302 2069 331 in
2082 301 2135 332 hac
2150 308 2228 339 parte
2247 299 2308 332 fieri
2329 266 2458 332 de-*Edv'
2478 274 2507 302 3·

1317 338 1397 378 beat,
1416 339 1634 378 Acceptandum
1648 341 1682 370 &
1696 338 1925 377 Recipiendum,
1943 338 2117 377 similemque
2136 340 2323 371 Securitatem
2344 341 2379 372 &

1317 376 1584 447 gaqugnemdparti
1595 378 1687 417 alteri,
1703 378 1802 409 nostro
1817 377 1953 415 nomine,
1969 375 2158 417 Faciendum,
2175 378 2381 418 Tradendum,

1396 428 1405 447 1
1427 427 1491 448 eran
1512 427 1562 448 um

1357 454 1403 485 Ac
1417 456 1514 486 omnia
1526 440 1580 486 alia,
1590 456 1623 487 δε
1638 454 1741 495 fingula
1753 453 1946 492 Faciendum,
1963 462 2029 492 quae
2044 453 2073 482 in
2087 451 2238 486 Praemiffis
2251 457 2286 488 &
2309 456 2384 488 circa

1319 502 1351 523 ea
1363 494 1512 524 necessaria
1526 495 1647 533 fuerint,
1661 496 1746 525 etiam
1759 493 1779 523 fi
1796 492 1968 523 Mandatum
1981 493 2089 531 exigant
2105 490 2240 534 speciale,
2256 495 2383 535 plenam,

1319 540 1418 562 tenore
1431 531 1616 564 Praesentium
1626 555 1636 570 ,
1654 533 1862 563 committimus
1874 530 2065 568 Potestatem3

1358 568 1575 609 promittentes,
1594 581 1646 608 pro
1670 570 1787 609 Nobis,
1806 571 1839 600 &
1858 569 2029 600 Haeredibus
2051 567 2168 606 nostris,
2186 568 2256 601 Nos
2270 570 2380 603 Ratum

1320 608 1355 639 &
1369 607 1510 646 Gratum,
1529 609 1667 646 perpetuis
1682 609 1878 647 temporibus,
1894 608 2038 639 habituros
2054 606 2189 646 quicquid
2203 607 2381 648 iidem,Yho-

1322 657 1398 685 mas,
1416 646 1565 684 Robertus,
1583 646 1734 685 Robertus,
1751 648 1784 678 ὅ(
1799 646 1961 686 Johannes,
1980 647 2130 684 Quatuor,
2149 646 2238 685 Tres,
2253 647 2299 678 vel
2311 647 2384 680 Duo

1320 695 1440 755 eo'rffm'
1457 685 1558 716 nostro
1577 686 1712 724 nomine,
1730 685 1850 716 fecerint
1871 686 1901 715 in
1920 684 2082 724 praemiffis,
2103 685 2138 716 δε
2160 685 2288 724 quolibet
2307 695 2382 724 prae-

1321 733 1362 754 mi
1387 734 1479 754 orum.
1847 745 1851 749 -
1897 744 1901 748 -

1360 760 1428 793 Dat.
1444 763 1472 792 in
1487 762 1594 793 Palatio
1609 760 1707 793 nostro
1722 760 1852 792 Westm.
1870 759 1921 791 sub
1941 759 2046 798 Magni
2067 759 2155 800 sigilli
2175 761 2264 793 nostri
2285 762 2384 794 Testi-

1322 801 1442 839 monio,
1461 801 1508 831 die
1523 800 1746 840 Qinradecimi
1762 799 1869 831 Mensis
1886 797 2005 836 Martii,
2022 797 2110 829 Anno
2132 800 2294 832 Nativitatis
2316 801 2383 833 Do-

1322 840 1393 869 mini
1415 838 1586 878 Millefimo,
1610 839 1840 877 Tricentefimo,
1862 836 2075 877 septuagesimo
2091 839 2194 876 tertio,
2207 839 2241 870 &
2261 838 2384 880 Regno-

1320 888 1385 948 rursn
1401 878 1580 948 nolsirorurn,
1596 878 1723 910 Franeiae
1741 877 1903 909 Tricesimo
1925 884 2044 916 quarto,
2062 876 2096 908 ὃ(
2117 876 2232 915 Angliae
2254 878 2385 918 Quadra-

1320 925 1356 956 ge
1368 927 1430 948 imo
1455 926 1572 956 eptimo.
1619 941 1624 945 .

1479 1049 1537 1079 Pro
1559 1040 1685 1078 Civibus
1704 1042 1906 1091 Burdegaliae,
1931 1041 1968 1076 de
1984 1042 2213 1079 Pardonatione.

1378 1131 1413 1201 ES
1426 1131 1488 1200 ξζοί
1506 1141 1522 1162 a
1544 1138 1628 1162 toutz
1648 1130 1746 1169 ceulx,
1765 1130 1796 1169 qi
1815 1127 1904 1160 cestes
1927 1127 2038 1160 Lettres
2059 1137 2194 1170 verront,
2209 1140 2249 1162 ou
2263 1139 2383 1171 orront,
2396 1131 2524 1170 Amo:

1415 1181 1429 1201 a
1441 1180 1498 1201 utz.

1361 1207 1419 1239 Por
1436 1210 1473 1240 les
1485 1217 1586 1248 grantz
1599 1209 1632 1240 &
1647 1206 1811 1246 aggreables
1823 1206 1950 1237 Services
1965 1215 2039 1245 que,
2057 1214 2116 1236 noz
2130 1206 2226 1238 cheres
2239 1209 2273 1240 &
2292 1208 2382 1249 falx,
2392 1185 2510 1254 21313237'.

1322 1246 1360 1277 les
1382 1248 1477 1280 Meire
1490 1272 1500 1287 ,
1520 1247 1608 1287 Jurez
1622 1270 1632 1286 ,
1657 1248 1691 1279 ὃς
1711 1245 1887 1277 Comunalte
1905 1245 1941 1276 de
1962 1244 2060 1276 nostre
2079 1243 2165 1276 Citee
2180 1245 2216 1276 de
2236 1245 2381 1280 Bordeaux
2391 1258 2420 1283 ε.
2441 1264 2467 1292 3.

1322 1285 1413 1318 Nous
1429 1297 1482 1320 ont
1493 1287 1544 1318 fait
1556 1296 1590 1317 en
1606 1286 1645 1316 les
1659 1285 1795 1325 presentes
1810 1283 1954 1323 Guerrec,
1972 1285 2006 1315 &
2018 1295 2034 1315 a
2045 1282 2085 1314 fin
2101 1283 2161 1320 <fils
2172 1283 2262 1316 soient
2273 1285 2300 1316 le
2312 1286 2382 1324 pluis
2395 1295 2460 1332 Vasc·
2476 1285 2536 1331 47-‘

1324 1324 1475 1357 Afforciez
1487 1327 1520 1358 &
1536 1324 1704 1364 Encoragez
1718 1335 1733 1355 a
1748 1323 1881 1355 demorer
1895 1321 1999 1354 toutdis
2012 1332 2048 1353 en
2063 1321 2159 1354 nostre
2180 1324 2256 1354 vraie
2276 1323 2383 1356 Obeis-
2393 1335 2460 1370 E.,3.
2474 1343 2518 1363 m,

1322 1362 1421 1402 sance,
1440 1365 1594 1396 veulliantz
1614 1363 1682 1395 faire
1699 1374 1714 1394 a
1733 1362 1796 1394 eulx
1817 1361 1914 1393 Grace
1935 1362 1967 1392 es
1983 1361 2083 1400 eciale,
2097 1361 2133 1392 de
2151 1361 2249 1392 nostre
2262 1364 2384 1395 certaine
2393 1371 2421 1400 6.

1323 1401 1435 1434 science
1467 1404 1500 1436 ὅ(
1525 1403 1665 1434 auctorite
1689 1402 1775 1433 roiale
1790 1426 1799 1440 ,
1831 1410 1878 1439 par
1906 1400 1951 1432 l'A
1973 1401 2013 1432 vis
2041 1401 2075 1432 &
2094 1399 2320 1432 Consentement
2337 1401 2387 1434 dee

1326 1440 1440 1472 Grantz
1453 1443 1486 1474 &
1498 1442 1582 1481 Sages
1595 1440 1631 1472 de
1643 1441 1740 1472 nostre
1756 1439 1910 1479 Counsail,
1929 1439 2018 1470 Nous

2066 1439 2176 1477 uitons,
2196 1439 2388 1481 Remertons,

1325 1480 1360 1511 &
1381 1479 1549 1512 Pardonons
1570 1489 1585 1510 a
1607 1480 1645 1511 lec
1666 1479 1811 1511 avantditz
1830 1477 2044 1517 Mair,Jurez‚

2108 1477 2302 1510 Comunaltee
2317 1486 2387 1512 touz

1326 1518 1452 1550 Forfaitz
1471 1521 1504 1551 ὃ(
1527 1518 1647 1564 Trespas
1662 1542 1672 1558 ,
1697 1519 1822 1550 commis
1841 1517 1874 1549 &
1894 1525 2041 1556 perpetrez
2062 1526 2110 1555 par
2130 1526 2185 1548 eux
2200 1539 2210 1555 ,
2234 1526 2274 1548 ou
2295 1527 2388 1550 aucun

1325 1556 1434 1596 d’eulx,
1453 1566 1536 1590 avant
1558 1559 1584 1589 le
1599 1568 1665 1597 Jour
1685 1558 1808 1596 present,
1828 1555 1847 1575 ³*
1862 1566 1898 1586 en
1912 1566 2004 1587 aucun
2020 1564 2113 1594 temps
2127 1555 2235 1594 passee,
2253 1565 2391 1589 encontre
2404 1566 2487 1599 nvn
2503 1573 2533 1609 52

1326 1595 1365 1626 les
1382 1596 1565 1629 Ordenances
1579 1596 1616 1628 de
1629 1606 1687 1627 noz
1696 1596 1851 1634 Monoies‚
1867 1605 1908 1626 ou
1925 1605 1960 1626 en
1972 1604 2064 1625 aucun
2078 1602 2157 1626 autre
2171 1595 2297 1626 maniere
2310 1595 2391 1635 quel-
2489 1591 2496 1599 ⁸

1327 1645 1384 1665 con
1408 1646 1442 1666 ue

1364 1646 1460 1705 Ixiqien}
1472 1674 1623 1705 veullianrz
1637 1683 1692 1712 que
1703 1673 1743 1704 les
1757 1671 1901 1704 avantditz
1912 1671 2007 1710 Mair,
2021 1671 2125 1711 Jurez,
2142 1671 2177 1704 &
2197 1669 2392 1714 Comunalte,

1328 1722 1365 1742 ne
1379 1713 1437 1743 leur
1451 1712 1553 1751 Heirs,
1566 1713 1654 1744 soient
1668 1711 1831 1750 Molestez,
1845 1710 1980 1750 Grevez,
1993 1721 2032 1741 ou
2043 1710 2277 1750 Empeschez‚en
2284 1711 2392 1752 Corps,

1331 1751 1395 1781 n’en
1417 1751 1498 1782 Biens
1535 1762 1583 1789 par
1605 1751 1644 1782 les
1666 1751 1757 1782 causes
1773 1761 1812 1781 ou
1827 1749 1973 1780 occasions
1984 1748 2152 1786 avantdites,
2169 1759 2217 1787 par
2230 1749 2335 1789 Nous,
2353 1761 2391 1782 ne

1331 1800 1379 1827 par
1400 1800 1459 1821 noz
1483 1775 1588 1829 Piens,
1606 1800 1643 1820 ne
1656 1800 1761 1821 aucuns
1773 1789 1809 1820 de
1824 1797 1884 1820 noz
1899 1787 2042 1826 Officers,
2059 1797 2096 1817 ne
2112 1787 2275 1827 Ministres,
2291 1797 2392 1822 tanco-

1331 1838 1380 1859 me
1393 1829 1412 1859 il
1425 1829 1451 1859 se
1464 1830 1609 1860 tiendront
1620 1828 1725 1860 desouz
1739 1827 1836 1859 nostre
1849 1827 1899 1858 leni
1915 1825 2096 1857 Obeissance.

1367 1866 1448 1899 Don.
1468 1878 1515 1906 par
1537 1867 1767 1907 Tesmoignance
1788 1866 1824 1897 de
1844 1865 1940 1896 nostre
1954 1864 2048 1896 Grant
2061 1864 2142 1904 Sal,
2158 1874 2174 1896 a
2187 1863 2283 1896 nostre
2295 1864 2392 1906 Palays

1330 1906 1367 1936 de
1381 1906 1612 1944 Westmonster,
1630 1906 1656 1937 le
1670 1917 1715 1937 xv.
1732 1908 1796 1943 jour
1809 1905 1844 1936 de
1859 1904 1980 1942 Marcz,
1998 1904 2065 1935 l'An
2080 1903 2116 1934 de
2142 1903 2166 1933 la
2188 1902 2320 1934 Nativite
2339 1914 2394 1936 no-

1330 1944 1385 1975 stre
1401 1945 1520 1986 Seignur
1543 1946 1642 1984 Mille,
1661 1945 1848 1984 Troiscentz,
1867 1943 2000 1974 Soixante
2022 1944 2056 1974 &
2078 1942 2204 1980 Tresze,
2222 1943 2256 1974 δε
2278 1942 2315 1973 de
2334 1951 2394 1973 noz

1329 1983 1363 2054 lg<
1397 1995 1462 2024 nes,
1479 1984 1515 2016 de
1534 1985 1641 2016 France
1661 1984 1771 2015 Trenie
1791 1984 1825 2016 ὃς
1849 1983 1974 2023 Qatre,
1992 1983 2025 2014 &
2038 1980 2231 2021 d’Engleterre
2248 1981 2395 2022 Qiarante

1398 2032 1454 2062 ept.

1489 2103 1549 2132 Par
1563 2099 1592 2131 Ia
1608 2102 1743 2139 Peticion,
1762 2098 1842 2130 baille
1855 2097 1892 2134 ὠ
1906 2101 1997 2138 Signee
2012 2098 2094 2138 depar
2107 2096 2132 2128 Ie
2147 2096 2280 2137 Counfizil.

1354 2227 1413 2257 Pro
1435 2222 1566 2257 Berardo
1582 2222 1618 2256 de
1636 2221 1760 2257 Lebreto
1775 2250 1784 2265 ‚
1809 2221 1846 2255 de
1862 2219 2079 2255 Donationibus
2106 2220 2313 2265 Redmmndis,
2337 2223 2376 2260 ό·

1638 2269 1887 2306 Revocasionibus
1910 2269 2105 2304 Revocandis.

1333 2359 1414 2420 LE
1430 2358 1491 2389 Roi
1503 2368 1519 2389 a
1531 2366 1613 2390 toutz
1626 2357 1724 2396 ceulz,
1743 2358 1771 2396 qi
1787 2355 1875 2388 cestes
1891 2356 2000 2388 Lettres
2018 2364 2135 2388 verront
2155 2365 2195 2387 ou
2213 2363 2333 2394 orront,
2351 2353 2401 2387 Sa·
2415 2353 2491 2385 Ann.
2501 2351 2543 2386 D.

1406 2399 1474 2429 lutz.
2435 2402 2518 2434 1373.

1372 2436 1541 2474 N'adgairs,
1558 2446 1574 2466 a
1586 2434 1803 2466 l’Informacion
1816 2434 1852 2464 de
1863 2435 1999 2465 certeines
2012 2432 2163 2469 PersoneS,
2177 2443 2213 2463 en
2228 2431 2324 2464 nostre
2330 2431 2399 2463 Par-
2412 2436 2464 2461 An.
2482 2440 2530 2468 47.

1335 2475 1458 2512 lement,
1476 2484 1544 2505 tenu
1560 2485 1575 2505 a
1588 2473 1682 2504 nostre
1697 2473 1792 2511 Palays
1806 2473 1842 2503 de
1856 2471 2086 2511 Westmonster,
2104 2472 2129 2502 le
2144 2471 2273 2502 Oetisme
2283 2473 2348 2510 jour
2362 2471 2398 2502 de
2412 2475 2442 2498 E.
2464 2480 2488 2507 3.

1337 2513 1424 2551 May,
1442 2523 1478 2544 en
1497 2512 1563 2543 l'An
1584 2511 1621 2543 de
1642 2512 1740 2543 Grace
1763 2511 1862 2548 Mille,
1880 2511 2064 2548 Troiscentz,
2083 2510 2217 2542 Soixante
2240 2511 2273 2542 δε
2289 2510 2347 2548 Sis,
2364 2509 2398 2540 &
2414 2509 2480 2544 Vasc.
2497 2508 2544 2544 472

1334 2552 1371 2582 de
1392 2551 1489 2582 nostre
1510 2551 1622 2590 Reigne
1639 2550 1832 2591 d'Engletetre
1854 2549 2065 2589 Qarrantisme
2077 2571 2089 2588 ‚
2117 2558 2190 2580 nous
2209 2547 2399 2587 Repellasmes
2412 2552 2478 2585 1:13.
2492 2556 2530 2576 m·

1336 2589 1434 2621 nostre
1448 2590 1621 2627 Donacion‚
2412 2595 2432 2623 4

1376 2629 1452 2659 Faite
1474 2639 1489 2659 a
1510 2628 1540 2658 fu
1563 2631 1666 2657 Berart
1687 2627 1718 2656 de
1737 2626 1839 2656 Lebret
1864 2627 1904 2666 (qi
1919 2626 1996 2657 Dieu
2009 2625 2127 2663 affoille)
2142 2625 2225 2656 Piere
2237 2624 2288 2664 de,
2305 2624 2403 2656 nostre

1338 2667 1425 2699 chere
1439 2669 1471 2699 &
1488 2667 1555 2704 feal,
1574 2669 1676 2696 Berart
1692 2666 1724 2695 de
1740 2665 1861 2702 Lebret,

1376 2705 1428 2736 Du
1442 2705 1558 2736 Chastel
1572 2705 1608 2735 de
1624 2704 1648 2734 la
1664 2703 1740 2734 Ville
1754 2705 1787 2735 &
1802 2703 1847 2734 Sei
1869 2704 1946 2734 nurie
1960 2702 1996 2733 de
2009 2703 2070 2743 Puy
2090 2702 2249 2740 Norman,
2267 2701 2301 2734 &
2322 2700 2359 2732 de
2378 2700 2405 2733 la

1340 2744 1430 2775 Bastie
1452 2744 1489 2775 de
1509 2743 1538 2773 V
1539 2743 1584 2774 illa
1607 2743 1769 2781 Francqua,
1787 2743 1820 2773 ὃς
1861 2752 1876 2772 e
1891 2750 1983 2772 toutes
1993 2742 2052 2772 leur
2066 2751 2156 2772 autres
2170 2740 2271 2771 Basties
2284 2741 2318 2772 &
2333 2740 2405 2772 cho-

1339 2784 1394 2821 ses,
1408 2791 1617 2821 appartenantes
1632 2792 1648 2812 a
1663 2781 1779 2821 yceulx,
1799 2781 1833 2812 &
1848 2782 1886 2811 les
1902 2780 2028 2818 Lettres,
2045 2780 2089 2810 sur
2104 2790 2139 2811 ce
2155 2779 2290 2817 faites‚&
2306 2787 2406 2816 quant-

1340 2832 1397 2891 {iiie
1417 2831 1465 2853 ent
1477 2820 1570 2891 {istest
1591 2820 1655 2859 suy,
1673 2830 1746 2851 nous
1769 2829 1857 2852 avons
1875 2817 1979 2850 Caffez
1991 2819 2025 2850 &
2040 2818 2215 2858 Dampnez,
2231 2818 2266 2849 &
2283 2816 2320 2848 de
2341 2823 2405 2848 tout

1383 2870 1412 2895 vs
1426 2871 1460 2891 au
1515 2867 1576 2890 eant

1379 2898 1438 2928 Por
1458 2898 1555 2937 cause,
1573 2882 1629 2933 q’ue
1649 2897 1755 2928 ficome
1777 2907 1849 2928 nous
1875 2895 2000 2926 estoions
2013 2895 2068 2926 lors
2081 2896 2170 2932 apris,
2189 2903 2245 2932 que
2263 2893 2303 2924 l&
2322 2899 2406 2924 avant

1343 2936 1404 2967 ditz
1419 2936 1561 2974 Chastiel,
1580 2936 1671 2974 Ville,
1690 2936 1723 2966 &
1737 2935 1838 2965 Basties
1872 2935 1906 2965 &
1922 2942 2013 2965 tontes
2027 2934 2087 2963 leur
2101 2933 2343 2970 Appartenancoe,
2364 2941 2408 2962 es-

1344 2977 1450 3014 toient,
1475 2975 1512 3005 de
1533 2974 1630 3005 nostre
1651 2973 1808 3011 auetorite,
1832 2957 2017 3010 Clonjointes,
2039 2971 2141 3001 Uniez
2179 2970 2213 3000 ὃ(
2235 2969 2374 3000 Annexez
2391 2978 2407 2999 a

1343 3014 1440 3045 nostre
1465 3013 1607 3044 Coronne
1628 3011 1732 3049 Roial‚
1750 3013 1784 3044 &
1806 3021 1860 3049 por
1879 3019 2000 3041 aucunes
2019 3018 2109 3040 autres
2128 2992 2243 3047 ciloses,
2268 3017 2325 3046 que
2346 3017 2362 3038 a
2381 3007 2407 3038 la

1345 3052 1423 3084 donc
1437 3052 1525 3082 Nous
1540 3052 1755 3089 esmoyvoyent:

1383 3090 1420 3121 Et
1436 3101 1487 3128 por
1503 3091 1581 3120 cause
1595 3099 1650 3126 que
1663 3097 1734 3118 nous
1749 3087 1839 3117 sumes
1851 3086 1877 3123 ja
1891 3086 1957 3116 bien
1969 3093 2149 3116 overtement
2161 3085 2231 3122 apris
2247 3094 2304 3123 que
2317 3083 2345 3114 le
2363 3083 2405 3115 dit

1347 3128 1377 3159 fu
1393 3132 1513 3166 Berart,
1533 3129 1561 3166 qi
1575 3134 1652 3157 mort
1667 3124 1723 3162 est,
1745 3125 1778 3155 &
1793 3124 1818 3154 le
1833 3125 1873 3154 dit
1888 3127 1991 3153 Berart
2004 3124 2054 3154 son
2069 3124 2149 3161 Filz,
2169 3122 2240 3161 q’est
2253 3133 2269 3153 a
2285 3122 2409 3160 present,

1347 3177 1383 3197 en
1398 3168 1512 3197 avoicnt
1525 3165 1627 3196 toutdis
1640 3165 1700 3194 bon
1715 3164 1748 3194 δε
1763 3162 1820 3193 cler
1834 3161 1921 3192 Droit
1941 3162 1974 3193 &
1999 3162 2097 3200 Title,
2115 3170 2174 3192 tant
2197 3171 2235 3193 en
2252 3160 2408 3200 Proprete,

1350 3215 1437 3236 corne
1452 3214 1487 3234 en
1508 3203 1626 3241 Sailine,
1642 3212 1677 3232 en
1693 3201 1730 3232 les
1743 3200 1886 3239 Chastiel,
1903 3200 1996 3238 Ville,
2011 3202 2045 3232 &
2060 3200 2179 3238 Baffles,
2197 3201 2229 3231 &
2245 3208 2336 3231 toutes
2350 3200 2410 3230 leur

1348 3252 1563 3282 appartenances
1575 3241 1744 3279 avantdites,
1763 3250 1811 3278 par
1824 3248 1920 3270 vertue
1937 3239 1973 3269 de
1987 3238 2083 3270 nostre
2107 3239 2264 3270 Donacion
2282 3237 2409 3268 avantdi-

1349 3289 1396 3319 te,
1414 3281 1516 3319 Nous,
1535 3280 1568 3311 ad
1591 3290 1625 3310 ce
1642 3280 1732 3310 aiantz
1753 3279 1846 3309 moult
1867 3287 1948 3318 grant
1959 3277 2173 3309 confideracion
2189 3278 2223 3308 &
2237 3275 2356 3313 regard,
2372 3285 2409 3307 en

1350 3320 1444 3350 faisant
1461 3329 1545 3350 oeure
1565 3319 1600 3349 de
1623 3318 1710 3349 Droit
1731 3318 1764 3348 &
1781 3317 1817 3348 de
1836 3317 1896 3348 bon
1919 3316 1981 3356 Foy
2016 3326 2063 3354 par
2084 3315 2192 3346 l’Advis
2205 3316 2240 3346 &
2252 3313 2411 3345 Consente-

1352 3367 1432 3389 ment
1445 3357 1481 3388 de
1494 3357 1590 3388 nostre
1604 3356 1697 3387 Grant
1713 3355 1865 3395 Counsail,
1884 3355 1919 3385 de
1937 3339 2034 3386 nostre
2055 3355 2177 3386 certeine
2198 3353 2332 3390 Science,
2350 3352 2411 3383 Au-

1351 3396 1470 3434 &orite,
1498 3398 1532 3428 ὃ(
1556 3395 1704 3427 Poissance
1726 3394 1846 3433 Roiale‚
1863 3394 1887 3424 la
1907 3393 1965 3424 dite
1986 3393 2174 3424 Revocacion
2195 3401 2230 3422 en
2251 3390 2346 3422 nostre
2367 3389 2410 3421 dit

1352 3434 1529 3474 Parlement,
1545 3436 1577 3466 &
1592 3434 1629 3464 les
1645 3434 1754 3464 Lettres
1768 3442 1815 3464 ent
1837 3433 1930 3470 faites,
1947 3433 1982 3463 &
2023 3439 2089 3461 uant
2110 3431 2196 3469 qu'en
2215 3429 2257 3460 est
2278 3439 2315 3459 en
2333 3439 2348 3459 a
2370 3438 2410 3458 res

1352 3484 1401 3512 par
1414 3483 1524 3504 aucune
1538 3474 1659 3504 maniere
1672 3473 1737 3512 suy,
1754 3481 1825 3502 nous
1841 3469 1987 3508 OustonS,
2035 3469 2146 3508 affons,
2164 3468 2197 3499 &
2220 3468 2333 3500 Anienti
2357 3476 2410 3497 ons

1352 3513 1474 3580 (Igu'tout
1495 3513 1529 3544 &
1552 3511 1619 3543 auffi
1640 3519 1722 3543 avant
1747 3520 1833 3541 come
1854 3509 1907 3540 elle
1937 3519 2026 3547 unqes
2053 3507 2141 3539 n’eust
2164 3505 2240 3538 estee
2261 3505 2352 3546 pasiee
2373 3514 2410 3534 en

1379 3561 1416 3581 ait

1391 3573 1552 3619 Ve'ulliantz
1573 3589 1607 3620 &
1626 3587 1800 3624 Grantantz,
1818 3596 1866 3626 par
1887 3585 1912 3615 la
1933 3594 2050 3616 teneure
2070 3586 2103 3617 &
2123 3581 2277 3624 expression
2296 3581 2332 3611 de
2351 3588 2411 3610 noz

1353 3627 1497 3658 Presentes
1517 3627 1646 3664 Lettres,
1664 3627 1697 3658 &
1718 3626 1754 3656 de
1777 3625 1925 3656 l‘Autorite
1944 3623 2102 3661 avantdite,
2121 3632 2176 3660 que
2194 3622 2220 3651 le
2238 3620 2296 3651 dite
2317 3617 2411 3657 Repel

1353 3667 1386 3697 &
1402 3666 1440 3696 les
1456 3665 1565 3696 Lettres
1578 3664 1622 3696 sur
1637 3674 1672 3694 ce
1686 3664 1762 3694 faites
1772 3688 1781 3702 ,
1796 3674 1832 3694 en
1848 3672 1929 3694 toutz
1943 3663 2034 3693 Lieux
2051 3662 2084 3692 &
2103 3661 2199 3691 Places
2216 3668 2256 3688 ou
2278 3656 2342 3687 elles
2362 3667 2411 3695 ap-

1354 3704 1523 3772 &reiffenss
1541 3704 1628 3733 soient
1641 3712 1728 3733 tenuz
1743 3703 1776 3733 ὃ(
1790 3711 1906 3740 reputez
1918 3711 1971 3741 por
1985 3700 2088 3731 Nulles
2101 3700 2134 3730 &
2149 3697 2185 3727 de
2202 3695 2280 3726 Nuls
2299 3695 2413 3734 Valeur,

1385 3744 1481 3781 igeur,
1499 3740 1615 3780 Effeet,
1632 3751 1669 3772 ne
1682 3741 1829 3778 Fermete,
1849 3750 1885 3771 ne
1901 3749 1938 3770 ne
1953 3745 2071 3777 purront
2084 3745 2172 3773 unqes
2185 3742 2298 3772 porter,
2316 3743 2352 3763 ne
2370 3741 2414 3764 te·

1355 3782 1413 3819 nir,
1431 3780 1561 3820 Damage
1574 3790 1611 3810 ne
1626 3779 1770 3818 Prejudice
1782 3789 1816 3809 au
1829 3778 1870 3808 dit
1885 3780 1989 3807 Berart
2011 3777 2102 3814 q’ores
2122 3773 2180 3809 est,
2196 3782 2232 3802 ne
2250 3781 2285 3802 au
2307 3771 2412 3810 Droit,

1355 3819 1403 3857 q’il
1422 3818 1458 3849 ad
1475 3828 1516 3853 au,
1530 3818 1664 3856 Chastel,
1682 3818 1774 3856 Ville,
1790 3818 1823 3848 &
1843 3816 1963 3854 Basties,
1981 3815 2015 3846 &
2033 3814 2093 3844 leur
2115 3819 2348 3849 appartenances,
2364 3820 2412 3851 par

1355 3867 1404 3896 my
1418 3857 1443 3887 la
1457 3855 1614 3888 Donacion
1628 3856 1784 3894 avantdite;
2245 3887 2250 3893 .

1351 3934 1364 3971 j
1393 3895 1437 3925 La
1453 3895 1527 3940 quiel
1542 3894 1698 3926 Donacion
1711 3904 1782 3925 nous
1792 3918 1800 3932 ,
1819 3903 1871 3932 pur
1886 3891 1991 3929 Nous,
2007 3889 2041 3919 &
2053 3896 2104 3926 pur
2119 3886 2413 3926 noszeirssttoutz

1365 3943 1431 3964 ours
1446 3943 1517 3964 mais

1391 3971 1444 4002 Par
1461 3957 1693 4009 cont’emplacion
1713 3971 1748 4002 &
1767 3967 1867 4006 regard
1889 3965 1938 3998 dee
1961 3965 2034 3994 bons
2048 3963 2082 3995 &
2095 3964 2253 4004 aggreables
2266 3963 2411 4000 Services,

1355 4018 1411 4048 que
1424 4009 1450 4040 le
1466 4008 1506 4040 dit
1520 4011 1640 4039 Berrart
1654 4018 1726 4039 nous
1746 4007 1781 4038 ad
1800 4007 1848 4036 fait
1865 4003 1902 4035 de
1922 4004 1992 4041 long
2012 4011 2103 4041 temps
2125 4002 2213 4042 passe,
2232 4003 2266 4035 &
2286 4001 2357 4033 ferra
2375 4009 2413 4029 en

2323 4046 2416 4075 temps
