2561 4251
827 194 934 235 ET
1022 193 1260 236 ACTA

54 285 131 317 Ann.
148 283 191 319 D,
204 291 274 313 cum
293 281 375 312 omni
396 279 569 319 securitate,
587 279 679 311 debita
697 280 730 311 &
752 280 887 319 honesta,
912 281 942 311 in
962 280 1020 311 hoc
1041 280 1119 319 casu,
1138 281 1269 311 Firman-

204 321 277 351 dum

243 342 487 395 Co'nsimilemque
508 357 710 396 Securitatem,
728 357 864 388 Nomine
884 356 1002 396 nostro,
1021 356 1195 396 Petendum,
1211 357 1266 388 Sti-

203 396 374 436 puhndum,
394 396 427 426 &
440 395 650 434 Recipiendum
657 418 667 434 ,

236 432 450 472 Jurandumque
471 436 500 464 in
524 435 661 465 Animam
683 433 806 464 nostram
826 434 904 472 quod
927 433 1057 470 trastata,
1075 433 1263 473 concordata,

204 472 238 503 δε
253 480 394 502 conventa
407 473 563 511 hujusmodi
577 473 652 503 Rata
663 472 827 502 habel->imus
841 473 874 503 ὃς
891 471 997 510 Grata,
1015 481 1068 502 nec
1080 472 1183 512 aliquid
1199 483 1263 510 pro—

203 511 364 541 curabimus
378 511 421 540 vel
436 512 572 547 faciemus
584 521 632 549 per
648 510 726 548 quod
733 510 905 539 Trachia&
914 509 1098 540 Concordata
1105 511 1262 548 hujusmodi

201 548 308 579 effectu
324 548 420 579 debito
434 549 552 579 frustrari
568 556 716 586 poterunt,
734 547 780 577 seu
798 548 1016 585 quomodolibet
1030 549 1071 578 im
1093 549 1178 587 editi,

242 587 287 617 Ac
302 587 500 625 Juramentum
519 586 665 616 consimile
686 586 722 616 ab
741 586 844 615 eisdem
866 586 899 615 N
904 588 991 616 unciis
1010 588 1043 617 &
1092 589 1261 618 rocuratorin

203 624 428 694 bus,dNomine
446 623 551 664 praefati
569 624 676 662 Ducis,
702 623 874 663 Petendum,
898 624 1094 665 Exigendum,
1118 627 1151 657 ὃς
1173 625 1262 657 Reci-

203 674 269 701 pien
291 674 339 694 uni

242 688 412 740 Caetera’que
419 701 517 731 omnia
530 701 562 731 δε
575 701 678 740 singula
688 701 860 731 Faciendum
870 701 1103 739 ,Excercendum
1112 702 1261 741 ,&Expe-

204 740 358 778 diendum,
372 746 385 757 *
396 741 497 778 quaein
511 739 662 770 Praemissis
675 741 708 771 &
722 740 796 770 circa
809 750 841 770 ea
854 740 1003 770 neceffaria
1019 741 1120 771 fuerint
1132 741 1177 771 sei
1190 751 1262 779 quo-

205 779 366 810 modolibet
387 786 541 816 oportuna,
560 789 594 808 ac
613 788 677 818 quae
699 778 824 817 Qualitas
845 778 878 809 ὅτ
894 778 1005 809 Natura
1021 779 1180 816 hujusmodi
1195 779 1261 810 Ne-

200 819 270 858 gotii
289 818 403 855 exigunt
423 818 455 848 &
474 818 636 855 requirunt,
653 817 687 847 &
704 826 768 855 quse
788 815 947 855 nosmetipsi
967 817 1057 846 facere
1079 817 1220 856 possemus
1243 820 1262 848 ii

201 855 378 894 personaliter
399 856 607 892 inrereffemus,
622 856 708 885 etiam
722 855 741 884 si
758 855 819 884 talia
834 855 926 885 forent
939 865 1002 893 quae
1019 854 1190 886 Mandatum
1205 857 1261 886 cxi-

199 901 296 933 gerent
313 901 574 932 quantumcumque
588 893 719 931 speciale,

235 931 454 962 Committimus
477 931 561 961 Vices
580 930 704 968 nostraS,
720 941 753 961 ac
773 930 902 968 plenam,
922 929 1042 961 Tenore
1060 930 1260 970 Praesentium,

199 969 384 1001 Conferimus
399 968 589 1007 Potestaterri3

237 1008 437 1039 promittentes
459 1007 526 1037 Nos
548 1007 656 1037 Ratum
672 1007 705 1037 ὃ(
724 1007 845 1037 Gratum
862 1009 998 1046 perpetuo
1012 1007 1155 1039 habituros
1168 1008 1261 1047 Quc-

201 1048 268 1085 quid
290 1056 339 1087 per
360 1046 508 1084 praefatum
531 1045 691 1084 Johannem
707 1068 716 1083 ,
744 1045 878 1075 Nomine
902 1045 1020 1085 nosti-0,
1047 1047 1172 1085 Actum,
1198 1047 1259 1077 Ge—

199 1087 293 1124 stum,
310 1085 355 1114 seu
378 1085 566 1115 Procuratum
588 1085 669 1114 fuerit
689 1085 717 1114 in
740 1084 904 1123 Praemilsis,
920 1086 952 1114 ὃς
972 1085 1081 1124 lingulis
1100 1084 1262 1116 Praemiffo·

196 1133 268 1153 rum.

270 1160 304 1191 In
320 1162 416 1200 cujus,
436 1162 496 1192 &c

232 1199 321 1230 Teste
336 1200 416 1240 Rege
431 1199 504 1238 apud
522 1198 794 1240 Wistmonaslerium,
807 1199 944 1231 vicesimo
958 1199 1034 1230 sexto
1049 1199 1095 1230 die
1109 1200 1261 1230 Februarii.

80 324 163 362 1387.

52 364 105 391 Ric.
126 373 152 392 2.

47 759 66 779 ὓ
77 761 145 788 vu.

47 808 115 834 554·

880 1278 933 1305 Per
951 1276 1103 1306 Concilium.

256 1422 349 1466 Super
374 1423 487 1467 Viagio
506 1430 561 1465 per
587 1422 682 1451 Mare
705 1428 808 1450 contra
833 1418 982 1461 Gallicos,
1008 1418 1043 1451 de
1060 1419 1195 1453 orando.

43 1514 120 1545 Ann.
136 1514 179 1545 D.

69 1554 153 1592 1387.

41 1596 94 1619 An.
121 1603 166 1622 ιο.

40 1635 61 1658 R
90 1640 104 1657 2

197 1504 343 1562 REX,
363 1505 523 1535 Venerabili
540 1506 568 1534 in
590 1504 708 1535 Christo
729 1503 821 1542 Patri,
841 1505 884 1534 W
906 1503 1003 1534 eidem
1027 1504 1131 1541 gratia,
1155 1505 1263 1536 Archi.

235 1541 380 1611 Cepifiopo
398 1543 601 1583 Cautuarienfi‚
619 1544 704 1573 totius
718 1541 830 1582 Angliae
846 1541 981 1581 Primati,
998 1543 1133 1573 Salutem.

266 1592 316 1612 um
332 1593 369 1613 nu
392 1592 420 1612 er

64 1651 70 1657 ,
110 1652 116 1658 ,
233 1591 448 1651 (Σοηῇἀετξῃῑέε
469 1619 586 1658 qualiter
606 1619 718 1649 Inimici
733 1618 821 1648 nostri
837 1618 978 1657 Franciae,
998 1620 1031 1650 ὃς
1050 1620 1093 1650 alii
1111 1619 1258 1659 quamplu-

43 1669 131 1704 claus.
198 1667 240 1688 res
260 1659 309 1691 sibi
332 1658 532 1696 Adhaerentes,
554 1658 690 1696 Regnum
712 1657 841 1700 nostrum
864 1657 976 1696 Angli-ie
989 1659 1111 1697 pluribus
1126 1660 1193 1689 locis
1208 1659 1258 1689 sae-

48 1716 90 1734 10,
107 1704 173 1735 Κλ,
195 1697 258 1734 pitis
278 1697 450 1735 invaserunt,
470 1696 548 1727 Mala
569 1696 779 1735 intollerabilia,
797 1697 856 1726 tam
878 1706 928 1734 per
950 1696 1087 1735 Terram,
1107 1698 1194 1736 quam
1209 1707 1257 1737 per

41 1753 78 1775 m·
92 1755 101 1773 1
111 1756 134 1775 1.
150 1746 178 1776 d,
195 1735 280 1766 Mare
292 1745 498 1781 perpetrantes,

234 1774 272 1805 Et
291 1775 420 1815 insuper,
437 1774 472 1804 de
492 1774 548 1804 hoc
562 1773 681 1804 minime
695 1772 841 1809 contenti,
859 1772 1014 1804 Ecclesiam
1030 1767 1181 1812 Sanctam,
1199 1773 1256 1804 Po-

195 1813 353 1852 pulumque
372 1815 405 1845 &
425 1813 528 1851 Ligeos
545 1812 656 1842 nostros
672 1812 831 1842 subvertere
848 1812 882 1843 Sc
905 1812 1015 1849 penitus
1037 1812 1199 1850 destruere,
1220 1813 1257 1844 de

194 1851 241 1882 die
255 1853 285 1882 in
300 1853 396 1890 diem,
415 1853 479 1881 totis
493 1851 600 1881 viribus
613 1850 664 1880 suis
679 1849 706 1880 se
719 1858 814 1889 parant
828 1850 861 1881 ὃς
878 1858 1032 1889 conantur,

232 1889 283 1920 De
307 1890 422 1922 Assensu
446 1888 574 1920 Concilii
592 1888 699 1927 nostri,
716 1888 954 1927 ordinaverimus,
973 1889 1109 1920 dilectum
1129 1888 1256 1920 Consan-

195 1929 332 1967 guineum
355 1930 388 1960 ὃς
412 1927 536 1958 Fidelem
555 1927 684 1957 nostrum
698 1949 709 1966 ,
737 1925 903 1956 Richardum
923 1931 1051 1958 Comitem
1071 1927 1233 1959 Arundellae
1246 1952 1257 1968 ,

196 1966 388 1997 Admirallum
410 1965 539 1996 nostrum
562 1965 672 2005 Angliae
685 1987 695 2003 ,
717 1965 752 1996 ad
773 1964 1007 2003 proficiscendum
1029 1967 1059 1996 in
1080 1967 1256 2006 Obsequium

195 2004 327 2035 nostrum
349 2006 427 2042 supra
450 2004 551 2042 Mare,
565 2005 619 2034 una
631 2013 699 2033 curn
713 2003 854 2034 nonnullis
868 2003 1067 2043 Magnatibus,
1085 2006 1118 2037 &
1136 2006 1194 2036 aliis
1209 2005 1256 2036 Fi-

193 2043 301 2074 delibus
316 2043 417 2074 nostris
427 2065 437 2080 ,
454 2043 483 2072 in
499 2042 646 2073 Comitiva
658 2042 718 2080 sua,
733 2042 767 2072 ad
784 2041 927 2072 Malitiam
942 2044 975 2074 &
992 2043 1169 2074 Proterviam
1185 2054 1257 2082 prce-

194 2081 341 2113 dic'torum
360 2081 500 2112 Hostium
521 2081 700 2118 nostrorum,
717 2079 816 2111 Gratia
835 2080 974 2111 mediante
995 2081 1122 2120 Divinfi,
1140 2083 1258 2121 Propul-

193 2120 327 2159 sandum,
345 2130 379 2151 ac
395 2119 551 2151 Ecclesiam
567 2119 600 2151 &
620 2119 760 2157 Regnum
774 2118 909 2158 praeditsta
924 2118 1138 2160 Protegendum
1150 2122 1184 2153 ὃς
1199 2122 1258 2153 Sal-

194 2159 338 2196 vandum;

236 2196 348 2228 Verum

235 2235 314 2274 Qia
333 2219 369 2266 ad
388 2234 533 2266 Praemiffa
553 2234 707 2275 peragenda
723 2234 756 2266 δε
771 2234 958 2273 complenda,
973 2235 1076 2274 absque
1091 2236 1256 2269 devotarum

196 2273 374 2304 orationum
387 2273 546 2342 Suffragiis,
564 2275 640 2304 Vires
656 2273 760 2304 nostras
774 2275 913 2303 cernimus
928 2274 1037 2312 penitus
1051 2274 1240 2316 impotentes,

231 2311 277 2342 Ac
292 2313 426 2351 sperantes
440 2313 470 2342 in
491 2312 556 2342 ubie
570 2312 648 2351 quod
657 2335 666 2350 ,
683 2320 789 2350 quanto
805 2312 833 2340 in
847 2313 953 2350 magnis
965 2314 999 2344 &
1013 2314 1176 2352 peragendis
1190 2315 1257 2346 Ne-

193 2352 281 2388 gotiis
298 2352 426 2381 divinum
447 2350 610 2381 Praesidium
633 2350 775 2380 instantius
787 2349 820 2380 &
839 2349 966 2380 devotius
981 2352 1162 2391 imploratur,
1178 2362 1257 2385 tanto

191 2389 290 2420 exinde
304 2388 451 2421 Successus
465 2389 660 2427 prosperior&
683 2389 791 2418 felicior
804 2389 947 2426 proveniat
961 2390 994 2420 ὅτ.
1008 2390 1150 2430 sequatur,

231 2427 361 2459 Vestram
376 2427 573 2458 Paternitatem
588 2428 621 2458 δε
640 2427 838 2457 Devotionem
851 2426 1004 2458 affectuose
1017 2428 1152 2460 Precibus
1165 2432 1256 2470 requi-

192 2466 281 2496 rimus
299 2468 333 2499 &
351 2475 484 2503 rogamus
505 2466 649 2504 quatinus,
666 2467 725 2495 tam
745 2464 895 2504 grandibus
910 2464 1058 2504 Periculis,
1075 2478 1139 2506 quae
1153 2469 1255 2500 Eccle-

191 2505 239 2536 fiae
266 2505 299 2535 ὃς
325 2504 434 2539 Regno
459 2504 600 2542 praedicstis
617 2503 746 2534 occulata
763 2502 818 2533 fide
839 2503 926 2534 indies
943 2506 1054 2535 evenire
1077 2507 1254 2547 conspicitis,

192 2543 288 2572 debite
306 2542 482 2573 consideratis
495 2565 505 2581 ,
526 2542 718 2581 Suffraganeos
739 2541 863 2580 vestrm,
889 2552 922 2572 ac
940 2543 1111 2582 Religiosos,
1136 2548 1170 2577 &
1188 2547 1255 2577 alios

194 2580 329 2611 Subditos
352 2581 460 2611 vestros
483 2581 621 2611 universos
637 2603 647 2618 ,
679 2580 778 2610 vestrae
798 2579 982 2619 Provinciae,
1003 2582 1037 2612 ad
1059 2582 1254 2616 Devotionem

193 2619 272 2650 suam
291 2629 354 2659 erga
374 2620 521 2650 summum
539 2619 652 2659 Regem
674 2618 839 2649 elevandum
861 2629 896 2649 eo
918 2619 1076 2659 specialiiiS,
1118 2632 1154 2652 uo
1170 2625 1254 2662 magis

193 2659 327 2687 sciveritis
344 2658 388 2687 vel
410 2659 548 2697 poteritis,
568 2659 641 2694 jutta
662 2657 893 2697 possibilitatem,
911 2657 988 2688 tanta
1010 2666 1088 2689 necet
1103 2669 1168 2690 itate
1189 2671 1255 2692 cau-

191 2695 285 2733 sante,
300 2697 437 2727 inducatis
449 2706 517 2727 cum
531 2696 654 2734 effectu,
670 2704 699 2726 ut
714 2697 763 2734 ipsi
777 2695 849 2734 apud
865 2696 1039 2726 Altiffimum
1056 2698 1102 2734 (de
1114 2709 1173 2735 quo
1187 2710 1253 2731 om-

193 2735 235 2764 nis
254 2734 353 2764 Gratia
373 2735 512 2773 procedit)
532 2734 591 2766 tota
614 2735 716 2765 mentis
737 2735 912 2765 solicitudine
933 2733 1036 2765 Preces
1054 2738 1087 2767 &
1103 2736 1253 2769 Orationes

191 2772 370 2802 devotissime
391 2772 536 2803 effundant
551 2796 561 2810 ,
586 2773 619 2803 δε
637 2772 744 2804 devotis
759 2772 895 2803 Precibus
907 2795 916 2809 ,
941 2773 973 2803 &
990 2773 1254 2817 Intercesfionibus,

193 2811 227 2841 &
248 2809 398 2840 Miffarum
418 2809 678 2848 Celebrationibus,
697 2810 731 2840 ad
746 2810 876 2841 Gratiam
889 2810 946 2841 Dei
961 2813 1186 2853 impetrandum,
1201 2825 1253 2855 pro

192 2847 307 2885 Nobis,
324 2846 458 2886 Statuque
471 2849 604 2879 Ecclesiae
619 2849 652 2879 ὃς
671 2849 764 2887 Regni
779 2849 996 2887 praedictorum,

227 2886 264 2917 Et
285 2886 435 2924 specialiter
455 2897 507 2925 pro
528 2886 663 2925 praedffito
686 2886 906 2927 Consanguineo
929 2888 1044 2927 nostro,
1062 2899 1096 2920 ac
1110 2889 1167 2920 aliis
1182 2890 1252 2922 Ma-

193 2925 322 2965 gnatibus
355 2926 388 2956 &
404 2925 542 2956 Fidelibus
556 2924 657 2955 nostris
672 2925 829 2964 praedietis,

233 2964 294 3002 Qti
315 2948 446 3000 Gorpora
467 2966 511 2994 sua
527 2986 535 3001 ,
561 2972 673 3003 propter
692 2963 881 2994 Salvationem
901 2964 1036 2995 Ecclesiae
1058 2966 1170 2997 Sandiae
1185 2991 1194 3007 ,
1219 2978 1253 2999 ac

191 3001 239 3032 Re
260 3004 279 3031 is
293 3002 326 3032 ὃ(
346 3003 428 3032 totius
442 3001 544 3042 Populi
558 3003 775 3041 praediCtorum,
794 3012 935 3040 exponere
949 3014 1007 3034 non
1022 3005 1139 3042 evitant,

260 3039 348 3071 ffidue
368 3040 490 3071 insistant
513 3040 586 3079 apud
607 3040 723 3077 Deum,
742 3049 773 3071 ut
795 3042 850 3079 ipi'e
870 3041 950 3071 Deus
964 3042 1072 3072 Statum
1089 3044 1177 3073 nostri
1193 3044 1251 3074 Ec-

189 3077 336 3117 clesiaeque
361 3079 394 3110 &
416 3079 511 3117 Regni
534 3079 736 3116 praedifitorum
757 3079 921 3110 conservare
941 3080 1069 3119 dignetur
1089 3082 1251 3119 prosperum

190 3117 224 3147 «Sc
243 3117 437 3155 tranquillum,
452 3117 588 3156 dffitoque
610 3116 830 3157 Consanguineo
853 3118 967 3155 nostro,
986 3129 1018 3149 ac
1034 3120 1092 3150 aliis
1108 3120 1251 3159 Mignati-

189 3155 259 3192 biis,
275 3156 308 3186 &
325 3155 468 3185 Fidelibus
482 3155 584 3186 nostris
598 3155 755 3194 praedietis,
773 3157 803 3186 in
818 3156 937 3187 Actibus
950 3156 1018 3195 suis,
1035 3157 1253 3198 Expeditionem

189 3192 320 3261 gelicem,
337 3201 390 3231 pro
410 3194 455 3223 sua
476 3203 581 3232 magna
603 3194 804 3233 mikticordia,
819 3195 960 3234 gratiofius
979 3197 1079 3227 tribuat
1098 3198 1131 3228 &
1147 3208 1253 3229 conce-

209 3239 244 3260 at.

228 3267 318 3299 Teste
333 3267 415 3308 Rege
426 3269 500 3307 apud
515 3268 789 3310 stmonasterium,
807 3271 942 3302 vicesimo
955 3272 1001 3303 die
1018 3273 1124 3304 Martii.

227 3343 384 3389 Consimile
404 3344 493 3376 Breve
507 3345 633 3385 dirigitur
648 3348 691 3376 A.
706 3346 904 3386 Arcbiepifiopo
920 3347 1051 3380 Eburum
1067 3350 1176 3390 Angliae
1192 3351 1253 3382 Pri-

189 3392 260 3415 mati
275 3384 324 3413 iub
339 3383 436 3414 eadem
450 3383 533 3414 Data.

190 3459 334 3516 REX,
353 3459 514 3491 Venerabili
536 3461 565 3490 in
586 3459 702 3491 Christo
724 3459 819 3501 Patri,
833 3463 867 3491 R.
888 3462 989 3494 efidem
1003 3463 1108 3503 grati-22,
1128 3465 1251 3505 Episiopo

264 3499 430 3537 Londoniae,
449 3499 582 3529 Salutem.

229 3535 309 3566 Cum
332 3547 436 3576 nuper,
454 3535 514 3571 &a
535 3535 658 3606 utsgffra
673 3536 752 3578 usque
763 3538 814 3577 ibi,
833 3538 928 3571 debite
943 3541 1118 3572 consideratis
1132 3541 1170 3576 φ’
1186 3549 1251 3572 tunc

183 3573 239 3614 fic,
256 3575 438 3606 universos&
452 3576 571 3615 singulos
622 3577 712 3607 ericos
725 3578 758 3607 &
772 3576 906 3608 Subditos
918 3579 1040 3617 vestros,
1059 3581 1116 3610 tam
1133 3581 1254 3620 Regula-

191 3624 250 3652 res,
270 3615 355 3652 quam
371 3613 526 3652 Seculares,
545 3613 644 3645 vcstrae
656 3614 800 3647 Dioecesis
815 3615 848 3647 ad
863 3616 1081 3657 Devotionem,
1097 3618 1157 3655 &a
1165 3627 1196 3649 ut
1203 3619 1253 3658 fia-

182 3660 248 3691 pra.

227 3689 316 3721 Teste
331 3698 360 3721 ut
375 3689 462 3728 supra.

44 3773 63 3792 α
85 3777 107 3801 V
114 3776 151 3803 H·
191 3764 211 3784 ³*
233 3764 401 3798 Consimilia
427 3766 526 3797 Brevia
548 3766 704 3836 diriguntur
723 3766 868 3812 Episcopis
884 3769 1039 3808 subscriptis
1053 3793 1063 3809 ,
1085 3771 1135 3803 sub
1153 3772 1251 3804 eadem

47 3822 63 3848 5
68 3822 83 3847 5
85 3822 113 3848 5-
619 3814 681 3844 ata,
703 3806 851 3844 videlicet,

197 3881 240 3909 W
259 3881 313 3917 Epi
328 3892 352 3910 co
370 3891 384 3910 o
399 3883 560 3919 lVyntoniae.

195 3917 252 3947 Th.
275 3887 401 3992 Epjscspopo
419 3919 510 3951 Elim.

193 3958 235 3985 H.
255 3957 309 3988 Epi·
323 3967 349 3985 co
367 3967 380 3985 o
399 3960 557 3990 Norwicen.

198 3993 255 4023 Th.
274 3995 329 4031 Epi
341 4002 398 4032 copo
417 3996 525 4036 Cicestr.

198 4030 235 4070 J.
253 4033 307 4068 Epi
320 4043 345 4061 co
361 4035 516 4064 ovDunolm.

201 4069 252 4100 Th.
271 4072 326 4109 Epi
339 4078 394 4109 copo
410 4071 528 4104 Karliol.

743 3885 778 3912 R.
797 3882 920 3921 Epifiopo
937 3888 1043 3915 Sarum.

746 3920 801 3950 Th.
822 3923 944 3960 Episcopo
964 3925 1056 3953 Exon.

742 3959 782 3997 J.
800 3960 922 3998 Episcopo
940 3960 1086 4000 Hereford.

745 3996 794 4026 Th
822 3996 946 4037 Episcopo
966 3999 1069 4039 Rofflm.

745 4037 785 4064 H.
804 4038 926 4075 Episcopo
945 4040 1068 4077 Wygorn.

745 4073 781 4113 J·
801 4074 926 4115 Epifiopo
944 4077 1067 4108 Lincoln.

1374 195 1403 236 P
1443 196 1486 236 U
1524 196 1555 237 B
1594 195 1625 236 L
1664 197 1680 236 1
1718 197 1756 238 c
1794 196 1840 237 A.
2322 210 2369 253 13

1854 285 1898 312 W.
1920 280 2040 321 Episcopo
2061 276 2180 313 Bathon.
2193 280 2232 317 ὠ
2248 282 2360 315 Wellen,
2372 283 2448 315 Ann.
2461 281 2504 317 Ι).

1310 284 1352 312 A.
1371 280 1493 320 Episcopo
1512 284 1657 312 Meneven.

1853 323 1886 350 R.
1910 321 2033 362 Episcopo
2053 325 2200 352 Conventr.
2222 319 2261 357 &
2275 321 2360 352 Lich-
2391 323 2479 362 1387„

1308 319 1345 358 J.
1366 320 1486 359 Episcopo
1505 324 1656 358 Bangoren.

1311 360 1354 387 W.
1370 358 1493 397 Eptsiropo
1510 360 1678 389 Lana'avcn.
1880 357 1951 398 feld.
2374 364 2426 390 Ric.
2445 371 2473 390 2.

1307 395 1344 434 J.
1363 398 1484 435 Episcopo
1501 396 1640 436 Affaven.

1476 522 1526 554 De
1550 520 1721 564 Conditft'u,
1741 532 1795 568 pro
1818 525 1894 569 Rege
1914 521 2182 566 Ministrallorum.

2370 609 2439 640 Ann
2463 605 2507 643 D.

1301 605 1388 663 RE
1398 605 1428 636 X
1448 606 1579 637 universis
1593 606 1626 637 ὅτ
1642 606 1748 646 singulis
1762 607 1935 646 Admirallis,
1953 609 2013 639 ἃς.
2029 608 2164 640 Salutem.

1411 645 1584 684 Supplicavit
1602 644 1684 674 nobis
1709 645 1853 683 Johannes
1875 650 1979 676 Caumz
2037 647 2102 678 Rex
2123 647 2358 680 Ministrallorum
2389 648 2475 688 1387.

1301 682 1463 713 nostrorum
1473 706 1483 721 ,
1500 684 1548 722 qui
1561 683 1652 713 versus
1664 682 1779 713 diversas
1794 692 1882 722 partes
1903 671 2110 716 Traniinariiias
2123 686 2233 717 tranfire
2247 697 2353 727 propo·
2366 689 2420 715 Ar.
2439 696 2484 714 10-

1301 721 1359 757 nit,
1378 730 1408 751 ut
1421 722 1447 751 ei
1462 722 1602 752 licentiam
1617 722 1646 751 in
1661 721 1713 752 hac
1727 731 1801 761 parte
1814 723 1971 753 concedere
1985 723 2179 763 dignaremur,
2371 730 2401 753 R.
2424 734 2450 753 2.

1338 759 1405 789 Nos
1420 760 1564 790 licentiam
1577 760 1652 790 illam
1667 759 1795 790 duximus
1809 761 2043 800 concedendum,
2373 767 2462 791 Franc.

1340 796 1395 835 Et,
1412 807 1443 828 ut
1464 799 1518 835 ipse
1537 799 1726 836 ubicumque,
1745 809 1794 836 per
1816 798 1989 829 Dominium
2009 802 2042 831 ὃς
2066 801 2238 833 Potestatem
2251 802 2358 840 nostra,
2377 810 2419 828 ¹0·
2437 806 2466 829 R.
2479 809 2506 829 2,

1303 835 1361 864 tam
1384 845 1432 874 per
1452 835 1588 874 Terram,
1608 838 1692 874 quam
1705 847 1752 876 per
1769 836 1869 875 Mare,
1888 837 2032 869 Tranlitus
2045 842 2168 876 optineat
2181 841 2307 879 securos,
2325 843 2359 872 ὃ(
2373 849 2409 868 ν’·
2426 849 2439 874 7
2446 860 2452 867 =

1302 874 1485 904 amicabiliter
1505 875 1654 913 imeretur,
1672 876 1796 905 volentes
1806 876 1953 907 Securitati
1967 877 2021 907 suae
2038 879 2066 907 in
2083 879 2133 908 hac
2149 889 2223 917 parte
2238 880 2360 917 speciali-

1303 919 1344 941 ter
1365 913 1531 950 providere,
1548 913 1712 952 suscepimus
1734 913 1821 952 ipsum
1840 914 2018 953 johannem,
2035 917 2210 955 ubicumque
2230 929 2279 957 per
2294 918 2361 949 Do-

1304 951 1428 980 minium
1450 952 1483 982 &
1506 951 1681 982 Potestatem
1702 951 1794 982 nostra
1814 952 1962 990 praedidta,
1981 954 2038 983 tam
2054 964 2103 992 per
2117 955 2255 993 Terram,
2273 959 2361 995 quam

1304 999 1353 1026 per
1374 988 1472 1027 Mare,
1491 989 1525 1020 ad
1546 992 1734 1028 quascumque
1754 989 1866 1028 Partes,
1881 990 1917 1020 de
1938 992 2073 1022 Amicitia
2086 992 2178 1022 nostra
2193 996 2338 1026 existcctes
2352 1019 2363 1034 ,

1304 1027 1487 1065 transeundo,
1506 1028 1659 1067 morando,
1678 1029 1711 1059 ὃς
1735 1028 1898 1067 redeundo,
1917 1030 1947 1059 in
1966 1030 2070 1060 salvum
2092 1032 2124 1060 &
2138 1031 2266 1062 securum
2279 1033 2362 1064 Con-

1302 1065 1422 1096 ductum
1441 1065 1571 1097 nostrum
1584 1089 1593 1105 ,
1610 1076 1643 1097 ac
1664 1068 1692 1096 in
1714 1065 1925 1097 Proteffionem
1939 1091 1949 1106 ,
1967 1070 2116 1099 tuitionem
2130 1092 2140 1108 ,
2158 1070 2269 1101 Salvam
2289 1071 2363 1102 Gar-

1302 1104 1397 1142 diam,
1416 1104 1448 1135 ὃς
1466 1105 1670 1136 Defensionem
1684 1104 1791 1135 nostras
1802 1105 1945 1143 speciales3

1340 1142 1377 1172 Et
1395 1143 1461 1173 idco
1476 1144 1574 1182 vobis,
1595 1144 1629 1174 δε
1643 1143 1758 1174 cuilibet
1772 1143 1916 1182 vestrum,
1934 1144 2109 1184 injungimus
2123 1146 2157 1177 &
2172 1145 2364 1188 Mandamus,

1305 1180 1364 1216 &a
1380 1188 1410 1210 ut
1424 1185 1452 1210 in
1459 1181 1592 1221 similibus
1607 1183 1638 1211 de
1652 1182 1788 1211 Conduffu
1803 1185 1916 1212 Litoris.

1343 1219 1374 1250 In
1391 1220 1482 1257 cujus,
1502 1221 1562 1251 &c.
1581 1230 1629 1259 per
1641 1230 1731 1250 unum
1748 1221 1863 1250 Annum
1875 1220 2020 1252 duraturas.

1377 1257 1466 1288 Teste
1479 1258 1560 1297 Rege
1573 1258 1646 1296 apud
1663 1257 1935 1298 westmonasterium,
1955 1259 2077 1290 secundo
2091 1260 2135 1290 die
2153 1261 2235 1293 Maii.

1795 1338 1849 1365 Per
1863 1338 1956 1366 Breve
1969 1337 2001 1366 de
2018 1339 2139 1367 Privato
2157 1336 2256 1376 Sigillo.

1513 1460 1562 1490 De
1585 1460 1739 1501 LicmHa,
1758 1459 1848 1505 sitper
1862 1459 1948 1504 fafflo
1965 1462 2147 1495 Armorum.

1302 1541 1389 1599 RE
1401 1541 1431 1572 X
1450 1543 1602 1581 omnibus,
1621 1542 1654 1573 ad
1666 1553 1754 1582 quos,
1772 1544 1833 1574 &c.
1847 1542 1979 1575 Salutem.
2377 1555 2444 1588 Am,
2466 1554 2499 1588 D

1410 1581 1509 1611 Sciatis
1523 1582 1603 1619 qued
1619 1581 1779 1612 Licentiam
1792 1580 1936 1621 dedimus,
1952 1582 2056 1613 dilecto
2070 1583 2102 1614 &
2115 1583 2187 1615 fideli
2204 1582 2294 1618 Militi
2307 1597 2362 1618 no-
2400 1582 2474 1636 133'7
2499 1581 2508 1589 ⁰

1303 1619 1361 1649 stro
1376 1643 1386 1658 ,
1410 1620 1526 1649 Ricardo
1546 1619 1680 1658 Tempest,
1705 1629 1738 1650 ac
1760 1621 1809 1650 uni
1829 1619 2036 1651 Scutiferorum
2056 1622 2186 1662 suorum,
2211 1624 2290 1664 quod
2312 1627 2360 1664 ipsi
2376 1639 2417 1663 Aa
2449 1621 2484 1662 ,0⁶

1303 1667 1377 1689 certa
1400 1659 1484 1688 Faeta
1504 1658 1680 1695 Armorum,
1700 1657 1777 1688 unde
1798 1658 1847 1695 ipsi
1869 1667 1917 1697 per
1939 1669 2028 1689 unum
2042 1658 2171 1691 Militem
2187 1662 2310 1702 Scotiae,
2328 1665 2362 1695 &
2379 1678 2407 1701 R.
2422 1658 2452 1700 ¹2,
2484 1656 2490 1664 ⁴

1300 1707 1389 1728 unum
1402 1696 1611 1727 Scutiferorum
1623 1696 1737 1726 suorum
1749 1696 2173 1737 calumpniari,existunt,facere
2186 1700 2290 1738 possint
2304 1702 2365 1733 abs·
2378 1716 2434 1739 Scot
2467 1720 2511 1739 10,

1300 1746 1356 1774 que
1378 1735 1585 1776 impedimento
1605 1734 1712 1772 nostri,
1729 1734 1774 1765 vel
1793 1734 1953 1765 Haeredum
1976 1735 2138 1767 nostrorum
2157 1748 2364 1777 quorumcum-
2378 1754 2406 1777 R.
2430 1760 2456 1777 2

1298 1783 1362 1814 que·
1427 1813 1431 1818 ,
2375 1797 2413 1816 m.
2426 1797 2456 1823 4.

1338 1812 1371 1843 In
1388 1821 1483 1851 cujus,
1500 1811 1561 1842 &c.

1373 1851 1462 1883 Teste
1476 1849 1562 1888 Rege
1575 1848 1649 1890 apud
1671 1849 1946 1890 Wstmonasterium‚
1964 1849 2040 1882 sexto
2055 1848 2099 1882 die
2109 1850 2197 1890 Junii.

1765 1928 1819 1956 Per
1841 1929 1933 1956 Breve
1947 1927 1979 1957 de
1990 1929 2112 1958 Privato
2123 1928 2221 1966 Sigillo.

1300 2003 1356 2064 E
1366 2003 1397 2033 Τ
1417 2003 1587 2034 Mandatum
1607 2002 1849 2048 est,·Dilec⁰to.&
1865 2002 1954 2033 Fideli
1966 2003 2054 2048 Regis
2069 2004 2197 2043 Johanni
2211 2007 2243 2036 de
2258 2003 2360 2051 Ness'm

1376 2042 1420 2086 de⁴
1433 2042 1536 2081 Raby,
1551 2042 1672 2073 Custodi
1694 2042 1888 2072 Marchiarum
1910 2041 1998 2086 Regis
2020 2043 2112 2086 versus
2137 2053 2223 2081 partes
2237 2045 2360 2084 Scotiae,

1300 2081 1329 2110 in
1353 2082 1476 2118 partibus
1495 2081 1530 2111 de
1550 2080 1575 2112 la
1598 2080 1780 2128 Estmarche,
1800 2079 1880 2147 quo}
1892 2081 1995 2149 ⁸cistelle&
2008 2080 2360 2154 uleAViilziscoRaeopiffras'

1300 2118 1470 2195 iiv‘icsilstiipg
1487 2118 2161 2202 ssaeggassimriiekieglibiqiffhsllzgchiaqpraedietar?
2169 2132 2361 2193 cuggiiffoerrg:

1299 2197 1397 2240 nibus,
1414 2198 1473 2227 tam
1485 2195 1645 2241 Peditibus,
1659 2198 1742 2233 quam
1758 2195 1924 2240 EquitibuS,
1941 2196 2026 2234 usque
2040 2195 2075 2226 ad
2091 2197 2261 2241 Numerum
2275 2200 2359 2232 Sexa-

1299 2243 1375 2274 ginta
1397 2233 1600 2274 Personarum,
1627 2245 1656 2264 1n
1676 2233 1823 2265 Comitiva
1843 2233 1903 2271 sua,
1925 2242 1960 2263 ex
1981 2233 2072 2265 Causa
2088 2236 2238 2277 praedidta‚
2263 2240 2360 2271 venire

1300 2272 1610 2352 Ροῷἑίῒεεῗὲἕὲἒῖἓυό
1626 2310 1900 2352 Wstmonasterium,
1918 2310 2032 2342 decimo
2044 2310 2090 2342 die
2100 2311 2188 2350 Junii.

1728 2390 1782 2418 Per
1799 2390 1893 2418 Breve
1910 2388 1943 2418 de
1960 2389 2080 2418 Privato
2098 2388 2197 2427 sigillo.

1301 2511 1327 2538 *ἵ
1343 2515 1391 2546 De
1410 2516 1496 2546 certis
1520 2512 1699 2557 Pmfimariis
1718 2537 1728 2554 ‚
1762 2515 1793 2543 in
1821 2514 1857 2545 V
1855 2513 1932 2557 iagio
1952 2511 2049 2558 fhpra
2074 2515 2172 2546 Mare
2192 2520 2303 2562 captis,
2328 2521 2359 2550 in
2375 2532 2390 2550 it
2413 2535 2469 2562 v11

1577 2561 1705 2592 Turrim
1723 2558 1877 2592 Londoniae
1895 2560 2076 2606 recipiendis.
2372 2573 2438 2607 556,
2474 2558 2480 2564 ⁵

1299 2648 1351 2702 R
1366 2645 1430 2676 EX
1449 2644 1590 2676 carissimo
1609 2644 1698 2675 Fratri
1712 2644 1778 2682 suo,
1796 2644 1910 2674 Thomae
1927 2648 2025 2674 Comiti
2044 2647 2174 2686 Kantiae‚
2194 2647 2356 2681 Constabu-
2372 2655 2448 2686 Arm,
2462 2654 2504 2688 D⁴

1369 2685 1436 2715 lario
1449 2684 1548 2714 Turris
1560 2682 1665 2713 nostrae
1679 2683 1860 2721 Londoniae,
1878 2682 1923 2713 vel
1937 2684 1994 2722 ejus
2009 2684 2125 2715 Locum
2140 2689 2262 2726 tenenti,
2277 2689 2356 2719 Salu-
2395 2696 2479 2734 1387,

1297 2729 1363 2754 tem.

1335 2760 1506 2790 Mandamus
1524 2760 1605 2789 vobis
1625 2759 1704 2799 quod
1723 2769 1738 2789 a
1754 2781 1764 2796 ,
1786 2758 1891 2790 dileeto
1912 2760 1996 2790 nobis
2013 2785 2023 2799 ,
2044 2761 2178 2800 Johanne
2197 2763 2292 2804 Slegh,
2309 2765 2354 2797 seu
2371 2738 2487 2800 {iaz-io.

1297 2800 1355 2837 ejus
1368 2800 1395 2829 in
1410 2799 1462 2828 hac
1496 2807 1551 2828 arte
1565 2798 1732 2835 Attornato,
1749 2796 1856 2836 Viginti
1871 2796 2044 2829 Prisonarios
2055 2800 2180 2838 nostros,
2371 2810 2458 2847 Claus.

1335 2838 1423 2874 Supra
1447 2836 1469 2867 tx
1502 2847 1531 2866 re
1550 2846 1613 2875 per,
1632 2836 1803 2866 cariffimum
1825 2836 2076 2873 Consanguineum
2097 2838 2244 2878 nostrum,
2259 2843 2357 2870 Ricar-
2377 2857 2417 2875 io.
2433 2853 2461 2876 R.
2475 2857 2501 2879 2,

1296 2876 1357 2905 dum
1371 2879 1500 2905 Cori-ritem
1512 2874 1674 2904 Arundellae
1684 2898 1694 2912 2
1709 2874 1894 2904 Admirallum
1909 2874 2039 2914 Angliae,
2056 2876 2090 2908 &
2102 2876 2170 2907 alios
2184 2877 2214 2907 in
2228 2876 2354 2910 Comiti-
2370 2896 2406 2914 m,
2426 2896 2451 2915 2,

1295 2925 1330 2946 va
1351 2915 1395 2944 sua
1409 2914 1487 2950 supra
1502 2913 1600 2951 Mare,
1617 2922 1713 2952 captos

1335 2952 1506 2990 Recipiatis,
1525 2952 1557 2981 ad
1577 2961 1625 2981 eos
1638 2950 1707 2980 infra
1720 2935 1839 2980 ζΓιιιγίῑτι
1854 2949 1981 2981 nostram
1997 2951 2161 2989 praedictam
2171 2976 2181 2991 ,
2200 2953 2235 2984 ad
2251 2954 2355 2986 Custus

1296 2991 1377 3029 ipsius
1390 2991 1541 3029 johannis,
1560 2989 1701 3028 quousque
1713 2989 1786 3018 aliud
1800 2999 1815 3019 a
1828 2989 1911 3019 nobis
1926 2990 2076 3021 habueritis
2087 2992 2115 3021 in
2130 2991 2288 3033 Mandatis‚
2305 2994 2354 3024 sal-

1296 3032 1336 3061 νὸ
1354 3031 1386 3061 &
1399 3029 1493 3062 secure
1509 3027 1749 3057 Custodiendurn.

1330 3068 1420 3098 Teste
1434 3067 1514 3106 Rege
1529 3065 1600 3103 apud
1616 3064 1887 3105 Wq‘lmonasterimn‚
1906 3065 2023 3105 septimo
2033 3066 2078 3097 die
2089 3067 2176 3106 Junii.

1566 3194 1624 3225 Pro
1652 3191 1817 3223 Willielfrno
1841 3193 1926 3224 Duce
1944 3190 2078 3225 Geldriae.

1295 3279 1382 3338 RE
1392 3278 1422 3310 X
1440 3277 1601 3324 Omnibus,
1618 3277 1652 3308 ad
1667 3286 1753 3315 quos,
1773 3276 1832 3307 &c.
1848 3275 1980 3307 Salutem.

1405 3318 1499 3348 Sciatis
1513 3317 1591 3353 quod
1600 3338 1608 3352 ‚

2364 3290 2441 3326 Ann.
2457 3294 2499 3328 D.

1334 3356 1391 3387 Pro
1412 3366 1448 3386 eo
1469 3354 1565 3393 qubd,
1583 3353 1719 3384 dilcc‘tum
1741 3352 1987 3391 Consanguineum
2008 3351 2151 3390 nostrum,
2168 3351 2347 3384 lVillielmum
2361 3335 2480 3404 Ait-33¹&

1294 3398 1394 3426 Ducem
1412 3393 1509 3424 Gelri'ae
1522 3416 1531 3431 ,
1555 3392 1589 3422 ad
1611 3392 1831 3422 Deservicndum
1854 3387 1952 3421 Nobis
1970 3391 2005 3420 de
2027 3390 2136 3433 Guerra
2149 3413 2158 3428 ,
2177 3401 2245 3421 curn
2268 3402 2348 3424 certo
2362 3413 2381 3436 R
2409 3420 2422 3437 2

1294 3435 1431 3465 Numero
1453 3432 1614 3461 Hominum
1632 3431 1803 3467 Armorum,
1821 3430 1936 3459 durante
1949 3429 2014 3459 Vita
2028 3429 2090 3467 sua,
2110 3439 2192 3466 penes
2206 3429 2274 3460 Nos
2286 3431 2347 3461 Re·
2363 3432 2412 3475 PJ„
2427 3432 2444 3476 ἰ

1293 3474 1440 3509 tinuimus,
1454 3477 1536 3508 prout
1557 3479 1605 3506 per
1627 3469 1755 3508 quasdam
1779 3468 1954 3505 lndenruras,
1972 3468 2038 3497 inde
2052 3468 2123 3497 inter
2135 3476 2227 3497 certos
2241 3468 2349 3499 Procu-
2363 3489 2382 3512 R
2410 3471 2423 3513 2*
2450 3461 2478 3478 α’

1293 3521 1396 3541 ratores
1419 3509 1528 3539 nostros
1545 3507 1578 3538 &
1599 3505 1792 3537 Procuratores
1814 3506 1894 3544 ipsius
1914 3505 2006 3536 Ducis
2024 3506 2054 3535 in
2068 3505 2210 3543 praesentia
2224 3506 2350 3538 Concilii
2363 3508 2391 3560 p'
2409 3508 2436 3551 2'

1293 3549 1381 3580 nostri
1394 3547 1552 3583 consectas,
1568 3545 1648 3582 plene
1663 3545 1764 3585 liquet,
2362 3546 2388 3589 m‘
2429 3547 2435 3553 ·

1332 3588 1376 3618 Ac
1393 3596 1445 3626 pro
1465 3585 1614 3620 Homagio
1633 3584 1698 3622 suo,
1718 3584 1815 3613 Nobis
1830 3582 1858 3611 in
1875 3582 1968 3612 forma
1984 3581 2077 3612 debita
2096 3582 2246 3621 faciendn,
2393 3583 2398 3589 ”
2413 3571 2443 3597 4⁸

1332 3623 1529 3656 Concessimus
1548 3623 1573 3652 ei
1594 3621 1679 3652 Mille
1702 3622 1819 3658 Libras,
1838 3621 2026 3658 percipiendas
2038 3643 2048 3658 ‚
2065 3621 2173 3658 singulis
2194 3621 2299 3659 Annis,
2316 3622 2351 3653 ad

1295 3664 1473 3695 Scaccarium
1495 3660 1640 3698 nostrum,
1658 3659 1693 3690 ad
1711 3660 1868 3690 Terminos
1891 3659 1985 3689 Sancti
2006 3658 2155 3688 Michaelis
2171 3659 2203 3689 &
2220 3659 2352 3699 Pai'cliae,

1293 3711 1342 3742 per
1361 3701 1474 3740 :equales
1496 3699 1659 3736 Portiones,
1680 3698 1715 3728 ad
1727 3707 1816 3728 totam
1831 3698 1924 3727 Vitam
1942 3697 2048 3735 praefati
2063 3697 2171 3734 Ducis,
2187 3697 2351 3728 dumtamen

1294 3743 1371 3772 idem
1392 3741 1458 3770 Dux
1479 3746 1555 3767 certa
1569 3735 1756 3773 Contractus,
1774 3735 2004 3773 Conventiones,
2019 3736 2051 3766 &
2067 3734 2221 3772 Promissa,
2239 3745 2271 3766 ac
2285 3746 2350 3767 om-

1294 3782 1339 3810 nia
1359 3780 1424 3816 alia,
1443 3777 1469 3805 in
1484 3775 1586 3806 eisdem
1598 3773 1756 3805 Indenturis
1768 3782 1916 3811 contenta,
1933 3774 2015 3804 faciat
2028 3772 2142 3803 fideliter
2157 3773 2190 3802 ὃς
2202 3772 2350 3814 adimpleat
2368 3783 2370 3785 ’

1294 3828 1328 3849 ex
1343 3825 1417 3853 parte
1433 3815 1492 3851 sua,
1508 3815 1584 3852 juxta
1595 3823 1654 3842 Vim
1669 3814 1703 3843 &
1715 3813 1850 3843 effectum
1868 3812 2082 3842 [iidenturaiiim
2097 3812 2305 3848 praeaifflium.

1334 3856 1399 3886 Dat.
1420 3855 1448 3884 iri
1469 3852 1574 3883 Palatio
1592 3850 1692 3881 nostro
1708 3853 1756 3881 We
1779 3850 1887 3890 monast.
1903 3850 1952 3881 sub
1969 3850 2067 3889 Magni
2079 3850 2170 3888 Sigilli
2183 3849 2274 3881 nostri
2287 3851 2348 3884 Te-

1294 3894 1446 3929 stimonio‚
1462 3891 1578 3922 decimo
1591 3891 1675 3922 tertio
1687 3890 1732 3921 die
1763 3890 1831 3920 unii.

1716 3967 1770 3996 Per
1783 3965 1864 4004 ipfitm
1875 3966 1971 4003 Regem
1984 3963 2022 3999 ὠ
2037 3963 2187 3997 Concilium.

1871 4112 1925 4153 133
