2561 4251
770 174 880 214 ET
963 176 1219 217 ACTA
1301 177 1770 226 PUBLICA.

13 262 87 294 Ann.
103 259 144 291 D.
204 259 314 290 Donne
334 267 350 288 a
373 259 454 287 Paris
477 230 506 286 le
524 257 570 287 xii.
593 257 665 297 Jour
685 259 721 290 de
741 260 853 299 juillet,
877 261 944 292 l’An
963 261 998 292 de
1019 261 1115 292 Grace
1130 261 1222 293 Mille.

35 299 118 339 1384.
164 296 261 329 CCC.
281 295 462 327 LXXXIV.
481 297 515 327 &
527 296 564 326 de
576 297 672 327 nostre
688 297 793 338 Regne
807 301 833 329 le
847 299 948 339 Qart.

14 344 64 368 mv
85 347 110 368 ι.
160 379 258 411 ITEM
273 402 282 416 ‚
308 372 429 419 s’ensuit
448 373 478 405 lat
493 373 608 406 Tenem·
625 374 667 407 du
695 380 806 409 Povoir
827 390 847 409 a
875 391 965 419 nous,
992 377 1091 410 Picrre
1116 379 1221 423 LOpeS

206 423 367 464 Chivaler‚
393 425 429 460 ὠ
461 421 559 456 Pierre
586 425 691 468 Lopes
719 427 870 465 Doffeur,
896 429 1000 459 Donne
1022 437 1080 471 par
1094 453 1103 467 ,
1130 425 1222 467 nostre

203 471 249 504 dit
259 474 419 517 Seigneur,
431 470 457 502 le
469 469 545 516 Roy
565 469 602 505 de
614 470 754 506 Chastcll
765 498 775 514 ,
788 473 826 507 de
847 477 933 508 Leon
956 477 989 507 δε
1007 474 1044 507 de
1059 475 1219 520 Portugal‚

2257 205 2328 244 171

1261 262 1312 293 c‘to
1323 263 1390 294 diiii
1404 264 1554 296 Trauatfis
1569 268 1649 299 Pacis
1662 271 1854 309 venientibus,
1874 281 1922 309 per
1937 272 2036 312 Mare,
2054 275 2087 306 ὃς
2110 284 2159 314 per
2178 275 2297 318 Terram
2309 298 2319 314 7
2335 275 2410 306 Arm.
2425 275 2468 310 D'.

1262 302 1295 331 &
1309 312 1409 331 eorum
1425 304 1556 342 cuilibet,
1572 307 1604 336 &
1620 309 1845 346 quibuscumque
1858 312 1930 349 aliis,
1946 314 2146 352 cujuscumque
2160 313 2253 344 §titiis
2273 318 2317 344 leu
2362 315 2448 353 1384,

1262 338 1462 378 Conditionis,
1478 343 1510 372 ὃς
1525 343 1574 373 sub
1590 356 1775 385 quocumque
1786 347 1909 379 Nuncio
1925 352 1957 381 &
1974 353 2002 381 in
2019 353 2243 390 quibuscumque
2254 353 2318 382 Par-
2336 357 2386 382 [tic.
2407 364 2434 382 2.

1262 379 1350 416 tibus,
1367 380 1399 408 &
1413 380 1461 409 sub
1475 390 1654 420 quacumque
1670 385 1775 416 Forma
1790 387 1822 417 &
1837 387 1957 418 Tenore
1978 390 2027 419 fibi
2048 391 2196 429 placuerit,
2217 400 2320 428 quam-

1261 416 1308 445 diu
1326 417 1464 447 voluerint
1479 420 1643 459 duraturos,
1661 423 1848 462 facientesque
1860 426 1952 456 dictos
1966 427 2135 459 ConduCtus
2158 431 2265 475 teneri,
2284 429 2317 460 &
2339 459 2352 475 Β
2364 460 2419 486 VH

1261 454 1295 484 ad
1309 453 1367 484 hoc
1381 456 1570 493 compellendi
1584 460 1617 488 ἃ
1631 460 1649 479 ¹*
1667 463 1800 498 compelli
1816 463 1932 494 faciendi
1952 465 2064 497 Omnes
2086 468 2195 497 nostros
2215 467 2318 498 subdi·
2423 479 2430 486 ⁰

9 1225 104 1255 utu.

10 1276 77 1302 440·

202 532 238 553 en
254 517 322 561 ceste
343 521 490 560 Fourme,

176 602 372 642 'OHANNEQ
392 603 450 634 Dei
472 602 579 641 gratia,
596 606 656 634 Rex
680 605 816 645 Castellae,
838 605 875 641 &
899 611 1026 646 Legionis
1046 612 1075 638 in
1090 611 1224 646 Portuga-

208 642 266 680 lia,
286 643 449 678 Universis,
469 641 617 678 praesentes
633 643 738 674 Literas
754 645 933 685 inspeeturis,
952 647 1086 677 Salutem.

200 680 299 719 Cum,
316 679 480 711 Cariffimus
503 678 599 710 Frater
620 681 728 720 noster,
746 683 883 722 Karolus,
906 687 1006 715 eadem
1030 685 1136 729 gratia,
1163 688 1223 729 Rex

160 719 284 749 Franciae
301 719 382 749 nobis
396 726 504 755 nuper,
523 727 572 754 per
589 719 651 750 suos
667 720 822 762 solempnes
838 723 871 752 N
875 726 973 754 uncios
991 725 1022 754 ὃς
1042 724 1162 760 Literas,
1180 733 1225 752 in-

161 759 274 789 timaret
301 755 380 795 quod
408 755 465 792 ipse
481 778 489 792 ,
520 756 555 786 ad
584 758 744 790 instantiam
774 762 976 792 nonnullorum
1000 761 1172 805 Magnatum
1192 762 1224 791 ὃ(

161 795 344 833 Principum,
363 795 446 824 certis
470 794 583 831 insuper
597 797 674 833 justis
690 798 790 829 duetus
811 800 1100 843 coniiderationibusu,
1119 809 1225 843 propo-

160 835 246 865 nebat
271 834 333 863 suos
360 831 561 864 Procuratores
588 835 621 865 &
649 836 785 866 Nuncios
817 838 850 867 ad
872 847 962 875 partes
980 837 1116 868 Picardiae
1137 837 1224 867 desti—

159 882 242 910 nare,
962 911 965 915 .
995 916 999 920 ,
1112 917 1116 921 .

197 909 382 940 Τηιᾶὶαῑυτοε
403 909 510 940 ibidem
529 920 597 940 cum
616 911 662 949 sim
684 914 718 943 &
739 911 825 952 nostro
841 912 1156 958 AdversavrrowAnglzae,
1176 913 1222 943 seu

158 948 392 979 Procuratoribus
413 948 466 978 suis
483 970 493 985 ,
518 959 591 986 quos
613 950 647 980 ad
669 960 758 987 partes
780 952 926 988 praedietas
961 953 1081 981 {imiliter
1111 960 1224 981 mittere

158 987 354 1025 proponebat,
373 986 408 1015 de
421 986 495 1016 Pace
510 986 591 1024 super
606 986 782 1026 Discordiis,
800 989 908 1020 dudum
925 991 1007 1021 motis
1021 992 1090 1020 inter
1111 990 1223 1033 Praede7

159 1025 279 1055 cessores
294 1025 356 1055 suos
370 1024 392 1053 F
395 1026 496 1054 ranciae
508 1023 605 1064 Reges
619 1036 653 1056 ex
667 1026 750 1059 Parte
765 1028 836 1066 una,
854 1030 886 1059 ὃς
911 1029 1133 1060 Praedeceffores
1153 1029 1222 1059 dien

159 1063 316 1095 Adversarii
330 1071 364 1092 ex
378 1061 479 1100 altera,
959 1106 964 1111 ,
1064 1106 1069 1111 ,

199 1102 250 1132 Ad·
261 1101 347 1131 finem
364 1108 393 1129 ut
410 1099 478 1130 Nos
493 1100 560 1131 illuc
574 1103 687 1134 nostros
699 1104 896 1136 Procuratores
909 1114 1008 1143 pariter
1031 1113 1223 1142 mitteremus,

162 1150 232 1172 cum
246 1139 368 1177 plenaria
383 1138 525 1170 Potestate
542 1139 696 1172 Traetandi
711 1144 755 1174 seu
772 1144 914 1175 Firmandi
930 1144 1035 1187 Pacem
1054 1144 1103 1188 feu
1128 1144 1223 1188 Treu—

161 1189 229 1217 gas,
246 1188 300 1215 pro
315 1177 431 1215 Nobis,
450 1176 573 1218 Regnis,
593 1180 703 1218 Terris,
722 1183 863 1220 Subditis,
881 1184 913 1213 &
938 1182 1082 1229 Dominus
1095 1182 1223 1228 ,¹¹0st¹'¹.s²

160 1226 229 1248 cum
251 1216 330 1246 dieto
354 1215 518 1247 Adversario
535 1218 569 1248 &
592 1228 660 1249 cum
685 1222 703 1240 *ι
719 1220 853 1259 Johanne
865 1224 938 1250 Duce
953 1221 1139 1264 Lancafirtae,
1158 1221 1223 1250 suis—

162 1265 219 1294 que
239 1254 364 1293 Regno,
382 1254 523 1293 Subditis,
543 1257 658 1296 Terris,
678 1259 712 1289 ὃ(
737 1259 900 1297 Dominiis,
926 1260 1121 1289 inviolabiliter
1142 1259 1223 1289 dura-

194 1304 235 1323 ras

161 1303 362 1363 ωΝέΤῦΜ
380 1339 561 1363 FACIMUS
585 1335 666 1372 quod
689 1336 774 1375 Nos,
801 1336 1010 1375 quampluribus
1024 1336 1104 1374 justis
1125 1335 1222 1366 Causis

161 1372 195 1403 &
211 1370 489 1402 Considerationibus
501 1373 630 1411 excitati,
1192 1414 1196 1418 ι

199 1409 392 1440 Desiderantes
405 1419 458 1446 pro
472 1407 572 1440 Nobis
588 1412 621 1441 &
636 1412 738 1443 nostris
752 1412 889 1452 Subditis,
908 1415 937 1444 in
951 1423 1073 1458 quorum
1089 1413 1222 1451 tranquil-

160 1448 187 1480 la
202 1450 294 1485 quiete
309 1447 458 1484 fovemur,
477 1447 637 1480 honorabili
654 1453 687 1482 &
699 1452 794 1482 secura
810 1452 883 1483 Pace
899 1455 995 1490 potii-i,
1126 1492 1129 1496 Ι
1145 1491 1149 1495 .

195 1486 234 1517 Et
254 1485 429 1516 confidentes
449 1485 483 1515 ad
503 1487 617 1522 plenum
640 1489 676 1520 de
696 1491 851 1528 probitate,
876 1489 1023 1526 fidelitate,
1047 1491 1080 1520 &c
1103 1489 1223 1536 diligen-

157 1524 197 1556 tia
211 1549 221 1563 ,
246 1524 416 1555 dilectorum
435 1524 468 1554 ὃς
487 1520 612 1556 fidelium
633 1527 814 1566 nostrorum,
843 1529 960 1559 Nobilis
979 1531 1057 1558 Petri
1078 1532 1165 1567 Luppz
1185 1529 1222 1559 de

161 1563 248 1603 Ayala
269 1562 369 1592 Militis
392 1559 536 1600 nostrique
557 1563 702 1597 Senescalli
720 1568 749 1596 in
766 1567 920 1598 Provincia
940 1568 976 1597 de
997 1567 1220 1612 Guypuz‘uque,

159 1601 288 1633 Domini
299 1600 334 1630 de
348 1600 429 1630 Salva
445 1610 531 1638 terra,
550 1603 583 1633 &
598 1605 675 1634 Petri
689 1607 778 1643 Luppi
794 1606 985 1637 Decretorum
1003 1606 1157 1644 Doetoris,

200 1635 276 1678 Ipsos
294 1637 515 1676 ordinavimus,
533 1639 755 1682 Commisimus,
774 1644 1064 1682 Committimusque,
1082 1646 1115 1676 &
1138 1644 1221 1675 Con-

163 1677 301 1708 stituimus
320 1676 433 1706 nostros
452 1675 654 1711 Procuratores
675 1683 833 1721 generales,
852 1685 884 1715 δε
904 1693 995 1713 certos
1012 1683 1147 1714 Nuncios
1160 1685 1221 1729 spe-

162 1717 258 1753 ciales,
277 1715 310 1746 ad
323 1715 578 1754 Conveniendum,
597 1719 677 1756 super
693 1721 854 1760 praemissis,
873 1723 927 1753 una
944 1732 1013 1753 curn
1028 1722 1220 1754 Procuratori-

162 1757 214 1786 bus
228 1754 261 1786 δε
276 1752 404 1785 Nunciis
415 1752 484 1784 dieti
500 1754 602 1786 Fratris
614 1759 721 1798 nostri,
1038 1800 1043 1805 ⁵
1101 1800 1105 1805 ι
1141 1802 1145 1806 ι

199 1793 311 1824 Diebus
325 1793 357 1824 ὃς
373 1793 474 1829 Locis,
493 1794 593 1830 quibus
607 1794 659 1833 Ipfi
678 1796 877 1830 Procuratores
889 1800 921 1831 &
934 1798 1060 1838 Nuncii,
1078 1798 1223 1844 dicftiFra-

160 1833 209 1862 tris
222 1832 414 1870 nostri,.cum
428 1831 658 1865 Procuratoribus
675 1836 707 1866 &
730 1837 765 1866 N
769 1840 872 1876 unciis,
888 1839 956 1869 dieti
981 1839 1222 1882 AdversaruUAn-

160 1871 245 1910 glise,
270 1872 303 1902 ὃ(
325 1880 394 1901 cum
413 1869 493 1900 dieto
513 1869 601 1903 Duce
625 1873 814 1915 Lancastriae,
839 1878 883 1908 vel
902 1878 954 1908 suis
975 1878 1223 1916 Procuratoribus,

161 1911 290 1939 duxerint
304 1909 432 1946 agregari
441 1931 449 1946 ,
1067 1956 1071 1960 Ι

201 1948 321 1987 Ipsilque
333 1948 445 1978 duobus
459 1947 691 1983 Procuratoribus
707 1954 807 1985 nostris
821 1954 980 1992 supradietis
995 1954 1224 1992 Dedimus,Da-

163 1987 298 2024 musque,
315 1988 349 2018 ὃς
369 1985 581 2027 Concedimus,
601 2001 651 2027 per
674 1991 842 2031 Praesemes,
862 1994 1011 2030 plenariam
1034 1993 1223 2037 Potestatem,

162 2025 371 2055 Aurftoritatem
385 2047 395 2062 ,
420 2026 453 2056 &
472 2025 642 2058 Mandatum
663 2030 778 2067 speciale
796 2033 945 2062 TraCtandi
961 2055 970 2070 ,
999 2031 1223 2076 Componendi,

161 2062 365 2102 Tranligendi,
385 2062 569 2103 pacificandi,
583 2068 615 2097 ὅ(
629 2067 745 2100 finaliter
765 2070 972 2102 Concordandi
991 2070 1150 2115 hujusmodi
1171 2071 1223 2100 Pa-

162 2112 229 2132 cem
253 2103 285 2133 &
304 2101 519 2141 Concordiam,
537 2105 615 2142 super
636 2106 784 2139 Universis
807 2110 840 2139 δε
855 2109 974 2147 Singulis
989 2108 1123 2153 Debatis,
1141 2107 1223 2153 Con-

163 2141 355 2177 tentionibus,
383 2140 612 2182 Qiaestionibus,
639 2145 772 2185 Guerris,
801 2148 833 2178 &
855 2147 1026 2185 Discordiis,
1046 2156 1132 2192 motis
1153 2156 1226 2178 inter

164 2178 252 2216 Nos,
276 2178 349 2208 dicia
371 2179 492 2217 Regna,
518 2180 635 2219 Terras,
653 2185 686 2214 ὃς
710 2185 848 2215 Dominia
867 2186 978 2225 nostra,
995 2187 1175 2229 generaliter,
1192 2187 1226 2216 δι’,

163 2217 333 2255 specialiter,
347 2227 380 2247 ex
395 2227 470 2254 parte
485 2218 558 2257 una,
574 2222 608 2251 &
624 2222 734 2254 dietum
751 2224 948 2255 Adversarium
966 2225 1227 2264 Angliae,d16tum-

163 2266 224 2294 que
236 2255 285 2294 Jo.
307 2255 421 2286 Ducem
437 2256 623 2297 Lancastriae,
642 2261 676 2291 &
693 2262 760 2292 alios
774 2264 812 2294 sui
835 2265 959 2301 generis,
977 2263 1134 2301 Regnum,
1152 2262 1228 2293 Ter—

165 2305 209 2326 ras
243 2296 276 2326 &
292 2294 432 2325 Dominia
445 2295 503 2334 sua,
522 2297 550 2326 in
562 2301 700 2338 generali,
717 2302 749 2332 ὅ(
762 2302 888 2341 speciali,
908 2313 942 2333 ex
956 2303 1056 2341 altera,
1169 2341 1174 2346 ι

204 2317 376 2372 Dandique,
394 2333 586 2374 Acceptandi,
604 2338 637 2368 ὃς
661 2338 884 2379 Concordandi,
906 2352 972 2372 cum
994 2341 1229 2372 procuratoribus

163 2372 198 2403 ὃ(
219 2371 343 2402 Nunciis
363 2372 431 2403 dieti
454 2373 610 2405 Adversarii
630 2376 758 2416 Angliae,
778 2381 811 2411 &
832 2390 900 2410 cum
918 2381 998 2410 diero
1016 2379 1101 2424 Duce
1119 2380 1229 2410 Lanca-

163 2411 254 2448 striae,
265 2411 356 2449 ejusve
372 2410 621 2452 Procuratoribus,
633 2416 666 2445 ad
681 2418 739 2448 hoc
753 2417 927 2450 Potestatem
943 2419 1124 2455 habentibus,
1133 2417 1229 2449 Treu-

164 2458 212 2489 gas
226 2449 271 2479 seu
287 2449 476 2480 Abstinentias
491 2450 625 2491 Guerrae,
647 2457 806 2495 generales,
823 2458 867 2487 vel
880 2458 1073 2495 particulares,
1088 2467 1136 2500 per
1153 2457 1228 2500 Ter—

165 2496 225 2518 ram
235 2510 245 2526 ,
263 2487 296 2519 &
311 2498 360 2525 per
376 2488 477 2527 Mare,
498 2489 612 2529 Modo,
632 2492 756 2533 Forma,
769 2497 802 2527 ὃ(
816 2494 1039 2527 Conditionibus
1054 2496 1228 2540 melioribus,

165 2527 267 2564 quibus
288 2526 346 2557 fieri
367 2529 487 2565 poterit,
506 2538 560 2565 pro
583 2530 696 2570 Nobis,
717 2534 800 2564 dictis
814 2533 937 2573 Regnis,
955 2535 1095 2571 Subditis,
1114 2534 1228 2577 Terris,

166 2566 200 2595 &
215 2564 360 2595 Dominiis
374 2565 475 2596 nostris
491 2567 731 2609 quibuscumque,
750 2583 819 2603 curn
839 2573 921 2603 dietis
940 2573 1182 2616 Procuratoribus·
1193 2573 1226 2603 &

167 2603 291 2633 Nunciis
303 2603 372 2633 dieti
386 2603 541 2635 Adversarii
556 2606 681 2646 Angliae,
700 2611 733 2641 &
748 2622 817 2642 cum
832 2611 913 2642 didio
929 2611 1016 2642 Duce
1039 2611 1210 2642 Lancastriae
1218 2635 1227 2649 ‚

165 2641 435 2673 Procuratoribusve
455 2642 523 2680 suis,
550 2654 604 2682 pro
626 2647 685 2684 ipio
709 2649 891 2688 Adversario‚
914 2651 948 2681 &
971 2649 1076 2687 Duce,
1104 2649 1228 2688 Regma

166 2677 308 2719 Subditis,
321 2682 436 2719 Terris,
451 2682 485 2712 &
501 2681 646 2714 Dominiis
661 2686 711 2716 suis
723 2689 949 2726 quibuscumque
966 2691 1114 2732 (quantum
1129 2689 1230 2732 volue-

166 2717 222 2748 rint
237 2720 270 2748 ὃς
284 2720 413 2758 expedire
427 2720 546 2750 viderint
557 2721 709 2762 duraturas)
727 2737 794 2756 cum
819 2726 970 2763 Clausulis,
989 2726 1230 2764 Conditlonibus,

169 2756 467 2801 ModifficationibuS,
486 2760 520 2790 ὃς
535 2758 759 2795 Circumstantiis
774 2766 929 2795 necessariis
952 2765 997 2796 seu
1017 2767 1101 2796 etiam
1122 2775 1232 2803 oppor—

165 2804 242 2825 tunis
709 2822 712 2823 γ

208 2817 424 2872 Or’dinandique
443 2836 475 2866 δε
501 2835 702 2869 Constituendi
719 2840 954 2880 Commissarios,
973 2841 1150 2881 Deputatos,
1170 2841 1231 2872 Cu-

173 2871 281 2908 stodes,
301 2873 333 2902 &
347 2871 567 2904 Conservatores
580 2876 718 2907 diCtarurn
733 2879 912 2918 Treugarum
922 2904 931 2918 ‚
951 2890 992 2910 tot
1004 2881 1037 2912 &
1058 2881 1124 2910 tales
1135 2905 1144 2919 ,
1161 2890 1231 2919 quot

172 2910 206 2940 ὃς
221 2910 326 2949 quales,
342 2912 375 2941 &
390 2912 418 2940 in
438 2911 523 2941 Locis
536 2913 569 2943 &
587 2913 712 2946 Partibus
726 2919 828 2954 quibus
842 2918 961 2948 viderint
977 2919 1142 2962 expedire,⁴

211 2947 378 2979 Publicandi
392 2950 478 2979 diestas
494 2950 619 2990 Treugas
634 2953 679 2984 seu
696 2955 886 2987 Abstinentias
894 2979 903 2995 ,
919 2957 965 2987 seu
979 2958 1114 2995 publicari
1128 2959 1232 2989 tacien-

172 2986 218 3023 di,
238 2988 285 3016 ubi
301 2988 334 3017 &
348 2989 477 3025 quotiens
490 2999 563 3026 opus
576 2992 674 3030 fuerit,

209 3025 246 3055 Et
261 3024 448 3056 Promittendi
462 3037 493 3057 ac
502 3028 635 3067 Jurandi,
654 3032 681 3060 in
696 3032 832 3064 Animam
846 3034 987 3072 nostram,
1007 3035 1181 3072 Attemptata
1201 3036 1234 3066 &

174 3063 345 3108 Gravamina
359 3065 391 3100 (si
407 3075 471 3103 quae
486 3067 587 3098 fuerint
599 3070 671 3100 faeta
685 3070 729 3101 seu
744 3072 816 3103 illata
831 3074 860 3102 in
877 3075 1060 3112 contrarium)
1076 3075 1169 3104 facere
1176 3074 1235 3104 Re-

193 3112 259 3132 arari

172 3112 191 3139 p
211 3125 325 3173 Initicer
345 3142 378 3172 &
392 3141 514 3173 Videndi
531 3144 730 3179 Procuratores
749 3150 783 3179 &
806 3149 941 3181 Nuncios
960 3151 1102 3180 diuorum
1125 3150 1236 3181 Adver-

173 3178 246 3247 sarisis
259 3177 292 3209 &
314 3179 406 3210 Ducis
429 3181 599 3214 Lancastiiae
621 3185 702 3216 simili
725 3188 816 3219 modo
834 3188 932 3228 jurare
956 3190 988 3220 ὃ(
1012 3190 1135 3219 Firmare
1157 3190 1235 3220 Prae-

172 3226 214 3247 mi
240 3228 255 3247 a

209 3255 247 3286 Et
262 3241 307 3286 'iic
330 3256 486 3293 tractanda,
513 3262 729 3300 componenda,
756 3264 942 3303 transigenda,
969 3266 1150 3303 pacifficanda
1169 3290 1177 3304 ,
1201 3268 1233 3297 &

173 3294 389 3331 concordanda,
407 3294 487 3325 causa
507 3295 534 3325 su
556 3307 586 3326 er
606 3299 694 3329 Fauo
715 3301 801 3332 dic'tae
825 3303 958 3342 Pacisque
983 3304 1184 3342 Treugarum,
1200 3308 1233 3336 ὅ(

171 3332 295 3370 ipsorum
309 3333 451 3371 quolibet,
469 3343 522 3371 pro
537 3306 652 3374 kglobis,
672 3339 704 3368 &
721 3349 796 3376 parte
816 3341 927 3379 nostra,
945 3352 1013 3371 cum
1035 3342 1178 3373 Gentibus
1200 3345 1233 3374 ὃς

173 3366 300 3401 Nunciis
325 3371 478 3401 Adversarii
497 3372 624 3411 Angliae,
643 3375 676 3405 ὃς
695 3387 762 3406 cum
787 3377 865 3409 dieto
881 3379 966 3409 Duce
980 3380 1168 3419 Lancastriae,
1188 3381 1233 3412 seu

173 3410 231 3446 ejus
252 3409 500 3447 procuratoribus,
527 3411 668 3442 Firmandi
691 3424 739 3451 per
761 3414 845 3446 fidem
868 3419 900 3448 ὃ(
925 3417 1142 3456 juramentum,
1161 3430 1233 3457 prse-

177 3447 306 3478 standum
319 3449 346 3477 in
359 3447 494 3478 Animam
509 3449 650 3488 nostram,
669 3454 703 3484 &
722 3453 802 3490 super
817 3455 918 3485 saneta
934 3456 991 3485 Dei
1013 3456 1181 3495 Evangelia,
1199 3459 1232 3488 &

176 3486 238 3516 alias
252 3486 328 3523 quod
345 3487 465 3516 securius
477 3485 534 3518 fieri
551 3491 671 3528 poterit,
690 3492 724 3522 &
739 3492 820 3522 dietis
835 3493 1068 3525 Procuratoribus
1088 3496 1121 3526 ὅ(
1143 3496 1234 3526 Nun-

177 3525 228 3555 ciis
243 3524 344 3554 nostris
357 3524 496 3555 videbitur
508 3528 653 3566 expedire,

214 3562 467 3599 Praestandumque
480 3563 560 3601 super
575 3565 643 3603 hiis,
661 3569 694 3599 &
714 3568 918 3606 Dependentiis
933 3571 1118 3610 eorumdem,
1137 3573 1170 3603 ὃς
1190 3572 1235 3603 su-

176 3610 225 3639 per
248 3611 348 3631 eorum
373 3601 521 3640 quolibet,
542 3601 752 3636 Omnimodam
773 3607 994 3639 promissionem
1011 3634 1019 3647 ,
1042 3610 1233 3653 Cautionem‚

175 3639 376 3676 Securitatem,
395 3639 624 3680 Obligationem,
641 3644 674 3674 &
690 3644 795 3676 Literas
809 3646 858 3677 sub
872 3647 922 3677 suis
935 3647 1054 3686 Sigillis,
1063 3658 1147 3686 prout
1159 3652 1235 3679 casus

177 3687 211 3708 ex
247 3678 316 3715 erit,
334 3679 366 3708 ὃ(
382 3679 419 3707 eis
436 3677 585 3718 placuerit,

244 3717 350 3746 olentes
361 3726 472 3746 exnunc
486 3716 541 3746 suas
553 3717 711 3755 hujusmodi
734 3721 840 3752 Literas
861 3723 977 3760 plenum
998 3724 1133 3755 effet‘him
1156 3726 1235 3756 sorti-

179 3754 219 3790 ri,
235 3756 352 3791 proinde
372 3765 405 3785 ac
421 3755 439 3784 fi
455 3765 506 3784 nos
520 3757 698 3793 personaliter
712 3760 865 3790 faceremus
882 3762 916 3792 &
937 3763 1158 3793 concederemus
1178 3775 1234 3794 eas-

179 3791 246 3821 dem

218 3816 262 3859 Et'
270 3830 378 3868 insuper
392 3832 573 3870 Exequendi,
593 3833 766 3871 Expediendi
804 3835 998 3876 Complendi,
1016 3849 1069 3876 pro
1089 3840 1187 3870 Nobis
1202 3841 1236 3870 δε

179 3867 279 3898 nostro
295 3868 445 3908 Nomine,
463 3881 654 3909 quaecumque
674 3859 818 3912 facienda,
836 3877 1014 3917 exequenda,
1033 3877 1067 3908 &
1087 3880 1238 3922 complen-

180 3905 348 3974 dasgiderint
360 3909 389 3938 in
403 3909 572 3948 Praerniffis,
593 3911 626 3941 &
641 3912 715 3942 circa
738 3911 898 3952 Praemissa,
916 3915 948 3946 ὅ(
971 3914 1182 3954 Dependentias
1203 3926 1237 3947 ex

181 3954 205 3974 el
237 3953 282 3972 CH]

222 3966 336 4019 Dandi,
356 3983 412 4014 insu
434 3995 481 4023 er,
496 3987 529 4018 &
553 3986 755 4026 Concedendi,
783 3991 910 4027 quotiens
931 3991 1088 4030 voluerint,
1115 3993 1147 4022 &
1166 4003 1238 4031 opus

183 4020 283 4056 fuerit,
296 4020 384 4050 salvos
419 4023 566 4056 ‘onduetus
581 4026 813 4058 Procuratoribus
827 4029 860 4059 δε
874 4028 999 4060 Nunciis
1011 4030 1190 4069 supradic'tis‚
1206 4033 1239 4063 &

186 4058 244 4088 aliis
258 4057 400 4089 Gentibus
413 4060 482 4091 dieti
497 4062 653 4098 Adversarii
665 4067 756 4098 nostri
770 4068 803 4099 &
823 4066 914 4097 Ducis
928 4067 1115 4108 Lancastriae‚
1133 4079 1186 4108 pro
1200 4069 1242 4101 fa-

237 4099 309 4128 Tom.
323 4100 381 4128 ΙΙΙ.
396 4099 428 4128 Ρ.
451 4100 510 4138 ΙΙΙ,

1261 502 1322 530 tOS,
1338 493 1371 523 δε
1394 497 1511 531 reparari
1534 495 1663 527 facientes
1682 501 1816 538 quicquid
1840 503 1867 532 in
1890 505 2063 535 contrarium
2079 505 2159 537 fuerit
2172 515 2320 544 attempta·
2339 506 2405 532 44¹·

1261 538 1322 560 tum
1331 553 1341 568 ,

1300 567 1338 598 Et
1353 569 1516 606 generaliter
1527 570 1638 610 Agendi
1653 575 1686 604 δε
1702 574 1849 615 Faciendi,
1867 588 1919 616 pro
1941 579 2054 618 Nobis,
2074 582 2107 612 ὃ(
2128 582 2226 613 nostro
2248 583 2323 616 No·-

1266 608 1361 644 mine,
1379 609 1413 638 ὃς
1427 618 1478 645 pro
1492 608 1572 639 Parte
1586 611 1696 648 nostra,
1706 623 1895 653 quaecumque
1908 627 1923 646 a
1943 618 2012 648 enda
2028 620 2060 649 ὃ(
2076 621 2201 651 facienda
2216 623 2321 655 fuerint

1263 645 1340 683 super
1356 646 1423 683 hiis,
1441 648 1470 675 in
1484 649 1605 685 generali
1620 649 1652 679 ὅ(
1666 650 1790 689 speciali,
1801 654 1834 683 δε
1849 664 1913 691 quae
1924 627 1995 686 isos
2010 658 2163 689 faceremus
2178 662 2210 692 δε
2227 661 2318 692 facere

1262 683 1406 720 poss'cnius
1421 684 1437 713 si
1452 685 1628 721 personaliter
1641 690 1834 720 intereisemus
1845 693 1964 730 ibidem,
1982 697 2064 725 etiam
2081 698 2099 726 fi
2114 697 2201 728 essent
2214 702 2320 737 majora

1261 723 1349 787 quam
1363 722 1484 759 superius
1498 723 1549 754 sint
1564 726 1688 763 expressa
1697 750 1706 764 ,
1720 728 1752 757 ὃ(
1770 729 1831 760 talia
1844 740 1908 768 quae
1917 730 2086 765 Mandatum
2101 737 2247 774 exegerint
2260 738 2321 775 spe-

1262 769 1304 788 cia
1316 770 1331 789 e

1295 782 1470 835 Jur’andique
1488 800 1521 829 ὃ(
1543 799 1750 840 Promittendi,
1774 805 1801 834 in
1825 805 1962 838 Animam
1984 809 2127 849 nostram,
2152 813 2229 844 bona
2248 813 2321 852 fide,

1262 834 1294 865 ὃς
1310 837 1336 864 in
1354 835 1452 866 Verbo
1468 837 1574 876 Regis,
1592 840 1625 869 &
1638 841 1688 870 sub
1705 841 1886 878 obligatione
1901 846 1934 876 δε
1950 847 2099 885 Ypotheca
2113 853 2245 882 omnium
2263 852 2322 883 Bo-

1262 883 1366 903 norum
1384 873 1566 913 nostrorum,
1582 878 1758 914 praesentium
1772 881 1804 911 &
1820 882 1997 924 futurorum,
2014 887 2082 917 Nos
2095 888 2238 920 habituros
2257 901 2320 928 per—-

1262 913 1350 948 petuo
1366 911 1512 951 Firmum,
1531 914 1657 954 Rarum,
1676 918 1709 947 &
1726 918 1821 949 stabile
1836 922 1989 960 quicquid,
2008 935 2055 962 per
2072 926 2163 956 dietos
2183 928 2321 959 Procura-

1263 958 1337 979 tores
1351 950 1383 980 &
1398 951 1534 982 Nuncios
1547 953 1660 984 nostros
1669 978 1678 992 ,
1694 955 1802 987 Asturii
1811 980 1821 992 ,
1839 958 2058 993 Concordatum
2069 988 2077 1000 ,
2097 965 2131 994 &
2142 965 2319 997 Promissum

1262 987 1345 1019 fuerit
1360 990 1389 1017 in
1404 988 1571 1029 Praemiffis,
1589 994 1623 1023 δε
1638 995 1713 1024 circa
1728 994 1890 1036 Praernissa,
1904 999 1937 1028 ὃς
1952 1002 2080 1037 quolibet
2095 1001 2322 1042 Praemissorum,

1263 1026 1296 1056 ὅ(
1318 1037 1464 1065 nunquam
1486 1039 1635 1068 venturos,
1663 1032 1805 1071 didiuros,
1831 1038 1875 1066 vel
1897 1037 2061 1078 profituros,
2077 1042 2107 1071 in
2125 1041 2257 1080 judiciis,
2275 1044 2322 1073 vel

1261 1072 1354 1103 extra,
1373 1067 1591 1104 quomodolibet
1606 1070 1756 1108 quicquam
1771 1073 1865 1110 secuS,

1302 1104 1382 1142 Qin
1396 1107 1467 1144 ymo
1483 1107 1538 1143 ipsa
1551 1109 1650 1137 omnia
1664 1110 1697 1139 ὃς
1712 1111 1815 1149 singula
1830 1111 2057 1146 Confirmaturos
2072 1118 2105 1148 &
2123 1117 2322 1149 Ratis-icaturos

1262 1150 1295 1171 ex
1310 1142 1412 1172 nostris
1425 1144 1501 1174 certa
1514 1145 1637 1177 Scientia
1671 1149 1836 1180 auctoritate
1851 1152 1924 1189 regia
1934 1175 1942 1189 ‚
1959 1155 1992 1184 ὅ(
2007 1156 2179 1192 plenitudine
2194 1157 2323 1188 Potesta-

1261 1181 1311 1218 tis,
1333 1180 1582 1221 Concessurosque
1595 1186 1628 1215 ὃς
1644 1170 1783 1226 Daturos,
1800 1192 1881 1226 {uper
1897 1189 1964 1229 hiis,
1984 1193 2089 1224 nostras
2107 1195 2232 1234 Litefas,
2247 1196 2321 1227 dum

1262 1219 1295 1249 δε
1311 1221 1441 1256 quotiens
1455 1221 1587 1251 fuerimus
1603 1225 1733 1261 requisiti.

1300 1256 1332 1286 In
1354 1268 1478 1295 quorum
1500 1261 1634 1290 omnium
1655 1263 1688 1293 ὃ(
1712 1264 1886 1301 fingulorum
1903 1270 2108 1303 praemissbrum
2125 1271 2320 1304 testimonium

1262 1295 1406 1331 praesentes
1428 1296 1551 1336 LiteraS,
1571 1298 1662 1330 Manu
1683 1302 1776 1333 nostra
1798 1304 1975 1344 subscriptas,
2004 1311 2100 1346 magni
2123 1310 2209 1341 nostri
2231 1311 2321 1350 sigilli

1257 1333 1386 1372 juffimus
1399 1337 1568 1374 appeniione
1581 1340 1696 1368 muniri.

1300 1408 1411 1440 Datum
1426 1412 1498 1449 apud
1511 1417 1662 1444 Santarene
1676 1416 1704 1445 in
1717 1415 1796 1447 dieto
1811 1419 1910 1450 nostro
1926 1420 2033 1459 Regno
2047 1423 2232 1463 Portugaliae,
2246 1427 2322 1457 vice-

1263 1447 1330 1476 fluia
1344 1448 1463 1479 secunda
1476 1451 1520 1480 die
1534 1452 1641 1483 Menlis
1648 1453 1787 1493 Januarii,
1804 1457 1891 1488 Anno
1907 1469 1921 1488 a
1936 1460 2091 1493 Nativitate
2103 1463 2244 1503 Domini,
2259 1464 2324 1495 Mi-

1263 1486 1380 1526 lesitno,
1398 1486 1642 1529 Trescenteiimo,
1661 1491 1852 1532 Odiogesimo
1867 1497 1988 1536 Qaarto.

1264 1569 1364 1602 ITEM
1379 1596 1389 1611 ‚
1414 1572 1535 1616 s’ensitit
1551 1573 1577 1605 le
1596 1577 1705 1608 Pouoir
1718 1589 1738 1609 a
1755 1590 1843 1619 nous,
1873 1582 2038 1624 Cardinal,
2063 1591 2099 1625 ὠ·
2125 1589 2262 1635 Evesc'Jue
2288 1588 2325 1622 de

1310 1616 1520 1662 Dunbreldin‚
1547 1621 1640 1655 donne
1652 1634 1730 1670 par,
1756 1625 1849 1668 nostre
1867 1629 1914 1661 dit
1931 1634 2090 1678 Seigncur,
2118 1636 2143 1667 le
2159 1640 2217 1685 Roy
2232 1637 2325 1670 d‘Es-

1309 1677 1372 1698 coce
1384 1690 1393 1705 ‚
1418 1680 1453 1700 en
1473 1668 1542 1712 ceste
1559 1673 1705 1715 Fourme,

1262 1760 1501 1817 ROBERTUUS,
1522 1763 1579 1796 Dei
1593 1766 1696 1811 gratia,
1713 1770 1774 1797 Rex
1789 1771 1924 1800 Scotorum
1937 1772 2103 1814 Universis,
2120 1776 2153 1807 ad
2167 1788 2238 1816 quos
2253 1789 2326 1817 prae-

1334 1799 1422 1830 sentes
1438 1802 1540 1833 Literae
1551 1814 1746 1844 pervenerint,
1762 1808 1894 1839 Salutem,
2192 1827 2194 1831 ·

1300 1837 1466 1869 Novimus
1487 1841 1726 1874 UNJvERsrTAs
1747 1853 1877 1876 vesTRA
1893 1849 1973 1886 quod
1998 1861 2104 1889 nuper,
2121 1862 2170 1892 pei·
2188 1854 2326 1887 Nuncios

1262 1877 1340 1912 Regis
1361 1880 1499 1916 Franciae,
1515 1881 1549 1911 ad
1573 1881 1641 1911 Nos
1662 1883 1776 1921 mistos,
1792 1884 1926 1917 fuerimus
1946 1889 2090 1920 certificati
2112 1893 2191 1929 quod
2205 1894 2326 1924 Tracta-

1264 1921 1325 1945 tum
1348 1915 1407 1954 est,
1433 1917 1512 1955 quod
1531 1921 1560 1949 in
1581 1919 1720 1951 Confinio
1740 1921 1883 1962 Franciae,
1903 1927 1958 1962 jam
1982 1928 2011 1957 in
2035 1929 2111 1958 brevi
2134 1932 2184 1961 erit
2203 1932 2326 1963 Tracta-

1263 1960 1306 1983 tus
1328 1954 1399 1984 inter
1421 1956 1509 1992 ipsum
1530 1958 1563 1988 &
1584 1958 1647 1988 suos
1669 1958 1891 1992 Confoederatos
1909 1965 1944 1993 ab
1967 1965 2022 1996 una
2043 1966 2126 1997 Parte
2139 1993 2147 2006 ,
2173 1970 2206 1999 ὃς
2228 1973 2325 2007 Regem

1263 1991 1376 2029 Angliae
1389 1993 1424 2023 ab
1437 1994 1488 2025 alifi
1503 1994 1601 2033 Parte,
1618 1997 1697 2034 super
1711 1998 1844 2030 habendis
1856 2000 1982 2040 Treugis
1998 2005 2042 2036 vel
2059 2005 2133 2036 Pace
2148 2009 2221 2039 inter
2244 2009 2324 2049 Reg-

1262 2039 1311 2068 na,

1301 2068 1416 2100 Iccirco
1430 2070 1516 2110 Nos,

1303 2107 1349 2138 Ad
1370 2109 1510 2141 honorem
1533 2110 1607 2150 Dei,
1625 2113 1674 2150 qui
1695 2114 1793 2145 melius
1811 2116 1915 2148 colitur
1936 2126 2065 2157 ternpore
2084 2121 2180 2161 Pacis,
2199 2125 2325 2161 quietem

1267 2144 1369 2183 Populi
1383 2148 1561 2188 affectantes,
1578 2151 1611 2181 &
1623 2151 1659 2182 de
1672 2153 1941 2194 circumspefflone,
1959 2158 2116 2198 diligentia,
2135 2163 2167 2192 &
2186 2161 2328 2202 fidelitate,

1267 2184 1502 2217 Reverendiffimi
1516 2189 1546 2218 in
1563 2188 1682 2221 Christo
1696 2191 1802 2231 Patris,
1818 2193 1939 2225 Domini
1954 2196 2078 2227 Ubalcen.
2096 2199 2152 2229 Dei
2187 2201 2251 2231 tatia
2260 2202 2329 2240 ,Se-

1267 2221 1310 2252 dis
1324 2224 1500 2261 Apostolicae
1513 2228 1682 2266 cardinalis,
1701 2239 1830 2273 necnon,
1850 2231 2013 2265 Reverendi
2028 2238 2056 2266 in
2081 2209 2198 2269 Chrisigo
2224 2239 2329 2280 Patris,

1267 2260 1423 2300 Johannis,
1442 2265 1539 2295 eadem
1551 2267 1655 2306 gratia,
1671 2269 1789 2308 Epg'scopi
1812 2272 2015 2313 Dunbreldmfis
2036 2274 2202 2307 Cancellarii
2222 2279 2328 2319 nostri,

1268 2300 1375 2339 plenius
1387 2302 1561 2335 confidentes
1570 2327 1578 2341 ,

1305 2337 1398 2378 Ipsos,
1415 2341 1449 2371 ad
1466 2341 1686 2374 Interessendum
1704 2346 1737 2376 ὃ(
1750 2345 1945 2379 Τιέιᾶειηάυηι
1960 2351 2085 2390 ibidem,
2104 2363 2155 2391 pro
2176 2354 2273 2386 Nobis
2292 2357 2327 2387 ὃς

1268 2376 1374 2416 Regno
1388 2379 1501 2418 nostro,
1520 2382 1631 2412 nostros
1652 2383 1889 2425 Commissarios,
1908 2388 2026 2420 Tenore
2047 2390 2247 2433 Praesentiurn,
2263 2394 2328 2426 De-

1267 2425 1415 2486 puigtariiiizs
1435 2456 1539 2487 eisdem
1564 2458 1735 2490 potestatem
1755 2462 1919 2509 &speciale
1936 2464 2125 2506 Mandatum,
2144 2479 2196 2506 pro
2211 2471 2329 2515 Nobis,

1269 2491 1377 2531 Regno
1392 2495 1558 2534 nostro,&
1572 2496 1700 2536 Populo,
1717 2500 1796 2538 super
1819 2501 1841 2530 Γ
1843 2512 1933 2542 reugis
1954 2505 1998 2534 vel
2019 2505 2093 2536 Pace
2115 2508 2270 2539 Tradtandi
2291 2511 2325 2541 &

1269 2530 1488 2572 Conveniendi,
1511 2536 1632 2574 Treugis
1648 2537 1691 2566 vel
1707 2537 1774 2568 Paci
1791 2537 2009 2580 Consentiendi,
2026 2543 2153 2585 Treugas
2168 2548 2210 2577 vel
2220 2546 2328 2578 Pacem

1269 2570 1405 2609 Ligandi,
1426 2572 1583 2611 Firmandi,
1598 2575 1631 2604 ὃς
1648 2574 1789 2614 Vallandi,
1808 2587 1892 2615 prout
1909 2581 1943 2611 ad
1963 2582 2108 2614 utilitatem
2131 2584 2226 2624 Regni
2239 2586 2329 2618 nostri

1267 2611 1305 2639 eis
1320 2610 1410 2640 visum
1425 2611 1508 2641 fuerit
1521 2613 1663 2651 expedire,

1306 2648 1415 2678 Rarum
1435 2650 1468 2679 &
1489 2649 1612 2682 Gratum
1631 2652 1764 2684 habentes
1782 2655 1817 2686 ὃς
1837 2655 1956 2688 habituri
1977 2659 2112 2698 quicquid
2134 2664 2163 2691 in
2184 2663 2329 2699 praemiffis

1269 2686 1398 2718 duxerint
1409 2687 1578 2719 faciendum.
2364 2707 2366 2709 ¹

1309 2764 1436 2803 Datum,
1454 2765 1504 2795 sub
1516 2765 1700 2797 Testimonio
1717 2767 1819 2837 Magni
1833 2770 1920 2810 Sigilli
1934 2773 2041 2812 nostri,
2059 2775 2133 2814 apud
2151 2777 2332 2820 Edeanrgh,

1274 2802 1360 2833 Sexro
1372 2803 1416 2833 die
1432 2804 1539 2833 Mensis
1551 2805 1645 2844 Junii,
1662 2805 1750 2837 Anno
1797 2810 1888 2839 omini
1912 2809 2076 2850 Mile-simo,
2095 2813 2330 2855 Trecenteiimo,

1272 2841 1462 2881 octogesimo
1479 2843 1609 2882 Qarto,
1625 2845 1658 2875 ὃ(
1673 2844 1769 2884 Regni
1781 2846 1871 2876 nostri
1886 2848 2126 2886 Qartodecimo.

1273 2918 1438 2979 AVoNS
1456 2919 1684 2958 OTTRoYE,
1710 2920 1892 2962 Paomis,
1918 2933 1968 2954 ET
1992 2926 2180 2967 AcoRDE,
2205 2931 2256 2969 &,
2283 2941 2332 2969 par

1351 2957 1377 2987 le
1400 2967 1497 2988 teneur
1519 2957 1555 2988 dc
1570 2968 1616 2988 ces
1631 2958 1753 2998 Lettres,
1773 2960 1973 3001 PromettonS,
1990 2964 2155 3004 OttroionS,
2171 2969 2204 2999 &
2218 2969 2331 3000 Accor-

1271 2994 1361 3034 dons,
1377 3006 1424 3032 par
1445 3006 1540 3027 vertue
1560 2996 1609 3027 des
1631 2997 1767 3036 Pouoirs,
1782 3009 1797 3028 a
1818 3010 1890 3030 nous
1911 3001 2043 3041 donnez,
2061 3004 2152 3035 dessus
2167 3008 2331 3046 transcrips‚

1272 3033 1389 3064 Ti‘ieues
1400 3035 1544 3073 generaix,
1564 3044 1610 3072 par
1624 3034 1709 3073 Mer,
1725 3038 1758 3067 &
1771 3047 1819 3074 par
1835 3038 1942 3077 Terre,
1961 3051 2032 3078 pour
2046 3052 2105 3073 noz
2124 3043 2178 3074 dits
2199 3045 2331 3083 Seignurs

1272 3073 1310 3104 les
1325 3073 1420 3111 Roys,
1439 3074 1508 3104 leurs
1521 3072 1703 3112 Royaumes,
1720 3074 1838 3115 Tenes,
1856 3077 2029 3118 Seignuries‚
2045 3081 2078 3111 &
2093 3081 2219 3120 Subgiez
2235 3084 2330 3122 (c'est-

1291 3112 1391 3142 ffax'oir
1411 3113 1419 3144 l

1272 3123 1287 3142 a
1310 3151 1343 3180 N
1346 3136 1480 3180 ous'Dux
1494 3151 1524 3179 de
1541 3153 1626 3190 Berry
1642 3151 1675 3182 &
1688 3150 1724 3182 de
1735 3153 1935 3192 Bourgoingne,
1955 3164 2007 3194 pur
2022 3156 2117 3187 nostre
2133 3158 2174 3190 dir
2193 3159 2329 3198 Seigneur

1273 3189 1296 3219 le
1310 3192 1364 3222 Ror
1379 3189 1410 3217 de
1424 3192 1538 3225 France,

1314 3228 1349 3258 Et
1366 3227 1468 3265 Nous,
1488 3229 1579 3255 Pierre
1595 3229 1680 3265 Lopes
1693 3227 1807 3269 d’Ayala
1824 3228 1974 3269 Chivaler‚
1989 3232 2021 3262 &
2037 3235 2127 3263 Pierre
2138 3237 2224 3272 Lopes
2245 3235 2328 3266 Doc-

1273 3277 1351 3304 teur,
1369 3276 1419 3303 pur
1440 3265 1533 3296 nostre
1553 3265 1594 3295 dit
1611 3266 1746 3305 Seigneur
1768 3268 1793 3298 le
1816 3271 1870 3307 Ray
1885 3269 1917 3298 de
1930 3269 2057 3310 Castelle,
2075 3272 2108 3301 de
2125 3275 2218 3310 Leon,
2237 3272 2274 3307 ὠ
2298 3275 2330 3304 de

1274 3304 1422 3342 Portugal,

1313 3343 1350 3373 Et
1366 3343 1466 3380 Nous,
1484 3341 1633 3391 fardinal,
1651 3341 1688 3377 ὠ
1704 3344 1830 3385 Ετιῇιιε
1845 3346 1877 3375 de
1892 3345 2077 3385 Dunbreldin‚
2096 3358 2147 3385 pur
2171 3348 2267 3380 nostre
2287 3350 2329 3382 die

1273 3380 1792 3457 SlIXdedffssd‘iiebrziacissgcd'Engleterre
1805 3431 1855 3458 pur
1868 3421 1940 3458 Lui,
1958 3423 2007 3452 son
2024 3421 2190 3462 Romame,
2206 3425 2244 3456 ses
2251 3426 2328 3457 Ter—

1273 3468 1331 3495 res,
1351 3458 1523 3497 SeignorieS,
1543 3458 1574 3486 &
1589 3456 1713 3496 Subgiz,
1731 3459 1799 3489 deca
1811 3460 1844 3489 &
1859 3459 1919 3488 dela
1934 3460 1957 3490 la
1974 3459 2056 3498 Mer,
2192 3502 2197 3507 .
2274 3504 2279 3509 .

1311 3496 1345 3564 {t
1362 3507 1395 3526 au
1411 3497 1452 3526 dit
1466 3495 1534 3525 Duc
1549 3495 1585 3525 de
1600 3495 1767 3536 Lancastre,
1782 3507 1833 3534 pur
1855 3496 1935 3536 Luy,
1954 3498 1992 3528 ses
2015 3499 2135 3538 Terres,
2152 3500 2328 3542 Seignuries‚

1272 3535 1305 3566 &
1341 3535 1458 3572 ubgiez,

1310 3573 1328 3592 ²*
1337 3573 1374 3604 Et
1389 3584 1422 3603 au
1437 3576 1491 3610 Roy
1501 3571 1532 3600 de
1546 3573 1682 3602 Navarre
1697 3583 1747 3611 pur
1760 3573 1891 3612 luy,Son
1905 3573 2117 3613 Royaume,ses
2130 3576 2250 3616 Terres,
2266 3579 2326 3623 Sei-
2344 3585 2359 3603 ⁴¹
2379 3587 2446 3614 vn„

1271 3613 1396 3650 gnuries,
1416 3613 1448 3642 ὃς
1463 3611 1603 3647 Subgiez,
1621 3621 1655 3640 au
1671 3612 1734 3648 quel
1752 3612 1838 3641 Nous
1852 3611 1920 3641 Dux
1933 3612 1969 3642 de
1984 3612 2066 3651 Berry
2083 3615 2116 3644 &
2131 3616 2166 3645 de
2186 3615 2327 3653 Burgom-
2343 3633 2409 3660 442,

1275 3659 1348 3687 gne,
1364 3661 1401 3680 ou
1417 3649 1501 3678 Nom
1516 3651 1551 3677 de
1566 3647 1716 3680 Monsieur
1729 3650 1755 3680 le
1770 3649 1852 3688 Roy,
1868 3650 2035 3681 Accordons
2049 3652 2269 3686 desmaintenans
2282 3666 2329 3687 ces

1274 3689 1409 3725 presentes
1421 3687 1546 3717 Trieues.

1353 3738 1387 3755 als·

1314 3726 1372 3795 Pdur
1386 3750 1419 3795 c’e
1432 3773 1486 3801 que
1500 3772 1590 3793 aucun
1606 3773 1643 3793 ne
1656 3762 1719 3794 s’est
1734 3773 1853 3802 apparu,
1871 3765 1919 3802 qui
1933 3766 1969 3795 ait
1982 3767 2080 3803 pouair
2094 3765 2131 3810 du
2146 3767 2186 3797 dit
2205 3767 2275 3809 Roy
2294 3771 2330 3802 de

1276 3803 1420 3841 Navarre,
1437 3803 1473 3831 de
1486 3802 1620 3832 accorder
1633 3812 1679 3832 ces
1696 3801 1820 3833 Presents
1832 3803 1952 3833 Trieues
1965 3814 2033 3834 avec
2048 3804 2073 3834 le
2088 3806 2127 3835 dit
2134 3805 2202 3845 Roy
2217 3808 2253 3839 de
2262 3808 2331 3841 Cas-

1277 3842 1357 3879 telle,
1373 3842 1408 3871 de
1424 3841 1521 3877 Leon,
1537 3841 1569 3870 &
1584 3840 1620 3869 de
1634 3840 1782 3879 Portugal,
1825 3880 1829 3884 ³

1316 3879 1355 3910 Et
1368 3880 1442 3918 auffy
1456 3888 1510 3916 que
1525 3877 1557 3907 N
1560 3877 1781 3916 ous,Meffages
1795 3878 1903 3917 d'icelly
1919 3879 1985 3918 Roy
1994 3879 2031 3910 de
2046 3879 2184 3921 Castelle,
2193 3892 2230 3924 ny
2243 3894 2333 3917 avons

1324 3929 1329 3933 ⁴
1429 3927 1490 3946 VOH'

1279 3918 1548 3986 au<iugidli³toDugde
1564 3954 1713 3984 Lancastre
1727 3956 1759 3985 &
1775 3954 1798 3984 le
1813 3959 1913 3985 Counte
1925 3955 1956 3984 cle
1972 3955 2174 3997 Bathingham,
2192 3970 2231 3991 ou
2247 3961 2334 3993 Nom

1281 3995 1314 4024 &
1339 4005 1389 4033 pur
1409 3994 1433 4023 le
1455 3994 1496 4022 dit
1510 3992 1673 4023 Adverlaire
1685 3992 1893 4032 d'Engleterre,
1911 3994 1936 4023 se
1949 3994 2040 4025 feront
2055 3996 2134 4027 force
2156 4008 2243 4035 quant
2261 4011 2277 4031 a
2300 4011 2335 4031 ce

1281 4043 1353 4071 pour
1369 4033 1393 4062 le
1408 4032 1449 4061 dit
1464 4031 1529 4066 Roy
1545 4030 1579 4060 de
1594 4031 1735 4069 Navarre,
1949 4072 1954 4076 ῃ
2169 4076 2173 4080 .

1319 4072 1355 4102 Et
1377 4071 1480 4107 Nous,
1498 4069 1565 4100 Dux
1582 4068 1618 4099 de
1638 4069 1720 4108 Berry
1743 4069 1775 4100 &
1796 4069 1831 4099 de
1852 4069 2029 4110 Burgmgne,
2047 4080 2119 4104 nous
2139 4073 2237 4106 fatsons
2256 4075 2337 4105 force

1770 4107 1799 4138 Y
1820 4117 1838 4137 2
2268 4122 2339 4152 pour
