2561 4251
63 285 139 319 Arm>
152 284 193 316 D.

61 332 168 392 3527·

62 707 139 740 Ann.
155 705 197 738 D.

82 755 166 786 1397·

62 789 117 814 An.
134 795 178 813 21.

59 829 89 852 R.
124 833 151 850 2.

61 866 165 890 Franca.
172 871 182 888 ι
189 883 195 890 .

0 894 1 930 l
61 904 90 928 R.
108 910 134 927 2.

0 943 1 946 ’
62 947 98 968 m.
112 938 139 967 8.

62 1615 192 1648 AnnD.

82 1663 168 1696 Ι397·

60 1698 113 1723 An.
133 1704 178 1722 21.

60 1737 90 1761 R.
109 1742 136 1760 2.

61 1771 197 1808 Claufizr.

62 1813 93 1838 R.
116 1819 143 1838 2.

59 1855 84 1885 p.
100 1858 122 1877 ι.
135 1858 172 1876 m.

64 1894 90 1915 1.
189 1915 191 1917 .

60 1926 76 1942 ‘
90 1926 171 1955 v111.

61 1971 109 2000 30·

18 3933 19 3936 ,
79 3904 201 3942 Amo

78 3956 197 4016 ,42392712

78 4027 109 4052 R.
130 4034 157 4054 2.

76 4064 199 4093 franca:

75 4102 108 4128 R.
125 4110 153 4130 2.

79 4146 119 4173 ms
131 4144 164 4176 72*

207 4058 324 4103 ,hannis
332 4058 500 4099 Jerusalem,
515 4059 586 4090 infra
605 4057 742 4098 Regnum
764 4054 893 4087 nostrum

747 197 858 238 ET
942 198 1208 241 ACTA
1266 199 1740 252 PUwssticA.

259 285 301 316 Ita
315 292 410 317 tamen
425 285 504 324 quod
520 283 573 316 stet
586 283 684 315 Recito
699 285 730 314 in
743 282 831 315 Curia
847 284 963 322 nostra,
979 284 998 315 fi
1021 286 1081 323 quis
1101 284 1192 316 versus
1212 295 1278 316 eum

214 325 296 362 loqui
310 324 431 367 voluerit
446 324 481 354 de
495 322 663 362 Praemisfis,
680 323 724 354 seu
739 322 833 363 aliquo
848 322 1075 354 Praemissorum.

254 363 389 433 lnchstktgs
397 362 482 441 'Rffgce
495 400 569 440 apud
587 398 846 441 Wstmonasterium
855 423 864 440 ,
879 400 952 430 xxix.
964 400 1009 431 die
1024 399 1211 432 Novembris.

835 479 889 507 Per
903 476 985 516 ipfiem
998 479 1102 514 Regem.

345 597 395 650 De
417 614 523 661 Hqstis
544 615 737 651 traducendis
753 626 810 663 pro
833 618 910 663 Rege
934 616 1131 664 Portugalliae.

220 699 361 757 REX,
381 699 531 733 Univerfis
544 702 578 733 &
593 701 704 742 lingulis
717 702 896 740 Admirallis,
913 702 975 733 &c.
993 702 1125 733 Salutem.

305 739 491 784 *Su-pplicavit
503 741 618 780 Nobis,
638 741 755 772 dileetus
768 743 864 779 nobis,
884 741 1016 779 Garnad,
1029 740 1180 779 Nuncius,
1190 741 1275 771 Con·

215 776 360 819 sanguinei
377 778 483 818 nostri,
500 782 578 817 Regis
592 780 774 818 Portugaliae,
795 789 825 811 ut
839 781 864 810 ei
881 779 1040 810 Licentiam
1052 779 1209 811 concedere
1225 790 1275 810 ve-

214 814 298 846 limus
308 817 389 855 quod
402 817 460 855 ipse
475 819 557 857 Qin
577 826 653 849 entas
666 818 768 849 Hastas
782 818 958 849 Lancearum
975 827 1070 848 emere
1085 819 1118 849 &
1139 819 1274 856 provide-

214 863 262 891 re,
281 855 316 886 &
329 864 390 894 eaS,
408 857 437 888 in
453 867 536 896 portu
581 858 682 889 ivitatis
697 857 800 888 nostrae
817 857 997 894 Londoniae,
1015 857 1045 886 in
1060 856 1194 887 Navibus
1213 867 1275 887 car-

214 900 293 931 care,
313 893 347 924 &
358 904 418 933 eas,
437 897 475 927 fic
486 904 624 935 carcatas,
641 895 732 927 versus
750 903 841 934 partes
849 894 1037 934 Portugaliae,
1053 904 1130 926 extra
1137 895 1274 936 Regnum

214 931 346 963 nostrum
360 932 488 973 Angliae,
505 935 610 968 ducere
644 934 726 973 offit,

248 968 335 1009 Nos,
349 970 542 1011 supplicationi
555 943 700 1011 praeclletae
720 981 889 1010 annuentes,
908 971 1071 1003 Licentiam
1089 971 1167 1003 illam
1178 995 1188 1011 ,
1207 971 1273 1003 Te-

212 1016 283 1038 nore
297 1008 482 1041 Praesentium
491 1032 501 1048 ,
518 1010 649 1042 duximus
662 1010 907 1048 Concedendam3

250 1045 289 1076 Et
303 1048 370 1078 ideo
386 1049 470 1079 vobis
484 1048 656 1080 Mandamus
668 1050 748 1089 quod
763 1050 853 1090 ipsum
874 1048 991 1080 Garnad
1009 1049 1097 1080 dietas
1118 1049 1275 1088 Quingen-

213 1091 253 1128 tas
266 1083 367 1130 Hai’tas
382 1085 562 1118 Lancearum
574 1098 670 1119 emere
683 1089 718 1119 δε
732 1089 896 1127 providere,
915 1089 949 1118 &
962 1098 1024 1126 eas,
1043 1089 1072 1118 in
1088 1088 1177 1119 Portu
1197 1098 1272 1128 prae-

213 1122 312 1166 dieto,
331 1134 362 1154 in
376 1124 512 1157 Navibus
527 1124 667 1165 Carcare,
684 1127 719 1158 &
733 1137 776 1158 eas
800 1127 836 1157 fic
849 1135 984 1158 carcatas.
1005 1126 1097 1157 versus
1109 1136 1275 1166 partesprae—

213 1158 304 1207 dictas
321 1162 425 1207 (solutis
446 1166 521 1202 prius
541 1165 689 1196 custumis
704 1188 715 1205 ,
738 1150 889 1204 Subfidiis,
905 1166 939 1197 &
958 1165 1017 1196 aliis
1039 1164 1173 1197 Deveriis
1193 1166 1275 1196 nobis

212 1198 280 1229 inde
293 1198 404 1245 debitis)
418 1203 523 1234 ducere
536 1204 571 1236 δε
587 1205 689 1236 cariare
703 1205 878 1243 permittatis.

252 1235 287 1269 In
300 1248 394 1278 quuS,
411 1241 473 1272 ὅτε.

284 1277 375 1310 Teste
390 1278 474 1321 Rege
489 1279 562 1321 apud
579 1279 856 1322 westmonasterium,
875 1281 991 1321 Qarto
1002 1281 1048 1312 die
1062 1280 1245 1313 Decembris.

664 1361 720 1390 Per
730 1361 823 1390 Breve
835 1358 868 1390 de
879 1360 998 1390 Privato
1018 1357 1119 1397 Sigillo.

217 1433 234 1440 ι

218 1482 277 1515 Pro
297 1481 450 1516 Altanum
472 1496 533 1530 que
547 1483 617 1530 fuit
648 1484 738 1577 Uxss
758 1482 876 1518 ‘Thema
911 1494 1005 1530 nuper
1033 1485 1130 1517 Ducis
1155 1482 1279 1515 Glauce-

735 1545 793 1566 rzae.

217 1615 358 1673 REX,
376 1617 483 1648 dilecto
502 1618 570 1656 fibi,
588 1617 720 1648 Clementi
735 1620 824 1656 spice,
842 1617 985 1649 Escaetori
1006 1616 1057 1649 suo
1077 1617 1109 1648 in
1124 1614 1278 1647 Comitan-

291 1657 342 1686 bus
355 1655 478 1687 Essexiae
491 1657 526 1688 ὃς
542 1655 720 1688 Hertfordiae
728 1678 739 1695 ,
758 1656 894 1688 Salutem.

253 1693 336 1725 Licet
350 1703 456 1734 nuper,
590 1718 593 1720 -
709 1717 711 1719 -
789 1721 791 1725 .

254 1731 333 1764 Dato
344 1734 427 1764 nobis
446 1732 532 1764 intelli
553 1733 561 1764 i
582 1732 664 1771 quod
682 1732 798 1764 Thomas
834 1743 872 1764 nu
893 1743 923 1763 er
946 1735 1016 1763 Dux
1035 1731 1221 1772 (nomem-ire,
1237 1729 1277 1760 A—

214 1772 353 1802 vunculus
367 1771 464 1803 noster
479 1771 528 1802 De
542 1772 660 1810 unctus,
679 1773 785 1803 diversa
798 1743 941 1810 Praeliita,
957 1782 991 1803 ac
1008 1771 1072 1803 alias
1086 1771 1275 1814 Pecuniarum

216 1807 350 1854 Summas
370 1810 407 1841 de
429 1810 544 1854 Nobis,
559 1810 673 1843 diverlis
693 1810 823 1849 vicibus,
846 1812 971 1849 recepit,
993 1811 1069 1843 unde
1091 1812 1123 1841 in
1143 1807 1211 1841 Vita
1230 1808 1276 1838 sua

215 1851 338 1880 minime
353 1857 546 1889 computavu,

251 1886 306 1917 Per
327 1887 418 1919 Breve
437 1886 568 1919 nostrum
587 1887 639 1919 tibi
660 1887 881 1926 Praeceperimus
905 1886 986 1926 quod
1002 1885 1127 1918 universa
1143 1884 1223 1916 Bona
1240 1884 1274 1915 ὃς

214 1923 342 1965 catalla,
357 1936 423 1966 quae
436 1926 548 1958 fuerunt
562 1925 689 1966 praediffi
701 1936 791 1967 nuper
804 1926 912 1963 Ducis,
928 1927 958 1956 in
980 1924 1085 1956 Balliva
1097 1925 1116 1945 *²
1132 1933 1194 1962 tua,
1211 1924 1274 1953 ubi-

212 1973 339 2004 cumque
351 1965 384 1996 &
393 1966 422 1996 in
435 1974 682 2005 quorumcumque
689 1965 832 1999 ‚Manibus
845 1965 879 1996 &
892 1963 1067 1995 Poffeffione
1078 1963 1195 1994 inveniri
1208 1962 1273 2002 pos-

211 2002 288 2042 sent,
303 2004 334 2033 in
349 2013 446 2034 manus
467 2003 572 2034 nostras
587 2005 652 2043 capi
670 2004 706 2035 &
720 2003 822 2042 seisiri,
838 2004 871 2035 &
888 2013 921 2033 ea
940 2002 1017 2034 salvo
1036 2003 1069 2033 δε
1085 2002 1195 2039 ἱέευτε,
1212 2001 1273 2032 abs-

212 2051 271 2080 que
292 2042 483 2081 Disfipatione
503 2041 549 2072 seu
570 2041 760 2081 Elongatione
783 2041 970 2080 eorumdem,
994 2041 1129 2073 custodiri
1149 2040 1272 2079 faceres,

210 2081 360 2121 quousque
372 2081 446 2113 aliud
459 2091 474 2112 a
488 2080 587 2111 Nobis
600 2081 667 2112 inde
681 2081 797 2112 haberes
811 2082 842 2111 in
855 2079 1016 2117 Mandatis,

251 2119 297 2150 Ac
315 2119 521 2159 postmodum,
537 2129 587 2159 per
608 2120 684 2151 aliud
707 2119 796 2151 Breve
816 2118 964 2156 nostrum,
979 2118 1033 2149 tibi
1049 2115 1274 2156 Praeceperimus

210 2158 295 2197 quod
307 2161 405 2190 omnia
421 2159 499 2190 Bona
510 2160 545 2191 &
558 2157 664 2189 Catalla
676 2158 810 2197 praediua
843 2167 893 2196 per
908 2165 937 2188 te
949 2157 987 2188 fic
1002 2165 1098 2196 capta,
1113 2156 1147 2187 δι
1162 2157 1193 2186 in
1206 2155 1274 2186 Ma-

210 2206 283 2228 num
296 2197 421 2228 nostram
434 2198 532 2236 seifita,
549 2196 736 2228 Thesaurario
750 2197 784 2228 &
799 2180 964 2227 Camerario
975 2195 1092 2234 nostris,
1111 2205 1161 2233 per
1168 2193 1274 2225 Inden-

211 2244 301 2275 turas‚
318 2236 385 2267 inde
397 2238 470 2267 inter
484 2246 536 2266 vos
547 2236 643 2267 debite
654 2234 843 2267 conficiendas
859 2235 1069 2273 (Quantitatem
1089 2233 1122 2264 ὃς
1143 2233 1273 2273 Qualita-

211 2282 273 2306 tem
295 2274 444 2306 Bonorum
465 2275 499 2306 &
518 2273 693 2313 Catallorum
714 2273 891 2312 hujusmodi,
908 2283 942 2304 ac
964 2272 1093 2304 Pretium
1112 2273 1146 2304 &
1173 2281 1274 2303 verum

210 2312 349 2346 Valorem
363 2314 533 2346 eorumdem
545 2313 702 2345 secundum
721 2312 962 2351 aestimationem,
979 2311 1166 2350 testificantes)
1187 2310 1274 2342 Libe-

212 2362 286 2384 rates

252 2376 341 2423 Subse
363 2400 516 2432 uenterque
530 2401 579 2431 per
610 2390 734 2422 uandam
747 2388 991 2427 Commiffionem
1012 2387 1158 2428 nostram,
1175 2388 1275 2420 tibiae

211 2429 270 2461 aliis
284 2402 412 2462 Persbnis
424 2431 578 2469 directam,
625 2429 838 2468 {signaverimus
857 2438 885 2460 te
903 2429 939 2459 ad
957 2429 1054 2459 omnia
1069 2427 1158 2472 Bona·
1168 2429 1202 2459 &
1219 2425 1276 2471 C}-

213 2467 257 2507 la,
275 2479 340 2508 quae
354 2471 466 2501 fuerunt
479 2469 712 2508 praediCtiwnuper
729 2467 846 2507 Duch,
855 2466 984 2498 Decimo
998 2466 1117 2497 octavo
1130 2466 1177 2497 die
1191 2464 1276 2510 Juln,

214 2510 349 2548 proximo
363 2510 506 2547 praeterito
524 2509 559 2540 &
571 2507 686 2547 postea,
705 2507 739 2538 &
753 2516 818 2547 quae
828 2529 838 2546 ,
855 2507 963 2537 ratione
979 2505 1102 2543 Judicii,
1119 2504 1211 2535 versus
1230 2514 1276 2542 ip-

216 2546 277 2577 sum
292 2557 381 2587 nuper
394 2547 533 2586 Ducem,
549 2548 579 2577 in
594 2547 697 2578 ultimo
715 2545 908 2577 Parliamento
930 2544 1044 2583 nostro,
1061 2543 1277 2581 redditi5f0ris-

212 2585 287 2616 faeta
302 2586 440 2625 existunt,
457 2587 487 2616 in
503 2584 770 2616 Manum-nostram
783 2584 865 2615 seifiri
878 2583 1056 2621 faciendum,
1074 2584 1108 2614 &
1120 2581 1216 2613 Nobis
1233 2583 1276 2612 in-

215 2623 254 2655 de
267 2623 302 2655 ad
314 2624 496 2656 scaccarium
509 2624 639 2654 nostrum
652 2623 878 2661 respondendum
886 2645 896 2660 ,

256 2661 398 2693 Volumus
411 2671 507 2694 tamen
519 2664 553 2694 &
566 2672 600 2693 ex
614 2661 714 2693 favore
729 2663 806 2701 regio
818 2659 1015 2691 Concedimus
1027 2660 1106 2700 quod
1121 2658 1279 2697 Alianora,

217 2710 283 2738 quae
297 2701 349 2732 fuit
362 2704 439 2732 Uxor
447 2700 565 2740 praefati
575 2709 657 2740 nuper
669 2703 771 2737 Ducis,
786 2700 886 2731 habeat
900 2699 1113 2730 Liberationern
1134 2706 1277 2729 certorum

219 2739 370 2770 Bonorum
389 2741 423 2781 ‚&
447 2739 640 2777 Catallorum,
662 2739 713 2769 fibi
735 2738 970 2776 necessariorum,
994 2737 1081 2775 usque
1098 2736 1133 2767 ad
1152 2736 1278 2767 valorem

219 2777 350 2809 Centum
363 2778 396 2809 &
413 2778 623 2817 Qaterviginti
638 2777 808 2816 Librarum,
826 2777 860 2807 &
875 2776 993 2807 Decem
1013 2777 1047 2807 &
1062 2775 1145 2806 octo
1166 2774 1279 2806 Solido-

218 2826 303 2855 rum,
320 2815 357 2847 de
369 2816 454 2847 Bonis
467 2817 500 2847 δε
513 2815 626 2847 Catallis
638 2815 794 2854 praedietis,
813 2816 842 2845 in
859 2823 979 2845 manum
994 2814 1118 2845 nostram
1132 2814 1170 2844 fic
1187 2813 1279 2844 seisitis

219 2859 355 2895 (quorum
369 2853 493 2887 Parcella
506 2855 537 2885 in
551 2854 678 2885 custodia
693 2863 740 2884 tua
754 2854 845 2884 adhuc
864 2856 1001 2887 remanet)
1016 2862 1070 2893 pro
1091 2852 1222 2883 Denariis
1234 2853 1278 2890 ip-

219 2895 272 2924 sius
292 2893 455 2932 Alianorae,
479 2894 508 2924 in
528 2893 581 2924 hac
604 2901 697 2933 parte,
711 2894 788 2931 juxta
807 2892 1052 2930 Appretiationem
1073 2890 1221 2922 Bonorum
1243 2891 1277 2921 &

219 2930 396 2963 Catallorum
409 2931 569 2970 hujusmodi
582 2932 648 2963 inde
667 2931 789 2970 fastam,
807 2931 924 2969 Nobis,
942 2930 976 2961 ad
998 2939 1091 2961 certos
1103 2930 1276 2967 TerminOS,

218 2970 371 3040 integ-Nos
386 2971 420 3002 &
441 2970 606 3009 praedifflum
627 2970 793 3002 Alianoram
814 2968 1018 3008 concordares,
1035 2969 1152 3000 fideliter
1174 2967 1277 3007 persol-

257 3019 276 3039 n
298 3019 319 3039 is

218 3019 296 3079 veEt
309 3032 376 3078 ideo
389 3048 441 3079 tibi
454 3046 654 3087 Praecipimus,
673 3046 790 3077 firmiter
799 3046 991 3085 injungentes,
1027 3043 1087 3076 uod
1100 3044 1192 3076 eidem
1202 3044 1278 3076 Alia-

217 3096 315 3124 norae,
329 3095 376 3117 aut
390 3088 446 3123 eius
459 3087 489 3117 in
503 3086 557 3116 hac
570 3094 648 3123 parte
666 3085 832 3122 Attornato,
851 3083 930 3115 Bona
950 3085 984 3115 &
1030 3084 1123 3121 aralla,
1141 3084 1177 3115 ad
1198 3084 1277 3115 valo-

218 3134 280 3155 rem
295 3125 485 3163 praedidtum,
502 3124 538 3155 de
551 3124 628 3156 dieta
643 3123 767 3155 Parcella
788 3123 947 3161 hujusmodi
962 3122 1110 3154 Bonorum
1127 3123 1161 3154 &
1180 3121 1277 3153 Catal-

218 3163 329 3201 lorum,
343 3164 373 3193 in
384 3163 514 3194 custodia
528 3163 576 3194 tua
590 3163 629 3194 fic
648 3163 873 3201 remanentium,
888 3171 938 3199 per
959 3161 1123 3192 Indenturas
1141 3161 1278 3200 (Qanti-

220 3210 309 3233 tatem
322 3203 356 3234 δε
372 3201 546 3240 Qualitatem
558 3201 705 3232 dictorum
725 3201 873 3233 Bonorum
893 3200 927 3231 &
949 3200 1128 3231 Catallorum
1150 3200 1187 3230 fic
1208 3200 1280 3230 libe-

221 3241 392 3278 randorum,
409 3249 443 3270 ac
456 3239 583 3270 Pretium
604 3241 638 3270 δε
659 3249 760 3270 verum
779 3240 906 3270 valorem
927 3239 1112 3277 eorumdem,
1129 3238 1279 3269 testifican-

219 3283 273 3314 tes)
289 3278 355 3309 inde
375 3279 447 3309 inter
466 3287 494 3308 te
514 3278 548 3308 &
567 3277 713 3314 praefatam
739 3278 901 3308 Alianoram
926 3277 1051 3308 similiter
1072 3277 1280 3317 conficiendas,

219 3319 296 3357 juxta
310 3317 561 3386 {pgreciationem
576 3314 741 3353 praedictam
749 3338 759 3355 ,
774 3316 830 3347 fine
842 3315 975 3346 dilatione
988 3325 1036 3347 aut
1049 3315 1216 3347 difficultate
1231 3317 1280 3347 ali-

242 3367 277 3387 ua
342 3366 350 3385 1
371 3365 444 3392 eres,

221 3367 242 3397 q
260 3379 404 3425 v’olumus
418 3393 499 3424 enim
513 3391 563 3422 Te
575 3390 611 3422 de
624 3390 726 3423 eisdem
749 3391 835 3423 Bonis
856 3392 890 3424 δε
908 3390 1039 3431 catallis,
1057 3392 1095 3424 fic
1116 3391 1279 3431 liberandis,

222 3443 252 3464 er
273 3443 288 3463 a
300 3432 369 3463 Nos
383 3431 535 3462 exonerari.

291 3469 348 3503 este
361 3470 444 3510 Rege
456 3469 530 3508 apud
542 3467 817 3510 westmonasterium,
834 3468 917 3500 xxxiii
931 3468 977 3500 die
990 3468 1172 3500 Decembris.

876 3547 931 3577 Per
946 3544 1028 3586 ipsimi
1042 3549 1150 3585 Regem.

260 3624 398 3666 Consimile
412 3627 505 3656 Breve
520 3624 645 3662 dirigitur
658 3623 808 3656 Richardo
818 3623 1012 3663 Whityngton
1020 3646 1032 3663 ,
1050 3624 1156 3664 Majori
1168 3625 1281 3653 Civita-

223 3669 262 3697 ris
277 3665 443 3703 Londoniae,
458 3663 498 3699 &
510 3663 649 3704 Escaetori
654 3663 705 3703 fico
718 3666 750 3694 in
761 3664 854 3694 eadem
867 3666 1000 3693 civitate.

223 3812 283 3844 Pro
304 3788 534 3844 Priore'Sanrzi
557 3806 710 3859 Johannis
740 3805 918 3854 Jerusalem
946 3809 978 3839 in
1013 3807 1131 3854 Anglia
1163 3805 1200 3841 de
1222 3810 1279 3842 Li-

592 3860 689 3890 centia
708 3853 899 3902 transeundi.

205 3929 343 4001 'REX
363 3943 524 3983 Omnibus,
547 3942 582 3975 ad
595 3950 682 3982 quos,
699 3941 762 3973 &a
781 3939 916 3972 saiutem.

316 3981 413 4014 Sciatis
423 3983 507 4021 'quod
519 3980 739 4019 concessimus,
756 3979 791 4011 δε
812 3978 972 4010 Licentiam
986 3978 1145 4018 Dedimus,
1161 3979 1279 4012 Diledto

225 4019 308 4051 nobis
326 4022 357 4051 in
375 4018 509 4061 Christo,
529 4018 650 4052 Wltero
670 4018 812 4056 Grendon,
829 4017 922 4048 Priori
916 4016 1212 4134 Αξέῗξίξεξῧὸὲαῗῇἐ
1220 4019 1280 4096 ’,1ἳᾶ

223 4094 342 4138 Propria
359 4096 481 4130 Persona
493 4097 557 4136 sua,
573 4096 665 4130 versus
682 4095 827 4136 Hospitale
845 4093 943 4127 Sanni
980 4094 1098 4128 ohannis
1111 4093 1281 4134 Jerusalem,

2302 219 2375 258 141

1323 285 1353 314 in
1369 283 1458 316 Insula
1469 286 1504 316 de
1521 285 1655 324 Rhodes,
1675 286 1787 318 transire
1823 287 1856 318 &
1871 288 1977 319 ibidem
2000 291 2118 327 morari,
2134 300 2166 320 ac
2187 289 2224 319 Se
2242 298 2317 320 extra
2337 291 2377 321 di·
2395 288 2469 319 Ann.
2484 288 2513 319 D

1324 322 1404 353 otum
1421 323 1558 363 Regnum
1572 326 1781 368 nostrum,·per
1795 310 1868 355 ²Fres
1883 327 1981 357 Annos
1994 329 2136 365 integros,
2155 329 2287 365 proximo
2300 329 2376 359 futu-
2417 337 2427 356 1
2438 336 2469 364 351·
2479 336 2490 362 ξ’

1325 371 1388 398 ros,
1407 362 1545 406 absentare
1561 365 1659 402 polilt,
1676 365 1778 407 abique
1790 365 1998 401 perturbatione
2020 368 2063 396 vel
2079 365 2258 404 impetitione
2273 367 2358 396 nostri
2372 369 2439 406 ,Ra-2
2463 378 2469 392 ι

1322 398 1610 475 veLPfflchriczgrcucm,
1625 403 1669 433 vel
1685 401 1884 432 Ministrorurn
1900 404 2061 434 nostrorum
2076 414 2331 443 quorumcumque.

1317 512 1346 544 d·
1377 475 1481 544 DTeste
1492 463 1586 545 LRege
1611 478 1683 518 apud
1700 481 1851 509 Civitatem
1870 479 1902 509 de
1922 482 2074 518 Coventre,
2100 478 2245 511 Vicefimo
2265 479 2380 512 Oestavo

1338 524 1364 544 ie
1410 523 1490 546 ecem
1512 525 1558 545 ris.

1730 595 1784 623 Per
1802 594 1893 625 Breve
1912 594 1944 625 de
1962 596 2082 625 Privato
2100 594 2196 633 Sigillo.

1259 715 1264 721 ’
1316 711 1344 738 ²*
1361 716 1420 747 Pro
1445 717 1548 749 Priore
1569 717 1674 750 SanHi
1695 715 1850 763 Johannis
1872 716 2048 764 Jerusalem
2072 722 2103 750 in
2132 721 2247 766 Anglia
2269 723 2375 753 Lirerae
2392 720 2411 741 Ψ
2424 723 2505 752 VIH.

1728 765 1763 799 de
1786 766 1940 813 chmstu.
2392 769 2440 798 3¹-

1318 846 1403 902 RE
1414 847 1461 888 X,
1479 849 1634 893 ‘Univerfis
1655 848 1696 894 ὃς
1712 849 1828 891 Singulis
1847 851 1992 892 Regibus,
2010 849 2206 892 Principibus,
2223 849 2371 891 Ducibus,
2390 844 2464 876 Assn-
2482 845 2522 876 D·

1343 923 1353 933 Α
1395 887 1577 927 Comitibus,
1592 889 1767 928 Nobilibus,
1782 901 1815 921 ac
1827 890 1942 928 Populis
1957 891 2157 929 cujuscumque
2166 891 2276 929 Status,
2295 891 2371 921 Gra·
2415 886 2499 924 1398.

1318 925 1387 964 duS,
1407 925 1580 970 Dignitatis,
1596 927 1747 966 Nationis,
1763 928 1964 966 ConditioniS,
1979 927 2079 965 Ritus,
2097 929 2141 959 seu
2149 929 2242 959 Sestae
2257 931 2370 968 fuerint,
2392 927 2443 951 An.
2462 934 2508 954 2¹·

1335 973 1365 994 er
1387 966 1546 996 universum
1568 964 1681 996 Orbem
1702 966 1878 1006 constitutis,
1897 967 2044 1006 praesentes
2062 968 2169 998 Literas
2190 967 2371 1006 inspecturis,
2390 967 2418 990 R.
2438 971 2464 1005 ²:

1336 1002 1439 1033 alutem
1455 1005 1484 1033 in
1497 1005 1628 1034 omnium
1643 1004 1791 1035 Salvatore.
2425 999 2487 1027 llud.

1354 1040 1573 1085 Univerfitatem
1586 1042 1708 1073 vestram
1724 1043 1912 1081 multipliciter
1934 1043 2148 1080 honorabilem,
2167 1044 2199 1074 ὃ(
2221 1044 2374 1082 quemlibet

1315 1079 1442 1110 vestrum
1455 1089 1504 1120 per
1518 1080 1570 1119 Se,
1586 1081 1717 1111 attentius
1729 1084 1762 1113 ὃς
1779 1081 1920 1112 efficacius
1942 1092 2000 1120 quo
2022 1083 2168 1120 poffumus
2190 1081 2373 1121 Requirimus

1315 1118 1350 1148 ὃ(
1373 1117 1520 1158 Rogamus
1543 1121 1690 1157 quatinus,
1715 1120 1850 1151 dileetum
1875 1120 1973 1150 Nobis
2001 1123 2030 1151 in
2053 1119 2187 1157 Christo,
2219 1119 2369 1150 PValterum

1315 1157 1459 1195 Grena'on,
1479 1157 1606 1188 Priorem
1622 1157 1773 1195 Hospitalis
1787 1158 1882 1190 Sanffi
1898 1158 2036 1197 Johannis
2053 1159 2206 1197 jerusalem
2227 1159 2298 1190 infra
2313 1158 2373 1189 Re.

1315 1202 1405 1233 gnum
1421 1195 1548 1226 nostrum
1565 1197 1698 1234 Angliae,

1355 1232 1416 1272 Qi
1428 1234 1518 1265 versus
1530 1234 1676 1274 Hospitale
1690 1234 1785 1265 Sanffi
1795 1235 1934 1274 Johannis
1945 1232 2112 1274 Jerusalem,
2129 1236 2157 1266 in
2165 1234 2256 1266 Insula
2269 1235 2305 1266 de
2312 1234 2376 1266 Ro-

1315 1270 1364 1301 des
1373 1294 1382 1309 ,
1398 1281 1447 1309 per
1461 1273 1573 1311 aliquod
1586 1281 1695 1313 ternpus
1708 1284 1865 1304 moraturus
1874 1298 1884 1312 ,
1901 1276 1934 1305 &
1948 1274 2048 1304 exinde
2065 1274 2156 1304 versus
2169 1273 2309 1313 Regnum
2323 1284 2377 1305 noe

1318 1309 1407 1340 strum
1422 1311 1535 1350 Angliae
1547 1312 1720 1350 reversurus,
1737 1312 1830 1351 dirigit
1843 1312 1947 1351 gressus
1959 1313 2021 1342 suos
2034 1314 2063 1342 in
2079 1313 2222 1350 praesenti,

1355 1348 1434 1379 Cum
1449 1350 1538 1388 ipsum
1552 1359 1601 1389 per
1616 1349 1729 1388 Regna,
1748 1349 1903 1389 Domiuia,
1919 1350 2378 1389 Distrieius,Loca,Jurisdi5tio‹

1318 1396 1384 1430 nes?
1403 1386 1556 1419 Potestates
1589 1388 1634 1419 seu
1657 1389 1813 1420 Territoria
1833 1390 1940 1428 vestra,
1958 1389 2002 1419 seu
2016 1389 2129 1425 alicuius
2147 1387 2288 1426 vestrum,
2307 1399 2377 1419 cum

1320 1425 1531 1465 Qiinquaginta
1553 1411 1692 1465 Personis,
1751 1429 1928 1466 uinquaginta
1949 1425 2035 1466 Equis
2052 1429 2098 1458 vel
2118 1426 2319 1466 paucioribus,
2342 1428 2376 1457 &c

1319 1461 1451 1502 valesiis,
1470 1475 1502 1495 ac
1519 1466 1576 1496 aliis
1590 1465 1689 1496 Rebus
1705 1466 1739 1496 ὃς
1878 1467 1882 1471 ”

1319 1500 1363 1530 seu
1380 1502 1452 1532 inibi
1467 1505 1588 1542 morari,
1606 1504 1780 1542 contigerit,

1355 1537 1605 1580 Contemplatione
1620 1541 1733 1579 nostra,
1748 1543 1908 1581 propensius
1923 1541 2156 1573 recomendatum
2164 1541 2298 1571 babentes
2305 1551 2377 1572 eun-

1318 1576 1384 1618 dem
1401 1577 1550 1621 Priorem,
1567 1590 1634 1610 cum
1649 1580 1790 1619 Personis,
1809 1581 1834 1611 E
1856 1583 1895 1611 uis
1909 1583 1942 1612 &
1958 1581 2096 1618 Valesiiis,
2111 1590 2143 1610 ac
2156 1581 2211 1610 aliis
2223 1579 2323 1610 Rebus
2341 1581 2374 1610 &

1318 1615 1470 1647 Herneiiiis
1484 1617 1535 1648 suis
1556 1617 1713 1656 praedietis,
1728 1627 1759 1648 ut
1780 1629 1838 1656 prae
1860 1620 1948 1650 ierum
1966 1619 2025 1657 est,
2042 1618 2192 1656 Transire,
2206 1619 2323 1656 reverti,
2338 1629 2373 1648 ac

1317 1656 1419 1685 morari
1432 1655 1534 1694 libere,
1551 1666 1585 1686 ex
1606 1656 1699 1694 edite,
1717 1658 1751 1687 &
1766 1657 1868 1694 absque
1881 1657 2088 1694 impedimento
2107 1657 2150 1686 seu
2165 1658 2374 1694 perturbatione

1317 1702 1512 1762 quacumque,
1529 1704 1562 1725 ac
1601 1694 1730 1725 olutione
1753 1695 1865 1733 alicujus
1888 1694 1993 1733 Dacii,
2012 1694 2143 1732 Pedagii,
2161 1694 2307 1732 Gabellx,
2326 1694 2371 1724 seu

1350 1732 1434 1763 ributi
1467 1741 1513 1763 aut
1526 1733 1635 1763 alterius
1646 1732 1809 1763 Exaffionis
1822 1733 2042 1771 cujuscumque,
2061 1741 2175 1762 necnon
2188 1732 2287 1771 absque
2297 1733 2373 1770 Ape-

1317 1771 1419 1802 ritione
1472 1773 1640 1808 amicarum,
1658 1770 1718 1805 &a
1732 1778 1814 1809 prout
1827 1775 1856 1801 in
1858 1770 1994 1839 ¹ffmihbus
2008 1772 2040 1801 de
2055 1773 2093 1800 Re
2113 1769 2184 1809 aestu
2204 1773 2317 1800 thf2ris.

1354 1808 1387 1838 In
1403 1810 1480 1847 cujus
1495 1811 1533 1840 rei
1547 1809 1778 1847 Testimonium,
1796 1810 1843 1840 has
1884 1810 1960 1840 iteras
1979 1809 2084 1839 nostras
2124 1819 2228 1839 arentes
2248 1808 2322 1847 fieri,
2341 1810 2373 1840 ἓξ

1316 1846 1420 1886 Magni
1440 1847 1530 1885 Sigilli
1542 1848 1630 1879 nostri
1644 1848 1802 1878 munimine
1814 1848 1934 1878 fecimus
1948 1848 2117 1887 consignari.

1351 1885 1418 1916 Dat.
1435 1888 1508 1925 apud
1526 1886 1634 1927 lfVestm.
1656 1886 1793 1918 Secundo
1810 1887 1855 1918 die
1869 1886 2001 1926 januarii.

1790 1468 1897 1497 erneliis
1917 1466 1970 1496 suis
1991 1465 2233 1505 quibuscumque,
2250 1467 2379 1504 transire,

1338 2034 1386 2067 De
1408 2032 1610 2077 Transsatione
1632 2030 1851 2078 Archiepissopi
1875 2030 2092 2075 Cantuarietfis
2114 2034 2146 2064 in
2169 2030 2345 2080 Epistopum

1703 2082 1808 2114 Sanc‘li
1832 2080 1970 2115 Andreae.

1315 2166 1457 2223 REX,
1475 2166 1616 2198 Escaetori
1630 2166 1679 2199 suo
1691 2168 1722 2197 in
1738 2166 1888 2198 Comitatu
1903 2166 2035 2205 Kmdae,
2053 2166 2188 2198 Salutemss
2358 2177 2362 2183 ·
2392 2162 2469 2194 Ann.
2484 2163 2526 2195 D.

1412 2205 1494 2237 Cum
1516 2205 1662 2236 Dominus
1684 2205 1818 2237 Summus
1840 2206 1989 2244 Pontifex,
2015 2204 2142 2238 Ecclefia
2164 2205 2373 2246 Cantuarienfi,
2417 2202 2501 2242 1398·

1313 2250 1363 2281 per
1375 2244 1602 2275 Transsationem
1614 2244 1739 2283 Thomae,
1755 2254 1842 2284 nuper
1858 2243 2055 2314 Archiepigopi
2079 2244 2128 2275 loci
2147 2243 2236 2283 illius,
2254 2246 2282 2275 in
2303 2244 2373 2283 Epi*-
2392 2245 2444 2270 An.
2463 2251 2507 2270 21-

1319 2284 1439 2321 scopum
1453 2283 1550 2314 saneti
1564 2282 1703 2322 Andreae,
1723 2292 1857 2322 vacante,
1874 2283 1967 2314 eidem
2008 2283 2115 2314 eclesiae
2129 2283 2165 2314 de
2183 2283 2313 2322 persona,
2330 2283 2373 2313 dr·
2393 2284 2422 2307 R·
2442 2290 2468 2307 2·

1313 2322 1379 2353 lecti
1394 2321 1501 2353 Clerici
1516 2320 1620 2358 nostri,
1637 2323 1732 2359 Rogeri
1748 2321 1881 2359 Walden,
1898 2322 1929 2352 in
1951 2321 2115 2352 sacerdotio
2137 2321 2286 2353 constituti
2305 2331 2372 2360 pro·
2390 2321 2506 2346 Par-21·

1313 2360 1432 2399 viderit,
1449 2360 1596 2399 ipsumque
1610 2361 1639 2390 in
1653 2360 1906 2397 Archiepiscopum
1927 2361 1983 2391 loci
2004 2360 2075 2390 illius
2114 2359 2250 2390 raefecerit
2268 2361 2301 2391 &
2318 2360 2373 2390 Pa·
2391 2358 2444 2384 Ric.
2467 2367 2492 2383 2·

1314 2399 1438 2437 storem‚
1455 2400 1526 2429 ficut
1537 2408 1586 2437 per
1601 2398 1707 2429 Literas
1720 2398 1835 2429 Bullatas
1848 2397 1931 2436 ipsius
1945 2397 2070 2430 Domini
2105 2399 2196 2430 ummi
2209 2398 2374 2438 Pontificis„
2394 2402 2416 2432 P·
2437 2405 2462 2423 ²·
2474 2403 2511 2423 7⁷¹·

1314 2438 1414 2506 *Nabis
1426 2437 1493 2469 inde
1505 2436 1642 2476 directas,
1659 2438 1742 2468 nobis
1756 2437 1884 2475 constat,
2397 2443 2440 2469 ¹4=

1391 2486 1422 2507 os

1348 2513 1407 2545 Pro
1420 2499 1457 2546 ἕο
1489 2514 1549 2546 uod
1566 2514 1642 2546 idem
1654 2514 1903 2553 Archiepiscopus,
1923 2515 2059 2545 omnibus
2080 2516 2113 2547 δε
2125 2515 2239 2555 -fingulis
2254 2513 2372 2553 Verbis,

1314 2554 1396 2584 nobis
1410 2554 1444 2584 &
1486 2564 1586 2584 oronae
1602 2553 1704 2584 nostrae
1719 2553 1967 2592 praejudicialibus‚
1987 2555 2015 2583 in
2037 2553 2120 2584 dietis
2143 2554 2244 2584 Literis
2265 2553 2378 2583 Bullatis

1314 2593 1472 2630 contentis,
1491 2602 1590 2623 coram
1604 2593 1687 2622 nobis
1701 2591 1911 2630 Renunciavit,
1927 2592 1961 2622 &
1980 2591 2090 2623 Gratiae
2104 2593 2211 2624 nostrae
2230 2592 2374 2623 humiliter

1313 2630 1340 2662 se
1354 2630 1496 2669 submilit,
1513 2630 1640 2661 volentes
1655 2640 1722 2660 curn
1737 2640 1772 2660 eo
1786 2639 1866 2669 agere
1882 2631 2021 2668 gratiose,

1353 2668 1493 2706 Cepimus
1509 2669 1684 2700 Fidelitatern
1705 2669 1788 2706 ipfius
1807 2668 2039 2708 Archiepiscopi,
2058 2669 2091 2699 &
2113 2667 2299 2706 Temporalia
2315 2668 2373 2699 Ar-

1315 2706 1539 2747 chiepiscopatfis
1554 2708 1638 2745 illius,
1654 2708 1709 2737 una
1721 2716 1791 2738 curn
1804 2706 1950 2745 Exitibus‚
1968 2707 2035 2737 inde
2056 2717 2072 2736 a
2094 2714 2223 2746 tempore
2243 2706 2375 2738 Vacatio-

1316 2747 1358 2776 nis
1371 2745 1493 2784 ejusdem
1510 2746 1757 2783 provenientibus,
1775 2744 1961 2775 Restituimus
1975 2745 2083 2775 eidem:

1351 2784 1390 2815 Et
1405 2784 1472 2815 ideo
1487 2786 1539 2815 tibi
1553 2783 1740 2822 Praecipimus
1754 2783 1834 2822 quod
1850 2784 1943 2814 eidem
1951 2783 2175 2820 Archiepiscopo
2188 2781 2375 2820 Temporalia

1316 2823 1467 2861 praeditsta,
1485 2832 1552 2853 cum
1569 2822 1758 2860 pertinentiis,
1777 2823 1806 2851 in
1822 2821 1923 2852 Balliva
1936 2829 2000 2859 tua,
2019 2822 2073 2851 una
2085 2831 2153 2850 curn
2168 2820 2295 2851 Exitibus
2308 2821 2376 2853 inde

1316 2873 1333 2893 a
1347 2871 1406 2892 tem
1427 2871 1476 2891 ore
1489 2860 1626 2899 praedieto
1641 2861 1888 2898 provenientibus,
1904 2859 2001 2889 liberes
2014 2860 2043 2889 in
2057 2859 2150 2889 forma
2164 2859 2307 2897 praedic'ta.

1353 2871 1443 2932 Teilt'e
1455 2899 1535 2939 Rege
1548 2899 1621 2937 apud
1638 2901 1795 2930 Manerium
1807 2898 1838 2929 de
1853 2897 1995 2937 Haywod,
2012 2898 2055 2935 xxj
2071 2898 2117 2928 die
2127 2897 2259 2936 januarii.

1945 2974 1999 3004 Per
2017 2973 2099 3014 ipficm
2116 2976 2220 3012 Regem.

1317 3053 1483 3086 Confimilia
1501 3052 1598 3084 Brevia
1617 3052 1776 3091 diriguntur
1798 3049 1990 3083 Escaetoribus
2011 3049 2184 3090 subscriptis,
2201 3049 2252 3081 sub
2278 3049 2376 3085 eadem

1356 3094 1453 3131 Data,
1472 3093 1621 3130 videlicet,

1355 3168 1494 3210 Efiaetori
1507 3172 1603 3207 Regis,
1619 3171 1650 3198 in
1662 3171 1736 3198 Com.
1748 3169 1823 3197 Surr.
1838 3166 1875 3202 (ἔγ
1890 3163 1990 3206 Suffix.

1358 3209 1496 3248 Esc'aetori
1515 3210 1609 3246 Regis,
1625 3211 1655 3237 in
1668 3210 1741 3236 Com.
1755 3206 1846 3235 Mia'd.

1355 3250 1493 3287 Escaetori
1511 3249 1607 3284 Regis,
1622 3249 1651 3275 in
1666 3248 1739 3274 Com.
1756 3243 1824 3281 Suffi

1352 3285 1491 3325 Esbaetori
1505 3287 1600 3322 Regis,
1617 3287 1647 3313 in
1663 3287 1734 3313 Com.
1751 3280 1844 3322 Effex.
1860 3280 1898 3316 &
1913 3283 1995 3312 Hert.

1355 3324 1502 3356 Richardo
1515 3323 1692 3361 Wityngton
1701 3343 1711 3359 ,
1730 3323 1835 3359 Majori
1849 3323 1981 3351 Civitatis
1995 3321 2072 3357 Regis
2086 3320 2252 3356 Londom'ae,
2271 3314 2309 3353 ἀ
2318 3314 2374 3357 Es2

1398 3365 1495 3394 caetori
1502 3360 1554 3400 siro
1569 3365 1599 3391 in
1614 3360 1705 3390 eadem
1717 3362 1849 3389 civitate.

1352 3404 1489 3440 Escaetori
1507 3402 1603 3437 Regis,
1620 3403 1648 3429 in
1664 3401 1735 3428 Com.
1753 3397 1882 3427 Eborum.

1355 3440 1393 3472 Et
1408 3438 1578 3470 Mandatum
1591 3436 1633 3469 est
1648 3436 1790 3467 Militibus
1804 3436 1865 3467 &e

1456 3583 1484 3610 :k
1498 3587 1556 3618 Pro
1579 3585 1666 3618 Duce
1686 3579 1889 3627 Herefordiae‚
1914 3578 1951 3612 de
1973 3578 2201 3613 Pardonatione.
2392 3604 2412 3624 ,ι
2428 3607 2512 3637 vnn

1320 3669 1462 3730 REX,
1480 3668 1629 3701 Omnibus
1641 3667 1752 3699 Bauivis
1764 3666 1797 3698 &
1813 3665 1951 3697 Fidelibus
1971 3663 2040 3702 suis,
2055 3662 2089 3694 ad
2109 3673 2196 3703 quos,
2210 3663 2271 3693 sec.
2291 3663 2369 3694 Saiuss
2387 3654 2463 3712 gg„-
2481 3682 2522 3712 D,

1397 3719 1466 3740 tem.

1353 3748 1452 3780 Sciatis
1465 3745 1545 3784 quod
1564 3744 1612 3784 (de
1626 3742 1726 3774 Gratia
1739 3741 1833 3773 nostra
1848 3741 1968 3779 speciali)
1983 3740 2249 3771 PARDoNAwMUs
2267 3742 2368 3770 Henri-
2386 3721 2497 3787 2339}

1315 3798 1343 3817 co
1366 3789 1437 3818 Duci
1453 3783 1638 3823 Herefordiae,
1655 3782 1770 3813 Sectam
1785 3781 1865 3811 Pacis
1879 3779 1999 3817 nostrae,
2016 3789 2079 3818 quae
2092 3778 2126 3808 ad
2140 3777 2206 3821 Nos
2219 3779 2310 3809 versus
2323 3781 2366 3818 ip·
2385 3801 2406 3824 R
2433 3781 2450 3823 ’2
2497 3779 2504 3785 ⁰

1317 3827 1380 3857 sum
1401 3824 1537 3863 pertinet,
1562 3831 1615 3860 pro
1632 3820 1807 3852 omnimodis
1828 3818 2039 3849 proditionibus
2054 3840 2064 3856 ,
2090 3815 2227 3854 Felonns,
2245 3815 2366 3848 Insurre-
2387 3820 2434 3862 Pi„
2455 3818 2507 3861 ⁴2¹,

1317 3864 1472 3901 itionibus,
1488 3859 1732 3900 Mesprisionibus,
1751 3859 1783 3889 &
1805 3858 1863 3888 aliis
1883 3856 2045 3899 Malefae'tis
2064 3853 2228 3894 quibuscum
2250 3865 2300 3899 ue,
2318 3866 2367 3896 per
2386 3877 2406 3900 R
2438 3855 2451 3899 ὲ
2497 3855 2504 3863 ⁶

1316 3904 1325 3933 i
1346 3902 1406 3933 sum
1427 3900 1666 3939 qualitercumque
1689 3898 1766 3928 factis
1781 3919 1791 3934 ,
1816 3895 1872 3938 sive
1901 3901 2074 3933 perpetratis,
2098 3892 2175 3923 unde
2197 3891 2366 3937 Intiffftatus,
2381 3894 2504 3947 P--zsm,

1350 3941 1455 3971 celatus
1470 3961 1479 3977 ,
1511 3936 1714 3968 Occasionatus
1727 3958 1737 3973 ,
1768 3933 1933 3972 Impetitus,
1956 3933 2002 3962 vel
2022 3931 2182 3969 Appellatus
2200 3931 2310 3971 existit,
2332 3942 2364 3962 ac
2388 3957 2434 3983 ¹4„
2503 3943 2506 3945 Α

1317 3980 1402 4011 etiarn
1416 3977 1487 4008 Utla
1507 3976 1583 4013 ariis,
1600 3974 1620 4005 fi
1658 3984 1702 4004 uae
1715 3973 1745 4002 in
1759 3972 1865 4010 ipsum,
1881 3971 1933 4001 hiis
1951 3969 2161 4007 occasionibus,
2178 3968 2281 4001 fuerint
2300 3980 2367 4008 pro-

1319 4017 1467 4056 mulgatae,
1532 4012 1641 4044 firmam
1680 4020 1759 4042 acem
1774 4009 1897 4040 nostram
1911 4010 1937 4039 ei
1952 4008 2019 4039 inde
2033 4006 2244 4046 Concedimus;
2361 4046 2363 4048 v

1354 4055 1395 4085 lta
1409 4062 1502 4084 tamen
1516 4051 1593 4091 quod
1606 4050 1659 4081 stet
1671 4050 1768 4080 Recito
1788 4050 1816 4077 in
1833 4047 1920 4090 Curia
1940 4045 2052 4090 nostra,
2070 4046 2089 4075 fi
2109 4047 2171 4084 quis
2192 4047 2282 4079 versus
2300 4055 2370 4077 eum

1318 4093 1398 4132 loqui
1411 4091 1530 4124 voluerit
1544 4090 1580 4122 de
1593 4087 1758 4125 Pxaem1ffis‚
1774 4086 1818 4117 vel
1833 4085 1929 4125 aliquo
1941 4083 2164 4117 Pszzsmzfforum.

1797 4123 1849 4162 s3
2344 4104 2380 4158 {a
