2561 4251
715 179 819 221 ET
885 180 1158 222 ACTA
1223 179 1710 227 PUBLICA.

15 266 92 298 Anii.
101 262 143 296 D.
158 275 241 305 mus,
255 274 292 298 ac
303 265 387 296 etiarn
399 263 617 303 Promittirnus,
655 275 689 296 ro
696 265 814 304 Nobis,
830 265 1020 305 Haeredibus,
1037 266 1232 303 &Successo-

36 305 120 346 1383.
161 306 237 336 ribus
250 304 372 342 nostris,
389 301 440 333 sub
456 303 534 335 bona
547 302 622 343 fide,
666 305 787 336 raemiffa
800 308 898 336 omnia
911 307 945 337 ὃς
968 306 1225 351 ίῐηευίαιρεφεῐυὸ

18 346 70 377 λὶς.
88 355 104 372 2
159 344 297 381 Tenere,
317 352 378 373 non
396 342 589 374 contrafacere
613 343 658 374 vel
678 344 776 374 venire
796 354 846 383 per
869 344 959 382 Nos,
983 344 1028 375 vel
1050 345 1136 376 alium
1148 370 1158 386 ,
1183 349 1229 382 seu

160 384 244 420 alios,
263 381 303 412 set
316 391 347 412 ea
362 379 482 411 firmiter
495 381 529 412 δε
543 381 744 412 inviolabiliter
762 382 909 413 observare
925 406 934 422 ,
955 392 989 427 ac
1012 383 1032 413 si
1046 393 1077 413 ea
1090 394 1141 421 per
1156 386 1226 419 Nos

160 419 367 461 praesentialiter
381 420 414 450 &
428 419 605 456 personaliter
625 419 699 450 faita
712 444 722 457 ,
748 421 862 451 tractata
877 444 886 458 ,
911 420 1058 465 ordinata,
1083 423 1118 453 &
1138 427 1229 457 robo-

158 469 217 491 rata
235 458 348 490 fuissent
361 480 371 496 ,
388 468 423 488 ac
438 459 524 489 etiam
540 458 658 488 vinculo
674 458 824 496 juramenti
844 459 891 488 seu
905 461 1002 503 quayis
1015 460 1066 490 alia
1083 461 1229 496 Firmitate

160 498 275 535 fulcita,
290 498 376 528 etiam
391 496 410 526 si
425 496 584 535 expressatis
596 496 720 533 superius
733 497 888 539 nominatis
901 498 1018 528 fortiora
1040 499 1085 530 seu
1100 504 1228 540 graviora

163 535 297 574 existant,
315 535 360 566 vel
380 537 465 566 etiam
484 535 548 567 talia
568 543 634 573 quae
647 534 683 565 de
692 536 755 573 jure
770 536 828 566 live
839 535 1044 568 consuetudine
1055 538 1228 574 Mandatum

161 576 273 611 exigant
287 575 407 612 speciale
414 586 425 613 3
583 611 588 617 ‚
1167 619 1172 624 Ι

205 612 357 652 Qicquid
375 621 468 644 autem
491 621 542 650 per
560 610 654 642 dietos
674 610 874 643 Procuratores
889 612 1021 652 nostros,
1038 625 1085 647 aut
1099 617 1229 655 speciales

164 651 202 683 N
205 654 305 682 uncios
316 676 327 692 ‚
353 652 488 691 Qiatuor
501 673 512 689 ,
536 649 612 681 Tres
624 674 636 688 ,
657 651 692 682 &
715 651 801 682 Duos
814 662 915 694 eorum
931 654 941 690 (
964 663 1067 684 uorum
1080 657 1229 692 praefatum

166 691 315 721 Robertum
335 693 407 721 Roas
424 698 515 719 unum
535 688 595 720 esse
614 688 758 726 volumus)
781 690 925 728 Gestum,
972 692 1070 731 Cium,
1086 693 1228 726 Procura-

166 739 247 768 tum,
266 730 390 766 Initum,
409 726 814 766 Compositum,0rdinatum
830 730 931 768 fuerit,
947 731 992 761 seu
1007 733 1228 769 quomodolibet

167 769 378 806 Attemptatum
393 788 403 804 ,
427 765 626 798 Promittimus
650 766 759 798 Rarum
773 791 783 805 ,
807 767 932 799 Gratum
946 792 955 807 ,
980 770 1014 800 &
1035 770 1162 803 Firmum
1176 783 1228 804 nos

166 808 306 846 perpetuo
323 805 483 844 habituros,
502 815 535 836 ac
549 807 634 836 etiam
647 806 846 837 inviolabiliter
858 808 1018 846 observare,
1038 810 1088 840 sub
1095 810 1229 849 Ypothe-

168 856 201 876 ca
216 846 250 875 &
263 843 449 883 Obligatione
461 846 596 876 omnium
609 844 758 875 Bonorum
771 845 952 876 nostrorum:

206 883 317 914 Damus
331 883 458 921 instiper,
475 892 509 913 ex
524 883 714 920 habundanti,
732 883 837 914 eisdem
854 883 1089 918 Procuratoribus
1111 888 1229 928 nostris,

166 922 321 960 Qiatuor,
335 923 461 960 Tribus,
479 923 512 952 &
535 921 660 952 Duobus
677 932 779 952 eorum
801 923 939 961 (quorum
959 925 1109 962 praefatum
1126 927 1229 957 Rober-

166 968 227 990 tum
246 963 317 990 Rous
337 970 427 992 unum
447 959 505 990 esse
524 959 671 995 volumus)
687 961 798 998 plenam
811 971 843 992 ac
856 962 973 993 liberam
986 962 1178 1004 Potestatem,
1195 976 1229 997 ac

167 999 340 1030 Mandatum
360 998 477 1036 speciale
489 1022 499 1035 ,
524 996 726 1029 Renunciandi
742 1022 751 1037 ,
776 1010 829 1038 pro
847 999 964 1040 Nobis,
979 1001 1012 1032 δε
1027 1002 1162 1035 Nomine
1175 1015 1230 1036 no-

167 1037 228 1069 stro
237 1062 247 1077 ,
267 1037 421 1073 Privilegio
435 1035 561 1066 Minoris
577 1035 699 1075 AEtatis‚
718 1038 752 1068 δε
765 1039 900 1070 omnibus
914 1041 948 1071 ὃς
961 1040 1072 1077 singulis
1083 1043 1144 1073 tam
1155 1042 1230 1081 Juris

166 1079 255 1116 quam
272 1075 350 1107 Fasti
364 1075 526 1114 Remediis,
546 1075 683 1115 Auxiliis,
697 1076 938 1117 Exceptionibus‚
957 1079 1231 1114 &Cavelationibus

167 1115 398 1154 quibuscumque
409 1139 418 1153 ‚
441 1123 492 1154 per
509 1124 573 1152 quae
589 1124 688 1145 contra
707 1115 842 1147 TraCtata
853 1141 863 1154 ,
890 1116 1090 1157 Concordata,
1108 1120 1232 1161 Vallata,

168 1156 204 1186 ὃς
223 1153 388 1191 Approbata
411 1162 461 1191 per
480 1153 552 1191 ipsos
570 1151 772 1185 Procuratores
791 1156 825 1187 ὃς
849 1155 986 1187 Nuncios
999 1157 1128 1198 nostros,
1146 1159 1230 1199 Qa-

167 1201 251 1231 tuor,
269 1192 342 1223 Tres
354 1215 364 1231 ‚
388 1193 422 1224 &
444 1190 530 1222 Duos
549 1201 651 1222 eorum
675 1193 810 1230 (quorum
828 1194 976 1234 praefatum
999 1197 1146 1227 Robertum
1160 1202 1232 1228 Rous

165 1241 258 1262 unum
280 1230 338 1261 esse
352 1230 494 1267 volumus)
511 1231 655 1268 poffemus
669 1231 738 1262 Nos
747 1255 756 1270 ‚
774 1232 820 1264 seu
833 1232 947 1270 possent
962 1233 1098 1267 Haeredes
1112 1237 1145 1267 &
1159 1237 1233 1268 Suc-

165 1270 288 1300 cessores
312 1269 402 1300 nostri
417 1292 428 1308 ,
473 1268 674 1300 uomodolibet
693 1270 719 1300 se
737 1272 827 1310 tueri,
846 1272 880 1302 &
892 1272 1041 1311 specialiter
1051 1274 1114 1314 Juri
1126 1275 1233 1308 dicenti

166 1308 429 1339 Renunciationem
477 1307 616 1338 eneralem
630 1317 691 1338 non
703 1309 810 1340 valere:

207 1347 379 1377 Relevamus
390 1348 475 1378 etiam
490 1346 604 1376 eosdem
619 1345 820 1380 Procuratores
834 1349 947 1380 nostros
960 1374 970 1388 ,
988 1352 1017 1381 in
1033 1350 1185 1382 Praemiffis
1199 1354 1232 1384 &

167 1384 382 1416 Praemifforum
397 1385 510 1423 singulis
544 1385 578 1415 &
593 1386 622 1414 in
638 1384 707 1424 hiis,
723 1396 805 1425 quae,
822 1387 873 1418 sub
886 1388 961 1419 dieta
975 1389 1068 1419 forma
1084 1389 1233 1431 Mandati,

166 1423 273 1462 posfint
293 1423 428 1455 concludi
447 1407 634 1468 verilirniliter
646 1445 658 1462 ,
681 1424 728 1456 vel
751 1425 816 1457 alias
835 1427 1055 1465 quomodolibet
1073 1430 1234 1469 contineri,

168 1463 206 1493 ab
218 1464 302 1493 omni
318 1462 416 1493 Onere
427 1461 578 1493 satisdandi.

207 1538 278 1570 Dat.
296 1541 325 1570 in
339 1539 449 1570 Palatio
461 1538 560 1569 nostro
578 1540 627 1568 We
651 1550 719 1568 mon.
737 1539 789 1571 sub
804 1540 843 1572 M
877 1542 906 1572 ni
925 1542 1014 1581 Sigilli
1036 1544 1126 1576 nostri
1139 1545 1237 1576 Testi-

168 1579 288 1615 monio,
306 1577 408 1608 Primo
421 1578 469 1608 die
481 1577 591 1607 Mensis
635 1577 725 1616 prilis,
742 1578 830 1610 Anno
879 1582 970 1611 omini
983 1581 1237 1622 Milesimo,Tre-

168 1616 344 1655 centefimo,
361 1616 554 1655 octogesimo
567 1616 666 1654 tertio,
687 1616 774 1648 Anno
791 1621 863 1650 vero
878 1619 980 1658 Regni
992 1621 1083 1652 nostri
1095 1622 1192 1654 Sexto.

864 1698 918 1727 Per
932 1697 1014 1736 ipfiem
1028 1701 1132 1738 Regem.

179 1776 181 1779 ’
211 1769 314 1799 Eodem
329 1769 407 1799 modo
417 1768 612 1808 constituuntur
620 1772 763 1810 praedidli,
783 1771 938 1812 Episcopus
951 1799 961 1812 ,
979 1774 1125 1807 Robertus
1139 1776 1239 1817 Rous,

171 1807 308 1848 Magister
332 1808 519 1848 Reymundus
534 1832 544 1847 ‚
570 1808 608 1844 ὠ·
635 1811 729 1841 Frater
749 1810 894 1843 Robertus
915 1813 1058 1854 Waldeby
1071 1839 1081 1853 ,
1099 1819 1181 1854 Tres,
1199 1817 1238 1852 ὠ

172 1849 236 1876 Duo
258 1858 349 1876 eorum
367 1849 490 1887 (quorum
504 1847 640 1889 praefatus
654 1849 799 1880 Robertus
815 1850 898 1882 Rous
911 1852 947 1891 fit
962 1856 1040 1888 unus)
1053 1853 1094 1883 ad
1103 1856 1240 1886 Trablnn-

172 1885 235 1915 dum
249 1889 277 1914 in
283 1885 380 1924 forma
391 1886 536 1924 praedidffa.

157 1944 184 1999 ,Δ
209 1959 279 1991 Dat.
298 1962 430 2002 utsupra.

193 2021 199 2026 .
863 2008 917 2036 Per
930 2005 1012 2046 ipfitm
1023 2010 1127 2046 Regem.

286 2103 289 2105 -
330 2130 380 2162 De
397 2129 568 2163 Traffando
589 2143 656 2165 cum
673 2135 761 2166 Petro
778 2136 854 2181 Rege
871 2121 1085 2184 Arragonum·

176 2210 264 2275 RE
274 2212 307 2244 X
329 2213 495 2255 Omnibus,
510 2216 545 2247 ad
560 2227 651 2258 qum,
670 2219 731 2251 &c.
749 2218 884 2252 Salutem.

270 2252 368 2283 Sciatis
384 2255 464 2291 quod
477 2254 546 2286 Nos
551 2278 561 2294 ,,

214 2291 266 2323 De
278 2293 482 2330 circumspeeca
497 2294 640 2326 Fidelitate
655 2296 688 2327 &
703 2295 857 2336 Industria,
876 2297 1052 2332 Venerabilis
1064 2301 1169 2340 Patris,
1191 2302 1242 2339 Jo-

174 2329 275 2361 hanm's
297 2333 419 2360 Gutterii
438 2332 574 2371 Episcopi
597 2335 735 2372 Aquensis
779 2347 812 2368 ac
826 2360 836 2375 ,
856 2336 1041 2371 Dileetorum
1054 2342 1087 2372 ὃ(
1103 2340 1243 2371 Fidelium

175 2369 364 2409 nostrorum,
388 2370 500 2401 Roberti
520 2374 593 2402 Rous
615 2372 716 2404 Militis
751 2361 975 2415 Magistrorum,
992 2381 1145 2418 Raymundi
1160 2379 1242 2409 Guil-

173 2407 258 2438 lielmi
272 2407 485 2448 Decretorum,
503 2412 537 2441 &
552 2410 654 2441 Fratris
668 2397 780 2443 Rob'erti
792 2414 920 2454 Waldeby
939 2416 1034 2448 Sacrae
1045 2417 1222 2456 Theologiae
1232 2443 1243 2457 ,

177 2445 351 2515 Βοέὶοωὲἐ
357 2470 367 2486 ‚
383 2457 417 2479 ac
432 2447 544 2479 Geraldi
557 2449 589 2479 de
605 2453 705 2480 Meuia
719 2451 849 2484 Sacristae
863 2454 1000 2486 Ecclefiae
1014 2457 1170 2496 Aquenfis,
1184 2457 1245 2495 ple-

176 2486 242 2516 nius
255 2495 312 2516 con
352 2494 446 2525 entes,

182 2555 184 2557 .
210 2523 263 2555 De
280 2524 466 2557 Avisamento
479 2527 513 2558 ὅτ
528 2526 646 2558 Assensu
662 2527 790 2561 Concilii
802 2531 910 2571 nostri,

212 2562 309 2602 Ipsos,
327 2565 361 2595 &¹
378 2573 481 2596 eorum
503 2567 660 2604 quemlibet
672 2591 682 2606 ,
707 2570 888 2607 conjunc‘tim
904 2594 914 2610 ,
939 2572 972 2602 ὃς
986 2571 1112 2612 divisim,
1129 2574 1246 2606 nostros

173 2612 258 2632 veros
272 2602 461 2642 &legitimos
475 2603 693 2644 Procuratores,
712 2606 913 2645 Negotiorum
928 2610 1067 2643 Gestores
1080 2635 1089 2650 ,
1107 2624 1140 2644 ac
1156 2613 1246 2644 Nun-

173 2640 386 2709 ‘iospspefffles
405 2641 580 2674 Ordinamus
594 2666 604 2682 ,
630 2643 770 2677 Creamus
782 2670 793 2685 ,
814 2647 963 2688 Facimus,
981 2650 1015 2681 δε
1031 2651 1241 2683 Constituimus

196 2688 224 2708 er
267 2689 304 2709 rae
315 2689 393 2711 entes
896 2696 899 2697 ⁷

174 2688 195 2717 P
213 2717 261 2747 Ad
274 2705 474 2750 Tracstan’dum
490 2721 523 2751 δε
537 2720 787 2755 Concordandum
801 2735 886 2764 cum,
906 2725 1073 2764 Magnifico
1088 2730 1122 2760 ὃς
1136 2728 1244 2759 Poten-

175 2761 205 2785 te
224 2754 358 2794 Principe
372 2781 381 2794 ,
407 2757 544 2790 Domino
558 2762 639 2790 Petro
655 2765 724 2799 Rege
737 2766 914 2800 Arragonum
929 2764 1046 2804 illustri,
1066 2767 1247 2805 Consangui-

175 2803 234 2823 neo
248 2793 348 2825 nostro
363 2796 524 2836 cariffimo,
542 2798 587 2829 seu
602 2801 660 2836 ejus
674 2801 702 2829 in
718 2801 769 2831 hac
786 2811 864 2839 parte
878 2803 1114 2836 procuratoribus
1129 2829 1138 2843 ,
1155 2806 1249 2836 Nun-

177 2833 244 2870 ciis,
263 2833 307 2863 seu
326 2833 476 2871 Deputatis
489 2859 499 2872 ,
527 2836 676 2873 plenariam
692 2838 866 2870 Potestatem
886 2843 927 2871 ob
943 2842 1002 2879 ipso
1018 2844 1102 2882 Rege
1117 2845 1246 2875 habenti-

182 2872 252 2908 bus,
269 2871 305 2902 de
319 2873 353 2904 &
368 2873 448 2910 super
463 2875 692 2914 quibuscumque
714 2877 874 2918 Amicitiis,
892 2880 1065 2921 Alligantiis‚
1084 2882 1248 2915 Confoede-

179 2910 353 2949 rationibus,
371 2913 405 2943 &
419 2914 524 2942 mutuis
539 2913 671 2953 Auxiliis,

220 2947 298 2978 Inter
309 2949 379 2980 Nos
391 2950 425 2981 δε
440 2950 578 2982 Haeredes
593 2953 721 2992 nostros,
739 2965 793 2995 pro
809 2955 927 2996 Nobis,
947 2957 1074 2997 Regius,
1087 2960 1187 2991 Terris
1196 2963 1248 3000 ,δε

179 2985 343 3028 Dominiis,
361 2998 394 3020 ac
418 2989 545 3020 Subditis
567 2991 601 3021 &
617 2991 741 3024 Vassallis
754 2994 854 3025 nostris
870 2996 1114 3036 quibuscumque,
1133 3010 1167 3030 ex
1181 3011 1251 3040 una,

179 3027 216 3056 &
234 3026 326 3064 ipsum
348 3026 480 3066 Regem,
500 3029 533 3059 &
549 3028 688 3061 Haeredes
702 3032 781 3070 suos,
801 3044 855 3071 pro
869 3035 923 3073 Se,
942 3034 1068 3075 Regnis,
1086 3037 1199 3078 Terris,
1217 3040 1250 3071 ὃς

180 3062 329 3095 Dominiis
349 3065 401 3096 suis
414 3091 424 3104 ,
449 3077 481 3097 ac
495 3077 597 3098 eorum
611 3069 735 3101 Subditis
749 3073 782 3102 &
798 3072 923 3103 Vassallis
939 3075 1185 3116 quibuscumque,
1204 3077 1252 3109 In-

179 3103 298 3171 ‹leztindis5
315 3105 348 3135 &
365 3104 593 3145 Contrahendis,
611 3110 805 3147 temporaliter
822 3112 867 3144 vel
887 3117 1024 3151 perpetuo
1040 3114 1176 3147 duraturis
1191 3141 1201 3155 ,
1218 3126 1252 3148 ex

207 3151 264 3171 arte
274 3152 290 3170 a
300 3150 372 3180 tera,

222 3178 355 3210 Necnon
382 3181 416 3212 ad
445 3181 688 3217 Concludendum
708 3210 718 3225 ,
745 3187 916 3220 Finiendum
931 3215 940 3228 ,
964 3192 998 3222 &
1023 3191 1253 3225 Terminandum

183 3217 321 3256 quosdam
338 3219 357 3237 ²*
374 3219 534 3258 Articulos,
554 3233 644 3261 nuper
657 3226 728 3255 inter
742 3226 855 3258 nostros
871 3229 904 3259 &
918 3230 999 3267 ipfius
1013 3231 1100 3271 Regis
1113 3232 1254 3264 Nuncios

183 3256 317 3286 tractatos
332 3280 341 3294 ‚
367 3258 402 3288 &
425 3268 475 3295 per
497 3260 611 3290 eosdem
632 3262 771 3294 Nuncios
795 3266 885 3302 (salvis
906 3268 1007 3299 nostris
1023 3271 1153 3308 &ipsius
1168 3272 1256 3312 Regis

183 3293 460 3334 Deliberationibus,
479 3297 709 3336 Approbationib

20 2215 100 2251 'Ann
113 2218 157 2251 D.

55 2259 140 2298 1383.

26 2302 80 2327 An.
99 2300 127 2326 6.

22 2340 53 2365 R.
75 2345 102 2366 2.

26 2375 142 2404 framis.

32 2415 105 2441 ΕΛ..
121 2422 159 2442 m.

34 2461 79 2479 10.

31 3222 48 3240 ⁸
64 3223 134 3251 VII.

35 3260 99 3298 389-
973 3308 978 3313 .

712 3312 741 3332 us
753 3325 763 3339 2
781 3304 815 3333 &
832 3304 1045 3344 Voluntatibus)
1061 3310 1256 3347 quodammo-

183 3334 224 3364 do
237 3334 442 3373 concordatos,
461 3345 530 3365 cum
544 3338 627 3368 certis
642 3346 736 3369 tamen
753 3341 1037 3385 ModificationibuS,
1056 3357 1123 3385 quas
1135 3350 1257 3387 praefatis

182 3371 219 3402 N
222 3373 312 3402 unciis
325 3373 426 3403 nostris
439 3373 559 3405 fecimus
568 3376 628 3413 jam
643 3379 766 3416 exponi,

222 3411 268 3441 Ac
282 3411 318 3441 ad
336 3411 463 3450 Omnia,
479 3413 518 3443 sic
531 3414 664 3453 traciam,
682 3417 833 3456 conclusa,
850 3418 896 3450 seu
911 3422 1156 3462 concordata,per
1173 3435 1255 3464 quas-

181 3457 310 3486 cumque
330 3448 528 3488 obligationes
540 3476 550 3489 ,
574 3452 776 3491 Stipulationes
789 3479 799 3495 ,
823 3466 857 3487 ac
876 3457 1112 3495 Juramentorum
1127 3465 1212 3495 etiam
1227 3467 1257 3496 in

183 3487 332 3555 igrg'ilijnarr:i
344 3488 470 3519 nostram
491 3489 688 3524 Praestationes
702 3518 711 3532 ,
733 3494 803 3526 Nos
822 3496 975 3534 specialiter
988 3522 998 3537 ,
1017 3501 1051 3530 δι’.
1067 3500 1253 3543 effe&ualiter

251 3535 257 3554 i
278 3536 313 3556 an
335 3535 404 3564 um,

222 3535 450 3604 ansimilesque
464 3565 679 3609 obligationes,
695 3571 912 3612 Stipulationes,
927 3574 1162 3613 Juramcntorum
1177 3579 1257 3613 Prae-

185 3601 319 3634 stationes
333 3604 370 3634 ab
384 3604 443 3642 ipso
460 3604 546 3642 Rege
562 3605 722 3639 Petendum
737 3612 770 3642 &
786 3612 1000 3650 Recipiendum
1010 3640 1020 3653 ,

224 3641 356 3673 Necnon
375 3643 410 3672 ad
431 3642 540 3674 Omnia
565 3645 616 3675 alia
637 3647 671 3677 δε
694 3648 798 3689 fingula
813 3651 958 3690 facienda,
977 3653 1140 3693 traetanda,
1158 3659 1257 3689 termi-

186 3681 279 3711 nanda
292 3683 325 3712 &
339 3681 553 3721 concludenda,
573 3694 637 3721 quae
648 3687 724 3716 circa
737 3690 880 3726 praemiss'a
895 3691 941 3722 vel
954 3701 1057 3723 eorum
1071 3694 1178 3733 aliqua,
1188 3706 1257 3727 cum

187 3718 240 3748 suis
255 3718 467 3759 IncidentibuS,
485 3720 705 3761 Emergentibus
720 3749 730 3762 ,
758 3726 991 3765 Dependentibus
1006 3755 1016 3768 ,
1035 3733 1069 3763 ὃς
1091 3731 1256 3774 Connexss,

188 3758 340 3789 neceffaria
354 3759 458 3790 fuerint
472 3761 516 3789 vel
534 3770 695 3800 oportuna,
713 3765 798 3794 etiam
815 3766 833 3796 li
843 3766 1017 3798 Mandatum
1032 3771 1142 3810 exigant
1154 3773 1257 3811 specia-

189 3793 231 3832 le,
250 3797 283 3826 &
299 3799 405 3836 majora
418 3798 521 3829 fuerint
533 3799 656 3836 superius
672 3803 847 3842 expressatis·⁷

228 3832 430 3867 promittentes
454 3847 508 3875 pro
531 3837 631 3868 Nobis
646 3862 655 3876 ,
679 3839 850 3872 Haeredibus
862 3844 896 3875 &
910 3844 1125 3878 Succefforibus
1138 3849 1257 3889 nostris,

188 3879 242 3910 uos
258 3871 368 3904 Rarum
383 3898 392 3913 ,
416 3875 548 3906 Firmum
564 3899 573 3915 ,
600 3878 634 3908 ὃ(
650 3876 775 3909 Gratum
789 3885 928 3919 perpetuo
946 3884 1090 3916 habituros
1105 3888 1256 3927 Qicquid

187 3917 237 3947 per
257 3909 349 3941 dictos
371 3913 509 3945 Nuncios
530 3914 734 3947 Procuratores
747 3918 874 3959 nostros,
892 3921 967 3952 Tres
981 3933 1027 3954 aut
1041 3923 1126 3956 Duos
1140 3937 1257 3958 eorum-

187 3947 257 3977 dem
281 3950 415 3986 (quorum
436 3954 583 3992 praefatum
606 3954 751 3985 Robertum
772 3960 844 3986 Rous
859 3969 949 3990 unum
970 3962 1027 3993 effe
1042 3962 1197 4003 Volumus)
1215 3966 1257 3996 A-

188 3985 290 4024 stum,
311 3986 453 4029 Gestum,
471 3991 671 4032 Conclusurn,
690 3994 736 4026 scu
752 3994 973 4029 Concordatum
987 4000 1071 4032 fuerit
1083 4003 1111 4032 in
1126 4002 1258 4036 Praemis-

189 4024 249 4092 ᾗεὲ
259 4026 292 4056 &
309 4026 438 4063 quolibet
453 4028 683 4071 Praemissorum,

253 4072 264 4093 t
278 4065 351 4102 hoc,
369 4065 419 4095 sub
435 4066 568 4104 Ypoteca
581 4072 615 4102 &
631 4071 819 4110 Obligatione
832 4076 966 4108 omnium
978 4077 1128 4111 Bonorum
1142 4081 1257 4114 nostro-

184 4110 267 4140 rum,
286 4101 485 4136 Promittimus
499 4116 548 4144 per
563 4108 727 4142 Praesenres.

2256 208 2331 246 151

1310 265 1379 297 Dat.
1398 267 1448 298 sub
1462 267 1566 309 Magni
1579 270 1666 311 Sigilli
1677 271 1767 303 nostri
1781 273 1968 308 Testimonio
1979 277 2054 315 apud
2069 275 2251 317 Westmonast.
2270 279 2332 309 Pri-
2354 279 2432 310 Ann.
2442 281 2482 312 D.

1271 314 1324 335 mo
1336 306 1382 335 die
1400 306 1517 345 Aprilis,
1534 309 1623 340 Anno
1637 310 1763 341 Domini
1776 311 1941 353 MHefimo,
1956 314 2185 348 Treicentesimo
2199 340 2210 356 ,
2235 316 2331 349 Oeto-
2369 319 2453 357 1383.

1270 343 1378 382 gesimo
1393 344 1423 375 T
1425 347 1515 384 ertio,
1533 348 1623 380 Anno
1637 352 1710 381 vero
1722 349 1822 389 Regni
1834 351 1923 382 nostri
1937 354 2032 385 Sexto.

2353 362 2406 386 Rcc.
2425 370 2454 387 2.

1960 432 2015 460 Per
2028 430 2112 470 ipfiem
2122 434 2229 470 Regem.

1428 546 1478 578 De
1495 547 1667 580 Traffando
1683 575 1694 591 ,
1718 561 1787 583 cum
1802 554 1913 586 Καναῖα
1928 556 2007 601 Rege
2023 555 2186 591 Navarrae.

1272 628 1402 685 REX
1426 628 1591 668 Omnibus,
1609 631 1644 662 ad
1659 643 1748 673 quos,
1766 636 1826 668 δίε.
1845 637 1979 670 Salutem.
2358 644 2486 678 Ann.D.

1355 668 1465 698 'Sciatis
1479 669 1560 706 quod
1573 668 1661 708 Nos,

1311 704 1362 735 De
1374 707 1581 744 circumspeeta
1595 708 1725 741 fidelitate
1738 712 1771 743 ὅτ
1785 711 1939 753 Industria,
1958 714 2131 748 Venerabilis
2150 717 2238 750 Patris
2249 743 2259 758 5
2276 720 2334 765 70-
2376 684 2461 723 1383.

1272 740 1293 770 h
2353 727 2406 750 Aa.
2425 727 2453 751 6.

1293 746 1374 773 annis
1394 746 1517 775 Gutterii
1537 745 1670 785 Episcopi
1693 750 1829 787 Aquenfis
1879 762 1930 789 ac,
1947 752 2130 787 Dilectorum
2145 758 2179 788 &
2192 758 2333 790 Fidelium
2355 766 2383 788 R.
2405 772 2431 789 2-

1272 781 1453 821 nostrorum,
1470 784 1582 813 Roberti
1593 787 1664 814 Rous
1681 786 1796 827 Militis,
1816 775 2038 832 Magistrorum,
2056 797 2207 834 Raymundi
2220 796 2335 827 Galliel-
2357 800 2470 827 Fran.6.

1272 823 1327 857 mi,
1346 819 1556 859 Decretorum,
1573 825 1608 854 &
1629 824 1730 855 Fratris
1750 827 1862 858 Roberti
1877 829 2008 871 Waldeby
2021 855 2031 870 ,
2049 832 2144 865 Sacrae
2157 834 2333 876 Theologiae
2356 844 2384 866 R.
2396 847 2465 867 2.m.

1272 856 1462 897 Doctorum,
1480 861 1590 897 plenius
1603 862 1793 903 confidentes,
2360 887 2405 913 10,

1377 896 1524 929 Consensu
1539 901 1572 931 ὃς
1588 900 1770 933 Aviiamento
1784 903 1913 936 Concilii
1925 907 2030 946 nostri,
2319 944 2323 946 r

1310 934 1402 974 Ipsos,
1421 936 1514 976 Tres,
1530 939 1564 968 &
1577 937 1662 970 Duos
1674 951 1775 971 eorum
1789 944 1926 981 (quorum
1942 947 2090 983 praefatum
2103 949 2249 980 Robertum
2263 953 2336 982 Roas

1273 983 1363 1004 unum
1379 975 1436 1006 effe
1448 977 1593 1015 volumus)
1610 977 1722 1009 nostros
1733 990 1816 1012 veros
1829 982 1862 1012 &
1877 982 2016 1023 legitimos
2031 985 2232 1019 Procuratores
2245 1013 2256 1028 ,
2271 990 2338 1021 Ne-

1274 1013 1424 1048 gotiorum
1447 1014 1574 1052 gestores
1588 1040 1598 1054 ,
1623 1027 1656 1047 ac
1681 1017 1818 1050 Nuncios
1831 1021 1960 1058 speciales
1974 1022 2165 1065 Ordinamus,
2182 1025 2338 1069 Creamus,

1274 1050 1424 1092 Facimus,
1442 1053 1476 1083 &
1490 1053 1697 1086 Censtituimus
1713 1067 1762 1094 per
1778 1057 1946 1099 Praesentes,

1311 1090 1359 1120 Ad
1378 1091 1576 1124 Tradiandum
1593 1116 1602 1132 ‚
1628 1095 1661 1125 &
1682 1094 1933 1129 Concordandum
1953 1109 2037 1140 cum,
2058 1100 2220 1142 Magnifico
2232 1105 2266 1136 δε
2278 1105 2338 1138 Po.-

1273 1137 1351 1160 tente
1373 1129 1506 1169 Principe
1518 1156 1528 1170 ,
1551 1131 1687 1164 Domino
1706 1135 1810 1165 Καναῖα
1832 1139 1902 1174 Rege
1917 1140 2062 1170 Navarrae
2075 1141 2188 1180 illustri,
2208 1141 2339 1174 Consan-

1275 1169 1382 1205 guineo
1402 1168 1500 1201 nostro
1522 1171 1663 1202 carissimo
1680 1195 1690 1211 ,
1715 1173 1761 1204 seu
1780 1175 1838 1212 ejus
1857 1177 1885 1205 in
1907 1176 1960 1207 hac
1980 1187 2056 1215 parte
2076 1179 2313 1213 Procuratoribus
2327 1206 2339 1221 2

1273 1205 1418 1246 Nunciis,
1435 1207 1481 1239 seu
1499 1208 1665 1249 Deputatis,
1684 1211 1838 1249 plenariam
1861 1213 2034 1247 Potestatem
2054 1218 2090 1247 ab
2104 1219 2163 1256 ipso
2183 1219 2267 1260 Rege
2285 1221 2339 1253 ‘ha-

1275 1245 1425 1285 bentibus,
1439 1245 1476 1277 de
1490 1248 1523 1279 ὃς
1535 1248 1615 1285 super
1628 1250 1852 1290 quibuscumque
1868 1253 2027 1294 Amicitiis,
2046 1256 2203 1295 Alligantiis
2216 1283 2227 1297 ,
2253 1257 2339 1291 Con-

1274 1283 1524 1325 foederationibus,
1541 1287 1575 1318 &
1591 1291 1695 1319 mutuis
1710 1289 1842 1329 Auxiliis,

1313 1322 1390 1353 Inter
1406 1323 1474 1354 Nos
1487 1326 1520 1356 &
1535 1324 1673 1357 Haeredes
1684 1328 1812 1367 nostros,
1830 1339 1883 1368 pro
1895 1330 2012 1371 Nobis,
2029 1332 2156 1374 Regnis,
2170 1336 2286 1375 Terris,
2306 1337 2343 1369 &

1276 1360 1439 1400 Dominiis,
1457 1373 1489 1393 ac
1504 1363 1642 1402 Subditis,
1660 1368 1693 1397 ὅ(
1709 1366 1833 1398 Vaffallis
1846 1369 1949 1400 nostris
1964 1371 2250 1413 quibuscumque,ex
2266 1376 2343 1415 una,

1276 1401 1310 1434 ,ὃς
1323 1401 1414 1438 ipsum
1430 1401 1563 1441 Regem,
1578 1405 1612 1436 &
1625 1403 1764 1436 Haeredes
1777 1407 1840 1438 suos
1853 1431 1864 1446 ,
1888 1418 1941 1446 pro
1955 1409 2009 1448 Se,
2029 1409 2153 1450 Regna,
2171 1413 2286 1451 Terris,
2304 1415 2341 1445 «Sc

1277 1437 1426 1470 Dominiis
1446 1439 1498 1471 suis
1512 1464 1522 1480 ,
1547 1452 1580 1472 ac
1602 1452 1704 1473 eorum
1725 1444 1850 1477 Subditis
1865 1469 1874 1484 ‚
1898 1447 1932 1478 &
1954 1447 2081 1480 Vaffallis
2096 1451 2342 1491 quibuscumque,

1277 1477 1406 1546 {imundgf
1418 1479 1678 1526 &Acontrahendiffi
1693 1484 1885 1522 temporaliter
1898 1486 1945 1518 vel
1972 1491 2110 1525 perpetuo
2133 1489 2286 1530 duraturis,
2306 1500 2342 1522 ex

1305 1524 1362 1546 arte
1404 1525 1462 1547 tera

1315 1554 1448 1586 Necnon
1467 1542 1546 1596 super
1565 1559 1701 1590 omnibus
1723 1559 1883 1599 Reprisaliis
1897 1585 1906 1600 ,
1925 1562 2048 1602 Arestis,
2066 1564 2203 1607 Debatis,
2222 1567 2341 1598 Dissen-

1279 1593 1420 1633 sionibus,
1436 1595 1668 1636 Quaestionibus,
1686 1597 1785 1637 Rixis,
1802 1601 1836 1630 &
1847 1599 2021 1639 Discordiis,
2039 1605 2110 1634 inter
2126 1604 2252 1644 Nos‚&
2268 1606 2344 1638 Sub-

1278 1632 1354 1663 ditos
1372 1632 1484 1664 nostros
1499 1657 1509 1673 ,
1535 1645 1567 1665 ac
1585 1635 1675 1673 ipsum
1690 1636 1806 1674 Regem
1819 1638 2006 1670 &Subditos
2016 1642 2095 1680 suos,
2113 1645 2198 1673 motis
2215 1646 2247 1675 ὃς
2265 1646 2345 1675 habi-

1281 1672 1315 1702 tis
1318 1694 1354 1740 N
1351 1681 1384 1702 ac
1399 1673 1490 1741 etiarrci³
1498 1672 1534 1703 de
1546 1674 1627 1743 plegia
1639 1674 1857 1744 {cefrtgrmnatioge
1866 1677 2114 1749 [sgrdReiiittfu'Ionte
2129 1683 2349 1752 eorumdffis'tri

1356 1720 1453 1741 ecnon
1492 1721 1508 1741 e
1532 1722 1583 1742 mo
1604 1723 1624 1743 0
1712 1724 1746 1744 or
1780 1725 1796 1744 a
1846 1725 1863 1745 u
1890 1726 1909 1746 o
1931 1726 1966 1746 1ae
1988 1728 2024 1748 ve
2078 1729 2085 1748 i
2109 1729 2238 1750 erationis

1282 1748 1316 1780 &
1326 1747 1410 1779 Villae
1420 1749 1457 1779 de
1470 1749 1656 1790 Chirburgh,
1674 1751 1774 1783 Nobis
1786 1763 1835 1791 per
1848 1754 1940 1791 ipsum
1952 1754 2068 1795 Regem
2082 1757 2224 1789 Navarrae
2241 1770 2350 1798 nuper,

1280 1788 1331 1818 sub
1344 1789 1427 1818 certis
1440 1787 1683 1829 Conditionibus,
1702 1790 1902 1822 Liberatorum
1952 1804 1985 1824 ac
2005 1795 2041 1826 de
2063 1795 2219 1828 Securitate
2232 1809 2350 1829 eorum-

1281 1826 1349 1896 ἔξω
1365 1849 1374 1865 ,
1399 1834 1485 1867 prout
1506 1827 1589 1859 dictis
1609 1828 1846 1861 Procuratoribus
1864 1817 1968 1863 nostris
1988 1833 2089 1864 melius
2103 1835 2246 1867 videbitur
2262 1846 2349 1876 expe-

1302 1874 1343 1895 ire

1318 1887 1427 1934 D⁹antes
1442 1905 1528 1936 etiam
1541 1905 1575 1936 &
1589 1904 1790 1938 Concedentes
1803 1907 2233 1949 eisdem,Epist:opo,Roberto
2248 1913 2354 1954 Roas,

1283 1941 1476 1982 Raymundo,
1494 1943 1527 1975 δε
1543 1944 1633 1974 Fratri
1647 1944 1799 1984 Roberto,
1817 1946 1942 1987 Tribus,
1960 1949 2127 1981 &Duobus
2141 1962 2243 1983 eorum
2263 1953 2351 1991 (quo-

1283 1990 1349 2011 rum
1365 1981 1515 2020 praefatum
1535 1982 1682 2013 Robertum
1694 1987 1765 2013 Rous
1778 1995 1868 2016 unum
1881 1986 1939 2017 effe
1958 1986 2112 2026 Volumus)
2131 1989 2304 2022 Potestatem
2314 1993 2350 2022 &

1284 2019 1492 2051 Auctoritatem
1512 2021 1641 2058 speciales
1656 2045 1666 2060 ,
1690 2033 1724 2053 ac
1746 2022 1919 2055 Mandatum
1940 2026 2068 2064 generale
2091 2028 2125 2058 &
2142 2028 2277 2067 speciale,
2295 2040 2350 2067 pro

1284 2057 1401 2096 Nobis,
1419 2057 1604 2098 Haeredibus,
1622 2060 1747 2100 Regnis,
1765 2061 1880 2100 Terris,
1898 2062 2062 2103 Dominiis,
2080 2065 2222 2105 Subditis,
2238 2068 2270 2097 &
2282 2067 2354 2099 Vas-

1284 2096 1353 2127 sallis
1369 2097 1470 2128 nostris
1483 2098 1728 2138 quibuscumque,
1746 2100 1890 2131 Praemiffii
1903 2103 2003 2134 omnia
2015 2104 2050 2136 &
2067 2104 2171 2144 singula
2184 2105 2352 2145 Tractandt

1285 2134 1511 2176 Concordandi,
1530 2137 1679 2176 Faciendi,
1695 2139 1728 2170 &
1743 2137 1937 2179 Expediendi,

1325 2173 1371 2206 Ac
1392 2174 1502 2206 Omnia
1512 2198 1523 2215 ,
1548 2176 1585 2206 sic
1600 2177 1716 2208 trastata
1727 2200 1737 2215 ,
1753 2178 1947 2218 concordata,
1967 2180 2000 2211 &
2012 2181 2154 2220 expedita,
2172 2182 2354 2221 quibuscum-

1286 2223 1350 2284 Vull
1366 2213 1595 2285 Odbligationibus
1617 2214 1651 2248 &
1673 2214 1805 2248 Vinculis
1819 2241 1830 2256 ,
1854 2217 1980 2249 honestis
1993 2220 2027 2250 &
2042 2222 2143 2260 licitis,
2160 2221 2307 2253 Firmandi
2320 2223 2355 2254 ὃς

1282 2287 1291 2290 γ
1316 2263 1331 2283 a
1352 2262 1388 2283 an
1421 2278 1431 2292 ,

1325 2290 1365 2322 Et
1385 2292 1484 2323 omnia
1507 2292 1557 2323 alia
1576 2292 1759 2332 Exercendi,
1788 2303 1853 2333 quae
1870 2296 1947 2327 circa
1967 2307 2000 2328 ea
2021 2298 2294 2333 neceffariasueriut
2306 2298 2354 2332 uel

1284 2326 1448 2370 oportuna,
1467 2332 1552 2362 etiam
1570 2332 1591 2362 si
1606 2332 1780 2364 Mandatum
1793 2335 1904 2372 exigant
1918 2335 2052 2375 speciale,
2335 2365 2338 2368 .

1324 2369 1452 2408 Rarum,
1472 2369 1615 2409 Gratum,
1634 2372 1668 2402 ὃς
1683 2371 1814 2402 Firmum
1829 2372 1950 2404 habituri
1966 2374 2101 2413 quicquid
2116 2376 2219 2415 iidem,
2239 2376 2358 2414 Episco-

1289 2418 1342 2447 pus
1372 2406 1521 2440 Robertus
1535 2408 1635 2447 Roas,
1653 2409 1860 2450 Raymundus,
1878 2413 1913 2442 ὃ(
1927 2412 2023 2444 Frater
2037 2416 2055 2433 *
2076 2413 2222 2446 Robertus
2236 2438 2245 2454 ‚
2263 2415 2357 2453 Tres,
2380 2423 2396 2439 θ
2412 2426 2437 2450 v
2443 2424 2480 2451 11.

1290 2446 1336 2478 vel
1385 2457 1422 2478 uo
1436 2457 1537 2478 eorum
1556 2449 1692 2486 (quorum
1710 2449 1858 2487 praelatum
1874 2450 2020 2481 Robertum
2033 2455 2105 2482 Rous
2121 2463 2209 2485 unum
2225 2454 2281 2484 effe
2296 2454 2359 2498 Vo-
2382 2471 2446 2499 392.

1289 2486 1396 2523 lamus)
1413 2486 1552 2518 Nomine
1563 2486 1682 2526 nostro,
1699 2488 1819 2520 fecerint
1832 2490 1861 2520 in
1876 2488 2044 2529 Praemiffis,
2062 2491 2110 2523 seu
2122 2493 2217 2531 aliquo
2226 2491 2359 2524 Praemis-

1289 2525 1395 2556 sorum.

1328 2563 1397 2593 Dat.
1417 2562 1468 2594 sub
1492 2562 1596 2594 Moni
1617 2564 1708 2602 Sigilli
1729 2565 1818 2596 nostri
1844 2566 2053 2606 Testimonio,
2078 2570 2108 2600 in
2133 2569 2240 2600 Palatio
2259 2569 2359 2601 nostro

1292 2604 1340 2632 We
1364 2600 1514 2640 monasterii
1527 2624 1537 2639 ‚
1580 2604 1654 2633 rimo
1668 2604 1713 2633 die
1730 2603 1837 2635 Mensis
1855 2606 1975 2645 Aprilis,
1995 2609 2085 2638 Anno
2099 2608 2224 2638 Domini
2238 2608 2357 2639 Millefi-

1292 2650 1361 2677 mo,
1379 2640 1625 2680 Trescenteiimo,
1643 2641 1836 2681 Octogefimo
1856 2645 1958 2676 Tertio
1975 2669 1984 2685 ‚
2004 2646 2092 2677 Anno
2107 2649 2180 2679 vero
2196 2647 2292 2686 Regni
2306 2657 2360 2677 no-

1293 2679 1342 2708 stri
1357 2678 1453 2709 Sexco.

1984 2726 2038 2753 Per
2053 2723 2136 2763 ipfitm
2150 2727 2256 2761 Regem.

1410 2844 1458 2875 De
1475 2843 1647 2876 TraHanalo
1664 2855 1732 2877 cum
1749 2844 1894 2891 Johiirme
1911 2848 2022 2880 Comite
2043 2849 2230 2883 Armeniaci.

1298 2925 1418 2984 REX
1437 2926 1600 2965 Omnibus,
1617 2927 1652 2958 ad
1668 2937 1756 2967 quOS,
1773 2930 1834 2961 &c.
1855 2929 1989 2963 Salutem.
2453 2964 2459 2969 .

1397 2966 1493 2996 Sciatis
1510 2966 1592 3003 qubd
1609 2965 1696 3005 Nos,
2406 2979 2489 3018 1383.

1335 3003 1385 3034 De
1399 3005 1672 3046 circumlpeclione,
1692 3005 1839 3045 fidelitate,
1861 3008 1894 3039 ὅ(
1907 3008 2060 3048 industria,
2079 3011 2360 3052 VenerabilisParris,
2381 3022 2435 3046 An.
2452 3021 2482 3046 6.

1297 3042 1572 3081 JohannisGutterii
1589 3042 1722 3082 Epilcopi
1749 3045 1902 3084 Aquenlis,
1919 3058 1969 3087 ac,
1987 3049 2160 3081 dilectorum
2181 3057 2214 3081 oc
2235 3051 2360 3083 fidelium
2384 3061 2412 3083 R.
2435 3065 2460 3083 2.

1298 3081 1463 3113 nostrorum
1477 3105 1486 3119 ,
1511 3081 1623 3112 Roberti
1645 3085 1715 3112 Rous
1737 3082 1837 3114 Militis
1860 3084 1993 3117 Camerae
2012 3088 2119 3119 nostre
2134 3111 2143 3126 ,
2168 3089 2308 3127 Johannis
2330 3092 2362 3120 Ae
2383 3096 2449 3132 tofi.
2468 3095 2496 3121 6.

1299 3123 1442 3160 struhan,
1461 3119 1586 3150 Domini
1607 3120 1644 3150 de
1667 3121 1802 3153 Landiras
1821 3123 2031 3156 Constabularii
2051 3127 2141 3157 nostrl
2166 3129 2308 3167 Burdegal.
2329 3131 2363 3160 &
2385 3137 2415 3160 R.
2436 3143 2463 3160 2.
2478 3134 2518 3168 mg

1300 3159 1356 3189 Ma
1378 3159 1433 3228 igni
1450 3159 1559 3189 Roberti
1582 3158 1710 3200 PValdeby
1734 3160 1828 3193 Sacrae
1849 3163 2026 3202 Theologiae
2048 3165 2217 3197 Profefforis
2231 3189 2241 3205 ,
2256 3168 2366 3204 plenius
2387 3172 2417 3200 8.

1302 3208 1360 3229 con
1403 3207 1496 3234 entes,

1341 3235 1390 3266 De
1405 3235 1550 3267 Consensu
1565 3235 1599 3267 &
1612 3236 1797 3269 Avisamento
1812 3238 1940 3271 Concilii
1955 3241 2063 3281 nostri,

1340 3274 1436 3314 Ipsos,
1454 3274 1647 3313 Episcopum,
1667 3275 1831 3308 Robertum
1844 3301 1853 3317 ‚
1869 3280 2032 3317 johannem
2047 3305 2056 3318 ,
2075 3282 2109 3312 ὃς
2128 3281 2311 3322 Robertum,
2329 3293 2363 3315 ac

1302 3312 1378 3343 Tres
1393 3314 1426 3345 &
1437 3313 1520 3343 Duos
1538 3313 1707 3344 eorumdem
1719 3317 1856 3354 (quorum
1872 3318 2019 3355 praefarum
2028 3320 2173 3349 Robertum
2189 3323 2259 3350 Rom
2273 3332 2365 3353 unum

1302 3351 1359 3382 effe
1374 3352 1518 3388 volumus)
1529 3351 1643 3382 nostros
1660 3364 1761 3393 veros,
1778 3355 1935 3394 legitimos,
1953 3358 1987 3387 &
2003 3358 2175 3389 indubitatos
2191 3359 2365 3392 Procurato-

1301 3400 1362 3428 res,
1380 3390 1580 3429 Negotiorum
1596 3390 1738 3431 gestores‚
1757 3395 1789 3424 ὃς
1806 3394 1840 3424 N
1843 3396 1941 3425 uncios
1953 3397 2095 3434 speciales,
2113 3397 2260 3437 Facimus,
2275 3399 2367 3431 Crea-

1303 3438 1384 3467 mus,
1403 3430 1435 3460 &
1451 3427 1662 3460 Constituimus
1677 3441 1727 3469 per
1741 3433 1908 3471 praesente33

1342 3466 1453 3498 Danres
1468 3466 1536 3506 Eis,
1553 3467 1677 3508 Tribus,
1694 3471 1727 3501 &
1742 3470 1864 3501 Duobus
1878 3481 1980 3502 eorum
1997 3473 2133 3511 (quorum
2149 3475 2297 3512 praefatum
2313 3479 2367 3506 Ro-

1302 3504 1408 3535 bertum
1421 3508 1490 3535 Roas
1504 3516 1594 3536 unum
1611 3507 1668 3538 esse
1682 3509 1827 3546 volumus)
1849 3510 1962 3549 plenam
1979 3511 2012 3542 ὅ(
2034 3513 2149 3542 liberam
2174 3514 2368 3555 Potest-atem,

1304 3543 1535 3582 Mandatumque
1566 3546 1676 3577 enerale
1689 3547 1721 3577 δε
1734 3547 1866 3586 speciale,
1883 3548 2043 3587 Johannem
2063 3555 2193 3581 Comitem
2214 3556 2368 3583 Armenia-

1303 3586 1326 3613 ci
1333 3606 1344 3622 ,
1363 3583 1485 3621 Ligeum
1501 3586 1551 3613 nol
1567 3594 1649 3623 rum,
1668 3596 1721 3623 pro
1737 3586 1835 3617 Nobis
1849 3590 1882 3618 &
1898 3597 1932 3617 ex
1957 3598 2034 3625 parte
2053 3589 2166 3629 nostra,
2185 3592 2370 3628 quibuscum-

1303 3632 1361 3659 que
1374 3624 1424 3652 viis
1440 3622 1471 3652 Sc
1487 3621 1579 3652 modis
1595 3625 1806 3655 rationabilibus
1824 3626 1857 3656 δε
1880 3626 2019 3665 honestis,
2043 3627 2205 3667 Monendi,
2225 3629 2370 3662 Inducen-

1303 3661 1351 3698 di,
1369 3661 1401 3691 ὃς
1416 3660 1592 3697 Requireiidi
1608 3671 1639 3692 ut
1653 3663 1688 3692 ad
1702 3663 1801 3693 Fidem
1822 3666 1855 3695 ὃς
1874 3664 2077 3696 Obedientiam
2094 3667 2220 3705 nostras,
2240 3669 2320 3699 licuti
2332 3672 2369 3701 de

1299 3698 1369 3737 jure
1384 3700 1416 3730 ὃς
1434 3698 1557 3728 Ratione
1569 3709 1698 3738 tenetur,
1713 3703 1823 3738 veniat,
1840 3703 1873 3732 δε
1888 3704 1916 3732 in
1933 3704 2035 3734 eisdem
2054 3704 2171 3745 fideliter
2185 3708 2216 3736 ἃ
2228 3712 2368 3746 perpetuo

1305 3739 1479 3775 perseveret,
1498 3746 1531 3767 ex
1545 3748 1581 3768 eo
1597 3740 1676 3775 quod
1692 3739 1827 3770 Vaflallus
1843 3742 1939 3772 noster
1953 3743 2058 3780 existit,
2077 3754 2110 3773 ac
2121 3744 2303 3777 Comitatum
2315 3748 2372 3778 Ar-

1305 3777 1442 3813 meniaci,
1460 3777 1491 3806 &
1506 3775 1569 3806 alias
1582 3775 1687 3808 Terras
1703 3779 1937 3818 quamplurimas,
1957 3782 2027 3811 infra
2042 3781 2217 3813 Dominium
2239 3785 2371 3816 nostrum

1305 3814 1479 3851 Aquitaniae,
1497 3814 1532 3843 de
1547 3814 1645 3845 Nobis
1662 3826 1771 3855 teneat,
1792 3819 1824 3848 δε
1840 3829 1893 3855 pro
1910 3828 1991 3849 ranro
2008 3819 2077 3849 Nos
2091 3830 2144 3857 pro
2161 3821 2298 3855 Domino
2319 3825 2369 3855 suo

1305 3851 1401 3889 Ligco
1415 3853 1636 3891 recognoscere,
1658 3854 1809 3894 Nobisque
1821 3857 1921 3887 serVire
1935 3859 1967 3887 ὃς
1983 3859 2069 3887 subici
2083 3868 2218 3898 teneatur.

1344 3891 1475 3921 Necnon
1492 3891 1687 3930 quoscumque
1702 3894 1855 3925 Traciatus
1870 3896 2019 3933 honestos,
2038 3907 2072 3926 ac
2080 3898 2371 3939 Confoederariones,

1304 3928 1409 3967 Pacia,
1429 3928 1664 3968 conventiones,
1686 3931 1908 3971 Promissiones,
1928 3935 1961 3964 ὃς
1977 3934 2116 3973 Foedera,

1341 3967 1521 4005 Nuperrime
1536 3971 1607 3997 inter
1624 3968 1692 3999 Nos
1709 3972 1741 4001 &
1756 3971 1923 4002 Concilium
1941 3973 2067 4003 nostrum
2086 3984 2119 4003 ex
2135 3975 2209 4014 una,
2227 3979 2261 4008 &
2284 3988 2368 4016 quo&

1303 4005 1370 4036 dam
1394 4007 1514 4036 Amicos
1533 4017 1565 4037 ac
1586 4007 1738 4039 Benivolos
1760 4012 1841 4047 iplius
1863 4012 1989 4041 Comitis
2012 4021 2046 4042 ex
2060 4012 2144 4044 Parte
2160 4017 2262 4054 altera,
2280 4021 2370 4054 tacta,

1304 4046 1420 4083 agitata,
1440 4045 1473 4075 &
1489 4046 1661 4084 praelocuta,

1342 4082 1484 4112 Firmandi
1494 4106 1502 4120 ,
1523 4083 1647 4114 Vallandi
1657 4109 1666 4122 ,
1681 4086 1714 4116 δε
1724 4085 1925 4117 Concludendi
1936 4111 1945 4126 ,
1963 4088 2008 4119 seu
2022 4089 2084 4120 alifis
2099 4101 2166 4121 cum
2182 4092 2285 4121 eodem
2295 4114 2303 4127 ,
2320 4091 2367 4122 vel

1301 4120 1556 4160 Procuratoribus,
1574 4132 1620 4154 aut
1636 4125 1667 4154 N
1673 4127 1760 4155 unciis
1775 4126 1843 4164 suis,
1858 4127 1892 4157 ad
1908 4128 1965 4157 lioc
1979 4138 2047 4159 cum
2060 4129 2210 4161 sufficienti
2227 4129 2370 4160 Potest-ate

2309 4168 2370 4205 spe-
