<?xml version="1.0" encoding="UTF-8"?>
<!DOCTYPE html PUBLIC "-//W3C//DTD XHTML 1.0 Transitional//EN"
    "http://www.w3.org/TR/xhtml1/DTD/xhtml1-transitional.dtd">
<html xmlns="http://www.w3.org/1999/xhtml" xml:lang="en" lang="en">
 <head>
  <title>
</title>
<meta http-equiv="Content-Type" content="text/html;charset=utf-8" />
  <meta name='ocr-system' content='tesseract 3.04.00' />
  <meta name='ocr-capabilities' content='ocr_page ocr_carea ocr_par ocr_line ocrx_word'/>
</head>
<body>
  <div class='ocr_page' id='page_1' title='image "./fderaconventione03ryme_0099.png"; bbox 0 0 2561 4251; ppageno 0'>
   <div class='ocr_carea' id='block_1_1' title="bbox 776 195 1235 243">
    <p class='ocr_par' dir='ltr' id='par_1_1' title="bbox 776 195 1235 243">
     <span class='ocr_line' id='line_1_1' title="bbox 776 195 1235 243; baseline -0.002 -2"><span class='ocrx_word' id='word_1_1' title='bbox 776 202 886 241; x_wconf 88' lang='lat' dir='ltr'>ET</span> <span class='ocrx_word' id='word_1_2' title='bbox 969 195 1235 243; x_wconf 85' lang='lat' dir='ltr'>ACTA</span> 
     </span>
    </p>
   </div>
   <div class='ocr_carea' id='block_1_2' title="bbox 57 286 191 320">
    <p class='ocr_par' dir='ltr' id='par_1_2' title="bbox 57 286 191 320">
     <span class='ocr_line' id='line_1_2' title="bbox 57 286 191 320; baseline 0 -3"><span class='ocrx_word' id='word_1_3' title='bbox 57 287 134 320; x_wconf 85' lang='lat' dir='ltr'>Ann.</span> <span class='ocrx_word' id='word_1_4' title='bbox 150 286 191 317; x_wconf 81' lang='lat' dir='ltr'>D.</span> 
     </span>
    </p>
   </div>
   <div class='ocr_carea' id='block_1_3' title="bbox 58 334 174 401">
    <p class='ocr_par' dir='ltr' id='par_1_3' title="bbox 58 334 174 401">
     <span class='ocr_line' id='line_1_3' title="bbox 83 334 166 365; baseline -0.024 -9"><span class='ocrx_word' id='word_1_5' title='bbox 83 334 166 365; x_wconf 83' lang='lat'><em>1350.</em></span> 
     </span>
     <span class='ocr_line' id='line_1_4' title="bbox 58 367 174 401; baseline -0.009 -8"><span class='ocrx_word' id='word_1_6' title='bbox 58 367 116 395; x_wconf 75' lang='lat' dir='ltr'>Edv</span> <span class='ocrx_word' id='word_1_7' title='bbox 125 384 132 392; x_wconf 83' lang='lat'><em>.</em></span> <span class='ocrx_word' id='word_1_8' title='bbox 147 374 174 401; x_wconf 73' lang='lat'>3,</span> 
     </span>
    </p>
   </div>
   <div class='ocr_carea' id='block_1_4' title="bbox 299 334 1211 342">
    <p class='ocr_par' dir='ltr' id='par_1_4' title="bbox 299 334 1211 342">
     <span class='ocr_line' id='line_1_5' title="bbox 299 334 1211 342; baseline 0 0"><span class='ocrx_word' id='word_1_9' title='bbox 299 334 1211 342; x_wconf 95' lang='lat' dir='ltr'> </span> 
     </span>
    </p>
   </div>
   <div class='ocr_carea' id='block_1_5' title="bbox 619 336 1211 343">
    <p class='ocr_par' dir='ltr' id='par_1_5' title="bbox 619 336 1211 343">
     <span class='ocr_line' id='line_1_6' title="bbox 619 336 1211 343; baseline 0 0"><span class='ocrx_word' id='word_1_10' title='bbox 619 336 1211 343; x_wconf 95' lang='lat' dir='ltr'> </span> 
     </span>
    </p>
   </div>
   <div class='ocr_carea' id='block_1_6' title="bbox 60 390 1138 531">
    <p class='ocr_par' dir='ltr' id='par_1_6' title="bbox 60 390 1138 531">
     <span class='ocr_line' id='line_1_7' title="bbox 327 390 1138 438; baseline 0.001 -13"><span class='ocrx_word' id='word_1_11' title='bbox 327 393 385 425; x_wconf 86' lang='lat' dir='ltr'>Pro</span> <span class='ocrx_word' id='word_1_12' title='bbox 411 390 568 424; x_wconf 71' lang='lat' dir='ltr'>Cardinall</span> <span class='ocrx_word' id='word_1_13' title='bbox 591 390 627 424; x_wconf 82' lang='lat' dir='ltr'>de</span> <span class='ocrx_word' id='word_1_14' title='bbox 651 392 765 438; x_wconf 80' lang='lat' dir='ltr'>Naples</span> <span class='ocrx_word' id='word_1_15' title='bbox 788 395 824 430; x_wconf 62' lang='lat'>&amp;0</span> <span class='ocrx_word' id='word_1_16' title='bbox 849 394 913 438; x_wconf 78' lang='lat' dir='ltr'>ejus</span> <span class='ocrx_word' id='word_1_17' title='bbox 934 395 1138 429; x_wconf 77' lang='lat' dir='ltr'>Procuratore.</span> 
     </span>
     <span class='ocr_line' id='line_1_8' title="bbox 60 466 1099 531; baseline -0.001 -21"><span class='ocrx_word' id='word_1_18' title='bbox 60 477 137 510; x_wconf 88' lang='lat' dir='ltr'>Ann.</span> <span class='ocrx_word' id='word_1_19' title='bbox 152 466 192 505; x_wconf 85' lang='lat' dir='ltr'>D·</span> <span class='ocrx_word' id='word_1_20' title='bbox 213 476 337 531; x_wconf 80' lang='lat' dir='ltr'>REX</span> <span class='ocrx_word' id='word_1_21' title='bbox 356 476 503 508; x_wconf 86' lang='lat' dir='ltr'>Univerfis</span> <span class='ocrx_word' id='word_1_22' title='bbox 518 477 552 508; x_wconf 88' lang='lat'>&amp;</span> <span class='ocrx_word' id='word_1_23' title='bbox 568 476 680 514; x_wconf 83' lang='lat' dir='ltr'>singulis</span> <span class='ocrx_word' id='word_1_24' title='bbox 694 476 869 515; x_wconf 74' lang='lat' dir='ltr'>Maioribus,</span> <span class='ocrx_word' id='word_1_25' title='bbox 885 477 946 508; x_wconf 88' lang='lat' dir='ltr'>&amp;c.</span> <span class='ocrx_word' id='word_1_26' title='bbox 964 477 1099 509; x_wconf 88' lang='lat' dir='ltr'>Salutem.</span> 
     </span>
    </p>
   </div>
   <div class='ocr_carea' id='block_1_7' title="bbox 59 515 1274 631">
    <p class='ocr_par' dir='ltr' id='par_1_7' title="bbox 59 515 1274 631">
     <span class='ocr_line' id='line_1_9' title="bbox 88 515 1274 556; baseline 0 -9"><span class='ocrx_word' id='word_1_27' title='bbox 88 524 171 555; x_wconf 82' lang='lat'><em>1350.</em></span> <span class='ocrx_word' id='word_1_28' title='bbox 308 515 482 553; x_wconf 86' lang='lat' dir='ltr'>Supplicavit</span> <span class='ocrx_word' id='word_1_29' title='bbox 502 516 600 553; x_wconf 85' lang='lat' dir='ltr'>nobis,</span> <span class='ocrx_word' id='word_1_30' title='bbox 617 516 794 546; x_wconf 83' lang='lat' dir='ltr'>Venerabilis</span> <span class='ocrx_word' id='word_1_31' title='bbox 815 516 914 553; x_wconf 83' lang='lat' dir='ltr'>Pater,</span> <span class='ocrx_word' id='word_1_32' title='bbox 932 516 1101 556; x_wconf 88' lang='lat' dir='ltr'>Anibaldus,</span> <span class='ocrx_word' id='word_1_33' title='bbox 1121 516 1274 556; x_wconf 82' lang='lat' dir='ltr'>Episcopus</span> 
     </span>
     <span class='ocr_line' id='line_1_10' title="bbox 59 553 937 593; baseline 0.002 -10"><span class='ocrx_word' id='word_1_34' title='bbox 59 559 112 583; x_wconf 83' lang='lat' dir='ltr'>An.</span> <span class='ocrx_word' id='word_1_35' title='bbox 134 562 179 588; x_wconf 88' lang='lat'>24·</span> <span class='ocrx_word' id='word_1_36' title='bbox 208 553 437 592; x_wconf 86' lang='lat' dir='ltr'>Tusculanensis,</span> <span class='ocrx_word' id='word_1_37' title='bbox 451 555 484 585; x_wconf 90' lang='lat'>&amp;</span> <span class='ocrx_word' id='word_1_38' title='bbox 500 553 654 584; x_wconf 88' lang='lat' dir='ltr'>Cardinalis</span> <span class='ocrx_word' id='word_1_39' title='bbox 668 553 704 583; x_wconf 91' lang='lat' dir='ltr'>de</span> <span class='ocrx_word' id='word_1_40' title='bbox 718 553 842 592; x_wconf 78' lang='lat' dir='ltr'>NapleS,</span> <span class='ocrx_word' id='word_1_41' title='bbox 860 555 937 593; x_wconf 73' lang='lat' dir='ltr'>qubd</span> 
     </span>
     <span class='ocr_line' id='line_1_11' title="bbox 59 578 1274 631; baseline 0.001 -9"><span class='ocrx_word' id='word_1_42' title='bbox 59 599 90 622; x_wconf 77' lang='grc' dir='ltr'>Ε.</span> <span class='ocrx_word' id='word_1_43' title='bbox 108 603 134 629; x_wconf 86' lang='lat'>3·</span> <span class='ocrx_word' id='word_1_44' title='bbox 210 623 212 625; x_wconf 56' lang='grc'><strong>,</strong></span> <span class='ocrx_word' id='word_1_45' title='bbox 245 592 325 623; x_wconf 79' lang='lat' dir='ltr'>Ctim</span> <span class='ocrx_word' id='word_1_46' title='bbox 340 592 546 631; x_wconf 79' lang='lat' dir='ltr'>ipsejacobum</span> <span class='ocrx_word' id='word_1_47' title='bbox 560 591 747 630; x_wconf 88' lang='lat' dir='ltr'>Ramananii,</span> <span class='ocrx_word' id='word_1_48' title='bbox 763 592 913 623; x_wconf 87' lang='lat' dir='ltr'>Personam</span> <span class='ocrx_word' id='word_1_49' title='bbox 929 578 1064 627; x_wconf 57' lang='lat' dir='ltr'>Efcclesiae</span> <span class='ocrx_word' id='word_1_50' title='bbox 1076 594 1113 624; x_wconf 87' lang='lat' dir='ltr'>de</span> <span class='ocrx_word' id='word_1_51' title='bbox 1125 594 1274 631; x_wconf 85' lang='lat' dir='ltr'>Sevenok,</span> 
     </span>
    </p>
   </div>
   <div class='ocr_carea' id='block_1_8' title="bbox 59 630 1276 1475">
    <p class='ocr_par' dir='ltr' id='par_1_8' title="bbox 59 630 1274 746">
     <span class='ocr_line' id='line_1_12' title="bbox 59 630 1274 673; baseline 0 -11"><span class='ocrx_word' id='word_1_52' title='bbox 59 636 117 659; x_wconf 76' lang='lat' dir='ltr'>Pat-</span> <span class='ocrx_word' id='word_1_53' title='bbox 147 639 192 665; x_wconf 84' lang='lat'>24·</span> <span class='ocrx_word' id='word_1_54' title='bbox 210 631 428 662; x_wconf 79' lang='lat' dir='ltr'>Procuratorem</span> <span class='ocrx_word' id='word_1_55' title='bbox 448 631 545 667; x_wconf 85' lang='lat' dir='ltr'>fuum,</span> <span class='ocrx_word' id='word_1_56' title='bbox 570 640 623 668; x_wconf 88' lang='lat' dir='ltr'>pro</span> <span class='ocrx_word' id='word_1_57' title='bbox 641 630 816 668; x_wconf 81' lang='lat' dir='ltr'>dispositione</span> <span class='ocrx_word' id='word_1_58' title='bbox 836 631 1039 662; x_wconf 80' lang='lat' dir='ltr'>Beneficiorum</span> <span class='ocrx_word' id='word_1_59' title='bbox 1061 632 1191 670; x_wconf 89' lang='lat' dir='ltr'>suorum,</span> <span class='ocrx_word' id='word_1_60' title='bbox 1210 642 1274 673; x_wconf 75' lang='lat' dir='ltr'>quae</span> 
     </span>
     <span class='ocr_line' id='line_1_13' title="bbox 61 668 1274 709; baseline -0.002 -8"><span class='ocrx_word' id='word_1_61' title='bbox 61 674 90 696; x_wconf 79' lang='lat' dir='ltr'>E·</span> <span class='ocrx_word' id='word_1_62' title='bbox 110 678 134 705; x_wconf 83' lang='lat'>3-</span> <span class='ocrx_word' id='word_1_63' title='bbox 148 675 172 705; x_wconf 78' lang='lat' dir='ltr'>p-</span> <span class='ocrx_word' id='word_1_64' title='bbox 204 671 267 709; x_wconf 87' lang='lat' dir='ltr'>jam</span> <span class='ocrx_word' id='word_1_65' title='bbox 284 668 399 708; x_wconf 83' lang='lat' dir='ltr'>poffidet</span> <span class='ocrx_word' id='word_1_66' title='bbox 414 670 443 699; x_wconf 88' lang='lat' dir='ltr'>in</span> <span class='ocrx_word' id='word_1_67' title='bbox 457 668 579 706; x_wconf 64' lang='lat' dir='ltr'>Anglii,</span> <span class='ocrx_word' id='word_1_68' title='bbox 596 678 629 698; x_wconf 90' lang='lat' dir='ltr'>ac</span> <span class='ocrx_word' id='word_1_69' title='bbox 646 668 725 699; x_wconf 65' lang='lat' dir='ltr'>bona</span> <span class='ocrx_word' id='word_1_70' title='bbox 745 668 911 700; x_wconf 68' lang='lat' dir='ltr'>Direfflone</span> <span class='ocrx_word' id='word_1_71' title='bbox 932 671 1044 701; x_wconf 86' lang='lat' dir='ltr'>Rerum</span> <span class='ocrx_word' id='word_1_72' title='bbox 1058 670 1184 708; x_wconf 90' lang='lat' dir='ltr'>suarum,</span> <span class='ocrx_word' id='word_1_73' title='bbox 1202 671 1274 700; x_wconf 73' lang='lat' dir='ltr'>inira</span> 
     </span>
     <span class='ocr_line' id='line_1_14' title="bbox 66 706 922 746; baseline -0.001 -6"><span class='ocrx_word' id='word_1_74' title='bbox 66 717 134 736; x_wconf 52' lang='grc' dir='ltr'>ιω·</span> <span class='ocrx_word' id='word_1_75' title='bbox 144 716 190 733; x_wconf 86' lang='lat'>2¹·</span> <span class='ocrx_word' id='word_1_76' title='bbox 208 709 287 741; x_wconf 90' lang='lat' dir='ltr'>idem</span> <span class='ocrx_word' id='word_1_77' title='bbox 302 708 442 745; x_wconf 87' lang='lat' dir='ltr'>Regnum</span> <span class='ocrx_word' id='word_1_78' title='bbox 455 706 567 744; x_wconf 81' lang='lat' dir='ltr'>Angliae</span> <span class='ocrx_word' id='word_1_79' title='bbox 581 707 679 737; x_wconf 86' lang='lat' dir='ltr'>habeat</span> <span class='ocrx_word' id='word_1_80' title='bbox 694 707 922 746; x_wconf 80' lang='lat' dir='ltr'>conversantem,</span> 
     </span>
    </p>

    <p class='ocr_par' dir='ltr' id='par_1_9' title="bbox 209 744 1273 864">
     <span class='ocr_line' id='line_1_15' title="bbox 247 744 1273 785; baseline -0.002 -7"><span class='ocrx_word' id='word_1_81' title='bbox 247 746 378 778; x_wconf 89' lang='lat' dir='ltr'>Necnon</span> <span class='ocrx_word' id='word_1_82' title='bbox 393 755 444 784; x_wconf 89' lang='lat' dir='ltr'>pro</span> <span class='ocrx_word' id='word_1_83' title='bbox 457 755 495 776; x_wconf 89' lang='lat' dir='ltr'>eo</span> <span class='ocrx_word' id='word_1_84' title='bbox 504 745 584 785; x_wconf 81' lang='lat' dir='ltr'>quod</span> <span class='ocrx_word' id='word_1_85' title='bbox 598 745 676 776; x_wconf 87' lang='lat' dir='ltr'>idern</span> <span class='ocrx_word' id='word_1_86' title='bbox 692 744 859 777; x_wconf 84' lang='lat' dir='ltr'>Procurator</span> <span class='ocrx_word' id='word_1_87' title='bbox 880 755 985 777; x_wconf 86' lang='lat' dir='ltr'>certam</span> <span class='ocrx_word' id='word_1_88' title='bbox 1007 745 1133 776; x_wconf 88' lang='lat' dir='ltr'>Firmam</span> <span class='ocrx_word' id='word_1_89' title='bbox 1150 756 1273 776; x_wconf 86' lang='lat' dir='ltr'>annuam</span> 
     </span>
     <span class='ocr_line' id='line_1_16' title="bbox 209 783 1273 823; baseline -0.002 -7"><span class='ocrx_word' id='word_1_90' title='bbox 209 796 263 823; x_wconf 85' lang='lat' dir='ltr'>pro</span> <span class='ocrx_word' id='word_1_91' title='bbox 284 783 389 815; x_wconf 90' lang='lat' dir='ltr'>eisdem</span> <span class='ocrx_word' id='word_1_92' title='bbox 408 783 570 823; x_wconf 82' lang='lat' dir='ltr'>Beneficiis,</span> <span class='ocrx_word' id='word_1_93' title='bbox 587 794 651 821; x_wconf 83' lang='lat' dir='ltr'>quae</span> <span class='ocrx_word' id='word_1_94' title='bbox 674 785 743 814; x_wconf 91' lang='lat' dir='ltr'>inter</span> <span class='ocrx_word' id='word_1_95' title='bbox 761 785 812 815; x_wconf 82' lang='lat' dir='ltr'>alia</span> <span class='ocrx_word' id='word_1_96' title='bbox 834 784 972 815; x_wconf 84' lang='lat' dir='ltr'>Beneficia</span> <span class='ocrx_word' id='word_1_97' title='bbox 992 783 1226 821; x_wconf 87' lang='lat' dir='ltr'>Alienigenarum</span> <span class='ocrx_word' id='word_1_98' title='bbox 1245 786 1273 814; x_wconf 89' lang='lat' dir='ltr'>in</span> 
     </span>
     <span class='ocr_line' id='line_1_17' title="bbox 210 821 1241 864; baseline -0.002 -10"><span class='ocrx_word' id='word_1_99' title='bbox 210 824 317 859; x_wconf 71' lang='lat' dir='ltr'>Regno</span> <span class='ocrx_word' id='word_1_100' title='bbox 333 822 428 853; x_wconf 89' lang='lat' dir='ltr'>nostro</span> <span class='ocrx_word' id='word_1_101' title='bbox 443 822 557 859; x_wconf 80' lang='lat' dir='ltr'>Angliae</span> <span class='ocrx_word' id='word_1_102' title='bbox 572 822 601 852; x_wconf 93' lang='lat' dir='ltr'>in</span> <span class='ocrx_word' id='word_1_103' title='bbox 615 821 706 853; x_wconf 88' lang='lat' dir='ltr'>Manu</span> <span class='ocrx_word' id='word_1_104' title='bbox 721 822 811 852; x_wconf 67' lang='lat' dir='ltr'>nostra</span> <span class='ocrx_word' id='word_1_105' title='bbox 827 831 908 860; x_wconf 87' lang='lat' dir='ltr'>capta</span> <span class='ocrx_word' id='word_1_106' title='bbox 922 821 1058 859; x_wconf 77' lang='lat' dir='ltr'>existunt,</span> <span class='ocrx_word' id='word_1_107' title='bbox 1075 821 1173 861; x_wconf 88' lang='lat' dir='ltr'>solvit,</span> <span class='ocrx_word' id='word_1_108' title='bbox 1235 860 1241 864; x_wconf 86' lang='lat'><em>.</em></span> 
     </span>
    </p>

    <p class='ocr_par' dir='ltr' id='par_1_10' title="bbox 210 860 1274 968">
     <span class='ocr_line' id='line_1_18' title="bbox 217 860 1274 899; baseline 0 -8"><span class='ocrx_word' id='word_1_109' title='bbox 217 893 220 896; x_wconf 75' lang='grc'>,</span> <span class='ocrx_word' id='word_1_110' title='bbox 245 861 388 899; x_wconf 89' lang='lat' dir='ltr'>Velimus,</span> <span class='ocrx_word' id='word_1_111' title='bbox 407 871 460 898; x_wconf 87' lang='lat' dir='ltr'>pro</span> <span class='ocrx_word' id='word_1_112' title='bbox 471 861 612 892; x_wconf 84' lang='lat' dir='ltr'>securitate</span> <span class='ocrx_word' id='word_1_113' title='bbox 625 861 705 898; x_wconf 85' lang='lat' dir='ltr'>ipfius</span> <span class='ocrx_word' id='word_1_114' title='bbox 719 861 923 898; x_wconf 72' lang='lat' dir='ltr'>Procurator-is,</span> <span class='ocrx_word' id='word_1_115' title='bbox 941 870 974 891; x_wconf 89' lang='lat' dir='ltr'>ac</span> <span class='ocrx_word' id='word_1_116' title='bbox 990 860 1098 890; x_wconf 88' lang='lat' dir='ltr'>Rerum</span> <span class='ocrx_word' id='word_1_117' title='bbox 1117 861 1151 892; x_wconf 92' lang='lat'>&amp;</span> <span class='ocrx_word' id='word_1_118' title='bbox 1166 860 1274 891; x_wconf 82' lang='lat' dir='ltr'>Posses-</span> 
     </span>
     <span class='ocr_line' id='line_1_19' title="bbox 210 898 758 968; baseline -0.005 -37"><span class='ocrx_word' id='word_1_119' title='bbox 210 900 320 968; x_wconf 49' lang='lat' dir='ltr'>fioffiim</span> <span class='ocrx_word' id='word_1_120' title='bbox 336 899 461 938; x_wconf 88' lang='lat' dir='ltr'>suarum,</span> <span class='ocrx_word' id='word_1_121' title='bbox 481 900 601 937; x_wconf 77' lang='lat' dir='ltr'>gratiose</span> <span class='ocrx_word' id='word_1_122' title='bbox 615 898 758 936; x_wconf 84' lang='lat' dir='ltr'>ordinare,</span> 
     </span>
     <span class='ocr_line' id='line_1_20' title="bbox 284 948 316 968; baseline 0 0"><span class='ocrx_word' id='word_1_123' title='bbox 284 948 316 968; x_wconf 86' lang='lat' dir='ltr'>os</span> 
     </span>
    </p>

    <p class='ocr_par' dir='ltr' id='par_1_11' title="bbox 207 960 1275 1091">
     <span class='ocr_line' id='line_1_21' title="bbox 247 960 1274 1015; baseline 0 -9"><span class='ocrx_word' id='word_1_124' title='bbox 247 976 295 1008; x_wconf 90' lang='lat' dir='ltr'>De</span> <span class='ocrx_word' id='word_1_125' title='bbox 311 960 402 1012; x_wconf 57' lang='lat' dir='ltr'>§vatia</span> <span class='ocrx_word' id='word_1_126' title='bbox 414 975 508 1006; x_wconf 71' lang='lat' dir='ltr'>nostra</span> <span class='ocrx_word' id='word_1_127' title='bbox 522 973 646 1013; x_wconf 83' lang='lat' dir='ltr'>speciali,</span> <span class='ocrx_word' id='word_1_128' title='bbox 661 975 694 1005; x_wconf 88' lang='lat'>&amp;</span> <span class='ocrx_word' id='word_1_129' title='bbox 709 974 749 1004; x_wconf 93' lang='lat' dir='ltr'>ob</span> <span class='ocrx_word' id='word_1_130' title='bbox 764 972 957 1005; x_wconf 65' lang='lat' dir='ltr'>Affeetionem</span> <span class='ocrx_word' id='word_1_131' title='bbox 973 985 1057 1015; x_wconf 86' lang='lat' dir='ltr'>quam</span> <span class='ocrx_word' id='word_1_132' title='bbox 1072 974 1107 1006; x_wconf 91' lang='lat' dir='ltr'>ad</span> <span class='ocrx_word' id='word_1_133' title='bbox 1129 975 1274 1013; x_wconf 78' lang='lat' dir='ltr'>personam</span> 
     </span>
     <span class='ocr_line' id='line_1_22' title="bbox 207 1012 1275 1052; baseline 0 -8"><span class='ocrx_word' id='word_1_134' title='bbox 207 1014 279 1045; x_wconf 65' lang='lat' dir='ltr'>dieti</span> <span class='ocrx_word' id='word_1_135' title='bbox 300 1014 454 1046; x_wconf 87' lang='lat' dir='ltr'>Cardinalis</span> <span class='ocrx_word' id='word_1_136' title='bbox 467 1014 592 1051; x_wconf 85' lang='lat' dir='ltr'>gerimus</span> <span class='ocrx_word' id='word_1_137' title='bbox 607 1013 640 1044; x_wconf 88' lang='lat'>&amp;</span> <span class='ocrx_word' id='word_1_138' title='bbox 657 1012 807 1051; x_wconf 86' lang='lat' dir='ltr'>habemus,</span> <span class='ocrx_word' id='word_1_139' title='bbox 832 1013 1038 1052; x_wconf 82' lang='lat' dir='ltr'>Supplicationi</span> <span class='ocrx_word' id='word_1_140' title='bbox 1057 1013 1110 1044; x_wconf 87' lang='lat' dir='ltr'>suae</span> <span class='ocrx_word' id='word_1_141' title='bbox 1128 1014 1275 1052; x_wconf 63' lang='lat' dir='ltr'>praedicoe</span> 
     </span>
     <span class='ocr_line' id='line_1_23' title="bbox 208 1054 570 1091; baseline -0.006 -8"><span class='ocrx_word' id='word_1_142' title='bbox 208 1054 238 1083; x_wconf 92' lang='lat' dir='ltr'>in</span> <span class='ocrx_word' id='word_1_143' title='bbox 253 1054 306 1084; x_wconf 88' lang='lat' dir='ltr'>hac</span> <span class='ocrx_word' id='word_1_144' title='bbox 322 1062 395 1091; x_wconf 88' lang='lat' dir='ltr'>parte</span> <span class='ocrx_word' id='word_1_145' title='bbox 407 1060 570 1088; x_wconf 85' lang='lat' dir='ltr'>annuentes,</span> 
     </span>
    </p>

    <p class='ocr_par' dir='ltr' id='par_1_12' title="bbox 208 1089 1275 1244">
     <span class='ocr_line' id='line_1_24' title="bbox 245 1089 1274 1129; baseline -0.001 -7"><span class='ocrx_word' id='word_1_146' title='bbox 245 1091 419 1129; x_wconf 82' lang='lat' dir='ltr'>Suscepimus</span> <span class='ocrx_word' id='word_1_147' title='bbox 439 1090 527 1127; x_wconf 91' lang='lat' dir='ltr'>ipsum</span> <span class='ocrx_word' id='word_1_148' title='bbox 547 1089 704 1129; x_wconf 89' lang='lat' dir='ltr'>Jacobum,</span> <span class='ocrx_word' id='word_1_149' title='bbox 732 1089 869 1120; x_wconf 87' lang='lat' dir='ltr'>morando</span> <span class='ocrx_word' id='word_1_150' title='bbox 893 1089 964 1121; x_wconf 84' lang='lat' dir='ltr'>infra</span> <span class='ocrx_word' id='word_1_151' title='bbox 987 1090 1122 1127; x_wconf 77' lang='lat' dir='ltr'>Regnum</span> <span class='ocrx_word' id='word_1_152' title='bbox 1147 1090 1274 1121; x_wconf 88' lang='lat' dir='ltr'>nostrum</span> 
     </span>
     <span class='ocr_line' id='line_1_25' title="bbox 208 1127 1273 1169; baseline -0.001 -10"><span class='ocrx_word' id='word_1_153' title='bbox 208 1130 390 1169; x_wconf 61' lang='lat' dir='ltr'>praedictum,</span> <span class='ocrx_word' id='word_1_154' title='bbox 408 1137 441 1158; x_wconf 80' lang='lat' dir='ltr'>ex</span> <span class='ocrx_word' id='word_1_155' title='bbox 468 1127 550 1158; x_wconf 75' lang='lat' dir='ltr'>causa</span> <span class='ocrx_word' id='word_1_156' title='bbox 574 1128 727 1166; x_wconf 64' lang='lat' dir='ltr'>praedizsta,</span> <span class='ocrx_word' id='word_1_157' title='bbox 751 1127 901 1165; x_wconf 69' lang='lat' dir='ltr'>Careetas,</span> <span class='ocrx_word' id='word_1_158' title='bbox 927 1128 1075 1168; x_wconf 70' lang='lat' dir='ltr'>Cariagia,</span> <span class='ocrx_word' id='word_1_159' title='bbox 1102 1130 1135 1160; x_wconf 84' lang='lat'>&amp;</span> <span class='ocrx_word' id='word_1_160' title='bbox 1162 1130 1273 1169; x_wconf 81' lang='lat' dir='ltr'>Equos,</span> 
     </span>
     <span class='ocr_line' id='line_1_26' title="bbox 211 1165 1275 1205; baseline 0 -7"><span class='ocrx_word' id='word_1_161' title='bbox 211 1178 322 1198; x_wconf 89' lang='lat' dir='ltr'>necnon</span> <span class='ocrx_word' id='word_1_162' title='bbox 346 1166 420 1205; x_wconf 91' lang='lat' dir='ltr'>Res,</span> <span class='ocrx_word' id='word_1_163' title='bbox 439 1165 592 1204; x_wconf 78' lang='lat' dir='ltr'>Redditus,</span> <span class='ocrx_word' id='word_1_164' title='bbox 608 1167 641 1198; x_wconf 70' lang='grc' dir='ltr'>δε</span> <span class='ocrx_word' id='word_1_165' title='bbox 660 1176 758 1196; x_wconf 89' lang='lat' dir='ltr'>omnes</span> <span class='ocrx_word' id='word_1_166' title='bbox 772 1165 954 1197; x_wconf 82' lang='lat' dir='ltr'>Poffesfiones</span> <span class='ocrx_word' id='word_1_167' title='bbox 976 1168 1097 1204; x_wconf 83' lang='lat' dir='ltr'>ipsorum</span> <span class='ocrx_word' id='word_1_168' title='bbox 1120 1167 1275 1198; x_wconf 74' lang='lat' dir='ltr'>Cardinalis</span> 
     </span>
     <span class='ocr_line' id='line_1_27' title="bbox 209 1204 1230 1244; baseline -0.001 -6"><span class='ocrx_word' id='word_1_169' title='bbox 209 1206 370 1244; x_wconf 78' lang='lat' dir='ltr'>&amp;jacobi‚</span> <span class='ocrx_word' id='word_1_170' title='bbox 384 1206 414 1234; x_wconf 89' lang='lat' dir='ltr'>in</span> <span class='ocrx_word' id='word_1_171' title='bbox 431 1204 644 1235; x_wconf 66' lang='lat' dir='ltr'>Proteffionem</span> <span class='ocrx_word' id='word_1_172' title='bbox 657 1206 690 1236; x_wconf 86' lang='lat'>&amp;</span> <span class='ocrx_word' id='word_1_173' title='bbox 708 1204 910 1235; x_wconf 86' lang='lat' dir='ltr'>Defensionem</span> <span class='ocrx_word' id='word_1_174' title='bbox 926 1207 1049 1236; x_wconf 73' lang='lat' dir='ltr'>nostram</span> <span class='ocrx_word' id='word_1_175' title='bbox 1068 1206 1230 1244; x_wconf 73' lang='lat' dir='ltr'>specialem,</span> 
     </span>
    </p>

    <p class='ocr_par' dir='ltr' id='par_1_13' title="bbox 208 1243 1275 1389">
     <span class='ocr_line' id='line_1_28' title="bbox 248 1243 1275 1283; baseline 0 -8"><span class='ocrx_word' id='word_1_176' title='bbox 248 1245 286 1276; x_wconf 89' lang='lat' dir='ltr'>Et</span> <span class='ocrx_word' id='word_1_177' title='bbox 301 1244 368 1274; x_wconf 80' lang='lat' dir='ltr'>ideo</span> <span class='ocrx_word' id='word_1_178' title='bbox 386 1243 468 1273; x_wconf 90' lang='lat' dir='ltr'>vobis</span> <span class='ocrx_word' id='word_1_179' title='bbox 485 1243 650 1273; x_wconf 87' lang='lat' dir='ltr'>mandamus</span> <span class='ocrx_word' id='word_1_180' title='bbox 664 1243 742 1281; x_wconf 82' lang='lat' dir='ltr'>quod</span> <span class='ocrx_word' id='word_1_181' title='bbox 764 1243 852 1281; x_wconf 90' lang='lat' dir='ltr'>ipsum</span> <span class='ocrx_word' id='word_1_182' title='bbox 870 1243 1031 1283; x_wconf 89' lang='lat' dir='ltr'>Jacobum,</span> <span class='ocrx_word' id='word_1_183' title='bbox 1050 1244 1198 1283; x_wconf 57' lang='lat' dir='ltr'>Car-etim,</span> <span class='ocrx_word' id='word_1_184' title='bbox 1217 1244 1275 1275; x_wconf 81' lang='lat' dir='ltr'>Ca-</span> 
     </span>
     <span class='ocr_line' id='line_1_29' title="bbox 209 1281 1275 1322; baseline 0 -9"><span class='ocrx_word' id='word_1_185' title='bbox 209 1283 312 1322; x_wconf 84' lang='lat' dir='ltr'>riagia,</span> <span class='ocrx_word' id='word_1_186' title='bbox 330 1283 363 1313; x_wconf 90' lang='lat'>&amp;</span> <span class='ocrx_word' id='word_1_187' title='bbox 385 1281 497 1320; x_wconf 82' lang='lat' dir='ltr'>Equos,</span> <span class='ocrx_word' id='word_1_188' title='bbox 518 1291 629 1312; x_wconf 86' lang='lat' dir='ltr'>necnon</span> <span class='ocrx_word' id='word_1_189' title='bbox 646 1281 717 1320; x_wconf 87' lang='lat' dir='ltr'>Res,</span> <span class='ocrx_word' id='word_1_190' title='bbox 738 1281 892 1319; x_wconf 71' lang='lat' dir='ltr'>Redditus,</span> <span class='ocrx_word' id='word_1_191' title='bbox 911 1283 944 1313; x_wconf 87' lang='lat'>&amp;</span> <span class='ocrx_word' id='word_1_192' title='bbox 967 1294 1065 1313; x_wconf 84' lang='lat' dir='ltr'>omnes</span> <span class='ocrx_word' id='word_1_193' title='bbox 1089 1283 1275 1313; x_wconf 65' lang='lat' dir='ltr'>Poiieiiiones</span> 
     </span>
     <span class='ocr_line' id='line_1_30' title="bbox 208 1319 1275 1361; baseline -0.002 -9"><span class='ocrx_word' id='word_1_194' title='bbox 208 1321 333 1359; x_wconf 85' lang='lat' dir='ltr'>ipsorum</span> <span class='ocrx_word' id='word_1_195' title='bbox 349 1320 505 1350; x_wconf 84' lang='lat' dir='ltr'>Cardinalis</span> <span class='ocrx_word' id='word_1_196' title='bbox 518 1320 664 1358; x_wconf 84' lang='lat' dir='ltr'>&amp;Jacobi</span> <span class='ocrx_word' id='word_1_197' title='bbox 683 1321 897 1359; x_wconf 77' lang='lat' dir='ltr'>manuteneatis,</span> <span class='ocrx_word' id='word_1_198' title='bbox 915 1319 973 1356; x_wconf 60' lang='lat' dir='ltr'>&amp;a</span> <span class='ocrx_word' id='word_1_199' title='bbox 992 1329 1072 1360; x_wconf 73' lang='lat' dir='ltr'>prout</span> <span class='ocrx_word' id='word_1_200' title='bbox 1091 1325 1118 1350; x_wconf 65' lang='lat' dir='ltr'>ist</span> <span class='ocrx_word' id='word_1_201' title='bbox 1138 1322 1275 1361; x_wconf 60' lang='lat' dir='ltr'>consimili-</span> 
     </span>
     <span class='ocr_line' id='line_1_31' title="bbox 209 1359 606 1389; baseline -0.005 0"><span class='ocrx_word' id='word_1_202' title='bbox 209 1360 255 1389; x_wconf 80' lang='lat' dir='ltr'>bus</span> <span class='ocrx_word' id='word_1_203' title='bbox 270 1361 302 1389; x_wconf 84' lang='lat' dir='ltr'>de</span> <span class='ocrx_word' id='word_1_204' title='bbox 316 1359 481 1388; x_wconf 68' lang='lat' dir='ltr'>Protecflione</span> <span class='ocrx_word' id='word_1_205' title='bbox 496 1361 606 1388; x_wconf 80' lang='lat' dir='ltr'>Literis.</span> 
     </span>
    </p>

    <p class='ocr_par' dir='ltr' id='par_1_14' title="bbox 214 1396 1276 1436">
     <span class='ocr_line' id='line_1_32' title="bbox 214 1396 1276 1436; baseline 0.003 -10"><span class='ocrx_word' id='word_1_206' title='bbox 214 1425 220 1436; x_wconf 44' lang='grc' dir='ltr'>ι</span> <span class='ocrx_word' id='word_1_207' title='bbox 255 1397 287 1427; x_wconf 90' lang='lat' dir='ltr'>In</span> <span class='ocrx_word' id='word_1_208' title='bbox 297 1396 553 1436; x_wconf 86' lang='lat' dir='ltr'>cujus,&amp;c.usque</span> <span class='ocrx_word' id='word_1_209' title='bbox 560 1397 592 1427; x_wconf 90' lang='lat' dir='ltr'>ad</span> <span class='ocrx_word' id='word_1_210' title='bbox 603 1396 715 1427; x_wconf 86' lang='lat' dir='ltr'>Festum</span> <span class='ocrx_word' id='word_1_211' title='bbox 729 1397 842 1428; x_wconf 77' lang='lat' dir='ltr'>Paschae</span> <span class='ocrx_word' id='word_1_212' title='bbox 850 1398 982 1435; x_wconf 76' lang='lat' dir='ltr'>proximo</span> <span class='ocrx_word' id='word_1_213' title='bbox 990 1398 1111 1428; x_wconf 89' lang='lat' dir='ltr'>futurum</span> <span class='ocrx_word' id='word_1_214' title='bbox 1127 1399 1276 1429; x_wconf 79' lang='lat' dir='ltr'>duraturas-</span> 
     </span>
    </p>

    <p class='ocr_par' dir='ltr' id='par_1_15' title="bbox 247 1434 1118 1475">
     <span class='ocr_line' id='line_1_33' title="bbox 247 1434 1118 1475; baseline 0.001 -10"><span class='ocrx_word' id='word_1_215' title='bbox 247 1435 336 1466; x_wconf 90' lang='lat' dir='ltr'>Teste</span> <span class='ocrx_word' id='word_1_216' title='bbox 352 1435 432 1475; x_wconf 83' lang='lat' dir='ltr'>Rege</span> <span class='ocrx_word' id='word_1_217' title='bbox 446 1436 519 1473; x_wconf 88' lang='lat' dir='ltr'>apud</span> <span class='ocrx_word' id='word_1_218' title='bbox 534 1434 816 1466; x_wconf 84' lang='lat' dir='ltr'>Westmonasterium</span> <span class='ocrx_word' id='word_1_219' title='bbox 825 1459 834 1474; x_wconf 94' lang='lat'>,</span> <span class='ocrx_word' id='word_1_220' title='bbox 853 1436 975 1466; x_wconf 89' lang='lat' dir='ltr'>secundo</span> <span class='ocrx_word' id='word_1_221' title='bbox 985 1437 1030 1466; x_wconf 87' lang='lat' dir='ltr'>die</span> <span class='ocrx_word' id='word_1_222' title='bbox 1041 1436 1118 1474; x_wconf 73' lang='lat' dir='ltr'>julii.</span> 
     </span>
    </p>
   </div>
   <div class='ocr_carea' id='block_1_9' title="bbox 1104 1515 1208 1518">
    <p class='ocr_par' dir='ltr' id='par_1_16' title="bbox 1104 1515 1208 1518">
     <span class='ocr_line' id='line_1_34' title="bbox 1104 1515 1208 1518; baseline 0 0"><span class='ocrx_word' id='word_1_223' title='bbox 1104 1515 1208 1518; x_wconf 95' lang='lat' dir='ltr'> </span> 
     </span>
    </p>
   </div>
   <div class='ocr_carea' id='block_1_10' title="bbox 320 1551 1158 1608">
    <p class='ocr_par' dir='ltr' id='par_1_17' title="bbox 320 1551 1158 1608">
     <span class='ocr_line' id='line_1_35' title="bbox 320 1551 1158 1608; baseline 0.004 -16"><span class='ocrx_word' id='word_1_224' title='bbox 320 1562 370 1593; x_wconf 89' lang='lat' dir='ltr'>De</span> <span class='ocrx_word' id='word_1_225' title='bbox 393 1561 530 1592; x_wconf 77' lang='lat' dir='ltr'>Licentia</span> <span class='ocrx_word' id='word_1_226' title='bbox 548 1559 748 1605; x_wconf 77' lang='lat' dir='ltr'>proficisc’endi</span> <span class='ocrx_word' id='word_1_227' title='bbox 770 1559 815 1593; x_wconf 80' lang='lat' dir='ltr'>ad</span> <span class='ocrx_word' id='word_1_228' title='bbox 837 1563 994 1608; x_wconf 71' lang='lat' dir='ltr'>Adagnam</span> <span class='ocrx_word' id='word_1_229' title='bbox 1019 1551 1158 1596; x_wconf 75' lang='lat' dir='ltr'>Romam.</span> 
     </span>
    </p>
   </div>
   <div class='ocr_carea' id='block_1_11' title="bbox 59 1643 1277 1920">
    <p class='ocr_par' dir='ltr' id='par_1_18' title="bbox 59 1643 1277 1920">
     <span class='ocr_line' id='line_1_36' title="bbox 62 1643 1067 1713; baseline 0.001 -37"><span class='ocrx_word' id='word_1_230' title='bbox 62 1648 138 1685; x_wconf 64' lang='lat' dir='ltr'>Am,</span> <span class='ocrx_word' id='word_1_231' title='bbox 152 1651 194 1683; x_wconf 81' lang='lat' dir='ltr'>D,</span> <span class='ocrx_word' id='word_1_232' title='bbox 208 1643 522 1713; x_wconf 56' lang='lat' dir='ltr'>RE}.UfJiV²¹(¹⁵d&amp;</span> <span class='ocrx_word' id='word_1_233' title='bbox 538 1644 651 1682; x_wconf 78' lang='lat' dir='ltr'>singulis</span> <span class='ocrx_word' id='word_1_234' title='bbox 668 1644 845 1685; x_wconf 88' lang='lat' dir='ltr'>Admirallis,</span> <span class='ocrx_word' id='word_1_235' title='bbox 860 1647 921 1677; x_wconf 88' lang='lat' dir='ltr'>&amp;c.</span> <span class='ocrx_word' id='word_1_236' title='bbox 936 1645 1067 1677; x_wconf 77' lang='lat' dir='ltr'>Salutem.</span> 
     </span>
     <span class='ocr_line' id='line_1_37' title="bbox 318 1691 469 1713; baseline 0 0"><span class='ocrx_word' id='word_1_237' title='bbox 318 1691 393 1713; x_wconf 76' lang='lat' dir='ltr'>cratis</span> <span class='ocrx_word' id='word_1_238' title='bbox 431 1694 469 1713; x_wconf 91' lang='lat' dir='ltr'>uo</span> 
     </span>
     <span class='ocr_line' id='line_1_38' title="bbox 61 1693 1277 1766; baseline 0.002 -15"><span class='ocrx_word' id='word_1_239' title='bbox 61 1700 173 1766; x_wconf 49' lang='grc' dir='ltr'>Αζῧῖῖ</span> <span class='ocrx_word' id='word_1_240' title='bbox 244 1720 326 1752; x_wconf 77' lang='lat' dir='ltr'>Cum</span> <span class='ocrx_word' id='word_1_241' title='bbox 342 1693 508 1752; x_wconf 56' lang='lat' dir='ltr'>Licecilitiarn²</span> <span class='ocrx_word' id='word_1_242' title='bbox 513 1721 685 1760; x_wconf 89' lang='lat' dir='ltr'>dederimus,</span> <span class='ocrx_word' id='word_1_243' title='bbox 702 1722 808 1754; x_wconf 72' lang='lat' dir='ltr'>dilecto</span> <span class='ocrx_word' id='word_1_244' title='bbox 817 1724 914 1761; x_wconf 84' lang='lat' dir='ltr'>nobis,</span> <span class='ocrx_word' id='word_1_245' title='bbox 935 1723 1008 1753; x_wconf 87' lang='lat' dir='ltr'>Adae</span> <span class='ocrx_word' id='word_1_246' title='bbox 1023 1723 1202 1762; x_wconf 81' lang='lat' dir='ltr'>Brabazoun,</span> <span class='ocrx_word' id='word_1_247' title='bbox 1222 1723 1277 1754; x_wconf 92' lang='lat' dir='ltr'>Ci-</span> 
     </span>
     <span class='ocr_line' id='line_1_39' title="bbox 87 1759 1277 1801; baseline 0.002 -10"><span class='ocrx_word' id='word_1_248' title='bbox 87 1792 93 1798; x_wconf 67' lang='grc'>,</span> <span class='ocrx_word' id='word_1_249' title='bbox 130 1790 137 1797; x_wconf 78' lang='lat'>,</span> <span class='ocrx_word' id='word_1_250' title='bbox 207 1760 236 1791; x_wconf 93' lang='lat' dir='ltr'>vi</span> <span class='ocrx_word' id='word_1_251' title='bbox 252 1760 426 1797; x_wconf 85' lang='lat' dir='ltr'>Londoniae,</span> <span class='ocrx_word' id='word_1_252' title='bbox 444 1759 523 1798; x_wconf 84' lang='lat' dir='ltr'>quod</span> <span class='ocrx_word' id='word_1_253' title='bbox 543 1760 599 1798; x_wconf 90' lang='lat' dir='ltr'>ipse</span> <span class='ocrx_word' id='word_1_254' title='bbox 633 1762 687 1791; x_wconf 74' lang='lat' dir='ltr'>una</span> <span class='ocrx_word' id='word_1_255' title='bbox 703 1771 770 1792; x_wconf 91' lang='lat' dir='ltr'>cum</span> <span class='ocrx_word' id='word_1_256' title='bbox 787 1761 950 1800; x_wconf 83' lang='lat' dir='ltr'>quibusdam</span> <span class='ocrx_word' id='word_1_257' title='bbox 965 1761 1159 1801; x_wconf 82' lang='lat' dir='ltr'>Hominibus,</span> <span class='ocrx_word' id='word_1_258' title='bbox 1177 1763 1212 1793; x_wconf 90' lang='lat' dir='ltr'>de</span> <span class='ocrx_word' id='word_1_259' title='bbox 1226 1763 1277 1793; x_wconf 87' lang='lat' dir='ltr'>Fa-</span> 
     </span>
     <span class='ocr_line' id='line_1_40' title="bbox 59 1784 1277 1843; baseline 0.003 -15"><span class='ocrx_word' id='word_1_260' title='bbox 59 1812 175 1843; x_wconf 64' lang='lat' dir='ltr'>pas‚24,</span> <span class='ocrx_word' id='word_1_261' title='bbox 209 1799 285 1829; x_wconf 73' lang='lat' dir='ltr'>milia</span> <span class='ocrx_word' id='word_1_262' title='bbox 304 1798 350 1829; x_wconf 68' lang='lat' dir='ltr'>sua</span> <span class='ocrx_word' id='word_1_263' title='bbox 368 1799 493 1841; x_wconf 62' lang='lat' dir='ltr'>propria,</span> <span class='ocrx_word' id='word_1_264' title='bbox 516 1800 551 1828; x_wconf 93' lang='lat' dir='ltr'>ad</span> <span class='ocrx_word' id='word_1_265' title='bbox 575 1784 717 1837; x_wconf 71' lang='lat' dir='ltr'>Magnam</span> <span class='ocrx_word' id='word_1_266' title='bbox 732 1800 875 1838; x_wconf 81' lang='lat' dir='ltr'>Romam,</span> <span class='ocrx_word' id='word_1_267' title='bbox 894 1810 946 1838; x_wconf 92' lang='lat' dir='ltr'>pro</span> <span class='ocrx_word' id='word_1_268' title='bbox 961 1800 1147 1831; x_wconf 85' lang='lat' dir='ltr'>Absolutione</span> <span class='ocrx_word' id='word_1_269' title='bbox 1161 1803 1277 1832; x_wconf 78' lang='lat' dir='ltr'>Animae</span> 
     </span>
     <span class='ocr_line' id='line_1_41' title="bbox 64 1837 906 1885; baseline 0 -18"><span class='ocrx_word' id='word_1_270' title='bbox 64 1850 94 1873; x_wconf 72' lang='lat' dir='ltr'>F..</span> <span class='ocrx_word' id='word_1_271' title='bbox 107 1854 132 1885; x_wconf 71' lang='lat'>3,</span> <span class='ocrx_word' id='word_1_272' title='bbox 148 1852 174 1882; x_wconf 75' lang='lat' dir='ltr'>p,</span> <span class='ocrx_word' id='word_1_273' title='bbox 206 1837 315 1868; x_wconf 86' lang='lat' dir='ltr'>ibidem</span> <span class='ocrx_word' id='word_1_274' title='bbox 329 1837 501 1875; x_wconf 87' lang='lat' dir='ltr'>optinenda,</span> <span class='ocrx_word' id='word_1_275' title='bbox 515 1840 633 1875; x_wconf 75' lang='lat' dir='ltr'>peregre</span> <span class='ocrx_word' id='word_1_276' title='bbox 647 1838 733 1869; x_wconf 86' lang='lat' dir='ltr'>valeat</span> <span class='ocrx_word' id='word_1_277' title='bbox 748 1838 906 1877; x_wconf 82' lang='lat' dir='ltr'>proficisci,</span> 
     </span>
     <span class='ocr_line' id='line_1_42' title="bbox 62 1875 1276 1920; baseline 0.002 -14"><span class='ocrx_word' id='word_1_278' title='bbox 62 1894 90 1911; x_wconf 73' lang='lat'>2,</span> <span class='ocrx_word' id='word_1_279' title='bbox 104 1893 193 1920; x_wconf 76' lang='lat' dir='ltr'>m‚25,</span> <span class='ocrx_word' id='word_1_280' title='bbox 245 1876 335 1906; x_wconf 88' lang='lat' dir='ltr'>Vobis</span> <span class='ocrx_word' id='word_1_281' title='bbox 361 1876 526 1907; x_wconf 86' lang='lat' dir='ltr'>mandamus</span> <span class='ocrx_word' id='word_1_282' title='bbox 543 1877 623 1914; x_wconf 72' lang='lat' dir='ltr'>quOd</span> <span class='ocrx_word' id='word_1_283' title='bbox 640 1876 729 1914; x_wconf 89' lang='lat' dir='ltr'>ipsum</span> <span class='ocrx_word' id='word_1_284' title='bbox 746 1877 842 1907; x_wconf 83' lang='lat' dir='ltr'>Adam</span> <span class='ocrx_word' id='word_1_285' title='bbox 848 1900 858 1915; x_wconf 94' lang='lat'>,</span> <span class='ocrx_word' id='word_1_286' title='bbox 882 1878 916 1908; x_wconf 88' lang='lat'>&amp;</span> <span class='ocrx_word' id='word_1_287' title='bbox 937 1875 1078 1907; x_wconf 88' lang='lat' dir='ltr'>Homines</span> <span class='ocrx_word' id='word_1_288' title='bbox 1096 1877 1156 1908; x_wconf 88' lang='lat' dir='ltr'>suos</span> <span class='ocrx_word' id='word_1_289' title='bbox 1173 1878 1276 1915; x_wconf 67' lang='lat' dir='ltr'>prredi·</span> 
     </span>
    </p>
   </div>
   <div class='ocr_carea' id='block_1_12' title="bbox 209 1914 1276 1954">
    <p class='ocr_par' dir='ltr' id='par_1_19' title="bbox 209 1914 1276 1954">
     <span class='ocr_line' id='line_1_43' title="bbox 209 1914 1276 1954; baseline 0.002 -10"><span class='ocrx_word' id='word_1_290' title='bbox 209 1914 286 1952; x_wconf 64' lang='lat' dir='ltr'>(Itos,</span> <span class='ocrx_word' id='word_1_291' title='bbox 305 1916 360 1945; x_wconf 61' lang='lat' dir='ltr'>unit</span> <span class='ocrx_word' id='word_1_292' title='bbox 375 1925 443 1945; x_wconf 88' lang='lat' dir='ltr'>cum</span> <span class='ocrx_word' id='word_1_293' title='bbox 459 1914 564 1944; x_wconf 84' lang='lat' dir='ltr'>Tribus</span> <span class='ocrx_word' id='word_1_294' title='bbox 579 1917 672 1953; x_wconf 88' lang='lat' dir='ltr'>equis,</span> <span class='ocrx_word' id='word_1_295' title='bbox 692 1915 736 1946; x_wconf 91' lang='lat' dir='ltr'>vel</span> <span class='ocrx_word' id='word_1_296' title='bbox 757 1916 907 1954; x_wconf 82' lang='lat' dir='ltr'>Qatuor,</span> <span class='ocrx_word' id='word_1_297' title='bbox 922 1926 955 1946; x_wconf 82' lang='lat' dir='ltr'>ac</span> <span class='ocrx_word' id='word_1_298' title='bbox 979 1915 1205 1946; x_wconf 86' lang='lat' dir='ltr'>Rationabilibus</span> <span class='ocrx_word' id='word_1_299' title='bbox 1219 1917 1276 1947; x_wconf 80' lang='lat' dir='ltr'>Ex-</span> 
     </span>
    </p>
   </div>
   <div class='ocr_carea' id='block_1_13' title="bbox 208 1953 1307 1993">
    <p class='ocr_par' dir='ltr' id='par_1_20' title="bbox 208 1953 1307 1993">
     <span class='ocr_line' id='line_1_44' title="bbox 208 1953 1307 1993; baseline 0.003 -10"><span class='ocrx_word' id='word_1_300' title='bbox 208 1953 295 1990; x_wconf 86' lang='lat' dir='ltr'>pensis</span> <span class='ocrx_word' id='word_1_301' title='bbox 309 1954 337 1983; x_wconf 95' lang='lat' dir='ltr'>in</span> <span class='ocrx_word' id='word_1_302' title='bbox 353 1953 448 1991; x_wconf 89' lang='lat' dir='ltr'>Auro,</span> <span class='ocrx_word' id='word_1_303' title='bbox 465 1953 559 1983; x_wconf 88' lang='lat' dir='ltr'>eundo</span> <span class='ocrx_word' id='word_1_304' title='bbox 573 1954 605 1984; x_wconf 93' lang='lat'>&amp;</span> <span class='ocrx_word' id='word_1_305' title='bbox 621 1954 781 1993; x_wconf 86' lang='lat' dir='ltr'>redeundo,</span> <span class='ocrx_word' id='word_1_306' title='bbox 797 1955 868 1985; x_wconf 77' lang='lat' dir='ltr'>cum</span> <span class='ocrx_word' id='word_1_307' title='bbox 882 1954 915 1984; x_wconf 85' lang='lat' dir='ltr'>ad</span> <span class='ocrx_word' id='word_1_308' title='bbox 931 1953 1030 1984; x_wconf 88' lang='lat' dir='ltr'>Portus</span> <span class='ocrx_word' id='word_1_309' title='bbox 1044 1955 1100 1985; x_wconf 78' lang='lat' dir='ltr'>five</span> <span class='ocrx_word' id='word_1_310' title='bbox 1117 1955 1196 1986; x_wconf 89' lang='lat' dir='ltr'>Loca</span> <span class='ocrx_word' id='word_1_311' title='bbox 1218 1955 1275 1986; x_wconf 90' lang='lat' dir='ltr'>Di-</span> <span class='ocrx_word' id='word_1_312' title='bbox 1296 1964 1307 1975; x_wconf 86' lang='lat'><strong>·</strong></span> 
     </span>
    </p>
   </div>
   <div class='ocr_carea' id='block_1_14' title="bbox 208 1991 1277 2264">
    <p class='ocr_par' dir='ltr' id='par_1_21' title="bbox 208 1991 1277 2264">
     <span class='ocr_line' id='line_1_45' title="bbox 208 1991 1277 2032; baseline 0.003 -11"><span class='ocrx_word' id='word_1_313' title='bbox 208 1991 320 2021; x_wconf 64' lang='lat' dir='ltr'>stridffis</span> <span class='ocrx_word' id='word_1_314' title='bbox 341 1991 442 2029; x_wconf 89' lang='lat' dir='ltr'>vestri,</span> <span class='ocrx_word' id='word_1_315' title='bbox 459 1991 539 2022; x_wconf 63' lang='lat' dir='ltr'>causa</span> <span class='ocrx_word' id='word_1_316' title='bbox 563 1992 772 2032; x_wconf 79' lang='lat' dir='ltr'>transfretandi,</span> <span class='ocrx_word' id='word_1_317' title='bbox 790 1992 1008 2031; x_wconf 77' lang='lat' dir='ltr'>declinaverint,</span> <span class='ocrx_word' id='word_1_318' title='bbox 1024 1993 1099 2023; x_wconf 77' lang='lat' dir='ltr'>licite</span> <span class='ocrx_word' id='word_1_319' title='bbox 1119 1994 1153 2024; x_wconf 85' lang='lat'>&amp;</span> <span class='ocrx_word' id='word_1_320' title='bbox 1173 1994 1277 2032; x_wconf 85' lang='lat' dir='ltr'>absque</span> 
     </span>
     <span class='ocr_line' id='line_1_46' title="bbox 209 2030 1276 2068; baseline 0.003 -8"><span class='ocrx_word' id='word_1_321' title='bbox 209 2030 414 2067; x_wconf 88' lang='lat' dir='ltr'>impedimento</span> <span class='ocrx_word' id='word_1_322' title='bbox 428 2030 462 2061; x_wconf 91' lang='lat' dir='ltr'>ad</span> <span class='ocrx_word' id='word_1_323' title='bbox 478 2040 570 2068; x_wconf 89' lang='lat' dir='ltr'>partes</span> <span class='ocrx_word' id='word_1_324' title='bbox 585 2030 793 2062; x_wconf 85' lang='lat' dir='ltr'>Transmarinas</span> <span class='ocrx_word' id='word_1_325' title='bbox 815 2032 925 2062; x_wconf 80' lang='lat' dir='ltr'>transire</span> <span class='ocrx_word' id='word_1_326' title='bbox 939 2032 1100 2068; x_wconf 85' lang='lat' dir='ltr'>permittatis</span> <span class='ocrx_word' id='word_1_327' title='bbox 1120 2033 1168 2068; x_wconf 89' lang='lat' dir='ltr'>(ita</span> <span class='ocrx_word' id='word_1_328' title='bbox 1182 2041 1276 2063; x_wconf 82' lang='lat' dir='ltr'>tamen</span> 
     </span>
     <span class='ocr_line' id='line_1_47' title="bbox 209 2068 1276 2108; baseline 0.004 -10"><span class='ocrx_word' id='word_1_329' title='bbox 209 2068 288 2106; x_wconf 81' lang='lat' dir='ltr'>quod</span> <span class='ocrx_word' id='word_1_330' title='bbox 306 2068 470 2106; x_wconf 88' lang='lat' dir='ltr'>Apporrum</span> <span class='ocrx_word' id='word_1_331' title='bbox 491 2069 629 2107; x_wconf 83' lang='lat' dir='ltr'>aliquem,</span> <span class='ocrx_word' id='word_1_332' title='bbox 647 2070 679 2098; x_wconf 87' lang='lat' dir='ltr'>in</span> <span class='ocrx_word' id='word_1_333' title='bbox 696 2070 775 2100; x_wconf 91' lang='lat' dir='ltr'>Auro</span> <span class='ocrx_word' id='word_1_334' title='bbox 795 2069 840 2100; x_wconf 91' lang='lat' dir='ltr'>vel</span> <span class='ocrx_word' id='word_1_335' title='bbox 860 2070 1006 2108; x_wconf 80' lang='lat' dir='ltr'>Argento,</span> <span class='ocrx_word' id='word_1_336' title='bbox 1024 2069 1092 2101; x_wconf 85' lang='lat' dir='ltr'>ultra</span> <span class='ocrx_word' id='word_1_337' title='bbox 1109 2070 1198 2101; x_wconf 65' lang='lat' dir='ltr'>dietas</span> <span class='ocrx_word' id='word_1_338' title='bbox 1217 2071 1276 2102; x_wconf 80' lang='lat' dir='ltr'>Ex-</span> 
     </span>
     <span class='ocr_line' id='line_1_48' title="bbox 209 2107 1276 2148; baseline 0.004 -12"><span class='ocrx_word' id='word_1_339' title='bbox 209 2107 302 2144; x_wconf 84' lang='lat' dir='ltr'>pensas</span> <span class='ocrx_word' id='word_1_340' title='bbox 316 2107 389 2145; x_wconf 85' lang='lat' dir='ltr'>suas,</span> <span class='ocrx_word' id='word_1_341' title='bbox 409 2107 530 2137; x_wconf 76' lang='lat' dir='ltr'>minime</span> <span class='ocrx_word' id='word_1_342' title='bbox 552 2107 644 2143; x_wconf 81' lang='lat' dir='ltr'>faciat)</span> <span class='ocrx_word' id='word_1_343' title='bbox 672 2107 879 2147; x_wconf 85' lang='lat' dir='ltr'>Ordinatione,</span> <span class='ocrx_word' id='word_1_344' title='bbox 904 2108 948 2138; x_wconf 79' lang='lat' dir='ltr'>ieu</span> <span class='ocrx_word' id='word_1_345' title='bbox 971 2107 1218 2148; x_wconf 84' lang='lat' dir='ltr'>Proclamatione,</span> <span class='ocrx_word' id='word_1_346' title='bbox 1235 2110 1276 2141; x_wconf 84' lang='lat' dir='ltr'>fa-</span> 
     </span>
     <span class='ocr_line' id='line_1_49' title="bbox 210 2144 1201 2214; baseline 0.004 -39"><span class='ocrx_word' id='word_1_347' title='bbox 210 2144 259 2213; x_wconf 57' lang='lat'>622}</span> <span class='ocrx_word' id='word_1_348' title='bbox 267 2167 275 2182; x_wconf 89' lang='lat'>,</span> <span class='ocrx_word' id='word_1_349' title='bbox 293 2152 339 2188; x_wconf 74' lang='lat' dir='ltr'>aut</span> <span class='ocrx_word' id='word_1_350' title='bbox 356 2144 510 2214; x_wconf 48' lang='lat' dir='ltr'>Maggiato,</span> <span class='ocrx_word' id='word_1_351' title='bbox 527 2146 607 2175; x_wconf 90' lang='lat' dir='ltr'>vobis</span> <span class='ocrx_word' id='word_1_352' title='bbox 619 2146 729 2177; x_wconf 66' lang='lat' dir='ltr'>directo</span> <span class='ocrx_word' id='word_1_353' title='bbox 743 2147 773 2176; x_wconf 94' lang='lat' dir='ltr'>in</span> <span class='ocrx_word' id='word_1_354' title='bbox 787 2147 978 2185; x_wconf 86' lang='lat' dir='ltr'>contrarium,</span> <span class='ocrx_word' id='word_1_355' title='bbox 994 2157 1054 2176; x_wconf 91' lang='lat' dir='ltr'>non</span> <span class='ocrx_word' id='word_1_356' title='bbox 1066 2147 1201 2179; x_wconf 86' lang='lat' dir='ltr'>obstante.</span> 
     </span>
     <span class='ocr_line' id='line_1_50' title="bbox 262 2193 463 2220; baseline 0.005 -8"><span class='ocrx_word' id='word_1_357' title='bbox 262 2193 280 2212; x_wconf 91' lang='lat' dir='ltr'>n</span> <span class='ocrx_word' id='word_1_358' title='bbox 293 2193 369 2220; x_wconf 78' lang='lat' dir='ltr'>cujus</span> <span class='ocrx_word' id='word_1_359' title='bbox 439 2193 463 2213; x_wconf 89' lang='lat' dir='ltr'>c.</span> 
     </span>
     <span class='ocr_line' id='line_1_51' title="bbox 284 2206 1276 2264; baseline 0.004 -12"><span class='ocrx_word' id='word_1_360' title='bbox 284 2206 467 2261; x_wconf 80' lang='lat' dir='ltr'>Teste&#39;Rege</span> <span class='ocrx_word' id='word_1_361' title='bbox 482 2222 555 2260; x_wconf 83' lang='lat' dir='ltr'>apud</span> <span class='ocrx_word' id='word_1_362' title='bbox 570 2222 613 2252; x_wconf 83' lang='lat' dir='ltr'>W</span> <span class='ocrx_word' id='word_1_363' title='bbox 615 2222 860 2253; x_wconf 86' lang='lat' dir='ltr'>estmonasterium</span> <span class='ocrx_word' id='word_1_364' title='bbox 869 2246 878 2261; x_wconf 89' lang='lat'>,</span> <span class='ocrx_word' id='word_1_365' title='bbox 895 2223 1010 2254; x_wconf 89' lang='lat' dir='ltr'>decimo</span> <span class='ocrx_word' id='word_1_366' title='bbox 1024 2224 1130 2255; x_wconf 66' lang='lat' dir='ltr'>octavo</span> <span class='ocrx_word' id='word_1_367' title='bbox 1144 2224 1190 2255; x_wconf 92' lang='lat' dir='ltr'>die</span> <span class='ocrx_word' id='word_1_368' title='bbox 1199 2225 1276 2264; x_wconf 91' lang='lat' dir='ltr'>Julii.</span> 
     </span>
    </p>
   </div>
   <div class='ocr_carea' id='block_1_15' title="bbox 705 2279 1172 2320">
    <p class='ocr_par' dir='ltr' id='par_1_22' title="bbox 705 2279 1172 2320">
     <span class='ocr_line' id='line_1_52' title="bbox 705 2279 1172 2320; baseline 0.006 -11"><span class='ocrx_word' id='word_1_369' title='bbox 705 2280 758 2309; x_wconf 73' lang='grc' dir='ltr'>Ρὲν</span> <span class='ocrx_word' id='word_1_370' title='bbox 777 2279 880 2310; x_wconf 81' lang='lat' dir='ltr'>Billam</span> <span class='ocrx_word' id='word_1_371' title='bbox 897 2280 929 2309; x_wconf 82' lang='lat' dir='ltr'>de</span> <span class='ocrx_word' id='word_1_372' title='bbox 939 2284 1056 2319; x_wconf 79' lang='lat' dir='ltr'>privato</span> <span class='ocrx_word' id='word_1_373' title='bbox 1073 2281 1172 2320; x_wconf 77' lang='lat' dir='ltr'>Sigillo.</span> 
     </span>
    </p>
   </div>
   <div class='ocr_carea' id='block_1_16' title="bbox 219 2352 1263 2367">
    <p class='ocr_par' dir='ltr' id='par_1_23' title="bbox 219 2352 1263 2367">
     <span class='ocr_line' id='line_1_53' title="bbox 219 2352 1263 2367; baseline 0 0"><span class='ocrx_word' id='word_1_374' title='bbox 219 2352 1263 2367; x_wconf 95' lang='lat' dir='ltr'> </span> 
     </span>
    </p>
   </div>
   <div class='ocr_carea' id='block_1_17' title="bbox 62 2404 1278 2549">
    <p class='ocr_par' dir='ltr' id='par_1_24' title="bbox 62 2404 1278 2549">
     <span class='ocr_line' id='line_1_54' title="bbox 62 2404 1276 2461; baseline 0.007 -24"><span class='ocrx_word' id='word_1_375' title='bbox 62 2424 194 2461; x_wconf 70' lang='lat' dir='ltr'>*V.678.</span> <span class='ocrx_word' id='word_1_376' title='bbox 211 2404 302 2439; x_wconf 83' lang='lat' dir='ltr'>*Ad</span> <span class='ocrx_word' id='word_1_377' title='bbox 321 2408 434 2452; x_wconf 75' lang='lat' dir='ltr'>Papam</span> <span class='ocrx_word' id='word_1_378' title='bbox 450 2433 460 2448; x_wconf 92' lang='lat'>,</span> <span class='ocrx_word' id='word_1_379' title='bbox 493 2406 530 2439; x_wconf 81' lang='lat' dir='ltr'>de</span> <span class='ocrx_word' id='word_1_380' title='bbox 553 2410 686 2440; x_wconf 79' lang='lat' dir='ltr'>Nunciis</span> <span class='ocrx_word' id='word_1_381' title='bbox 702 2408 794 2454; x_wconf 58' lang='grc' dir='ltr'>[ἔφη</span> <span class='ocrx_word' id='word_1_382' title='bbox 819 2413 895 2443; x_wconf 81' lang='lat' dir='ltr'>Pace</span> <span class='ocrx_word' id='word_1_383' title='bbox 920 2423 1021 2444; x_wconf 76' lang='lat' dir='ltr'>coram</span> <span class='ocrx_word' id='word_1_384' title='bbox 1045 2412 1103 2457; x_wconf 73' lang='lat' dir='ltr'>ipsb</span> <span class='ocrx_word' id='word_1_385' title='bbox 1127 2413 1276 2445; x_wconf 55' lang='lat' dir='ltr'>tradimu-</span> 
     </span>
     <span class='ocr_line' id='line_1_55' title="bbox 260 2453 1278 2505; baseline 0.009 -20"><span class='ocrx_word' id='word_1_386' title='bbox 260 2459 302 2486; x_wconf 89' lang='lat' dir='ltr'>ris</span> <span class='ocrx_word' id='word_1_387' title='bbox 317 2481 326 2496; x_wconf 86' lang='lat'>‚</span> <span class='ocrx_word' id='word_1_388' title='bbox 358 2457 394 2492; x_wconf 64' lang='grc' dir='ltr'>(ῤ’</span> <span class='ocrx_word' id='word_1_389' title='bbox 418 2453 454 2486; x_wconf 81' lang='lat' dir='ltr'>dc</span> <span class='ocrx_word' id='word_1_390' title='bbox 486 2457 597 2488; x_wconf 84' lang='lat' dir='ltr'>Literis</span> <span class='ocrx_word' id='word_1_391' title='bbox 628 2459 732 2489; x_wconf 74' lang='lat' dir='ltr'>Securi</span> <span class='ocrx_word' id='word_1_392' title='bbox 758 2457 943 2502; x_wconf 56' lang='lat' dir='ltr'>Condufflus,</span> <span class='ocrx_word' id='word_1_393' title='bbox 968 2459 1028 2505; x_wconf 81' lang='lat' dir='ltr'>fhb</span> <span class='ocrx_word' id='word_1_394' title='bbox 1053 2460 1108 2504; x_wconf 76' lang='lat' dir='ltr'>fici</span> <span class='ocrx_word' id='word_1_395' title='bbox 1138 2462 1278 2494; x_wconf 81' lang='lat' dir='ltr'>Nominis</span> 
     </span>
     <span class='ocr_line' id='line_1_56' title="bbox 257 2502 817 2549; baseline 0.004 -13"><span class='ocrx_word' id='word_1_396' title='bbox 257 2503 346 2536; x_wconf 79' lang='lat' dir='ltr'>Bulla</span> <span class='ocrx_word' id='word_1_397' title='bbox 358 2502 487 2546; x_wconf 79' lang='lat' dir='ltr'>fiendis,</span> <span class='ocrx_word' id='word_1_398' title='bbox 513 2502 551 2535; x_wconf 80' lang='lat' dir='ltr'>ab</span> <span class='ocrx_word' id='word_1_399' title='bbox 575 2505 631 2549; x_wconf 71' lang='lat' dir='ltr'>ipsi}</span> <span class='ocrx_word' id='word_1_400' title='bbox 655 2505 817 2540; x_wconf 79' lang='lat' dir='ltr'>mittendis.</span> 
     </span>
    </p>
   </div>
   <div class='ocr_carea' id='block_1_18' title="bbox 64 2587 1281 2832">
    <p class='ocr_par' dir='ltr' id='par_1_25' title="bbox 65 2587 1278 2756">
     <span class='ocr_line' id='line_1_57' title="bbox 65 2587 1277 2635; baseline 0.008 -19"><span class='ocrx_word' id='word_1_401' title='bbox 65 2603 133 2635; x_wconf 60' lang='lat' dir='ltr'>Arm</span> <span class='ocrx_word' id='word_1_402' title='bbox 151 2603 183 2633; x_wconf 83' lang='lat' dir='ltr'><strong>D</strong></span> <span class='ocrx_word' id='word_1_403' title='bbox 255 2587 425 2618; x_wconf 61' lang='lat' dir='ltr'>Anitissimo</span> <span class='ocrx_word' id='word_1_404' title='bbox 440 2588 468 2617; x_wconf 88' lang='lat' dir='ltr'>in</span> <span class='ocrx_word' id='word_1_405' title='bbox 485 2587 600 2618; x_wconf 86' lang='lat' dir='ltr'>Christo</span> <span class='ocrx_word' id='word_1_406' title='bbox 617 2588 707 2628; x_wconf 89' lang='lat' dir='ltr'>Patri,</span> <span class='ocrx_word' id='word_1_407' title='bbox 725 2590 858 2622; x_wconf 90' lang='lat' dir='ltr'>Domino</span> <span class='ocrx_word' id='word_1_408' title='bbox 880 2591 1038 2631; x_wconf 83' lang='lat' dir='ltr'>Clementi,</span> <span class='ocrx_word' id='word_1_409' title='bbox 1057 2593 1153 2626; x_wconf 67' lang='lat' dir='ltr'>divina</span> <span class='ocrx_word' id='word_1_410' title='bbox 1175 2594 1277 2626; x_wconf 89' lang='lat' dir='ltr'>Provi-</span> 
     </span>
     <span class='ocr_line' id='line_1_58' title="bbox 137 2595 1278 2672; baseline 0.006 -16"><span class='ocrx_word' id='word_1_411' title='bbox 137 2628 159 2672; x_wconf 71' lang='grc' dir='ltr'><strong>Ὀ</strong></span> <span class='ocrx_word' id='word_1_412' title='bbox 186 2627 192 2634; x_wconf 86' lang='grc'><strong>”</strong></span> <span class='ocrx_word' id='word_1_413' title='bbox 213 2595 249 2657; x_wconf 79' lang='lat' dir='ltr'>S</span> <span class='ocrx_word' id='word_1_414' title='bbox 268 2626 381 2664; x_wconf 76' lang='lat' dir='ltr'>dentisi,</span> <span class='ocrx_word' id='word_1_415' title='bbox 398 2626 585 2658; x_wconf 62' lang='lat' dir='ltr'>Sacrosanetae</span> <span class='ocrx_word' id='word_1_416' title='bbox 601 2627 743 2658; x_wconf 63' lang='lat' dir='ltr'>Romanae</span> <span class='ocrx_word' id='word_1_417' title='bbox 764 2640 797 2660; x_wconf 86' lang='lat' dir='ltr'>ac</span> <span class='ocrx_word' id='word_1_418' title='bbox 815 2631 987 2662; x_wconf 86' lang='lat' dir='ltr'>Universalis</span> <span class='ocrx_word' id='word_1_419' title='bbox 1004 2632 1136 2664; x_wconf 83' lang='lat' dir='ltr'>Ecclesiae</span> <span class='ocrx_word' id='word_1_420' title='bbox 1156 2633 1278 2664; x_wconf 82' lang='lat' dir='ltr'>Summo</span> 
     </span>
     <span class='ocr_line' id='line_1_59' title="bbox 65 2651 1278 2711; baseline 0.009 -18"><span class='ocrx_word' id='word_1_421' title='bbox 65 2651 141 2708; x_wconf 43' lang='grc' dir='ltr'>,ξῖ52</span> <span class='ocrx_word' id='word_1_422' title='bbox 162 2665 174 2707; x_wconf 45' lang='grc' dir='ltr'>Ἰ</span> <span class='ocrx_word' id='word_1_423' title='bbox 213 2664 359 2702; x_wconf 78' lang='lat' dir='ltr'>Pontifici,</span> <span class='ocrx_word' id='word_1_424' title='bbox 383 2664 552 2704; x_wconf 84' lang='lat' dir='ltr'>Edwardus,</span> <span class='ocrx_word' id='word_1_425' title='bbox 568 2665 669 2696; x_wconf 77' lang='lat' dir='ltr'>eadem</span> <span class='ocrx_word' id='word_1_426' title='bbox 692 2667 795 2707; x_wconf 65' lang='lat' dir='ltr'>maria,</span> <span class='ocrx_word' id='word_1_427' title='bbox 815 2669 877 2699; x_wconf 79' lang='lat' dir='ltr'>Rex</span> <span class='ocrx_word' id='word_1_428' title='bbox 893 2671 1006 2707; x_wconf 60' lang='lat' dir='ltr'>Angli-x</span> <span class='ocrx_word' id='word_1_429' title='bbox 1027 2673 1060 2703; x_wconf 68' lang='grc' dir='ltr'>ὃ(</span> <span class='ocrx_word' id='word_1_430' title='bbox 1083 2673 1227 2711; x_wconf 82' lang='lat' dir='ltr'>Franciae,</span> <span class='ocrx_word' id='word_1_431' title='bbox 1245 2673 1278 2703; x_wconf 88' lang='lat'>&amp;</span> 
     </span>
     <span class='ocr_line' id='line_1_60' title="bbox 66 2692 1061 2756; baseline 0.008 -24"><span class='ocrx_word' id='word_1_432' title='bbox 66 2697 99 2746; x_wconf 44' lang='lat'>13!</span> <span class='ocrx_word' id='word_1_433' title='bbox 112 2692 163 2756; x_wconf 76' lang='lat'>&#39;34</span> <span class='ocrx_word' id='word_1_434' title='bbox 214 2703 360 2734; x_wconf 88' lang='lat' dir='ltr'>Dominus</span> <span class='ocrx_word' id='word_1_435' title='bbox 375 2702 542 2742; x_wconf 67' lang='lat' dir='ltr'>Hiberniae,</span> <span class='ocrx_word' id='word_1_436' title='bbox 560 2704 662 2735; x_wconf 87' lang='lat' dir='ltr'>devota</span> <span class='ocrx_word' id='word_1_437' title='bbox 677 2705 783 2736; x_wconf 87' lang='lat' dir='ltr'>Pedum</span> <span class='ocrx_word' id='word_1_438' title='bbox 801 2708 893 2739; x_wconf 85' lang='lat' dir='ltr'>oscula</span> <span class='ocrx_word' id='word_1_439' title='bbox 910 2710 1061 2740; x_wconf 86' lang='lat' dir='ltr'>beatorum.</span> 
     </span>
    </p>

    <p class='ocr_par' dir='ltr' id='par_1_26' title="bbox 64 2741 1281 2832">
     <span class='ocr_line' id='line_1_61' title="bbox 64 2741 1279 2788; baseline 0.009 -19"><span class='ocrx_word' id='word_1_440' title='bbox 64 2741 124 2785; x_wconf 53' lang='lat' dir='ltr'>Ram</span> <span class='ocrx_word' id='word_1_441' title='bbox 142 2741 196 2785; x_wconf 51' lang='lat'>¹22.</span> <span class='ocrx_word' id='word_1_442' title='bbox 251 2741 381 2779; x_wconf 76' lang='lat' dir='ltr'>Exposita</span> <span class='ocrx_word' id='word_1_443' title='bbox 393 2742 491 2780; x_wconf 76' lang='lat' dir='ltr'>nobis,</span> <span class='ocrx_word' id='word_1_444' title='bbox 509 2743 541 2773; x_wconf 64' lang='grc' dir='ltr'>ὃς</span> <span class='ocrx_word' id='word_1_445' title='bbox 558 2753 604 2780; x_wconf 88' lang='lat' dir='ltr'>per</span> <span class='ocrx_word' id='word_1_446' title='bbox 619 2754 668 2774; x_wconf 92' lang='lat' dir='ltr'>nos</span> <span class='ocrx_word' id='word_1_447' title='bbox 685 2744 790 2781; x_wconf 76' lang='lat' dir='ltr'>plenius</span> <span class='ocrx_word' id='word_1_448' title='bbox 805 2747 959 2785; x_wconf 64' lang='lat' dir='ltr'>intellecta,</span> <span class='ocrx_word' id='word_1_449' title='bbox 978 2748 1279 2788; x_wconf 72' lang='lat' dir='ltr'>Forma&#39;l&#39;reugarum,</span> 
     </span>
     <span class='ocr_line' id='line_1_62' title="bbox 68 2779 1281 2832; baseline 0.009 -25"><span class='ocrx_word' id='word_1_450' title='bbox 68 2805 113 2832; x_wconf 38' lang='lat'>²3-</span> <span class='ocrx_word' id='word_1_451' title='bbox 129 2779 173 2830; x_wconf 37' lang='lat'>’24&#39;</span> <span class='ocrx_word' id='word_1_452' title='bbox 252 2779 327 2810; x_wconf 89' lang='lat' dir='ltr'>Inter</span> <span class='ocrx_word' id='word_1_453' title='bbox 342 2780 471 2810; x_wconf 89' lang='lat' dir='ltr'>Nuncios</span> <span class='ocrx_word' id='word_1_454' title='bbox 484 2780 590 2811; x_wconf 90' lang='lat' dir='ltr'>nostros</span> <span class='ocrx_word' id='word_1_455' title='bbox 609 2782 644 2812; x_wconf 72' lang='grc' dir='ltr'>δε</span> <span class='ocrx_word' id='word_1_456' title='bbox 661 2781 784 2814; x_wconf 89' lang='lat' dir='ltr'>Domini</span> <span class='ocrx_word' id='word_1_457' title='bbox 799 2784 921 2824; x_wconf 86' lang='lat' dir='ltr'>Philippi</span> <span class='ocrx_word' id='word_1_458' title='bbox 938 2787 972 2816; x_wconf 91' lang='lat' dir='ltr'>de</span> <span class='ocrx_word' id='word_1_459' title='bbox 988 2787 1113 2824; x_wconf 84' lang='lat' dir='ltr'>Valesio,</span> <span class='ocrx_word' id='word_1_460' title='bbox 1130 2788 1170 2817; x_wconf 92' lang='lat' dir='ltr'>ob</span> <span class='ocrx_word' id='word_1_461' title='bbox 1187 2787 1281 2818; x_wconf 90' lang='lat' dir='ltr'>Reve-</span> 
     </span>
    </p>
   </div>
   <div class='ocr_carea' id='block_1_19' title="bbox 65 2817 1281 2896">
    <p class='ocr_par' dir='ltr' id='par_1_27' title="bbox 65 2817 1281 2896">
     <span class='ocr_line' id='line_1_63' title="bbox 65 2817 1281 2871; baseline -0.004 -10"><span class='ocrx_word' id='word_1_462' title='bbox 65 2838 96 2861; x_wconf 81' lang='grc' dir='ltr'>Ε.</span> <span class='ocrx_word' id='word_1_463' title='bbox 115 2843 141 2871; x_wconf 88' lang='lat'>3.</span> <span class='ocrx_word' id='word_1_464' title='bbox 160 2843 198 2862; x_wconf 87' lang='lat' dir='ltr'>m.</span> <span class='ocrx_word' id='word_1_465' title='bbox 217 2819 333 2862; x_wconf 62' lang='lat' dir='ltr'>“³QO</span> <span class='ocrx_word' id='word_1_466' title='bbox 347 2817 514 2864; x_wconf 68' lang='lat' dir='ltr'>vestram&amp;</span> <span class='ocrx_word' id='word_1_467' title='bbox 528 2818 605 2863; x_wconf 62' lang='lat' dir='ltr'>‚sedis</span> <span class='ocrx_word' id='word_1_468' title='bbox 620 2820 809 2861; x_wconf 68' lang='lat' dir='ltr'>Apostolicae,</span> <span class='ocrx_word' id='word_1_469' title='bbox 827 2834 859 2855; x_wconf 86' lang='lat' dir='ltr'>ac</span> <span class='ocrx_word' id='word_1_470' title='bbox 868 2825 903 2855; x_wconf 93' lang='lat' dir='ltr'>N</span> <span class='ocrx_word' id='word_1_471' title='bbox 906 2826 1054 2856; x_wconf 90' lang='lat' dir='ltr'>unciorum</span> <span class='ocrx_word' id='word_1_472' title='bbox 1069 2825 1225 2856; x_wconf 89' lang='lat' dir='ltr'>vestrorum</span> <span class='ocrx_word' id='word_1_473' title='bbox 1232 2825 1281 2856; x_wconf 90' lang='lat' dir='ltr'>In-</span> 
     </span>
     <span class='ocr_line' id='line_1_64' title="bbox 218 2856 643 2896; baseline 0.005 -10"><span class='ocrx_word' id='word_1_474' title='bbox 218 2856 361 2894; x_wconf 86' lang='lat' dir='ltr'>stantiam,</span> <span class='ocrx_word' id='word_1_475' title='bbox 378 2856 480 2886; x_wconf 85' lang='lat' dir='ltr'>ultimo</span> <span class='ocrx_word' id='word_1_476' title='bbox 495 2866 643 2896; x_wconf 84' lang='lat' dir='ltr'>imtarum,</span> 
     </span>
    </p>
   </div>
   <div class='ocr_carea' id='block_1_20' title="bbox 185 2894 1282 3048">
    <p class='ocr_par' dir='ltr' id='par_1_28' title="bbox 185 2894 1282 3048">
     <span class='ocr_line' id='line_1_65' title="bbox 253 2894 1282 2935; baseline 0.01 -12"><span class='ocrx_word' id='word_1_477' title='bbox 253 2894 300 2924; x_wconf 92' lang='lat' dir='ltr'>Ad</span> <span class='ocrx_word' id='word_1_478' title='bbox 317 2903 422 2924; x_wconf 90' lang='lat' dir='ltr'>certum</span> <span class='ocrx_word' id='word_1_479' title='bbox 437 2903 546 2932; x_wconf 88' lang='lat' dir='ltr'>tempus</span> <span class='ocrx_word' id='word_1_480' title='bbox 565 2895 769 2935; x_wconf 81' lang='lat' dir='ltr'>duraturarum‚</span> <span class='ocrx_word' id='word_1_481' title='bbox 788 2907 817 2929; x_wconf 92' lang='lat' dir='ltr'>ut</span> <span class='ocrx_word' id='word_1_482' title='bbox 834 2901 941 2931; x_wconf 88' lang='lat' dir='ltr'>interim</span> <span class='ocrx_word' id='word_1_483' title='bbox 959 2903 1103 2932; x_wconf 84' lang='lat' dir='ltr'>mittantur</span> <span class='ocrx_word' id='word_1_484' title='bbox 1123 2902 1156 2932; x_wconf 79' lang='lat' dir='ltr'>ad</span> <span class='ocrx_word' id='word_1_485' title='bbox 1172 2902 1282 2933; x_wconf 57' lang='lat' dir='ltr'>Sancti-</span> 
     </span>
     <span class='ocr_line' id='line_1_66' title="bbox 216 2932 1281 2976; baseline 0.009 -14"><span class='ocrx_word' id='word_1_486' title='bbox 216 2933 278 2963; x_wconf 91' lang='lat' dir='ltr'>tatis</span> <span class='ocrx_word' id='word_1_487' title='bbox 290 2932 388 2963; x_wconf 81' lang='lat' dir='ltr'>vestrae</span> <span class='ocrx_word' id='word_1_488' title='bbox 403 2932 574 2970; x_wconf 63' lang='lat' dir='ltr'>praesentiam</span> <span class='ocrx_word' id='word_1_489' title='bbox 591 2934 756 2972; x_wconf 87' lang='lat' dir='ltr'>Solempnes</span> <span class='ocrx_word' id='word_1_490' title='bbox 770 2937 803 2966; x_wconf 87' lang='lat' dir='ltr'>N</span> <span class='ocrx_word' id='word_1_491' title='bbox 807 2939 883 2968; x_wconf 81' lang='lat' dir='ltr'>uncii</span> <span class='ocrx_word' id='word_1_492' title='bbox 893 2961 902 2976; x_wconf 92' lang='lat'>,</span> <span class='ocrx_word' id='word_1_493' title='bbox 922 2941 1028 2971; x_wconf 87' lang='lat' dir='ltr'>ibidem</span> <span class='ocrx_word' id='word_1_494' title='bbox 1044 2941 1080 2971; x_wconf 90' lang='lat' dir='ltr'>de</span> <span class='ocrx_word' id='word_1_495' title='bbox 1102 2940 1176 2972; x_wconf 76' lang='lat' dir='ltr'>Pace</span> <span class='ocrx_word' id='word_1_496' title='bbox 1196 2941 1281 2972; x_wconf 79' lang='lat' dir='ltr'>Pin-ali</span> 
     </span>
     <span class='ocr_line' id='line_1_67' title="bbox 185 2970 890 3039; baseline 0.003 -37"><span class='ocrx_word' id='word_1_497' title='bbox 185 2988 193 2997; x_wconf 91' lang='lat'><strong>·</strong></span> <span class='ocrx_word' id='word_1_498' title='bbox 215 2970 400 3039; x_wconf 54' lang='lat' dir='ltr'>amlixsabffioer</span> <span class='ocrx_word' id='word_1_499' title='bbox 414 2971 569 3011; x_wconf 62' lang='lat' dir='ltr'>tractaturi,</span> <span class='ocrx_word' id='word_1_500' title='bbox 882 2995 890 3004; x_wconf 78' lang='grc'><strong>.</strong></span> 
     </span>
     <span class='ocr_line' id='line_1_68' title="bbox 286 3020 334 3048; baseline -0.021 -9"><span class='ocrx_word' id='word_1_501' title='bbox 286 3020 334 3048; x_wconf 87' lang='lat' dir='ltr'>os,</span> 
     </span>
    </p>
   </div>
   <div class='ocr_carea' id='block_1_21' title="bbox 215 3046 1282 3128">
    <p class='ocr_par' dir='ltr' id='par_1_29' title="bbox 215 3046 1282 3128">
     <span class='ocr_line' id='line_1_69' title="bbox 223 3046 1282 3094; baseline 0.009 -17"><span class='ocrx_word' id='word_1_502' title='bbox 223 3046 226 3049; x_wconf 57' lang='lat'><strong>⁴</strong></span> <span class='ocrx_word' id='word_1_503' title='bbox 252 3048 385 3091; x_wconf 73' lang='lat' dir='ltr'>Volentes</span> <span class='ocrx_word' id='word_1_504' title='bbox 400 3058 445 3086; x_wconf 91' lang='lat' dir='ltr'>ea,</span> <span class='ocrx_word' id='word_1_505' title='bbox 464 3058 526 3086; x_wconf 82' lang='lat' dir='ltr'>quae</span> <span class='ocrx_word' id='word_1_506' title='bbox 542 3047 687 3081; x_wconf 70' lang='lat' dir='ltr'>Condiem</span> <span class='ocrx_word' id='word_1_507' title='bbox 701 3051 778 3090; x_wconf 84' lang='lat' dir='ltr'>sunt,</span> <span class='ocrx_word' id='word_1_508' title='bbox 796 3054 824 3083; x_wconf 86' lang='lat' dir='ltr'>in</span> <span class='ocrx_word' id='word_1_509' title='bbox 847 3053 900 3085; x_wconf 85' lang='lat' dir='ltr'>hac</span> <span class='ocrx_word' id='word_1_510' title='bbox 916 3063 1008 3094; x_wconf 78' lang='lat' dir='ltr'>parte,</span> <span class='ocrx_word' id='word_1_511' title='bbox 1029 3063 1161 3094; x_wconf 83' lang='lat' dir='ltr'>quantum</span> <span class='ocrx_word' id='word_1_512' title='bbox 1181 3056 1217 3087; x_wconf 87' lang='lat' dir='ltr'>ad</span> <span class='ocrx_word' id='word_1_513' title='bbox 1231 3067 1282 3087; x_wconf 91' lang='lat' dir='ltr'>nos</span> 
     </span>
     <span class='ocr_line' id='line_1_70' title="bbox 215 3088 730 3128; baseline 0.004 -11"><span class='ocrx_word' id='word_1_514' title='bbox 215 3094 329 3125; x_wconf 84' lang='lat' dir='ltr'>attinet,</span> <span class='ocrx_word' id='word_1_515' title='bbox 347 3095 376 3117; x_wconf 88' lang='lat' dir='ltr'>ut</span> <span class='ocrx_word' id='word_1_516' title='bbox 390 3088 524 3118; x_wconf 90' lang='lat' dir='ltr'>convenit</span> <span class='ocrx_word' id='word_1_517' title='bbox 531 3110 541 3125; x_wconf 88' lang='lat'><em>‚</em></span> <span class='ocrx_word' id='word_1_518' title='bbox 560 3088 730 3128; x_wconf 88' lang='lat' dir='ltr'>adimplere,</span> 
     </span>
    </p>
   </div>
   <div class='ocr_carea' id='block_1_22' title="bbox 153 3163 1103 3477">
    <p class='ocr_par' dir='ltr' id='par_1_30' title="bbox 251 3163 704 3319">
     <span class='ocr_line' id='line_1_71' title="bbox 255 3163 602 3203; baseline 0.003 -9"><span class='ocrx_word' id='word_1_519' title='bbox 255 3163 454 3194; x_wconf 87' lang='lat' dir='ltr'>Venerabilem</span> <span class='ocrx_word' id='word_1_520' title='bbox 471 3163 602 3203; x_wconf 87' lang='lat' dir='ltr'>Patrem,</span> 
     </span>
     <span class='ocr_line' id='line_1_72' title="bbox 256 3201 704 3243; baseline 0.009 -13"><span class='ocrx_word' id='word_1_521' title='bbox 256 3204 299 3231; x_wconf 89' lang='lat' dir='ltr'>W.</span> <span class='ocrx_word' id='word_1_522' title='bbox 318 3201 518 3241; x_wconf 69' lang='lat' dir='ltr'>Norwicearsbm</span> <span class='ocrx_word' id='word_1_523' title='bbox 536 3204 704 3243; x_wconf 76' lang='lat' dir='ltr'>Episc&#39;opum,</span> 
     </span>
     <span class='ocr_line' id='line_1_73' title="bbox 253 3240 585 3278; baseline 0.003 -9"><span class='ocrx_word' id='word_1_524' title='bbox 253 3242 397 3269; x_wconf 81' lang='lat' dir='ltr'>Henricum</span> <span class='ocrx_word' id='word_1_525' title='bbox 416 3240 585 3278; x_wconf 70' lang='lat' dir='ltr'>Lancastrtae</span> 
     </span>
     <span class='ocr_line' id='line_1_74' title="bbox 251 3265 669 3319; baseline 0.01 -12"><span class='ocrx_word' id='word_1_526' title='bbox 251 3280 294 3307; x_wconf 86' lang='lat' dir='ltr'>Et</span> <span class='ocrx_word' id='word_1_527' title='bbox 310 3277 474 3308; x_wconf 83' lang='lat' dir='ltr'>Richardum</span> <span class='ocrx_word' id='word_1_528' title='bbox 491 3265 669 3319; x_wconf 76' lang='lat' dir='ltr'>Arund’ellae,</span> 
     </span>
    </p>

    <p class='ocr_par' dir='ltr' id='par_1_31' title="bbox 222 3316 399 3355">
     <span class='ocr_line' id='line_1_75' title="bbox 222 3316 399 3355; baseline 0.006 -9"><span class='ocrx_word' id='word_1_529' title='bbox 222 3352 224 3354; x_wconf 26' lang='grc'><strong>,</strong></span> <span class='ocrx_word' id='word_1_530' title='bbox 252 3316 399 3355; x_wconf 82' lang='lat' dir='ltr'>Comites,</span> 
     </span>
    </p>

    <p class='ocr_par' dir='ltr' id='par_1_32' title="bbox 153 3354 789 3398">
     <span class='ocr_line' id='line_1_76' title="bbox 153 3354 789 3398; baseline 0.011 -15"><span class='ocrx_word' id='word_1_531' title='bbox 153 3369 160 3382; x_wconf 69' lang='lat'>2</span> <span class='ocrx_word' id='word_1_532' title='bbox 255 3354 485 3386; x_wconf 81' lang='lat' dir='ltr'>Consanouineos</span> <span class='ocrx_word' id='word_1_533' title='bbox 498 3357 605 3389; x_wconf 86' lang='lat' dir='ltr'>nostros</span> <span class='ocrx_word' id='word_1_534' title='bbox 620 3358 789 3398; x_wconf 83' lang='lat' dir='ltr'>cariffimos,</span> 
     </span>
    </p>

    <p class='ocr_par' dir='ltr' id='par_1_33' title="bbox 223 3393 1103 3443">
     <span class='ocr_line' id='line_1_77' title="bbox 223 3393 1103 3443; baseline 0.015 -21"><span class='ocrx_word' id='word_1_535' title='bbox 223 3428 225 3431; x_wconf 14' lang='grc' dir='ltr'><em>Α</em></span> <span class='ocrx_word' id='word_1_536' title='bbox 255 3393 361 3423; x_wconf 83' lang='lat' dir='ltr'>Bartho</span> <span class='ocrx_word' id='word_1_537' title='bbox 373 3405 481 3423; x_wconf 83' lang='lat' dir='ltr'>omaeum</span> <span class='ocrx_word' id='word_1_538' title='bbox 499 3395 531 3424; x_wconf 83' lang='lat' dir='ltr'>de</span> <span class='ocrx_word' id='word_1_539' title='bbox 548 3397 729 3436; x_wconf 63' lang='lat' dir='ltr'>Bur-gherrlh,</span> <span class='ocrx_word' id='word_1_540' title='bbox 744 3398 942 3433; x_wconf 87' lang='lat' dir='ltr'>Camerarium</span> <span class='ocrx_word' id='word_1_541' title='bbox 958 3403 1103 3443; x_wconf 88' lang='lat' dir='ltr'>nostrum,</span> 
     </span>
    </p>

    <p class='ocr_par' dir='ltr' id='par_1_34' title="bbox 257 3429 857 3477">
     <span class='ocr_line' id='line_1_78' title="bbox 257 3429 857 3477; baseline 0.01 -15"><span class='ocrx_word' id='word_1_542' title='bbox 257 3429 295 3462; x_wconf 91' lang='lat' dir='ltr'>Et</span> <span class='ocrx_word' id='word_1_543' title='bbox 310 3432 375 3463; x_wconf 91' lang='lat' dir='ltr'>alios</span> <span class='ocrx_word' id='word_1_544' title='bbox 388 3432 552 3465; x_wconf 86' lang='lat' dir='ltr'>Secretarios</span> <span class='ocrx_word' id='word_1_545' title='bbox 567 3436 600 3466; x_wconf 92' lang='lat'>&amp;</span> <span class='ocrx_word' id='word_1_546' title='bbox 616 3435 722 3466; x_wconf 83' lang='lat' dir='ltr'>Fideles</span> <span class='ocrx_word' id='word_1_547' title='bbox 735 3437 857 3477; x_wconf 84' lang='lat' dir='ltr'>nostros,</span> 
     </span>
    </p>
   </div>
   <div class='ocr_carea' id='block_1_23' title="bbox 216 3504 1284 4127">
    <p class='ocr_par' dir='ltr' id='par_1_35' title="bbox 219 3504 1284 3671">
     <span class='ocr_line' id='line_1_79' title="bbox 249 3504 1281 3560; baseline 0.015 -25"><span class='ocrx_word' id='word_1_548' title='bbox 249 3504 296 3536; x_wconf 82' lang='lat' dir='ltr'>Ad</span> <span class='ocrx_word' id='word_1_549' title='bbox 304 3506 342 3550; x_wconf 69' lang='lat' dir='ltr'>sic</span> <span class='ocrx_word' id='word_1_550' title='bbox 349 3509 522 3552; x_wconf 45' lang='lat' dir='ltr'>tractandum</span> <span class='ocrx_word' id='word_1_551' title='bbox 531 3522 630 3543; x_wconf 89' lang='lat' dir='ltr'>coram</span> <span class='ocrx_word' id='word_1_552' title='bbox 637 3514 719 3544; x_wconf 91' lang='lat' dir='ltr'>vobis</span> <span class='ocrx_word' id='word_1_553' title='bbox 726 3514 833 3545; x_wconf 86' lang='lat' dir='ltr'>nostros</span> <span class='ocrx_word' id='word_1_554' title='bbox 839 3516 1000 3547; x_wconf 87' lang='lat' dir='ltr'>ordinamus</span> <span class='ocrx_word' id='word_1_555' title='bbox 1006 3517 1140 3549; x_wconf 90' lang='lat' dir='ltr'>Nuncios</span> <span class='ocrx_word' id='word_1_556' title='bbox 1145 3519 1281 3560; x_wconf 84' lang='lat' dir='ltr'>speciales,</span> 
     </span>
     <span class='ocr_line' id='line_1_80' title="bbox 222 3544 1281 3598; baseline 0.015 -26"><span class='ocrx_word' id='word_1_557' title='bbox 222 3584 227 3589; x_wconf 30' lang='grc' dir='ltr'>ι</span> <span class='ocrx_word' id='word_1_558' title='bbox 259 3544 320 3581; x_wconf 85' lang='lat' dir='ltr'>Qui</span> <span class='ocrx_word' id='word_1_559' title='bbox 340 3555 448 3577; x_wconf 85' lang='lat' dir='ltr'>eirciter</span> <span class='ocrx_word' id='word_1_560' title='bbox 470 3549 581 3581; x_wconf 89' lang='lat' dir='ltr'>Festum</span> <span class='ocrx_word' id='word_1_561' title='bbox 599 3551 695 3583; x_wconf 74' lang='lat' dir='ltr'>Sanffi</span> <span class='ocrx_word' id='word_1_562' title='bbox 721 3552 887 3593; x_wconf 85' lang='lat' dir='ltr'>Michaelis,</span> <span class='ocrx_word' id='word_1_563' title='bbox 906 3557 1039 3593; x_wconf 76' lang='lat' dir='ltr'>proximo</span> <span class='ocrx_word' id='word_1_564' title='bbox 1053 3557 1113 3594; x_wconf 89' lang='lat' dir='ltr'>jam</span> <span class='ocrx_word' id='word_1_565' title='bbox 1138 3558 1281 3598; x_wconf 83' lang='lat' dir='ltr'>futurum,</span> 
     </span>
     <span class='ocr_line' id='line_1_81' title="bbox 219 3582 1284 3637; baseline 0.016 -27"><span class='ocrx_word' id='word_1_566' title='bbox 219 3582 367 3625; x_wconf 70' lang='lat' dir='ltr'>intendunt</span> <span class='ocrx_word' id='word_1_567' title='bbox 384 3594 493 3622; x_wconf 84' lang='lat' dir='ltr'>propter</span> <span class='ocrx_word' id='word_1_568' title='bbox 514 3588 572 3620; x_wconf 89' lang='lat' dir='ltr'>hoc</span> <span class='ocrx_word' id='word_1_569' title='bbox 589 3590 626 3620; x_wconf 87' lang='lat' dir='ltr'>ad</span> <span class='ocrx_word' id='word_1_570' title='bbox 643 3591 801 3622; x_wconf 66' lang='lat' dir='ltr'>Sandtitatis</span> <span class='ocrx_word' id='word_1_571' title='bbox 817 3593 914 3623; x_wconf 83' lang='lat' dir='ltr'>vestrae</span> <span class='ocrx_word' id='word_1_572' title='bbox 933 3593 1051 3624; x_wconf 89' lang='lat' dir='ltr'>Curiam</span> <span class='ocrx_word' id='word_1_573' title='bbox 1074 3595 1127 3625; x_wconf 85' lang='lat' dir='ltr'>iter</span> <span class='ocrx_word' id='word_1_574' title='bbox 1148 3597 1284 3637; x_wconf 84' lang='lat' dir='ltr'>arripere,</span> 
     </span>
     <span class='ocr_line' id='line_1_82' title="bbox 222 3621 1060 3671; baseline 0.018 -22"><span class='ocrx_word' id='word_1_575' title='bbox 222 3626 242 3651; x_wconf 75' lang='grc' dir='ltr'>ιι</span> <span class='ocrx_word' id='word_1_576' title='bbox 255 3621 291 3651; x_wconf 91' lang='lat' dir='ltr'>de</span> <span class='ocrx_word' id='word_1_577' title='bbox 306 3630 369 3651; x_wconf 90' lang='lat' dir='ltr'>tuto</span> <span class='ocrx_word' id='word_1_578' title='bbox 386 3623 486 3658; x_wconf 84' lang='lat' dir='ltr'>poffint</span> <span class='ocrx_word' id='word_1_579' title='bbox 503 3625 590 3658; x_wconf 88' lang='lat' dir='ltr'>Aditu</span> <span class='ocrx_word' id='word_1_580' title='bbox 604 3628 762 3667; x_wconf 84' lang='lat' dir='ltr'>confidere,</span> <span class='ocrx_word' id='word_1_581' title='bbox 781 3630 941 3671; x_wconf 87' lang='lat' dir='ltr'>Redituque</span> <span class='ocrx_word' id='word_1_582' title='bbox 956 3632 1060 3664; x_wconf 90' lang='lat' dir='ltr'>securo.</span> 
     </span>
    </p>

    <p class='ocr_par' dir='ltr' id='par_1_36' title="bbox 259 3660 906 3708">
     <span class='ocr_line' id='line_1_83' title="bbox 259 3660 906 3708; baseline 0.023 -21"><span class='ocrx_word' id='word_1_583' title='bbox 259 3660 458 3697; x_wconf 84' lang='lat' dir='ltr'>Quamobrem</span> <span class='ocrx_word' id='word_1_584' title='bbox 475 3663 595 3695; x_wconf 88' lang='lat' dir='ltr'>vestram</span> <span class='ocrx_word' id='word_1_585' title='bbox 610 3666 810 3699; x_wconf 85' lang='lat' dir='ltr'>Beatitudinem</span> <span class='ocrx_word' id='word_1_586' title='bbox 819 3693 828 3708; x_wconf 89' lang='lat'>,</span> <span class='ocrx_word' id='word_1_587' title='bbox 902 3678 906 3683; x_wconf 88' lang='lat'>&#39;</span> 
     </span>
    </p>

    <p class='ocr_par' dir='ltr' id='par_1_37' title="bbox 221 3698 1281 3787">
     <span class='ocr_line' id='line_1_84' title="bbox 258 3698 1281 3747; baseline 0.014 -20"><span class='ocrx_word' id='word_1_588' title='bbox 258 3698 359 3742; x_wconf 78' lang='lat' dir='ltr'>Qiam</span> <span class='ocrx_word' id='word_1_589' title='bbox 374 3698 408 3728; x_wconf 92' lang='lat' dir='ltr'>ad</span> <span class='ocrx_word' id='word_1_590' title='bbox 428 3703 631 3742; x_wconf 77' lang='lat' dir='ltr'>procurandum</span> <span class='ocrx_word' id='word_1_591' title='bbox 652 3705 757 3736; x_wconf 88' lang='lat' dir='ltr'>Pacem</span> <span class='ocrx_word' id='word_1_592' title='bbox 780 3708 905 3747; x_wconf 77' lang='lat' dir='ltr'>bonam,</span> <span class='ocrx_word' id='word_1_593' title='bbox 929 3710 963 3741; x_wconf 72' lang='grc' dir='ltr'>ὃς</span> <span class='ocrx_word' id='word_1_594' title='bbox 982 3709 1015 3739; x_wconf 92' lang='lat' dir='ltr'>ad</span> <span class='ocrx_word' id='word_1_595' title='bbox 1039 3709 1226 3740; x_wconf 85' lang='lat' dir='ltr'>ordinandum</span> <span class='ocrx_word' id='word_1_596' title='bbox 1246 3710 1281 3741; x_wconf 86' lang='lat' dir='ltr'>de</span> 
     </span>
     <span class='ocr_line' id='line_1_85' title="bbox 221 3734 1265 3787; baseline 0.014 -23"><span class='ocrx_word' id='word_1_597' title='bbox 221 3734 376 3780; x_wconf 80' lang='lat' dir='ltr'>Securitate</span> <span class='ocrx_word' id='word_1_598' title='bbox 390 3736 576 3782; x_wconf 80' lang='lat' dir='ltr'>Nunc1orum</span> <span class='ocrx_word' id='word_1_599' title='bbox 590 3743 806 3783; x_wconf 59' lang='lat' dir='ltr'>praedietorum,</span> <span class='ocrx_word' id='word_1_600' title='bbox 824 3747 886 3777; x_wconf 85' lang='lat' dir='ltr'>fore</span> <span class='ocrx_word' id='word_1_601' title='bbox 900 3748 1038 3778; x_wconf 82' lang='lat' dir='ltr'>credimus</span> <span class='ocrx_word' id='word_1_602' title='bbox 1051 3749 1098 3785; x_wconf 78' lang='lat' dir='ltr'>pie</span> <span class='ocrx_word' id='word_1_603' title='bbox 1112 3748 1265 3787; x_wconf 86' lang='lat' dir='ltr'>solicitam,</span> 
     </span>
    </p>

    <p class='ocr_par' dir='ltr' id='par_1_38' title="bbox 221 3775 1284 3942">
     <span class='ocr_line' id='line_1_86' title="bbox 263 3775 1284 3825; baseline 0.013 -20"><span class='ocrx_word' id='word_1_604' title='bbox 263 3775 370 3821; x_wconf 57' lang='lat' dir='ltr'>Votivrs</span> <span class='ocrx_word' id='word_1_605' title='bbox 385 3775 530 3821; x_wconf 59' lang='lat' dir='ltr'>afledhbus</span> <span class='ocrx_word' id='word_1_606' title='bbox 542 3779 722 3822; x_wconf 83' lang='lat' dir='ltr'>imploramus</span> <span class='ocrx_word' id='word_1_607' title='bbox 736 3785 860 3821; x_wconf 91' lang='lat' dir='ltr'>quatinus</span> <span class='ocrx_word' id='word_1_608' title='bbox 874 3785 989 3816; x_wconf 81' lang='lat' dir='ltr'>Litteras</span> <span class='ocrx_word' id='word_1_609' title='bbox 1000 3786 1087 3816; x_wconf 85' lang='lat' dir='ltr'>securi</span> <span class='ocrx_word' id='word_1_610' title='bbox 1103 3786 1284 3825; x_wconf 66' lang='lat' dir='ltr'>Condufflis,</span> 
     </span>
     <span class='ocr_line' id='line_1_87' title="bbox 225 3812 1281 3864; baseline 0.012 -21"><span class='ocrx_word' id='word_1_611' title='bbox 225 3812 280 3857; x_wconf 44' lang='lat' dir='ltr'>sub·</span> <span class='ocrx_word' id='word_1_612' title='bbox 289 3813 367 3844; x_wconf 87' lang='lat' dir='ltr'>Bulla</span> <span class='ocrx_word' id='word_1_613' title='bbox 388 3815 484 3844; x_wconf 64' lang='lat' dir='ltr'>banci!</span> <span class='ocrx_word' id='word_1_614' title='bbox 504 3815 586 3859; x_wconf 73' lang='lat' dir='ltr'>vestri</span> <span class='ocrx_word' id='word_1_615' title='bbox 603 3816 758 3858; x_wconf 88' lang='lat' dir='ltr'>Nominis,</span> <span class='ocrx_word' id='word_1_616' title='bbox 777 3823 934 3854; x_wconf 86' lang='lat' dir='ltr'>meliori&amp;</span> <span class='ocrx_word' id='word_1_617' title='bbox 958 3824 1090 3854; x_wconf 88' lang='lat' dir='ltr'>securiori</span> <span class='ocrx_word' id='word_1_618' title='bbox 1114 3825 1204 3855; x_wconf 92' lang='lat' dir='ltr'>modo</span> <span class='ocrx_word' id='word_1_619' title='bbox 1223 3835 1281 3864; x_wconf 82' lang='lat' dir='ltr'>quo</span> 
     </span>
     <span class='ocr_line' id='line_1_88' title="bbox 221 3850 1282 3901; baseline 0.014 -21"><span class='ocrx_word' id='word_1_620' title='bbox 221 3850 282 3895; x_wconf 76' lang='lat' dir='ltr'>fieri</span> <span class='ocrx_word' id='word_1_621' title='bbox 295 3860 440 3896; x_wconf 83' lang='lat' dir='ltr'>poterunt,</span> <span class='ocrx_word' id='word_1_622' title='bbox 457 3863 510 3890; x_wconf 85' lang='lat' dir='ltr'>pro</span> <span class='ocrx_word' id='word_1_623' title='bbox 524 3854 605 3898; x_wconf 63' lang='lat' dir='ltr'>d¹‘st.i⁵</span> <span class='ocrx_word' id='word_1_624' title='bbox 621 3855 762 3896; x_wconf 77' lang='lat' dir='ltr'>NunciiS,</span> <span class='ocrx_word' id='word_1_625' title='bbox 779 3860 812 3889; x_wconf 70' lang='grc' dir='ltr'>ὃς</span> <span class='ocrx_word' id='word_1_626' title='bbox 828 3871 927 3892; x_wconf 90' lang='lat' dir='ltr'>eorum</span> <span class='ocrx_word' id='word_1_627' title='bbox 944 3862 1080 3901; x_wconf 82' lang='lat' dir='ltr'>Familiis,</span> <span class='ocrx_word' id='word_1_628' title='bbox 1099 3863 1132 3892; x_wconf 89' lang='lat'>&amp;</span> <span class='ocrx_word' id='word_1_629' title='bbox 1153 3863 1282 3895; x_wconf 84' lang='lat' dir='ltr'>Familia-</span> 
     </span>
     <span class='ocr_line' id='line_1_89' title="bbox 227 3889 1250 3942; baseline 0.014 -24"><span class='ocrx_word' id='word_1_630' title='bbox 227 3890 318 3928; x_wconf 87' lang='lat' dir='ltr'>nbus,</span> <span class='ocrx_word' id='word_1_631' title='bbox 341 3889 440 3930; x_wconf 84' lang='lat' dir='ltr'>Equis,</span> <span class='ocrx_word' id='word_1_632' title='bbox 459 3892 608 3930; x_wconf 81' lang='lat' dir='ltr'>Hernefiis,</span> <span class='ocrx_word' id='word_1_633' title='bbox 627 3893 660 3924; x_wconf 92' lang='lat'>&amp;</span> <span class='ocrx_word' id='word_1_634' title='bbox 676 3893 772 3925; x_wconf 91' lang='lat' dir='ltr'>Rebus</span> <span class='ocrx_word' id='word_1_635' title='bbox 789 3898 840 3928; x_wconf 89' lang='lat' dir='ltr'>suis</span> <span class='ocrx_word' id='word_1_636' title='bbox 852 3900 908 3929; x_wconf 90' lang='lat' dir='ltr'>aliis</span> <span class='ocrx_word' id='word_1_637' title='bbox 923 3901 1159 3941; x_wconf 88' lang='lat' dir='ltr'>quibuscumque,</span> <span class='ocrx_word' id='word_1_638' title='bbox 1176 3902 1250 3942; x_wconf 85' lang='lat' dir='ltr'>fieri,</span> 
     </span>
    </p>

    <p class='ocr_par' dir='ltr' id='par_1_39' title="bbox 216 3927 1283 4127">
     <span class='ocr_line' id='line_1_90' title="bbox 259 3927 1283 3979; baseline 0.015 -22"><span class='ocrx_word' id='word_1_639' title='bbox 259 3927 315 3972; x_wconf 71' lang='lat' dir='ltr'>Ita,</span> <span class='ocrx_word' id='word_1_640' title='bbox 340 3928 359 3958; x_wconf 83' lang='lat' dir='ltr'>si</span> <span class='ocrx_word' id='word_1_641' title='bbox 375 3929 480 3968; x_wconf 86' lang='lat' dir='ltr'>placet,</span> <span class='ocrx_word' id='word_1_642' title='bbox 496 3932 575 3971; x_wconf 82' lang='lat' dir='ltr'>quod</span> <span class='ocrx_word' id='word_1_643' title='bbox 588 3933 616 3961; x_wconf 94' lang='lat' dir='ltr'>in</span> <span class='ocrx_word' id='word_1_644' title='bbox 632 3932 693 3970; x_wconf 83' lang='lat' dir='ltr'>ipsis</span> <span class='ocrx_word' id='word_1_645' title='bbox 715 3933 822 3965; x_wconf 86' lang='lat' dir='ltr'>Litteris</span> <span class='ocrx_word' id='word_1_646' title='bbox 842 3936 1022 3969; x_wconf 85' lang='lat' dir='ltr'>fulminentur</span> <span class='ocrx_word' id='word_1_647' title='bbox 1044 3938 1176 3970; x_wconf 84' lang='lat' dir='ltr'>Censurae</span> <span class='ocrx_word' id='word_1_648' title='bbox 1197 3941 1283 3979; x_wconf 82' lang='lat' dir='ltr'>Rigi-</span> 
     </span>
     <span class='ocr_line' id='line_1_91' title="bbox 216 3964 1282 4020; baseline 0.016 -26"><span class='ocrx_word' id='word_1_649' title='bbox 216 4001 220 4005; x_wconf 21' lang='grc' dir='ltr'><em>η</em></span> <span class='ocrx_word' id='word_1_650' title='bbox 228 3964 274 4008; x_wconf 75' lang='lat' dir='ltr'>dae</span> <span class='ocrx_word' id='word_1_651' title='bbox 296 3976 326 3995; x_wconf 87' lang='lat' dir='ltr'>m</span> <span class='ocrx_word' id='word_1_652' title='bbox 339 3977 438 4012; x_wconf 80' lang='lat' dir='ltr'>omnes</span> <span class='ocrx_word' id='word_1_653' title='bbox 451 3967 636 4007; x_wconf 88' lang='lat' dir='ltr'>Impedientes</span> <span class='ocrx_word' id='word_1_654' title='bbox 652 3971 696 4001; x_wconf 91' lang='lat' dir='ltr'>vel</span> <span class='ocrx_word' id='word_1_655' title='bbox 711 3971 912 4011; x_wconf 81' lang='lat' dir='ltr'>Molestantes,</span> <span class='ocrx_word' id='word_1_656' title='bbox 930 3978 958 4006; x_wconf 91' lang='lat' dir='ltr'>in</span> <span class='ocrx_word' id='word_1_657' title='bbox 972 3977 1074 4015; x_wconf 76' lang='lat' dir='ltr'>Terra,</span> <span class='ocrx_word' id='word_1_658' title='bbox 1093 3978 1137 4007; x_wconf 81' lang='lat' dir='ltr'>vel</span> <span class='ocrx_word' id='word_1_659' title='bbox 1150 3981 1179 4009; x_wconf 90' lang='lat' dir='ltr'>in</span> <span class='ocrx_word' id='word_1_660' title='bbox 1194 3979 1282 4020; x_wconf 81' lang='lat' dir='ltr'>Mari,</span> 
     </span>
     <span class='ocr_line' id='line_1_92' title="bbox 226 4002 1282 4054; baseline 0.016 -22"><span class='ocrx_word' id='word_1_661' title='bbox 226 4002 297 4046; x_wconf 79' lang='lat' dir='ltr'>¹Ps0.⁵</span> <span class='ocrx_word' id='word_1_662' title='bbox 311 4003 441 4048; x_wconf 76' lang='lat' dir='ltr'>Nuncios</span> <span class='ocrx_word' id='word_1_663' title='bbox 454 4007 500 4037; x_wconf 91' lang='lat' dir='ltr'>seu</span> <span class='ocrx_word' id='word_1_664' title='bbox 514 4018 613 4039; x_wconf 86' lang='lat' dir='ltr'>eorum</span> <span class='ocrx_word' id='word_1_665' title='bbox 630 4009 802 4048; x_wconf 78' lang='lat' dir='ltr'>Familiares,</span> <span class='ocrx_word' id='word_1_666' title='bbox 820 4013 863 4041; x_wconf 74' lang='lat' dir='ltr'>vel</span> <span class='ocrx_word' id='word_1_667' title='bbox 885 4012 983 4044; x_wconf 84' lang='lat' dir='ltr'>eorum</span> <span class='ocrx_word' id='word_1_668' title='bbox 1004 4016 1144 4054; x_wconf 80' lang='lat' dir='ltr'>aliquem,</span> <span class='ocrx_word' id='word_1_669' title='bbox 1163 4018 1192 4047; x_wconf 90' lang='lat' dir='ltr'>in</span> <span class='ocrx_word' id='word_1_670' title='bbox 1215 4018 1282 4049; x_wconf 91' lang='lat' dir='ltr'>Per-</span> 
     </span>
     <span class='ocr_line' id='line_1_93' title="bbox 229 4041 1283 4092; baseline 0.019 -23"><span class='ocrx_word' id='word_1_671' title='bbox 229 4041 300 4071; x_wconf 87' lang='lat' dir='ltr'>sonis</span> <span class='ocrx_word' id='word_1_672' title='bbox 319 4042 362 4071; x_wconf 93' lang='lat' dir='ltr'>vel</span> <span class='ocrx_word' id='word_1_673' title='bbox 374 4053 403 4072; x_wconf 86' lang='lat' dir='ltr'>in</span> <span class='ocrx_word' id='word_1_674' title='bbox 417 4043 513 4075; x_wconf 86' lang='lat' dir='ltr'>Rebus</span> <span class='ocrx_word' id='word_1_675' title='bbox 524 4046 594 4084; x_wconf 91' lang='lat' dir='ltr'>suis,</span> <span class='ocrx_word' id='word_1_676' title='bbox 612 4048 706 4077; x_wconf 88' lang='lat' dir='ltr'>eundo</span> <span class='ocrx_word' id='word_1_677' title='bbox 720 4049 809 4078; x_wconf 61' lang='lat' dir='ltr'>versas</span> <span class='ocrx_word' id='word_1_678' title='bbox 823 4052 940 4082; x_wconf 79' lang='lat' dir='ltr'>eandem</span> <span class='ocrx_word' id='word_1_679' title='bbox 954 4051 1090 4092; x_wconf 77' lang='lat' dir='ltr'>Curiam,</span> <span class='ocrx_word' id='word_1_680' title='bbox 1107 4054 1211 4088; x_wconf 89' lang='lat' dir='ltr'>ibidem</span> <span class='ocrx_word' id='word_1_681' title='bbox 1219 4067 1283 4089; x_wconf 67' lang='lat' dir='ltr'>mo&lt;</span> 
     </span>
     <span class='ocr_line' id='line_1_94' title="bbox 228 4079 869 4127; baseline 0.016 -18"><span class='ocrx_word' id='word_1_682' title='bbox 228 4079 314 4110; x_wconf 79' lang='lat' dir='ltr'>raudo</span> <span class='ocrx_word' id='word_1_683' title='bbox 322 4102 333 4119; x_wconf 87' lang='grc'>,</span> <span class='ocrx_word' id='word_1_684' title='bbox 350 4080 394 4112; x_wconf 89' lang='lat' dir='ltr'>vel</span> <span class='ocrx_word' id='word_1_685' title='bbox 408 4083 507 4114; x_wconf 85' lang='lat' dir='ltr'>exinde</span> <span class='ocrx_word' id='word_1_686' title='bbox 521 4085 552 4115; x_wconf 89' lang='lat' dir='ltr'>in</span> <span class='ocrx_word' id='word_1_687' title='bbox 566 4085 700 4125; x_wconf 85' lang='lat' dir='ltr'>Angliam</span> <span class='ocrx_word' id='word_1_688' title='bbox 711 4088 869 4127; x_wconf 78' lang='lat' dir='ltr'>redeundo,</span> 
     </span>
    </p>
   </div>
   <div class='ocr_carea' id='block_1_24' title="bbox 1312 285 2523 855">
    <p class='ocr_par' dir='ltr' id='par_1_40' title="bbox 1312 285 2523 483">
     <span class='ocr_line' id='line_1_95' title="bbox 1351 285 2523 332; baseline 0.01 -16"><span class='ocrx_word' id='word_1_689' title='bbox 1351 287 1472 330; x_wconf 56' lang='lat' dir='ltr'>Adjedffi</span> <span class='ocrx_word' id='word_1_690' title='bbox 1489 286 1614 319; x_wconf 68' lang='lat' dir='ltr'>Clausula</span> <span class='ocrx_word' id='word_1_691' title='bbox 1624 311 1633 326; x_wconf 86' lang='lat'>‚</span> <span class='ocrx_word' id='word_1_692' title='bbox 1652 289 1730 327; x_wconf 77' lang='lat' dir='ltr'>quod</span> <span class='ocrx_word' id='word_1_693' title='bbox 1742 290 1778 320; x_wconf 86' lang='lat' dir='ltr'>ab</span> <span class='ocrx_word' id='word_1_694' title='bbox 1794 290 1844 320; x_wconf 91' lang='lat' dir='ltr'>illis</span> <span class='ocrx_word' id='word_1_695' title='bbox 1855 290 1988 326; x_wconf 69' lang='lat' dir='ltr'>⁴Censuris</span> <span class='ocrx_word' id='word_1_696' title='bbox 2001 293 2107 324; x_wconf 89' lang='lat' dir='ltr'>absolvi</span> <span class='ocrx_word' id='word_1_697' title='bbox 2122 304 2182 325; x_wconf 89' lang='lat' dir='ltr'>non</span> <span class='ocrx_word' id='word_1_698' title='bbox 2197 295 2298 332; x_wconf 76' lang='lat' dir='ltr'>possint</span> <span class='ocrx_word' id='word_1_699' title='bbox 2314 295 2374 327; x_wconf 90' lang='lat' dir='ltr'>Im-</span> <span class='ocrx_word' id='word_1_700' title='bbox 2394 290 2468 324; x_wconf 79' lang='lat' dir='ltr'>Ann-</span> <span class='ocrx_word' id='word_1_701' title='bbox 2482 285 2523 325; x_wconf 76' lang='lat' dir='ltr'>D.</span> 
     </span>
     <span class='ocr_line' id='line_1_96' title="bbox 1312 326 2499 373; baseline 0.01 -19"><span class='ocrx_word' id='word_1_702' title='bbox 1312 326 1452 363; x_wconf 84' lang='lat' dir='ltr'>peditores</span> <span class='ocrx_word' id='word_1_703' title='bbox 1473 326 1517 356; x_wconf 87' lang='lat' dir='ltr'>vel</span> <span class='ocrx_word' id='word_1_704' title='bbox 1534 326 1726 358; x_wconf 85' lang='lat' dir='ltr'>Molestatores</span> <span class='ocrx_word' id='word_1_705' title='bbox 1745 328 1894 367; x_wconf 72' lang='lat' dir='ltr'>praediffl,</span> <span class='ocrx_word' id='word_1_706' title='bbox 1911 331 2053 369; x_wconf 85' lang='lat' dir='ltr'>quousque</span> <span class='ocrx_word' id='word_1_707' title='bbox 2074 333 2132 362; x_wconf 75' lang='lat' dir='ltr'>tam</span> <span class='ocrx_word' id='word_1_708' title='bbox 2154 333 2269 372; x_wconf 87' lang='lat' dir='ltr'>Nobis,</span> <span class='ocrx_word' id='word_1_709' title='bbox 2288 336 2372 373; x_wconf 73' lang='lat' dir='ltr'>quam</span> <span class='ocrx_word' id='word_1_710' title='bbox 2397 364 2399 367; x_wconf 88' lang='grc'><em>,</em></span> <span class='ocrx_word' id='word_1_711' title='bbox 2418 340 2499 372; x_wconf 87' lang='lat'>1350·</span> 
     </span>
     <span class='ocr_line' id='line_1_97' title="bbox 1312 364 2502 411; baseline 0.008 -17"><span class='ocrx_word' id='word_1_712' title='bbox 1312 364 1396 394; x_wconf 65' lang='lat' dir='ltr'>diens</span> <span class='ocrx_word' id='word_1_713' title='bbox 1412 364 1538 402; x_wconf 81' lang='lat' dir='ltr'>Nunciis</span> <span class='ocrx_word' id='word_1_714' title='bbox 1551 365 1668 404; x_wconf 89' lang='lat' dir='ltr'>nostris,</span> <span class='ocrx_word' id='word_1_715' title='bbox 1682 377 1715 397; x_wconf 90' lang='lat' dir='ltr'>ac</span> <span class='ocrx_word' id='word_1_716' title='bbox 1731 376 1827 396; x_wconf 88' lang='lat' dir='ltr'>eorum</span> <span class='ocrx_word' id='word_1_717' title='bbox 1844 367 2050 407; x_wconf 80' lang='lat' dir='ltr'>Familiaribus,</span> <span class='ocrx_word' id='word_1_718' title='bbox 2070 371 2104 401; x_wconf 90' lang='lat'>&amp;</span> <span class='ocrx_word' id='word_1_719' title='bbox 2124 381 2223 402; x_wconf 84' lang='lat' dir='ltr'>eorum</span> <span class='ocrx_word' id='word_1_720' title='bbox 2245 372 2373 411; x_wconf 72' lang='lat' dir='ltr'>singulis,</span> <span class='ocrx_word' id='word_1_721' title='bbox 2388 372 2455 398; x_wconf 54' lang='grc' dir='ltr'>ΕΜ·</span> <span class='ocrx_word' id='word_1_722' title='bbox 2475 380 2502 407; x_wconf 84' lang='lat'>3·</span> 
     </span>
     <span class='ocr_line' id='line_1_98' title="bbox 1313 401 2372 449; baseline 0.01 -18"><span class='ocrx_word' id='word_1_723' title='bbox 1313 403 1360 440; x_wconf 90' lang='lat' dir='ltr'>qui</span> <span class='ocrx_word' id='word_1_724' title='bbox 1377 402 1413 431; x_wconf 85' lang='lat' dir='ltr'>sic</span> <span class='ocrx_word' id='word_1_725' title='bbox 1429 401 1483 432; x_wconf 70' lang='lat' dir='ltr'>laefi</span> <span class='ocrx_word' id='word_1_726' title='bbox 1499 403 1619 442; x_wconf 87' lang='lat' dir='ltr'>fuerint,</span> <span class='ocrx_word' id='word_1_727' title='bbox 1637 405 1673 434; x_wconf 89' lang='lat' dir='ltr'>de</span> <span class='ocrx_word' id='word_1_728' title='bbox 1688 404 1837 443; x_wconf 82' lang='lat' dir='ltr'>Expenfis‚</span> <span class='ocrx_word' id='word_1_729' title='bbox 1856 405 2014 445; x_wconf 88' lang='lat' dir='ltr'>Dampnis,</span> <span class='ocrx_word' id='word_1_730' title='bbox 2033 409 2066 439; x_wconf 70' lang='grc' dir='ltr'>ὃς</span> <span class='ocrx_word' id='word_1_731' title='bbox 2081 408 2229 449; x_wconf 83' lang='lat' dir='ltr'>Interesse,</span> <span class='ocrx_word' id='word_1_732' title='bbox 2245 421 2278 441; x_wconf 79' lang='lat' dir='ltr'>ac</span> <span class='ocrx_word' id='word_1_733' title='bbox 2295 410 2372 449; x_wconf 83' lang='lat' dir='ltr'>Inju-</span> 
     </span>
     <span class='ocr_line' id='line_1_99' title="bbox 1314 440 2078 483; baseline 0.007 -13"><span class='ocrx_word' id='word_1_734' title='bbox 1314 441 1361 470; x_wconf 87' lang='lat' dir='ltr'>riis</span> <span class='ocrx_word' id='word_1_735' title='bbox 1375 440 1412 470; x_wconf 78' lang='lat' dir='ltr'>sic</span> <span class='ocrx_word' id='word_1_736' title='bbox 1427 440 1502 470; x_wconf 72' lang='lat' dir='ltr'>illatis</span> <span class='ocrx_word' id='word_1_737' title='bbox 1517 441 1690 473; x_wconf 77' lang='lat' dir='ltr'>satisfecerint</span> <span class='ocrx_word' id='word_1_738' title='bbox 1703 443 1869 482; x_wconf 77' lang='lat' dir='ltr'>integraliter</span> <span class='ocrx_word' id='word_1_739' title='bbox 1884 453 1964 482; x_wconf 79' lang='lat' dir='ltr'>atque</span> <span class='ocrx_word' id='word_1_740' title='bbox 1978 443 2078 483; x_wconf 79' lang='lat' dir='ltr'>plene,</span> 
     </span>
    </p>

    <p class='ocr_par' dir='ltr' id='par_1_41' title="bbox 1313 478 2374 598">
     <span class='ocr_line' id='line_1_100' title="bbox 1352 478 2374 525; baseline 0.01 -18"><span class='ocrx_word' id='word_1_741' title='bbox 1352 478 1389 508; x_wconf 89' lang='lat' dir='ltr'>Et</span> <span class='ocrx_word' id='word_1_742' title='bbox 1397 478 1464 516; x_wconf 86' lang='lat' dir='ltr'>ipsas</span> <span class='ocrx_word' id='word_1_743' title='bbox 1477 478 1590 509; x_wconf 84' lang='lat' dir='ltr'>Litteras</span> <span class='ocrx_word' id='word_1_744' title='bbox 1599 480 1795 520; x_wconf 83' lang='lat' dir='ltr'>Dupplicatas,</span> <span class='ocrx_word' id='word_1_745' title='bbox 1813 482 1832 512; x_wconf 86' lang='lat' dir='ltr'>si</span> <span class='ocrx_word' id='word_1_746' title='bbox 1846 482 1952 520; x_wconf 82' lang='lat' dir='ltr'>placet,</span> <span class='ocrx_word' id='word_1_747' title='bbox 1970 485 2013 514; x_wconf 87' lang='lat' dir='ltr'>vel</span> <span class='ocrx_word' id='word_1_748' title='bbox 2023 484 2205 525; x_wconf 83' lang='lat' dir='ltr'>Triplicatas,</span> <span class='ocrx_word' id='word_1_749' title='bbox 2224 496 2271 524; x_wconf 86' lang='lat' dir='ltr'>per</span> <span class='ocrx_word' id='word_1_750' title='bbox 2280 486 2374 525; x_wconf 78' lang='lat' dir='ltr'>Qiin-</span> 
     </span>
     <span class='ocr_line' id='line_1_101' title="bbox 1313 516 2374 563; baseline 0.008 -16"><span class='ocrx_word' id='word_1_751' title='bbox 1313 517 1406 547; x_wconf 88' lang='lat' dir='ltr'>decim</span> <span class='ocrx_word' id='word_1_752' title='bbox 1421 517 1478 546; x_wconf 89' lang='lat' dir='ltr'>dies</span> <span class='ocrx_word' id='word_1_753' title='bbox 1492 516 1526 546; x_wconf 82' lang='lat' dir='ltr'>ad</span> <span class='ocrx_word' id='word_1_754' title='bbox 1541 519 1634 548; x_wconf 86' lang='lat' dir='ltr'>minus</span> <span class='ocrx_word' id='word_1_755' title='bbox 1648 527 1710 549; x_wconf 88' lang='lat' dir='ltr'>ante</span> <span class='ocrx_word' id='word_1_756' title='bbox 1724 520 1836 550; x_wconf 66' lang='lat' dir='ltr'>dietum</span> <span class='ocrx_word' id='word_1_757' title='bbox 1853 520 1983 558; x_wconf 86' lang='lat' dir='ltr'>Festum,</span> <span class='ocrx_word' id='word_1_758' title='bbox 2001 521 2098 552; x_wconf 89' lang='lat' dir='ltr'>Nobis</span> <span class='ocrx_word' id='word_1_759' title='bbox 2120 525 2194 555; x_wconf 86' lang='lat' dir='ltr'>mitti</span> <span class='ocrx_word' id='word_1_760' title='bbox 2213 525 2312 563; x_wconf 81' lang='lat' dir='ltr'>jubere</span> <span class='ocrx_word' id='word_1_761' title='bbox 2331 525 2374 555; x_wconf 88' lang='lat' dir='ltr'>di—</span> 
     </span>
     <span class='ocr_line' id='line_1_102' title="bbox 1316 554 2026 598; baseline 0.008 -14"><span class='ocrx_word' id='word_1_762' title='bbox 1316 564 1415 593; x_wconf 84' lang='lat' dir='ltr'>gnetur</span> <span class='ocrx_word' id='word_1_763' title='bbox 1434 554 1533 585; x_wconf 82' lang='lat' dir='ltr'>vestrae</span> <span class='ocrx_word' id='word_1_764' title='bbox 1547 554 1715 587; x_wconf 83' lang='lat' dir='ltr'>Clementiae</span> <span class='ocrx_word' id='word_1_765' title='bbox 1731 557 1891 589; x_wconf 87' lang='lat' dir='ltr'>Moderatio</span> <span class='ocrx_word' id='word_1_766' title='bbox 1906 561 2026 598; x_wconf 88' lang='lat' dir='ltr'>gratiosa.</span> 
     </span>
    </p>

    <p class='ocr_par' dir='ltr' id='par_1_42' title="bbox 1315 593 2375 662">
     <span class='ocr_line' id='line_1_103' title="bbox 1351 593 2375 662; baseline 0.011 -40"><span class='ocrx_word' id='word_1_767' title='bbox 1351 593 1450 662; x_wconf 54' lang='lat' dir='ltr'>Naff’</span> <span class='ocrx_word' id='word_1_768' title='bbox 1468 593 1525 624; x_wconf 87' lang='lat' dir='ltr'>sine</span> <span class='ocrx_word' id='word_1_769' title='bbox 1546 594 1647 624; x_wconf 87' lang='lat' dir='ltr'>talibus</span> <span class='ocrx_word' id='word_1_770' title='bbox 1669 594 1795 634; x_wconf 87' lang='lat' dir='ltr'>Litteris,</span> <span class='ocrx_word' id='word_1_771' title='bbox 1813 597 1932 628; x_wconf 86' lang='lat' dir='ltr'>libenter</span> <span class='ocrx_word' id='word_1_772' title='bbox 1951 599 2008 629; x_wconf 70' lang='lat' dir='ltr'>tam</span> <span class='ocrx_word' id='word_1_773' title='bbox 2034 599 2217 636; x_wconf 88' lang='lat' dir='ltr'>periculosum</span> <span class='ocrx_word' id='word_1_774' title='bbox 2241 601 2375 642; x_wconf 85' lang='lat' dir='ltr'>Viagium</span> 
     </span>
     <span class='ocr_line' id='line_1_104' title="bbox 1315 641 1532 662; baseline 0 0"><span class='ocrx_word' id='word_1_775' title='bbox 1315 643 1372 662; x_wconf 92' lang='lat' dir='ltr'>non</span> <span class='ocrx_word' id='word_1_776' title='bbox 1387 643 1402 662; x_wconf 83' lang='lat' dir='ltr'>a</span> <span class='ocrx_word' id='word_1_777' title='bbox 1428 641 1532 662; x_wconf 88' lang='lat' dir='ltr'>ument.</span> 
     </span>
    </p>

    <p class='ocr_par' dir='ltr' id='par_1_43' title="bbox 1312 669 2377 855">
     <span class='ocr_line' id='line_1_105' title="bbox 1352 669 2376 717; baseline 0.01 -17"><span class='ocrx_word' id='word_1_778' title='bbox 1352 670 1506 701; x_wconf 84' lang='lat' dir='ltr'>Conservet</span> <span class='ocrx_word' id='word_1_779' title='bbox 1528 670 1588 701; x_wconf 83' lang='lat' dir='ltr'>Vos</span> <span class='ocrx_word' id='word_1_780' title='bbox 1607 669 1829 716; x_wconf 38' lang='lat' dir='ltr'>Altiffimus‚·ad</span> <span class='ocrx_word' id='word_1_781' title='bbox 1851 673 1998 712; x_wconf 85' lang='lat' dir='ltr'>Regimen</span> <span class='ocrx_word' id='word_1_782' title='bbox 2020 675 2151 707; x_wconf 84' lang='lat' dir='ltr'>Ecclesiae</span> <span class='ocrx_word' id='word_1_783' title='bbox 2174 676 2229 708; x_wconf 87' lang='lat' dir='ltr'>suae</span> <span class='ocrx_word' id='word_1_784' title='bbox 2247 678 2376 717; x_wconf 66' lang='lat' dir='ltr'>Sanctae,</span> 
     </span>
     <span class='ocr_line' id='line_1_106' title="bbox 1315 709 2377 793; baseline 0.009 -17"><span class='ocrx_word' id='word_1_785' title='bbox 1315 709 1694 792; x_wconf 44' lang='lat' dir='ltr'>pefffirrssoffipgpleffiss</span> <span class='ocrx_word' id='word_1_786' title='bbox 1710 709 1970 793; x_wconf 53' lang='grc' dir='ltr'>ΙΧῗῖἹὲᾅεἛῑῗᾶῃαίὶςτῐί,</span> <span class='ocrx_word' id='word_1_787' title='bbox 1987 751 2123 783; x_wconf 78' lang='lat' dir='ltr'>vicesimo</span> <span class='ocrx_word' id='word_1_788' title='bbox 2138 753 2244 784; x_wconf 59' lang='lat' dir='ltr'>octavo</span> <span class='ocrx_word' id='word_1_789' title='bbox 2264 754 2308 785; x_wconf 93' lang='lat' dir='ltr'>die</span> <span class='ocrx_word' id='word_1_790' title='bbox 2325 755 2377 793; x_wconf 91' lang='lat' dir='ltr'>Ju-</span> 
     </span>
     <span class='ocr_line' id='line_1_107' title="bbox 1313 785 2377 830; baseline 0.01 -16"><span class='ocrx_word' id='word_1_791' title='bbox 1313 785 1342 815; x_wconf 93' lang='lat' dir='ltr'>lu</span> <span class='ocrx_word' id='word_1_792' title='bbox 1352 809 1361 823; x_wconf 84' lang='lat'>,</span> <span class='ocrx_word' id='word_1_793' title='bbox 1381 786 1466 816; x_wconf 87' lang='lat' dir='ltr'>Anno</span> <span class='ocrx_word' id='word_1_794' title='bbox 1483 786 1581 821; x_wconf 81' lang='lat' dir='ltr'>Regni</span> <span class='ocrx_word' id='word_1_795' title='bbox 1596 785 1684 816; x_wconf 84' lang='lat' dir='ltr'>nostri</span> <span class='ocrx_word' id='word_1_796' title='bbox 1696 786 1810 824; x_wconf 81' lang='lat' dir='ltr'>Angliae</span> <span class='ocrx_word' id='word_1_797' title='bbox 1826 787 1969 820; x_wconf 82' lang='lat' dir='ltr'>Vtceiimo</span> <span class='ocrx_word' id='word_1_798' title='bbox 1984 791 2109 829; x_wconf 82' lang='lat' dir='ltr'>Qarto,</span> <span class='ocrx_word' id='word_1_799' title='bbox 2128 791 2226 830; x_wconf 89' lang='lat' dir='ltr'>Regni</span> <span class='ocrx_word' id='word_1_800' title='bbox 2242 796 2310 824; x_wconf 77' lang='lat' dir='ltr'>vero</span> <span class='ocrx_word' id='word_1_801' title='bbox 2325 804 2377 824; x_wconf 88' lang='lat' dir='ltr'>no-</span> 
     </span>
     <span class='ocr_line' id='line_1_108' title="bbox 1312 823 1692 855; baseline 0.003 -2"><span class='ocrx_word' id='word_1_802' title='bbox 1312 823 1360 854; x_wconf 88' lang='lat' dir='ltr'>stri</span> <span class='ocrx_word' id='word_1_803' title='bbox 1375 823 1498 855; x_wconf 74' lang='lat' dir='ltr'>Francia:</span> <span class='ocrx_word' id='word_1_804' title='bbox 1512 824 1692 855; x_wconf 90' lang='lat' dir='ltr'>Undecimo.</span> 
     </span>
    </p>
   </div>
   <div class='ocr_carea' id='block_1_25' title="bbox 1337 947 2344 1005">
    <p class='ocr_par' dir='ltr' id='par_1_44' title="bbox 1337 947 2344 1005">
     <span class='ocr_line' id='line_1_109' title="bbox 1337 947 2344 1005; baseline 0.009 -26"><span class='ocrx_word' id='word_1_805' title='bbox 1337 949 1387 980; x_wconf 80' lang='lat' dir='ltr'>Dc</span> <span class='ocrx_word' id='word_1_806' title='bbox 1411 947 1665 994; x_wconf 73' lang='lat' dir='ltr'>Appellationibus</span> <span class='ocrx_word' id='word_1_807' title='bbox 1685 948 1842 982; x_wconf 76' lang='lat' dir='ltr'>audiendis</span> <span class='ocrx_word' id='word_1_808' title='bbox 1866 950 1949 994; x_wconf 80' lang='lat' dir='ltr'>infra</span> <span class='ocrx_word' id='word_1_809' title='bbox 1974 953 2152 986; x_wconf 80' lang='lat' dir='ltr'>Dominium</span> <span class='ocrx_word' id='word_1_810' title='bbox 2173 954 2209 987; x_wconf 88' lang='lat' dir='ltr'>de</span> <span class='ocrx_word' id='word_1_811' title='bbox 2234 956 2344 1005; x_wconf 78' lang='lat' dir='ltr'>Caleys.</span> 
     </span>
    </p>
   </div>
   <div class='ocr_carea' id='block_1_26' title="bbox 1316 1024 2526 1113">
    <p class='ocr_par' dir='ltr' id='par_1_45' title="bbox 1316 1024 2526 1113">
     <span class='ocr_line' id='line_1_110' title="bbox 1316 1024 2526 1100; baseline 0.007 -38"><span class='ocrx_word' id='word_1_812' title='bbox 1316 1031 1395 1100; x_wconf 42' lang='lat' dir='ltr'>Rq</span> <span class='ocrx_word' id='word_1_813' title='bbox 1405 1032 1433 1063; x_wconf 92' lang='lat' dir='ltr'>X</span> <span class='ocrx_word' id='word_1_814' title='bbox 1445 1056 1454 1071; x_wconf 93' lang='lat'>,</span> <span class='ocrx_word' id='word_1_815' title='bbox 1474 1032 1591 1065; x_wconf 66' lang='lat' dir='ltr'>Diieeto</span> <span class='ocrx_word' id='word_1_816' title='bbox 1606 1034 1639 1065; x_wconf 91' lang='lat'>&amp;</span> <span class='ocrx_word' id='word_1_817' title='bbox 1651 1034 1739 1065; x_wconf 90' lang='lat' dir='ltr'>Fideli</span> <span class='ocrx_word' id='word_1_818' title='bbox 1752 1035 1820 1073; x_wconf 74' lang='lat' dir='ltr'>fiio,</span> <span class='ocrx_word' id='word_1_819' title='bbox 1838 1034 1966 1067; x_wconf 88' lang='lat' dir='ltr'>Roberto</span> <span class='ocrx_word' id='word_1_820' title='bbox 1978 1037 2014 1068; x_wconf 94' lang='lat' dir='ltr'>de</span> <span class='ocrx_word' id='word_1_821' title='bbox 2029 1037 2131 1076; x_wconf 86' lang='lat' dir='ltr'>Herle,</span> <span class='ocrx_word' id='word_1_822' title='bbox 2152 1024 2308 1076; x_wconf 81' lang='lat' dir='ltr'>Capitaneo</span> <span class='ocrx_word' id='word_1_823' title='bbox 2316 1040 2378 1071; x_wconf 91' lang='lat' dir='ltr'>Vil-</span> <span class='ocrx_word' id='word_1_824' title='bbox 2399 1036 2477 1089; x_wconf 42' lang='lat' dir='ltr'>Arm-</span> <span class='ocrx_word' id='word_1_825' title='bbox 2487 1035 2526 1067; x_wconf 87' lang='lat' dir='ltr'>D-</span> 
     </span>
     <span class='ocr_line' id='line_1_111' title="bbox 1397 1072 2510 1113; baseline 0.008 -12"><span class='ocrx_word' id='word_1_826' title='bbox 1397 1082 1422 1101; x_wconf 82' lang='lat' dir='ltr'>ae</span> <span class='ocrx_word' id='word_1_827' title='bbox 1440 1072 1542 1103; x_wconf 74' lang='lat' dir='ltr'>nostrae</span> <span class='ocrx_word' id='word_1_828' title='bbox 1558 1072 1593 1102; x_wconf 92' lang='lat' dir='ltr'>de</span> <span class='ocrx_word' id='word_1_829' title='bbox 1605 1072 1719 1113; x_wconf 72' lang='lat' dir='ltr'>Caleys,</span> <span class='ocrx_word' id='word_1_830' title='bbox 1738 1073 1868 1104; x_wconf 82' lang='lat' dir='ltr'>Salutem.</span> <span class='ocrx_word' id='word_1_831' title='bbox 2426 1083 2510 1113; x_wconf 83' lang='lat'>13›0—</span> 
     </span>
    </p>
   </div>
   <div class='ocr_carea' id='block_1_27' title="bbox 1314 1109 2512 1188">
    <p class='ocr_par' dir='ltr' id='par_1_46' title="bbox 1314 1109 2512 1188">
     <span class='ocr_line' id='line_1_112' title="bbox 1352 1109 2512 1158; baseline 0.009 -19"><span class='ocrx_word' id='word_1_832' title='bbox 1352 1109 1444 1149; x_wconf 82' lang='lat' dir='ltr'>Qia,</span> <span class='ocrx_word' id='word_1_833' title='bbox 1460 1112 1534 1150; x_wconf 73' lang='lat' dir='ltr'>Juxta</span> <span class='ocrx_word' id='word_1_834' title='bbox 1550 1110 1675 1141; x_wconf 90' lang='lat' dir='ltr'>debitum</span> <span class='ocrx_word' id='word_1_835' title='bbox 1695 1111 1811 1156; x_wconf 76' lang='lat' dir='ltr'>suscepti</span> <span class='ocrx_word' id='word_1_836' title='bbox 1829 1112 2005 1158; x_wconf 80' lang='lat' dir='ltr'>Regiminis,</span> <span class='ocrx_word' id='word_1_837' title='bbox 2021 1115 2157 1145; x_wconf 88' lang='lat' dir='ltr'>omnibus</span> <span class='ocrx_word' id='word_1_838' title='bbox 2175 1116 2207 1147; x_wconf 91' lang='lat'>&amp;</span> <span class='ocrx_word' id='word_1_839' title='bbox 2224 1116 2332 1155; x_wconf 80' lang='lat' dir='ltr'>lingulis</span> <span class='ocrx_word' id='word_1_840' title='bbox 2345 1118 2379 1149; x_wconf 90' lang='lat' dir='ltr'>ad</span> <span class='ocrx_word' id='word_1_841' title='bbox 2399 1118 2451 1141; x_wconf 82' lang='lat' dir='ltr'>An.</span> <span class='ocrx_word' id='word_1_842' title='bbox 2467 1124 2512 1149; x_wconf 86' lang='lat'>24·</span> 
     </span>
     <span class='ocr_line' id='line_1_113' title="bbox 1314 1148 2473 1188; baseline 0.008 -9"><span class='ocrx_word' id='word_1_843' title='bbox 1314 1148 1380 1179; x_wconf 87' lang='lat' dir='ltr'>Nos</span> <span class='ocrx_word' id='word_1_844' title='bbox 1417 1158 1445 1179; x_wconf 90' lang='lat' dir='ltr'>ut</span> <span class='ocrx_word' id='word_1_845' title='bbox 1457 1149 1490 1179; x_wconf 89' lang='lat' dir='ltr'>ad</span> <span class='ocrx_word' id='word_1_846' title='bbox 1507 1149 1622 1186; x_wconf 86' lang='lat' dir='ltr'>Regem</span> <span class='ocrx_word' id='word_1_847' title='bbox 1637 1149 1851 1188; x_wconf 83' lang='lat' dir='ltr'>Franciae,1nfra</span> <span class='ocrx_word' id='word_1_848' title='bbox 1866 1151 2041 1184; x_wconf 85' lang='lat' dir='ltr'>Dominium</span> <span class='ocrx_word' id='word_1_849' title='bbox 2053 1152 2180 1183; x_wconf 89' lang='lat' dir='ltr'>nostrum</span> <span class='ocrx_word' id='word_1_850' title='bbox 2196 1155 2282 1187; x_wconf 56' lang='lat' dir='ltr'>dictae</span> <span class='ocrx_word' id='word_1_851' title='bbox 2298 1155 2380 1186; x_wconf 66' lang='lat' dir='ltr'>Villae</span> <span class='ocrx_word' id='word_1_852' title='bbox 2399 1156 2428 1179; x_wconf 83' lang='lat' dir='ltr'>E.</span> <span class='ocrx_word' id='word_1_853' title='bbox 2448 1161 2473 1188; x_wconf 89' lang='lat'>3·</span> 
     </span>
    </p>
   </div>
   <div class='ocr_carea' id='block_1_28' title="bbox 1302 1186 2485 1237">
    <p class='ocr_par' dir='ltr' id='par_1_47' title="bbox 1302 1186 2485 1237">
     <span class='ocr_line' id='line_1_114' title="bbox 1302 1186 2485 1237; baseline 0.01 -20"><span class='ocrx_word' id='word_1_854' title='bbox 1302 1188 1348 1223; x_wconf 73' lang='lat' dir='ltr'>vde</span> <span class='ocrx_word' id='word_1_855' title='bbox 1394 1186 1479 1226; x_wconf 80' lang='lat' dir='ltr'>aleyS,</span> <span class='ocrx_word' id='word_1_856' title='bbox 1497 1190 1529 1219; x_wconf 70' lang='grc' dir='ltr'>δε</span> <span class='ocrx_word' id='word_1_857' title='bbox 1547 1189 1666 1226; x_wconf 86' lang='lat' dir='ltr'>partium</span> <span class='ocrx_word' id='word_1_858' title='bbox 1689 1189 1874 1227; x_wconf 85' lang='lat' dir='ltr'>adjacentium</span> <span class='ocrx_word' id='word_1_859' title='bbox 1896 1191 2131 1232; x_wconf 73' lang='lat' dir='ltr'>QerelantibuS,</span> <span class='ocrx_word' id='word_1_860' title='bbox 2147 1192 2379 1237; x_wconf 81' lang='lat' dir='ltr'>Provocantibus,</span> <span class='ocrx_word' id='word_1_861' title='bbox 2398 1194 2485 1218; x_wconf 51' lang='grc' dir='ltr'>ΗΜΕ-</span> 
     </span>
    </p>
   </div>
   <div class='ocr_carea' id='block_1_29' title="bbox 1314 1225 2532 1611">
    <p class='ocr_par' dir='ltr' id='par_1_48' title="bbox 1314 1225 2530 1294">
     <span class='ocr_line' id='line_1_115' title="bbox 1314 1225 2530 1294; baseline 0.011 -40"><span class='ocrx_word' id='word_1_862' title='bbox 1314 1225 1589 1294; x_wconf 44' lang='grc' dir='ltr'>ἂΙξῙΑΡρεΙΙειηῑὼυε,</span> <span class='ocrx_word' id='word_1_863' title='bbox 1602 1226 1784 1258; x_wconf 83' lang='lat' dir='ltr'>desideramus</span> <span class='ocrx_word' id='word_1_864' title='bbox 1803 1227 1861 1259; x_wconf 83' lang='lat' dir='ltr'>fieri</span> <span class='ocrx_word' id='word_1_865' title='bbox 1883 1229 1965 1267; x_wconf 79' lang='lat' dir='ltr'>plene</span> <span class='ocrx_word' id='word_1_866' title='bbox 1977 1230 2096 1268; x_wconf 81' lang='lat' dir='ltr'>Justiriae</span> <span class='ocrx_word' id='word_1_867' title='bbox 2110 1232 2377 1275; x_wconf 79' lang='lat' dir='ltr'>Complementum,</span> <span class='ocrx_word' id='word_1_868' title='bbox 2399 1236 2446 1266; x_wconf 86' lang='lat'>24·</span> <span class='ocrx_word' id='word_1_869' title='bbox 2460 1232 2488 1255; x_wconf 70' lang='grc' dir='ltr'>Γ·-</span> <span class='ocrx_word' id='word_1_870' title='bbox 2505 1237 2530 1265; x_wconf 82' lang='lat'>3·</span> 
     </span>
    </p>

    <p class='ocr_par' dir='ltr' id='par_1_49' title="bbox 1352 1275 2310 1352">
     <span class='ocr_line' id='line_1_116' title="bbox 1352 1275 2310 1352; baseline 0.01 -20"><span class='ocrx_word' id='word_1_871' title='bbox 1352 1275 1510 1347; x_wconf 52' lang='lat' dir='ltr'>Dgsiiestris</span> <span class='ocrx_word' id='word_1_872' title='bbox 1526 1302 1652 1334; x_wconf 78' lang='lat' dir='ltr'>fidelitate</span> <span class='ocrx_word' id='word_1_873' title='bbox 1666 1305 1699 1336; x_wconf 87' lang='lat'>&amp;</span> <span class='ocrx_word' id='word_1_874' title='bbox 1715 1305 1970 1348; x_wconf 71' lang='lat' dir='ltr'>circumspecstione</span> <span class='ocrx_word' id='word_1_875' title='bbox 1988 1308 2104 1344; x_wconf 69' lang='lat' dir='ltr'>providi</span> <span class='ocrx_word' id='word_1_876' title='bbox 2119 1309 2310 1352; x_wconf 83' lang='lat' dir='ltr'>confidentes,</span> 
     </span>
    </p>

    <p class='ocr_par' dir='ltr' id='par_1_50' title="bbox 1315 1341 2532 1611">
     <span class='ocr_line' id='line_1_117' title="bbox 1354 1341 2381 1391; baseline 0.012 -21"><span class='ocrx_word' id='word_1_877' title='bbox 1354 1341 1397 1371; x_wconf 82' lang='lat' dir='ltr'>Ad</span> <span class='ocrx_word' id='word_1_878' title='bbox 1414 1342 1605 1385; x_wconf 78' lang='lat' dir='ltr'>recipiendum</span> <span class='ocrx_word' id='word_1_879' title='bbox 1622 1344 1654 1373; x_wconf 72' lang='grc' dir='ltr'>δε</span> <span class='ocrx_word' id='word_1_880' title='bbox 1677 1343 1845 1374; x_wconf 84' lang='lat' dir='ltr'>audiendum</span> <span class='ocrx_word' id='word_1_881' title='bbox 1861 1355 1960 1375; x_wconf 88' lang='lat' dir='ltr'>omnes</span> <span class='ocrx_word' id='word_1_882' title='bbox 1977 1347 2126 1386; x_wconf 74' lang='lat' dir='ltr'>QerelaS,</span> <span class='ocrx_word' id='word_1_883' title='bbox 2146 1348 2381 1391; x_wconf 73' lang='lat' dir='ltr'>provocationes,</span> 
     </span>
     <span class='ocr_line' id='line_1_118' title="bbox 1315 1380 2532 1435; baseline 0.011 -25"><span class='ocrx_word' id='word_1_884' title='bbox 1315 1380 1579 1424; x_wconf 26' lang='lat' dir='ltr'>&amp;UAppellationeQ</span> <span class='ocrx_word' id='word_1_885' title='bbox 1598 1381 1631 1410; x_wconf 85' lang='lat' dir='ltr'>ad</span> <span class='ocrx_word' id='word_1_886' title='bbox 1647 1381 1732 1424; x_wconf 88' lang='lat' dir='ltr'>Nos,</span> <span class='ocrx_word' id='word_1_887' title='bbox 1749 1391 1778 1412; x_wconf 91' lang='lat' dir='ltr'>ut</span> <span class='ocrx_word' id='word_1_888' title='bbox 1790 1382 1824 1412; x_wconf 87' lang='lat' dir='ltr'>ad</span> <span class='ocrx_word' id='word_1_889' title='bbox 1837 1382 1952 1420; x_wconf 81' lang='lat' dir='ltr'>Regem</span> <span class='ocrx_word' id='word_1_890' title='bbox 1970 1383 2111 1423; x_wconf 64' lang='lat' dir='ltr'>franciae,</span> <span class='ocrx_word' id='word_1_891' title='bbox 2130 1388 2147 1404; x_wconf 41' lang='grc' dir='ltr'>’ἵε</span> <span class='ocrx_word' id='word_1_892' title='bbox 2169 1388 2198 1433; x_wconf 74' lang='lat' dir='ltr'>in</span> <span class='ocrx_word' id='word_1_893' title='bbox 2217 1389 2299 1434; x_wconf 66' lang='lat' dir='ltr'>dicito</span> <span class='ocrx_word' id='word_1_894' title='bbox 2315 1390 2366 1421; x_wconf 94' lang='lat' dir='ltr'>Do</span> <span class='ocrx_word' id='word_1_895' title='bbox 2402 1399 2532 1435; x_wconf 71' lang='lat' dir='ltr'>³11=v,679,</span> 
     </span>
     <span class='ocr_line' id='line_1_119' title="bbox 1317 1418 2381 1466; baseline 0.013 -20"><span class='ocrx_word' id='word_1_896' title='bbox 1317 1428 1406 1461; x_wconf 77' lang='lat' dir='ltr'>trunio</span> <span class='ocrx_word' id='word_1_897' title='bbox 1422 1418 1616 1460; x_wconf 19' lang='lat' dir='ltr'>nostrordicstae</span> <span class='ocrx_word' id='word_1_898' title='bbox 1633 1419 1716 1462; x_wconf 69' lang='lat' dir='ltr'>Villae</span> <span class='ocrx_word' id='word_1_899' title='bbox 1739 1420 1841 1463; x_wconf 78' lang='lat' dir='ltr'>nostrae</span> <span class='ocrx_word' id='word_1_900' title='bbox 1859 1421 1895 1452; x_wconf 90' lang='lat' dir='ltr'>de</span> <span class='ocrx_word' id='word_1_901' title='bbox 1919 1421 2032 1462; x_wconf 85' lang='lat' dir='ltr'>Calays,</span> <span class='ocrx_word' id='word_1_902' title='bbox 2052 1425 2085 1454; x_wconf 89' lang='lat'>&amp;</span> <span class='ocrx_word' id='word_1_903' title='bbox 2106 1424 2231 1457; x_wconf 79' lang='lat' dir='ltr'>Paruum</span> <span class='ocrx_word' id='word_1_904' title='bbox 2252 1428 2381 1466; x_wconf 76' lang='lat' dir='ltr'>adjacen-</span> 
     </span>
     <span class='ocr_line' id='line_1_120' title="bbox 1316 1458 2381 1499; baseline 0.011 -12"><span class='ocrx_word' id='word_1_905' title='bbox 1316 1465 1405 1495; x_wconf 83' lang='lat' dir='ltr'>tium,</span> <span class='ocrx_word' id='word_1_906' title='bbox 1424 1459 1461 1486; x_wconf 78' lang='lat' dir='ltr'>{ic</span> <span class='ocrx_word' id='word_1_907' title='bbox 1476 1459 1560 1488; x_wconf 70' lang='lat' dir='ltr'>iactas</span> <span class='ocrx_word' id='word_1_908' title='bbox 1579 1458 1610 1488; x_wconf 86' lang='lat'>&amp;</span> <span class='ocrx_word' id='word_1_909' title='bbox 1630 1462 1814 1497; x_wconf 77' lang='lat' dir='ltr'>interpolitaS,</span> <span class='ocrx_word' id='word_1_910' title='bbox 1832 1461 1865 1490; x_wconf 86' lang='lat'>&amp;</span> <span class='ocrx_word' id='word_1_911' title='bbox 1881 1461 2071 1498; x_wconf 80' lang='lat' dir='ltr'>imposterum</span> <span class='ocrx_word' id='word_1_912' title='bbox 2092 1464 2231 1496; x_wconf 76' lang='lat' dir='ltr'>faciendas</span> <span class='ocrx_word' id='word_1_913' title='bbox 2246 1467 2278 1497; x_wconf 89' lang='lat'>&amp;</span> <span class='ocrx_word' id='word_1_914' title='bbox 2296 1468 2381 1499; x_wconf 84' lang='lat' dir='ltr'>inter-</span> 
     </span>
     <span class='ocr_line' id='line_1_121' title="bbox 1315 1495 1645 1564; baseline 0.003 -1"><span class='ocrx_word' id='word_1_915' title='bbox 1315 1495 1536 1564; x_wconf 43' lang='lat' dir='ltr'>pogenglatssffibus</span> <span class='ocrx_word' id='word_1_916' title='bbox 1549 1532 1645 1564; x_wconf 83' lang='lat' dir='ltr'>Caufis</span> 
     </span>
     <span class='ocr_line' id='line_1_122' title="bbox 1316 1572 1655 1611; baseline -0.003 -8"><span class='ocrx_word' id='word_1_917' title='bbox 1316 1581 1385 1603; x_wconf 89' lang='lat' dir='ltr'>num</span> <span class='ocrx_word' id='word_1_918' title='bbox 1399 1572 1576 1611; x_wconf 86' lang='lat' dir='ltr'>hujusmodi,</span> <span class='ocrx_word' id='word_1_919' title='bbox 1595 1572 1655 1602; x_wconf 71' lang='lat' dir='ltr'>tam</span> 
     </span>
    </p>
   </div>
   <div class='ocr_carea' id='block_1_30' title="bbox 2396 1276 2475 1301">
    <p class='ocr_par' dir='ltr' id='par_1_51' title="bbox 2396 1276 2475 1301">
     <span class='ocr_line' id='line_1_123' title="bbox 2396 1276 2475 1301; baseline 0 -7"><span class='ocrx_word' id='word_1_920' title='bbox 2396 1276 2433 1294; x_wconf 86' lang='lat' dir='ltr'>m.</span> <span class='ocrx_word' id='word_1_921' title='bbox 2448 1276 2475 1301; x_wconf 84' lang='lat'>5.</span> 
     </span>
    </p>
   </div>
   <div class='ocr_carea' id='block_1_31' title="bbox 1695 1535 2382 1581">
    <p class='ocr_par' dir='ltr' id='par_1_52' title="bbox 1695 1535 2382 1581">
     <span class='ocr_line' id='line_1_124' title="bbox 1695 1535 2382 1581; baseline 0.016 -17"><span class='ocrx_word' id='word_1_922' title='bbox 1695 1535 1862 1574; x_wconf 84' lang='lat' dir='ltr'>uerelarum,</span> <span class='ocrx_word' id='word_1_923' title='bbox 1880 1535 2142 1578; x_wconf 88' lang='lat' dir='ltr'>Provocationum,</span> <span class='ocrx_word' id='word_1_924' title='bbox 2158 1542 2190 1572; x_wconf 62' lang='grc' dir='ltr'>ὃς</span> <span class='ocrx_word' id='word_1_925' title='bbox 2208 1542 2382 1581; x_wconf 87' lang='lat' dir='ltr'>Appellatio-</span> 
     </span>
    </p>
   </div>
   <div class='ocr_carea' id='block_1_32' title="bbox 1317 1574 2381 1658">
    <p class='ocr_par' dir='ltr' id='par_1_53' title="bbox 1317 1574 2381 1658">
     <span class='ocr_line' id='line_1_125' title="bbox 1708 1574 2381 1617; baseline 0.018 -14"><span class='ocrx_word' id='word_1_926' title='bbox 1708 1574 1897 1613; x_wconf 86' lang='lat' dir='ltr'>riminalibus,</span> <span class='ocrx_word' id='word_1_927' title='bbox 1915 1577 1998 1613; x_wconf 68' lang='lat' dir='ltr'>quam</span> <span class='ocrx_word' id='word_1_928' title='bbox 2022 1576 2177 1617; x_wconf 87' lang='lat' dir='ltr'>Civilibus,</span> <span class='ocrx_word' id='word_1_929' title='bbox 2195 1591 2262 1611; x_wconf 91' lang='lat' dir='ltr'>cum</span> <span class='ocrx_word' id='word_1_930' title='bbox 2279 1582 2381 1614; x_wconf 89' lang='lat' dir='ltr'>Emer-</span> 
     </span>
     <span class='ocr_line' id='line_1_126' title="bbox 1317 1610 2381 1658; baseline 0.012 -19"><span class='ocrx_word' id='word_1_931' title='bbox 1317 1611 1463 1649; x_wconf 83' lang='lat' dir='ltr'>gentibus,</span> <span class='ocrx_word' id='word_1_932' title='bbox 1480 1610 1687 1650; x_wconf 81' lang='lat' dir='ltr'>Incidentibus,</span> <span class='ocrx_word' id='word_1_933' title='bbox 1701 1612 1735 1642; x_wconf 87' lang='lat'>&amp;</span> <span class='ocrx_word' id='word_1_934' title='bbox 1751 1611 1982 1650; x_wconf 85' lang='lat' dir='ltr'>Dependentibus</span> <span class='ocrx_word' id='word_1_935' title='bbox 1996 1616 2026 1644; x_wconf 90' lang='lat' dir='ltr'>in</span> <span class='ocrx_word' id='word_1_936' title='bbox 2042 1617 2074 1646; x_wconf 63' lang='grc' dir='ltr'>ὃς</span> <span class='ocrx_word' id='word_1_937' title='bbox 2090 1618 2125 1646; x_wconf 92' lang='lat' dir='ltr'>ab</span> <span class='ocrx_word' id='word_1_938' title='bbox 2143 1618 2262 1657; x_wconf 86' lang='lat' dir='ltr'>eisdem,</span> <span class='ocrx_word' id='word_1_939' title='bbox 2282 1631 2381 1658; x_wconf 87' lang='lat' dir='ltr'>proce-</span> 
     </span>
    </p>
   </div>
   <div class='ocr_carea' id='block_1_33' title="bbox 1316 1648 2401 2233">
    <p class='ocr_par' dir='ltr' id='par_1_54' title="bbox 1316 1648 2383 1959">
     <span class='ocr_line' id='line_1_127' title="bbox 1316 1648 2383 1697; baseline 0.012 -19"><span class='ocrx_word' id='word_1_940' title='bbox 1316 1648 1461 1688; x_wconf 92' lang='lat' dir='ltr'>dendum,</span> <span class='ocrx_word' id='word_1_941' title='bbox 1486 1649 1633 1680; x_wconf 87' lang='lat' dir='ltr'>citandum</span> <span class='ocrx_word' id='word_1_942' title='bbox 1647 1673 1657 1687; x_wconf 90' lang='lat'>‚</span> <span class='ocrx_word' id='word_1_943' title='bbox 1681 1650 1930 1690; x_wconf 89' lang='lat' dir='ltr'>cognoscendum,</span> <span class='ocrx_word' id='word_1_944' title='bbox 1951 1653 2138 1684; x_wconf 87' lang='lat' dir='ltr'>inhibendum</span> <span class='ocrx_word' id='word_1_945' title='bbox 2154 1679 2163 1694; x_wconf 91' lang='lat'>,</span> <span class='ocrx_word' id='word_1_946' title='bbox 2196 1658 2383 1697; x_wconf 86' lang='lat' dir='ltr'>interloquen-</span> 
     </span>
     <span class='ocr_line' id='line_1_128' title="bbox 1317 1687 2382 1735; baseline 0.01 -18"><span class='ocrx_word' id='word_1_947' title='bbox 1317 1687 1404 1726; x_wconf 88' lang='lat' dir='ltr'>dum,</span> <span class='ocrx_word' id='word_1_948' title='bbox 1421 1688 1636 1726; x_wconf 87' lang='lat' dir='ltr'>diffiniendum,</span> <span class='ocrx_word' id='word_1_949' title='bbox 1654 1689 1867 1728; x_wconf 82' lang='lat' dir='ltr'>exequendum,</span> <span class='ocrx_word' id='word_1_950' title='bbox 1885 1690 1918 1721; x_wconf 86' lang='lat'>&amp;</span> <span class='ocrx_word' id='word_1_951' title='bbox 1933 1691 2014 1731; x_wconf 79' lang='lat' dir='ltr'>ipsas,</span> <span class='ocrx_word' id='word_1_952' title='bbox 2031 1692 2185 1724; x_wconf 85' lang='lat' dir='ltr'>secundum</span> <span class='ocrx_word' id='word_1_953' title='bbox 2202 1696 2310 1735; x_wconf 88' lang='lat' dir='ltr'>Leges,</span> <span class='ocrx_word' id='word_1_954' title='bbox 2328 1698 2382 1728; x_wconf 88' lang='lat' dir='ltr'>Fo-</span> 
     </span>
     <span class='ocr_line' id='line_1_129' title="bbox 1317 1726 2382 1768; baseline 0.012 -13"><span class='ocrx_word' id='word_1_955' title='bbox 1317 1735 1376 1763; x_wconf 84' lang='lat' dir='ltr'>res,</span> <span class='ocrx_word' id='word_1_956' title='bbox 1392 1727 1425 1757; x_wconf 91' lang='lat'>&amp;</span> <span class='ocrx_word' id='word_1_957' title='bbox 1438 1726 1660 1757; x_wconf 87' lang='lat' dir='ltr'>Consuetudines</span> <span class='ocrx_word' id='word_1_958' title='bbox 1675 1727 1744 1758; x_wconf 68' lang='lat' dir='ltr'>dieti</span> <span class='ocrx_word' id='word_1_959' title='bbox 1759 1727 1892 1759; x_wconf 89' lang='lat' dir='ltr'>Dominii</span> <span class='ocrx_word' id='word_1_960' title='bbox 1906 1730 2008 1768; x_wconf 87' lang='lat' dir='ltr'>nostri,</span> <span class='ocrx_word' id='word_1_961' title='bbox 2027 1741 2060 1761; x_wconf 92' lang='lat' dir='ltr'>ac</span> <span class='ocrx_word' id='word_1_962' title='bbox 2082 1732 2184 1764; x_wconf 87' lang='lat' dir='ltr'>Stilum</span> <span class='ocrx_word' id='word_1_963' title='bbox 2205 1735 2239 1766; x_wconf 90' lang='lat'>&amp;</span> <span class='ocrx_word' id='word_1_964' title='bbox 2261 1734 2382 1767; x_wconf 87' lang='lat' dir='ltr'>Cursum</span> 
     </span>
     <span class='ocr_line' id='line_1_130' title="bbox 1317 1763 2113 1808; baseline 0.005 -13"><span class='ocrx_word' id='word_1_965' title='bbox 1317 1763 1414 1795; x_wconf 84' lang='lat' dir='ltr'>Curiae</span> <span class='ocrx_word' id='word_1_966' title='bbox 1430 1764 1532 1795; x_wconf 84' lang='lat' dir='ltr'>nostrae</span> <span class='ocrx_word' id='word_1_967' title='bbox 1546 1765 1688 1804; x_wconf 88' lang='lat' dir='ltr'>Franciae,</span> <span class='ocrx_word' id='word_1_968' title='bbox 1706 1766 1763 1796; x_wconf 85' lang='lat' dir='ltr'>sine</span> <span class='ocrx_word' id='word_1_969' title='bbox 1777 1767 1874 1797; x_wconf 91' lang='lat' dir='ltr'>debito</span> <span class='ocrx_word' id='word_1_970' title='bbox 1889 1770 2113 1808; x_wconf 84' lang='lat' dir='ltr'>terminandum,</span> 
     </span>
     <span class='ocr_line' id='line_1_131' title="bbox 1331 1802 2382 1849; baseline 0.011 -17"><span class='ocrx_word' id='word_1_971' title='bbox 1331 1841 1335 1846; x_wconf 30' lang='grc' dir='ltr'>Π</span> <span class='ocrx_word' id='word_1_972' title='bbox 1353 1802 1388 1833; x_wconf 91' lang='lat' dir='ltr'>Et</span> <span class='ocrx_word' id='word_1_973' title='bbox 1403 1805 1499 1835; x_wconf 89' lang='lat' dir='ltr'>omnia</span> <span class='ocrx_word' id='word_1_974' title='bbox 1514 1804 1565 1834; x_wconf 90' lang='lat' dir='ltr'>alia</span> <span class='ocrx_word' id='word_1_975' title='bbox 1577 1804 1723 1842; x_wconf 83' lang='lat' dir='ltr'>&amp;singula</span> <span class='ocrx_word' id='word_1_976' title='bbox 1737 1805 1917 1845; x_wconf 74' lang='lat' dir='ltr'>faciendum,</span> <span class='ocrx_word' id='word_1_977' title='bbox 1933 1817 1996 1846; x_wconf 65' lang='lat' dir='ltr'>qum</span> <span class='ocrx_word' id='word_1_978' title='bbox 2009 1809 2037 1837; x_wconf 89' lang='lat' dir='ltr'>in</span> <span class='ocrx_word' id='word_1_979' title='bbox 2045 1809 2208 1849; x_wconf 82' lang='lat' dir='ltr'>praemiffis,</span> <span class='ocrx_word' id='word_1_980' title='bbox 2225 1811 2297 1842; x_wconf 88' lang='lat' dir='ltr'>&amp;ea</span> <span class='ocrx_word' id='word_1_981' title='bbox 2311 1823 2382 1844; x_wconf 88' lang='lat' dir='ltr'>con-</span> 
     </span>
     <span class='ocr_line' id='line_1_132' title="bbox 1316 1843 2383 1890; baseline 0.009 -18"><span class='ocrx_word' id='word_1_982' title='bbox 1316 1849 1357 1872; x_wconf 84' lang='lat' dir='ltr'>tin</span> <span class='ocrx_word' id='word_1_983' title='bbox 1377 1843 1502 1881; x_wconf 89' lang='lat' dir='ltr'>entibus,</span> <span class='ocrx_word' id='word_1_984' title='bbox 1519 1843 1667 1873; x_wconf 79' lang='lat' dir='ltr'>necessaria</span> <span class='ocrx_word' id='word_1_985' title='bbox 1681 1843 1800 1881; x_wconf 90' lang='lat' dir='ltr'>fuerint,</span> <span class='ocrx_word' id='word_1_986' title='bbox 1819 1846 1902 1875; x_wconf 91' lang='lat' dir='ltr'>etiam</span> <span class='ocrx_word' id='word_1_987' title='bbox 1915 1846 1933 1876; x_wconf 88' lang='lat' dir='ltr'>si</span> <span class='ocrx_word' id='word_1_988' title='bbox 1948 1845 2115 1877; x_wconf 84' lang='lat' dir='ltr'>Mandatum</span> <span class='ocrx_word' id='word_1_989' title='bbox 2124 1850 2236 1885; x_wconf 82' lang='lat' dir='ltr'>exigant</span> <span class='ocrx_word' id='word_1_990' title='bbox 2250 1850 2383 1890; x_wconf 86' lang='lat' dir='ltr'>speciale,</span> 
     </span>
     <span class='ocr_line' id='line_1_133' title="bbox 1383 1880 2383 1926; baseline 0.011 -16"><span class='ocrx_word' id='word_1_991' title='bbox 1383 1881 1446 1911; x_wconf 89' lang='lat' dir='ltr'>obis</span> <span class='ocrx_word' id='word_1_992' title='bbox 1465 1881 1544 1919; x_wconf 90' lang='lat' dir='ltr'>(cum</span> <span class='ocrx_word' id='word_1_993' title='bbox 1569 1880 1726 1912; x_wconf 85' lang='lat' dir='ltr'>Punitionis</span> <span class='ocrx_word' id='word_1_994' title='bbox 1742 1882 1775 1913; x_wconf 86' lang='lat'>&amp;</span> <span class='ocrx_word' id='word_1_995' title='bbox 1795 1881 1986 1913; x_wconf 84' lang='lat' dir='ltr'>Cohercionis</span> <span class='ocrx_word' id='word_1_996' title='bbox 2007 1885 2109 1916; x_wconf 82' lang='lat' dir='ltr'>debitae</span> <span class='ocrx_word' id='word_1_997' title='bbox 2126 1886 2275 1926; x_wconf 88' lang='lat' dir='ltr'>Potestate)</span> <span class='ocrx_word' id='word_1_998' title='bbox 2298 1889 2383 1922; x_wconf 83' lang='lat' dir='ltr'>Vices</span> 
     </span>
     <span class='ocr_line' id='line_1_134' title="bbox 1316 1918 2188 1959; baseline 0.009 -11"><span class='ocrx_word' id='word_1_999' title='bbox 1316 1918 1424 1949; x_wconf 89' lang='lat' dir='ltr'>nostras</span> <span class='ocrx_word' id='word_1_1000' title='bbox 1438 1920 1644 1950; x_wconf 88' lang='lat' dir='ltr'>committimus</span> <span class='ocrx_word' id='word_1_1001' title='bbox 1653 1943 1662 1959; x_wconf 88' lang='lat'>,</span> <span class='ocrx_word' id='word_1_1002' title='bbox 1677 1920 1770 1952; x_wconf 85' lang='lat' dir='ltr'>donec</span> <span class='ocrx_word' id='word_1_1003' title='bbox 1783 1931 1825 1952; x_wconf 89' lang='lat' dir='ltr'>eas</span> <span class='ocrx_word' id='word_1_1004' title='bbox 1836 1921 1992 1953; x_wconf 87' lang='lat' dir='ltr'>duxerimus</span> <span class='ocrx_word' id='word_1_1005' title='bbox 2008 1925 2188 1955; x_wconf 84' lang='lat' dir='ltr'>revocandas:</span> 
     </span>
    </p>

    <p class='ocr_par' dir='ltr' id='par_1_55' title="bbox 1317 1957 2381 2036">
     <span class='ocr_line' id='line_1_135' title="bbox 1354 1957 2381 2006; baseline 0.011 -19"><span class='ocrx_word' id='word_1_1006' title='bbox 1354 1957 1390 1987; x_wconf 88' lang='lat' dir='ltr'>Et</span> <span class='ocrx_word' id='word_1_1007' title='bbox 1406 1958 1473 1988; x_wconf 79' lang='lat' dir='ltr'>ideo</span> <span class='ocrx_word' id='word_1_1008' title='bbox 1489 1959 1571 1989; x_wconf 90' lang='lat' dir='ltr'>vobis</span> <span class='ocrx_word' id='word_1_1009' title='bbox 1586 1958 1769 1998; x_wconf 87' lang='lat' dir='ltr'>maridamus,</span> <span class='ocrx_word' id='word_1_1010' title='bbox 1786 1960 1866 1998; x_wconf 82' lang='lat' dir='ltr'>quod</span> <span class='ocrx_word' id='word_1_1011' title='bbox 1880 1962 1953 1992; x_wconf 83' lang='lat' dir='ltr'>circa</span> <span class='ocrx_word' id='word_1_1012' title='bbox 1970 1963 2108 2000; x_wconf 80' lang='lat' dir='ltr'>praemissa</span> <span class='ocrx_word' id='word_1_1013' title='bbox 2123 1965 2248 1996; x_wconf 79' lang='lat' dir='ltr'>facienda</span> <span class='ocrx_word' id='word_1_1014' title='bbox 2262 1965 2381 2006; x_wconf 81' lang='lat' dir='ltr'>diligen-</span> 
     </span>
     <span class='ocr_line' id='line_1_136' title="bbox 1317 1995 1867 2036; baseline 0.004 -9"><span class='ocrx_word' id='word_1_1015' title='bbox 1317 2005 1374 2031; x_wconf 88' lang='lat' dir='ltr'>ter,</span> <span class='ocrx_word' id='word_1_1016' title='bbox 1390 1995 1515 2034; x_wconf 80' lang='lat' dir='ltr'>solerter,</span> <span class='ocrx_word' id='word_1_1017' title='bbox 1530 1997 1563 2027; x_wconf 68' lang='grc' dir='ltr'>ὃς</span> <span class='ocrx_word' id='word_1_1018' title='bbox 1577 1996 1692 2028; x_wconf 87' lang='lat' dir='ltr'>fideliter</span> <span class='ocrx_word' id='word_1_1019' title='bbox 1704 1998 1867 2036; x_wconf 76' lang='lat' dir='ltr'>intendatis,</span> 
     </span>
    </p>

    <p class='ocr_par' dir='ltr' id='par_1_56' title="bbox 1316 2033 2401 2153">
     <span class='ocr_line' id='line_1_137' title="bbox 1352 2033 2401 2082; baseline 0.01 -18"><span class='ocrx_word' id='word_1_1020' title='bbox 1352 2033 1460 2065; x_wconf 83' lang='lat' dir='ltr'>Damus</span> <span class='ocrx_word' id='word_1_1021' title='bbox 1472 2044 1564 2066; x_wconf 88' lang='lat' dir='ltr'>autem</span> <span class='ocrx_word' id='word_1_1022' title='bbox 1585 2037 1721 2066; x_wconf 90' lang='lat' dir='ltr'>omnibus</span> <span class='ocrx_word' id='word_1_1023' title='bbox 1736 2036 1878 2068; x_wconf 90' lang='lat' dir='ltr'>Fidelibus</span> <span class='ocrx_word' id='word_1_1024' title='bbox 1893 2038 2006 2076; x_wconf 84' lang='lat' dir='ltr'>nostris,</span> <span class='ocrx_word' id='word_1_1025' title='bbox 2023 2041 2079 2070; x_wconf 64' lang='lat' dir='ltr'>tam</span> <span class='ocrx_word' id='word_1_1026' title='bbox 2101 2041 2275 2081; x_wconf 86' lang='lat' dir='ltr'>Nobilibus,</span> <span class='ocrx_word' id='word_1_1027' title='bbox 2295 2045 2381 2082; x_wconf 73' lang='lat' dir='ltr'>quam</span> <span class='ocrx_word' id='word_1_1028' title='bbox 2400 2074 2401 2077; x_wconf 72' lang='grc'>,</span> 
     </span>
     <span class='ocr_line' id='line_1_138' title="bbox 1317 2072 2382 2119; baseline 0.011 -17"><span class='ocrx_word' id='word_1_1029' title='bbox 1317 2072 1519 2112; x_wconf 85' lang='lat' dir='ltr'>Popularibus,</span> <span class='ocrx_word' id='word_1_1030' title='bbox 1536 2074 1604 2114; x_wconf 61' lang='lat' dir='ltr'>diciti</span> <span class='ocrx_word' id='word_1_1031' title='bbox 1617 2074 1752 2105; x_wconf 89' lang='lat' dir='ltr'>Dominii</span> <span class='ocrx_word' id='word_1_1032' title='bbox 1764 2075 1870 2114; x_wconf 87' lang='lat' dir='ltr'>nostri,</span> <span class='ocrx_word' id='word_1_1033' title='bbox 1887 2085 1983 2108; x_wconf 88' lang='lat' dir='ltr'>tenore</span> <span class='ocrx_word' id='word_1_1034' title='bbox 2004 2079 2196 2119; x_wconf 81' lang='lat' dir='ltr'>praesentium,</span> <span class='ocrx_word' id='word_1_1035' title='bbox 2214 2083 2243 2112; x_wconf 88' lang='lat' dir='ltr'>in</span> <span class='ocrx_word' id='word_1_1036' title='bbox 2260 2081 2382 2114; x_wconf 83' lang='lat' dir='ltr'>Manda-</span> 
     </span>
     <span class='ocr_line' id='line_1_139' title="bbox 1316 2112 2046 2153; baseline 0.004 -11"><span class='ocrx_word' id='word_1_1037' title='bbox 1316 2112 1365 2148; x_wconf 76' lang='lat' dir='ltr'>tis,</span> <span class='ocrx_word' id='word_1_1038' title='bbox 1384 2121 1412 2142; x_wconf 87' lang='lat' dir='ltr'>ut</span> <span class='ocrx_word' id='word_1_1039' title='bbox 1428 2113 1510 2142; x_wconf 89' lang='lat' dir='ltr'>vobis</span> <span class='ocrx_word' id='word_1_1040' title='bbox 1522 2113 1663 2144; x_wconf 87' lang='lat' dir='ltr'>intendant</span> <span class='ocrx_word' id='word_1_1041' title='bbox 1676 2113 1710 2144; x_wconf 88' lang='lat'>&amp;</span> <span class='ocrx_word' id='word_1_1042' title='bbox 1722 2123 1834 2151; x_wconf 85' lang='lat' dir='ltr'>pareant</span> <span class='ocrx_word' id='word_1_1043' title='bbox 1845 2116 1876 2144; x_wconf 91' lang='lat' dir='ltr'>in</span> <span class='ocrx_word' id='word_1_1044' title='bbox 1891 2116 2046 2153; x_wconf 81' lang='lat' dir='ltr'>praemiffis.</span> 
     </span>
    </p>

    <p class='ocr_par' dir='ltr' id='par_1_57' title="bbox 1355 2150 1574 2188">
     <span class='ocr_line' id='line_1_140' title="bbox 1355 2150 1574 2188; baseline 0.009 -9"><span class='ocrx_word' id='word_1_1045' title='bbox 1355 2150 1388 2179; x_wconf 90' lang='lat' dir='ltr'>In</span> <span class='ocrx_word' id='word_1_1046' title='bbox 1405 2151 1498 2188; x_wconf 86' lang='lat' dir='ltr'>cujus,</span> <span class='ocrx_word' id='word_1_1047' title='bbox 1513 2151 1574 2181; x_wconf 88' lang='lat' dir='ltr'>&amp;c.</span> 
     </span>
    </p>

    <p class='ocr_par' dir='ltr' id='par_1_58' title="bbox 1391 2188 2069 2233">
     <span class='ocr_line' id='line_1_141' title="bbox 1391 2188 2069 2233; baseline 0.009 -14"><span class='ocrx_word' id='word_1_1048' title='bbox 1391 2188 1459 2220; x_wconf 83' lang='lat' dir='ltr'>Dat.</span> <span class='ocrx_word' id='word_1_1049' title='bbox 1476 2189 1549 2228; x_wconf 83' lang='lat' dir='ltr'>apud</span> <span class='ocrx_word' id='word_1_1050' title='bbox 1568 2188 1747 2229; x_wconf 83' lang='lat' dir='ltr'>Retherhith,</span> <span class='ocrx_word' id='word_1_1051' title='bbox 1765 2189 1851 2222; x_wconf 79' lang='lat' dir='ltr'>Sexto</span> <span class='ocrx_word' id='word_1_1052' title='bbox 1873 2191 1919 2223; x_wconf 89' lang='lat' dir='ltr'>die</span> <span class='ocrx_word' id='word_1_1053' title='bbox 1941 2192 2069 2233; x_wconf 85' lang='lat' dir='ltr'>Augusti.</span> 
     </span>
    </p>
   </div>
   <div class='ocr_carea' id='block_1_34' title="bbox 2069 2234 2344 2274">
    <p class='ocr_par' dir='ltr' id='par_1_59' title="bbox 2069 2234 2344 2274">
     <span class='ocr_line' id='line_1_142' title="bbox 2069 2234 2344 2274; baseline 0.018 -12"><span class='ocrx_word' id='word_1_1054' title='bbox 2069 2235 2123 2263; x_wconf 75' lang='lat' dir='ltr'>Per</span> <span class='ocrx_word' id='word_1_1055' title='bbox 2140 2234 2223 2274; x_wconf 73' lang='lat' dir='ltr'>ip&#39;itm</span> <span class='ocrx_word' id='word_1_1056' title='bbox 2240 2239 2344 2274; x_wconf 77' lang='lat' dir='ltr'>Regem.</span> 
     </span>
    </p>
   </div>
   <div class='ocr_carea' id='block_1_35' title="bbox 2179 2318 2336 2323">
    <p class='ocr_par' dir='ltr' id='par_1_60' title="bbox 2179 2318 2336 2323">
     <span class='ocr_line' id='line_1_143' title="bbox 2179 2318 2336 2323; baseline 0 0"><span class='ocrx_word' id='word_1_1057' title='bbox 2179 2318 2336 2323; x_wconf 95' lang='lat' dir='ltr'> </span> 
     </span>
    </p>
   </div>
   <div class='ocr_carea' id='block_1_36' title="bbox 1318 2354 2384 2459">
    <p class='ocr_par' dir='ltr' id='par_1_61' title="bbox 1318 2354 2384 2459">
     <span class='ocr_line' id='line_1_144' title="bbox 1318 2354 2384 2409; baseline 0.011 -23"><span class='ocrx_word' id='word_1_1058' title='bbox 1318 2358 1367 2389; x_wconf 82' lang='lat' dir='ltr'>De</span> <span class='ocrx_word' id='word_1_1059' title='bbox 1389 2354 1553 2400; x_wconf 79' lang='lat' dir='ltr'>Hispanis,</span> <span class='ocrx_word' id='word_1_1060' title='bbox 1586 2356 1719 2402; x_wconf 72' lang='lat' dir='ltr'>Regnum</span> <span class='ocrx_word' id='word_1_1061' title='bbox 1753 2355 1896 2389; x_wconf 75' lang='lat' dir='ltr'>invadere</span> <span class='ocrx_word' id='word_1_1062' title='bbox 1915 2384 1925 2399; x_wconf 88' lang='lat'>,</span> <span class='ocrx_word' id='word_1_1063' title='bbox 1961 2361 1997 2396; x_wconf 58' lang='grc' dir='ltr'>ῤ’</span> <span class='ocrx_word' id='word_1_1064' title='bbox 2024 2362 2118 2393; x_wconf 76' lang='lat' dir='ltr'>Mari</span> <span class='ocrx_word' id='word_1_1065' title='bbox 2140 2363 2309 2409; x_wconf 68' lang='lat' dir='ltr'>Aug-lisano</span> <span class='ocrx_word' id='word_1_1066' title='bbox 2333 2365 2384 2398; x_wconf 90' lang='lat' dir='ltr'>do-</span> 
     </span>
     <span class='ocr_line' id='line_1_145' title="bbox 1441 2401 2258 2459; baseline 0.012 -25"><span class='ocrx_word' id='word_1_1067' title='bbox 1441 2407 1555 2436; x_wconf 64' lang='lat' dir='ltr'>minari</span> <span class='ocrx_word' id='word_1_1068' title='bbox 1567 2430 1577 2446; x_wconf 89' lang='lat'>,</span> <span class='ocrx_word' id='word_1_1069' title='bbox 1601 2401 1818 2450; x_wconf 62' lang='lat' dir='ltr'>Jafflzntibt155</span> <span class='ocrx_word' id='word_1_1070' title='bbox 1841 2408 1877 2443; x_wconf 55' lang='grc' dir='ltr'>θ’</span> <span class='ocrx_word' id='word_1_1071' title='bbox 1903 2405 1939 2439; x_wconf 85' lang='lat' dir='ltr'>de</span> <span class='ocrx_word' id='word_1_1072' title='bbox 1960 2408 2069 2440; x_wconf 75' lang='lat' dir='ltr'>orando</span> <span class='ocrx_word' id='word_1_1073' title='bbox 2089 2420 2146 2455; x_wconf 74' lang='lat' dir='ltr'>pro</span> <span class='ocrx_word' id='word_1_1074' title='bbox 2171 2414 2258 2459; x_wconf 69' lang='lat' dir='ltr'>Rege.</span> 
     </span>
    </p>
   </div>
   <div class='ocr_carea' id='block_1_37' title="bbox 1321 2488 2537 2582">
    <p class='ocr_par' dir='ltr' id='par_1_62' title="bbox 1321 2488 2537 2582">
     <span class='ocr_line' id='line_1_146' title="bbox 1321 2488 2537 2548; baseline 0.009 -28"><span class='ocrx_word' id='word_1_1075' title='bbox 1321 2488 1465 2548; x_wconf 64' lang='lat' dir='ltr'>REX,</span> <span class='ocrx_word' id='word_1_1076' title='bbox 1484 2489 1643 2519; x_wconf 87' lang='lat' dir='ltr'>Venerabili</span> <span class='ocrx_word' id='word_1_1077' title='bbox 1655 2490 1690 2533; x_wconf 87' lang='lat' dir='ltr'>¹in</span> <span class='ocrx_word' id='word_1_1078' title='bbox 1706 2489 1829 2534; x_wconf 70' lang='lat' dir='ltr'>Christo</span> <span class='ocrx_word' id='word_1_1079' title='bbox 1854 2490 1946 2535; x_wconf 86' lang='lat' dir='ltr'>Patri,</span> <span class='ocrx_word' id='word_1_1080' title='bbox 1964 2492 1993 2522; x_wconf 86' lang='lat' dir='ltr'>S.</span> <span class='ocrx_word' id='word_1_1081' title='bbox 2019 2493 2119 2524; x_wconf 70' lang='lat' dir='ltr'>efidem</span> <span class='ocrx_word' id='word_1_1082' title='bbox 2139 2497 2243 2536; x_wconf 58' lang='lat' dir='ltr'>cratia,</span> <span class='ocrx_word' id='word_1_1083' title='bbox 2263 2499 2384 2530; x_wconf 83' lang='lat' dir='ltr'>Archie-</span> <span class='ocrx_word' id='word_1_1084' title='bbox 2408 2503 2481 2535; x_wconf 78' lang='lat' dir='ltr'>Ann,</span> <span class='ocrx_word' id='word_1_1085' title='bbox 2497 2503 2537 2534; x_wconf 82' lang='lat' dir='ltr'>D,</span> 
     </span>
     <span class='ocr_line' id='line_1_147' title="bbox 1398 2527 2510 2582; baseline 0.011 -26"><span class='ocrx_word' id='word_1_1086' title='bbox 1398 2531 1514 2565; x_wconf 85' lang='lat' dir='ltr'>pilcopo</span> <span class='ocrx_word' id='word_1_1087' title='bbox 1528 2527 1736 2566; x_wconf 81' lang='lat' dir='ltr'>Cantuarienli,</span> <span class='ocrx_word' id='word_1_1088' title='bbox 1755 2537 1841 2559; x_wconf 86' lang='lat' dir='ltr'>totius</span> <span class='ocrx_word' id='word_1_1089' title='bbox 1857 2529 1972 2567; x_wconf 81' lang='lat' dir='ltr'>Angliae</span> <span class='ocrx_word' id='word_1_1090' title='bbox 1991 2530 2121 2570; x_wconf 78' lang='lat' dir='ltr'>Primari,</span> <span class='ocrx_word' id='word_1_1091' title='bbox 2140 2535 2271 2566; x_wconf 68' lang='lat' dir='ltr'>Salutem.</span> <span class='ocrx_word' id='word_1_1092' title='bbox 2427 2552 2510 2582; x_wconf 76' lang='lat'>1350,</span> 
     </span>
    </p>
   </div>
   <div class='ocr_carea' id='block_1_38' title="bbox 1315 2566 2389 4029">
    <p class='ocr_par' dir='ltr' id='par_1_63' title="bbox 1318 2566 2386 2762">
     <span class='ocr_line' id='line_1_148' title="bbox 1359 2566 2383 2608; baseline 0.011 -12"><span class='ocrx_word' id='word_1_1093' title='bbox 1359 2567 1441 2597; x_wconf 85' lang='lat' dir='ltr'>Licet</span> <span class='ocrx_word' id='word_1_1094' title='bbox 1458 2576 1527 2596; x_wconf 88' lang='lat' dir='ltr'>cum</span> <span class='ocrx_word' id='word_1_1095' title='bbox 1549 2567 1659 2597; x_wconf 58' lang='lat' dir='ltr'>cunctis</span> <span class='ocrx_word' id='word_1_1096' title='bbox 1679 2566 1785 2596; x_wconf 89' lang='lat' dir='ltr'>Christi</span> <span class='ocrx_word' id='word_1_1097' title='bbox 1808 2567 1947 2599; x_wconf 85' lang='lat' dir='ltr'>Fidelibus</span> <span class='ocrx_word' id='word_1_1098' title='bbox 1961 2568 2137 2602; x_wconf 67' lang='lat' dir='ltr'>Concordia.-</span> <span class='ocrx_word' id='word_1_1099' title='bbox 2156 2574 2188 2604; x_wconf 89' lang='lat'>&amp;</span> <span class='ocrx_word' id='word_1_1100' title='bbox 2213 2574 2294 2605; x_wconf 72' lang='lat' dir='ltr'>Pacis</span> <span class='ocrx_word' id='word_1_1101' title='bbox 2311 2578 2383 2608; x_wconf 90' lang='lat' dir='ltr'>uniri</span> 
     </span>
     <span class='ocr_line' id='line_1_149' title="bbox 1318 2604 2384 2650; baseline 0.01 -15"><span class='ocrx_word' id='word_1_1102' title='bbox 1318 2604 1445 2636; x_wconf 89' lang='lat' dir='ltr'>Vinculo</span> <span class='ocrx_word' id='word_1_1103' title='bbox 1461 2605 1621 2642; x_wconf 81' lang='lat' dir='ltr'>cupiamus,</span> <span class='ocrx_word' id='word_1_1104' title='bbox 1637 2606 1744 2642; x_wconf 83' lang='lat' dir='ltr'>antiqui</span> <span class='ocrx_word' id='word_1_1105' title='bbox 1758 2613 1851 2635; x_wconf 89' lang='lat' dir='ltr'>tamen</span> <span class='ocrx_word' id='word_1_1106' title='bbox 1864 2606 1963 2637; x_wconf 86' lang='lat' dir='ltr'>Hostis</span> <span class='ocrx_word' id='word_1_1107' title='bbox 1977 2608 2129 2648; x_wconf 86' lang='lat' dir='ltr'>Nequitia,</span> <span class='ocrx_word' id='word_1_1108' title='bbox 2148 2622 2211 2650; x_wconf 76' lang='lat' dir='ltr'>quae</span> <span class='ocrx_word' id='word_1_1109' title='bbox 2225 2612 2384 2646; x_wconf 85' lang='lat' dir='ltr'>Christico-</span> 
     </span>
     <span class='ocr_line' id='line_1_150' title="bbox 1318 2643 2385 2693; baseline 0.01 -19"><span class='ocrx_word' id='word_1_1110' title='bbox 1318 2644 1405 2674; x_wconf 88' lang='lat' dir='ltr'>larum</span> <span class='ocrx_word' id='word_1_1111' title='bbox 1428 2643 1605 2680; x_wconf 86' lang='lat' dir='ltr'>tranquilitati</span> <span class='ocrx_word' id='word_1_1112' title='bbox 1626 2644 1733 2673; x_wconf 89' lang='lat' dir='ltr'>invidet</span> <span class='ocrx_word' id='word_1_1113' title='bbox 1753 2644 1786 2674; x_wconf 91' lang='lat'><strong>&amp;</strong></span> <span class='ocrx_word' id='word_1_1114' title='bbox 1803 2645 1907 2683; x_wconf 88' lang='lat' dir='ltr'>quieti,</span> <span class='ocrx_word' id='word_1_1115' title='bbox 1932 2654 1962 2676; x_wconf 91' lang='lat' dir='ltr'>ut</span> <span class='ocrx_word' id='word_1_1116' title='bbox 1985 2646 2066 2677; x_wconf 87' lang='lat' dir='ltr'>Pacis</span> <span class='ocrx_word' id='word_1_1117' title='bbox 2084 2650 2218 2681; x_wconf 82' lang='lat' dir='ltr'>unitatem</span> <span class='ocrx_word' id='word_1_1118' title='bbox 2236 2653 2385 2693; x_wconf 80' lang='lat' dir='ltr'>rescindat,</span> 
     </span>
     <span class='ocr_line' id='line_1_151' title="bbox 1318 2681 2386 2723; baseline 0.009 -10"><span class='ocrx_word' id='word_1_1119' title='bbox 1318 2682 1409 2713; x_wconf 92' lang='lat' dir='ltr'>subtili</span> <span class='ocrx_word' id='word_1_1120' title='bbox 1424 2681 1604 2712; x_wconf 87' lang='lat' dir='ltr'>Commento</span> <span class='ocrx_word' id='word_1_1121' title='bbox 1618 2681 1755 2712; x_wconf 90' lang='lat' dir='ltr'>Fidelium</span> <span class='ocrx_word' id='word_1_1122' title='bbox 1770 2683 1855 2713; x_wconf 88' lang='lat' dir='ltr'>corda</span> <span class='ocrx_word' id='word_1_1123' title='bbox 1869 2684 1903 2714; x_wconf 86' lang='lat' dir='ltr'>ad</span> <span class='ocrx_word' id='word_1_1124' title='bbox 1925 2684 2046 2716; x_wconf 88' lang='lat' dir='ltr'>Guerras</span> <span class='ocrx_word' id='word_1_1125' title='bbox 2060 2687 2093 2717; x_wconf 90' lang='lat'>&amp;</span> <span class='ocrx_word' id='word_1_1126' title='bbox 2108 2687 2229 2720; x_wconf 85' lang='lat' dir='ltr'>Diffidia</span> <span class='ocrx_word' id='word_1_1127' title='bbox 2251 2701 2386 2723; x_wconf 84' lang='lat' dir='ltr'>commo—</span> 
     </span>
     <span class='ocr_line' id='line_1_152' title="bbox 1319 2719 2386 2762; baseline 0.007 -11"><span class='ocrx_word' id='word_1_1128' title='bbox 1319 2729 1381 2759; x_wconf 90' lang='lat' dir='ltr'>vet,</span> <span class='ocrx_word' id='word_1_1129' title='bbox 1399 2720 1432 2750; x_wconf 69' lang='grc' dir='ltr'>ὃ(</span> <span class='ocrx_word' id='word_1_1130' title='bbox 1448 2719 1576 2750; x_wconf 89' lang='lat' dir='ltr'>Inimicis</span> <span class='ocrx_word' id='word_1_1131' title='bbox 1589 2719 1688 2750; x_wconf 92' lang='lat' dir='ltr'>nostris</span> <span class='ocrx_word' id='word_1_1132' title='bbox 1704 2720 1841 2751; x_wconf 73' lang='lat' dir='ltr'>inimicos</span> <span class='ocrx_word' id='word_1_1133' title='bbox 1855 2732 2012 2760; x_wconf 89' lang='lat' dir='ltr'>aggregare</span> <span class='ocrx_word' id='word_1_1134' title='bbox 2028 2735 2086 2755; x_wconf 92' lang='lat' dir='ltr'>non</span> <span class='ocrx_word' id='word_1_1135' title='bbox 2101 2726 2198 2758; x_wconf 82' lang='lat' dir='ltr'>desinit</span> <span class='ocrx_word' id='word_1_1136' title='bbox 2213 2729 2266 2760; x_wconf 90' lang='lat' dir='ltr'>hiis</span> <span class='ocrx_word' id='word_1_1137' title='bbox 2279 2732 2386 2762; x_wconf 83' lang='lat' dir='ltr'>diebus.</span> 
     </span>
    </p>

    <p class='ocr_par' dir='ltr' id='par_1_64' title="bbox 1319 2758 2389 3146">
     <span class='ocr_line' id='line_1_153' title="bbox 1358 2758 2388 2809; baseline 0.011 -20"><span class='ocrx_word' id='word_1_1138' title='bbox 1358 2758 1506 2789; x_wconf 88' lang='lat' dir='ltr'>Notitiam</span> <span class='ocrx_word' id='word_1_1139' title='bbox 1522 2760 1626 2796; x_wconf 89' lang='lat' dir='ltr'>quippe</span> <span class='ocrx_word' id='word_1_1140' title='bbox 1641 2758 1760 2789; x_wconf 91' lang='lat' dir='ltr'>vestram</span> <span class='ocrx_word' id='word_1_1141' title='bbox 1783 2760 1864 2790; x_wconf 88' lang='lat' dir='ltr'>latere</span> <span class='ocrx_word' id='word_1_1142' title='bbox 1887 2771 1946 2791; x_wconf 93' lang='lat' dir='ltr'>non</span> <span class='ocrx_word' id='word_1_1143' title='bbox 1968 2763 2125 2803; x_wconf 89' lang='lat' dir='ltr'>credimus,</span> <span class='ocrx_word' id='word_1_1144' title='bbox 2144 2767 2261 2803; x_wconf 83' lang='lat' dir='ltr'>qualiter</span> <span class='ocrx_word' id='word_1_1145' title='bbox 2284 2768 2388 2809; x_wconf 74' lang='lat' dir='ltr'>Ispani‚</span> 
     </span>
     <span class='ocr_line' id='line_1_154' title="bbox 1320 2797 2389 2839; baseline 0.012 -13"><span class='ocrx_word' id='word_1_1146' title='bbox 1320 2808 1388 2828; x_wconf 90' lang='lat' dir='ltr'>cum</span> <span class='ocrx_word' id='word_1_1147' title='bbox 1411 2797 1510 2836; x_wconf 87' lang='lat' dir='ltr'>quibus</span> <span class='ocrx_word' id='word_1_1148' title='bbox 1526 2797 1648 2835; x_wconf 68' lang='lat' dir='ltr'>Foedus,</span> <span class='ocrx_word' id='word_1_1149' title='bbox 1665 2798 1742 2827; x_wconf 86' lang='lat' dir='ltr'>&#39;inter</span> <span class='ocrx_word' id='word_1_1150' title='bbox 1756 2798 1876 2836; x_wconf 87' lang='lat' dir='ltr'>ipsorum</span> <span class='ocrx_word' id='word_1_1151' title='bbox 1893 2799 1987 2837; x_wconf 86' lang='lat' dir='ltr'>Reges</span> <span class='ocrx_word' id='word_1_1152' title='bbox 2009 2802 2043 2832; x_wconf 89' lang='lat'>&amp;</span> <span class='ocrx_word' id='word_1_1153' title='bbox 2063 2800 2258 2837; x_wconf 84' lang='lat' dir='ltr'>Anteceffores</span> <span class='ocrx_word' id='word_1_1154' title='bbox 2281 2808 2389 2839; x_wconf 84' lang='lat' dir='ltr'>nostros</span> 
     </span>
     <span class='ocr_line' id='line_1_155' title="bbox 1319 2835 2388 2880; baseline 0.01 -13"><span class='ocrx_word' id='word_1_1155' title='bbox 1319 2836 1428 2867; x_wconf 88' lang='lat' dir='ltr'>dudum</span> <span class='ocrx_word' id='word_1_1156' title='bbox 1443 2837 1562 2874; x_wconf 89' lang='lat' dir='ltr'>initum,</span> <span class='ocrx_word' id='word_1_1157' title='bbox 1579 2835 1732 2873; x_wconf 83' lang='lat' dir='ltr'>Conjugali</span> <span class='ocrx_word' id='word_1_1158' title='bbox 1746 2837 1832 2880; x_wconf 76' lang='lat' dir='ltr'>prolis</span> <span class='ocrx_word' id='word_1_1159' title='bbox 1854 2837 1956 2869; x_wconf 87' lang='lat' dir='ltr'>nostrae</span> <span class='ocrx_word' id='word_1_1160' title='bbox 1970 2841 2073 2877; x_wconf 70' lang='lat' dir='ltr'>copula</span> <span class='ocrx_word' id='word_1_1161' title='bbox 2095 2844 2239 2875; x_wconf 77' lang='lat' dir='ltr'>renovasse</span> <span class='ocrx_word' id='word_1_1162' title='bbox 2260 2844 2388 2877; x_wconf 90' lang='lat' dir='ltr'>decrevi-</span> 
     </span>
     <span class='ocr_line' id='line_1_156' title="bbox 1323 2874 2388 2924; baseline 0.01 -19"><span class='ocrx_word' id='word_1_1163' title='bbox 1323 2885 1403 2914; x_wconf 88' lang='lat' dir='ltr'>mus,</span> <span class='ocrx_word' id='word_1_1164' title='bbox 1429 2875 1459 2904; x_wconf 90' lang='lat' dir='ltr'>in</span> <span class='ocrx_word' id='word_1_1165' title='bbox 1483 2874 1593 2905; x_wconf 81' lang='lat' dir='ltr'>Arcum</span> <span class='ocrx_word' id='word_1_1166' title='bbox 1618 2884 1735 2911; x_wconf 89' lang='lat' dir='ltr'>pravum</span> <span class='ocrx_word' id='word_1_1167' title='bbox 1756 2885 1818 2913; x_wconf 85' lang='lat' dir='ltr'>Jam</span> <span class='ocrx_word' id='word_1_1168' title='bbox 1844 2878 1987 2916; x_wconf 69' lang='lat' dir='ltr'>converri,</span> <span class='ocrx_word' id='word_1_1169' title='bbox 2007 2888 2075 2909; x_wconf 93' lang='lat' dir='ltr'>cum</span> <span class='ocrx_word' id='word_1_1170' title='bbox 2102 2879 2302 2919; x_wconf 87' lang='lat' dir='ltr'>Complicibus</span> <span class='ocrx_word' id='word_1_1171' title='bbox 2320 2885 2388 2924; x_wconf 88' lang='lat' dir='ltr'>suis,</span> 
     </span>
     <span class='ocr_line' id='line_1_157' title="bbox 1322 2912 2386 2955; baseline 0.011 -12"><span class='ocrx_word' id='word_1_1172' title='bbox 1322 2913 1430 2944; x_wconf 84' lang='lat' dir='ltr'>Gentes</span> <span class='ocrx_word' id='word_1_1173' title='bbox 1442 2912 1547 2942; x_wconf 85' lang='lat' dir='ltr'>nostras</span> <span class='ocrx_word' id='word_1_1174' title='bbox 1566 2912 1770 2952; x_wconf 83' lang='lat' dir='ltr'>(Mercatores,</span> <span class='ocrx_word' id='word_1_1175' title='bbox 1786 2914 1917 2945; x_wconf 87' lang='lat' dir='ltr'>videlicet</span> <span class='ocrx_word' id='word_1_1176' title='bbox 1951 2917 1984 2947; x_wconf 88' lang='lat'>&amp;</span> <span class='ocrx_word' id='word_1_1177' title='bbox 1996 2917 2062 2947; x_wconf 84' lang='lat' dir='ltr'>alios</span> <span class='ocrx_word' id='word_1_1178' title='bbox 2082 2928 2130 2955; x_wconf 91' lang='lat' dir='ltr'>per</span> <span class='ocrx_word' id='word_1_1179' title='bbox 2144 2919 2226 2951; x_wconf 82' lang='lat' dir='ltr'>Mare</span> <span class='ocrx_word' id='word_1_1180' title='bbox 2248 2932 2316 2953; x_wconf 90' lang='lat' dir='ltr'>cum</span> <span class='ocrx_word' id='word_1_1181' title='bbox 2334 2924 2386 2954; x_wconf 94' lang='lat' dir='ltr'>Vi-</span> 
     </span>
     <span class='ocr_line' id='line_1_158' title="bbox 1322 2939 2386 2999; baseline 0.01 -17"><span class='ocrx_word' id='word_1_1182' title='bbox 1322 2953 1378 2990; x_wconf 88' lang='lat' dir='ltr'>nis,</span> <span class='ocrx_word' id='word_1_1183' title='bbox 1400 2952 1498 2989; x_wconf 87' lang='lat' dir='ltr'>Lanis,</span> <span class='ocrx_word' id='word_1_1184' title='bbox 1516 2951 1549 2982; x_wconf 85' lang='lat'>&amp;</span> <span class='ocrx_word' id='word_1_1185' title='bbox 1569 2952 1626 2981; x_wconf 89' lang='lat' dir='ltr'>aliis</span> <span class='ocrx_word' id='word_1_1186' title='bbox 1641 2950 1857 2991; x_wconf 88' lang='lat' dir='ltr'>Mercimoniis,</span> <span class='ocrx_word' id='word_1_1187' title='bbox 1874 2954 1908 2983; x_wconf 88' lang='lat'>&amp;</span> <span class='ocrx_word' id='word_1_1188' title='bbox 1923 2939 2006 2984; x_wconf 72' lang='lat' dir='ltr'>i30nis</span> <span class='ocrx_word' id='word_1_1189' title='bbox 2026 2955 2077 2986; x_wconf 89' lang='lat' dir='ltr'>suis</span> <span class='ocrx_word' id='word_1_1190' title='bbox 2096 2959 2269 2997; x_wconf 81' lang='lat' dir='ltr'>navigantes)</span> <span class='ocrx_word' id='word_1_1191' title='bbox 2290 2972 2386 2999; x_wconf 82' lang='lat' dir='ltr'>quam·</span> 
     </span>
     <span class='ocr_line' id='line_1_159' title="bbox 1322 2989 2386 3038; baseline 0.009 -17"><span class='ocrx_word' id='word_1_1192' title='bbox 1322 2991 1420 3029; x_wconf 86' lang='lat' dir='ltr'>pluries</span> <span class='ocrx_word' id='word_1_1193' title='bbox 1434 2989 1569 3020; x_wconf 85' lang='lat' dir='ltr'>hostiliter</span> <span class='ocrx_word' id='word_1_1194' title='bbox 1588 2989 1760 3028; x_wconf 87' lang='lat' dir='ltr'>invaserunt,</span> <span class='ocrx_word' id='word_1_1195' title='bbox 1776 2992 1808 3021; x_wconf 87' lang='lat'>&amp;</span> <span class='ocrx_word' id='word_1_1196' title='bbox 1824 2990 1910 3021; x_wconf 89' lang='lat' dir='ltr'>Bonis</span> <span class='ocrx_word' id='word_1_1197' title='bbox 1931 2992 1982 3023; x_wconf 90' lang='lat' dir='ltr'>suis</span> <span class='ocrx_word' id='word_1_1198' title='bbox 2001 2993 2157 3032; x_wconf 81' lang='lat' dir='ltr'>hujusmodi</span> <span class='ocrx_word' id='word_1_1199' title='bbox 2173 2997 2386 3038; x_wconf 73' lang='lat' dir='ltr'>depraedarunt,</span> 
     </span>
     <span class='ocr_line' id='line_1_160' title="bbox 1324 3028 2387 3075; baseline 0.008 -16"><span class='ocrx_word' id='word_1_1200' title='bbox 1324 3040 1358 3059; x_wconf 87' lang='lat' dir='ltr'>ac</span> <span class='ocrx_word' id='word_1_1201' title='bbox 1374 3029 1533 3059; x_wconf 88' lang='lat' dir='ltr'>immaniter</span> <span class='ocrx_word' id='word_1_1202' title='bbox 1552 3028 1725 3059; x_wconf 74' lang='lat' dir='ltr'>trucidarunt</span> <span class='ocrx_word' id='word_1_1203' title='bbox 1737 3029 1770 3059; x_wconf 87' lang='lat'>&amp;</span> <span class='ocrx_word' id='word_1_1204' title='bbox 1792 3030 2006 3070; x_wconf 89' lang='lat' dir='ltr'>interfecerunt,</span> <span class='ocrx_word' id='word_1_1205' title='bbox 2030 3042 2193 3075; x_wconf 86' lang='lat' dir='ltr'>partemque</span> <span class='ocrx_word' id='word_1_1206' title='bbox 2213 3047 2272 3067; x_wconf 90' lang='lat' dir='ltr'>non</span> <span class='ocrx_word' id='word_1_1207' title='bbox 2295 3039 2387 3069; x_wconf 89' lang='lat' dir='ltr'>modi-</span> 
     </span>
     <span class='ocr_line' id='line_1_161' title="bbox 1321 3066 2385 3114; baseline 0.01 -17"><span class='ocrx_word' id='word_1_1208' title='bbox 1321 3078 1387 3097; x_wconf 90' lang='lat' dir='ltr'>cam</span> <span class='ocrx_word' id='word_1_1209' title='bbox 1404 3067 1526 3104; x_wconf 82' lang='lat' dir='ltr'>Navigii</span> <span class='ocrx_word' id='word_1_1210' title='bbox 1543 3066 1629 3096; x_wconf 88' lang='lat' dir='ltr'>nostri</span> <span class='ocrx_word' id='word_1_1211' title='bbox 1644 3066 1850 3106; x_wconf 82' lang='lat' dir='ltr'>destruxerunt,</span> <span class='ocrx_word' id='word_1_1212' title='bbox 1868 3070 1901 3099; x_wconf 70' lang='grc' dir='ltr'>δε</span> <span class='ocrx_word' id='word_1_1213' title='bbox 1922 3069 1973 3100; x_wconf 91' lang='lat' dir='ltr'>alia</span> <span class='ocrx_word' id='word_1_1214' title='bbox 1988 3070 2067 3102; x_wconf 88' lang='lat' dir='ltr'>Mala</span> <span class='ocrx_word' id='word_1_1215' title='bbox 2081 3073 2227 3106; x_wconf 89' lang='lat' dir='ltr'>innumera</span> <span class='ocrx_word' id='word_1_1216' title='bbox 2248 3078 2385 3114; x_wconf 69' lang='lat' dir='ltr'>perpetra-</span> 
     </span>
     <span class='ocr_line' id='line_1_162' title="bbox 1322 3105 1957 3146; baseline 0.002 -10"><span class='ocrx_word' id='word_1_1217' title='bbox 1322 3114 1404 3143; x_wconf 89' lang='lat' dir='ltr'>runt,</span> <span class='ocrx_word' id='word_1_1218' title='bbox 1422 3105 1454 3135; x_wconf 89' lang='lat'>&amp;</span> <span class='ocrx_word' id='word_1_1219' title='bbox 1472 3105 1558 3134; x_wconf 90' lang='lat' dir='ltr'>indies</span> <span class='ocrx_word' id='word_1_1220' title='bbox 1573 3114 1726 3143; x_wconf 85' lang='lat' dir='ltr'>perpetrare</span> <span class='ocrx_word' id='word_1_1221' title='bbox 1737 3116 1795 3136; x_wconf 92' lang='lat' dir='ltr'>non</span> <span class='ocrx_word' id='word_1_1222' title='bbox 1809 3106 1957 3146; x_wconf 79' lang='lat' dir='ltr'>desistunt,</span> 
     </span>
    </p>

    <p class='ocr_par' dir='ltr' id='par_1_65' title="bbox 1320 3144 2386 3375">
     <span class='ocr_line' id='line_1_163' title="bbox 1356 3144 2382 3186; baseline 0.01 -13"><span class='ocrx_word' id='word_1_1223' title='bbox 1356 3144 1476 3182; x_wconf 81' lang='lat' dir='ltr'>jamque</span> <span class='ocrx_word' id='word_1_1224' title='bbox 1489 3145 1519 3173; x_wconf 92' lang='lat' dir='ltr'>in</span> <span class='ocrx_word' id='word_1_1225' title='bbox 1536 3152 1639 3174; x_wconf 86' lang='lat' dir='ltr'>tantam</span> <span class='ocrx_word' id='word_1_1226' title='bbox 1656 3144 1742 3175; x_wconf 60' lang='lat' dir='ltr'>eredii</span> <span class='ocrx_word' id='word_1_1227' title='bbox 1755 3144 1816 3175; x_wconf 88' lang='lat' dir='ltr'>sunt</span> <span class='ocrx_word' id='word_1_1228' title='bbox 1829 3145 2013 3185; x_wconf 85' lang='lat' dir='ltr'>Superbiam,</span> <span class='ocrx_word' id='word_1_1229' title='bbox 2029 3149 2126 3186; x_wconf 79' lang='lat' dir='ltr'>quod,</span> <span class='ocrx_word' id='word_1_1230' title='bbox 2146 3149 2292 3182; x_wconf 71' lang='lat' dir='ltr'>Immenszi</span> <span class='ocrx_word' id='word_1_1231' title='bbox 2306 3152 2382 3183; x_wconf 72' lang='lat' dir='ltr'>Clis-</span> 
     </span>
     <span class='ocr_line' id='line_1_164' title="bbox 1321 3182 2384 3226; baseline 0.008 -14"><span class='ocrx_word' id='word_1_1232' title='bbox 1321 3183 1362 3220; x_wconf 90' lang='lat' dir='ltr'>se,</span> <span class='ocrx_word' id='word_1_1233' title='bbox 1382 3183 1411 3212; x_wconf 90' lang='lat' dir='ltr'>in</span> <span class='ocrx_word' id='word_1_1234' title='bbox 1428 3183 1549 3220; x_wconf 85' lang='lat' dir='ltr'>partibus</span> <span class='ocrx_word' id='word_1_1235' title='bbox 1566 3182 1717 3220; x_wconf 57' lang='lat' dir='ltr'>Flandriae,</span> <span class='ocrx_word' id='word_1_1236' title='bbox 1742 3193 1790 3220; x_wconf 82' lang='lat' dir='ltr'>per</span> <span class='ocrx_word' id='word_1_1237' title='bbox 1812 3183 1883 3221; x_wconf 87' lang='lat' dir='ltr'>ipsos</span> <span class='ocrx_word' id='word_1_1238' title='bbox 1900 3187 2090 3226; x_wconf 71' lang='lat' dir='ltr'>congregata,</span> <span class='ocrx_word' id='word_1_1239' title='bbox 2108 3189 2140 3219; x_wconf 91' lang='lat'>&amp;</span> <span class='ocrx_word' id='word_1_1240' title='bbox 2166 3189 2306 3220; x_wconf 87' lang='lat' dir='ltr'>Gentibus</span> <span class='ocrx_word' id='word_1_1241' title='bbox 2328 3191 2384 3221; x_wconf 83' lang='lat' dir='ltr'>Ar-</span> 
     </span>
     <span class='ocr_line' id='line_1_165' title="bbox 1323 3221 2386 3260; baseline 0.008 -9"><span class='ocrx_word' id='word_1_1242' title='bbox 1323 3222 1405 3252; x_wconf 82' lang='lat' dir='ltr'>matis</span> <span class='ocrx_word' id='word_1_1243' title='bbox 1419 3221 1531 3258; x_wconf 67' lang='lat' dir='ltr'>vallata,</span> <span class='ocrx_word' id='word_1_1244' title='bbox 1550 3221 1657 3251; x_wconf 76' lang='lat' dir='ltr'>nedum</span> <span class='ocrx_word' id='word_1_1245' title='bbox 1670 3221 1697 3251; x_wconf 90' lang='lat' dir='ltr'>se</span> <span class='ocrx_word' id='word_1_1246' title='bbox 1713 3221 1875 3259; x_wconf 87' lang='lat' dir='ltr'>Navigium</span> <span class='ocrx_word' id='word_1_1247' title='bbox 1887 3223 2011 3254; x_wconf 83' lang='lat' dir='ltr'>nostrum</span> <span class='ocrx_word' id='word_1_1248' title='bbox 2027 3226 2055 3254; x_wconf 90' lang='lat' dir='ltr'>in</span> <span class='ocrx_word' id='word_1_1249' title='bbox 2070 3234 2163 3256; x_wconf 89' lang='lat' dir='ltr'>totum</span> <span class='ocrx_word' id='word_1_1250' title='bbox 2180 3228 2248 3258; x_wconf 86' lang='lat' dir='ltr'>velle</span> <span class='ocrx_word' id='word_1_1251' title='bbox 2262 3228 2386 3260; x_wconf 86' lang='lat' dir='ltr'>destrue-</span> 
     </span>
     <span class='ocr_line' id='line_1_166' title="bbox 1322 3259 2385 3303; baseline 0.009 -16"><span class='ocrx_word' id='word_1_1252' title='bbox 1322 3270 1368 3297; x_wconf 79' lang='lat' dir='ltr'>re,</span> <span class='ocrx_word' id='word_1_1253' title='bbox 1388 3260 1420 3290; x_wconf 66' lang='grc' dir='ltr'>ὃς</span> <span class='ocrx_word' id='word_1_1254' title='bbox 1443 3259 1518 3289; x_wconf 84' lang='lat' dir='ltr'>Mari</span> <span class='ocrx_word' id='word_1_1255' title='bbox 1532 3259 1696 3296; x_wconf 81' lang='lat' dir='ltr'>Anglicano</span> <span class='ocrx_word' id='word_1_1256' title='bbox 1715 3259 1853 3291; x_wconf 88' lang='lat' dir='ltr'>dominari</span> <span class='ocrx_word' id='word_1_1257' title='bbox 1865 3262 2177 3303; x_wconf 65' lang='lat' dir='ltr'>ja&amp;are.pr2eiiimunt,</span> <span class='ocrx_word' id='word_1_1258' title='bbox 2195 3265 2231 3295; x_wconf 83' lang='lat' dir='ltr'>set</span> <span class='ocrx_word' id='word_1_1259' title='bbox 2248 3266 2385 3303; x_wconf 73' lang='lat' dir='ltr'>Regnum</span> 
     </span>
     <span class='ocr_line' id='line_1_167' title="bbox 1320 3297 2382 3341; baseline 0.008 -13"><span class='ocrx_word' id='word_1_1260' title='bbox 1320 3298 1446 3328; x_wconf 83' lang='lat' dir='ltr'>nostrum</span> <span class='ocrx_word' id='word_1_1261' title='bbox 1465 3297 1611 3335; x_wconf 85' lang='lat' dir='ltr'>invadere,</span> <span class='ocrx_word' id='word_1_1262' title='bbox 1629 3297 1845 3337; x_wconf 80' lang='lat' dir='ltr'>Popult‘imque,</span> <span class='ocrx_word' id='word_1_1263' title='bbox 1863 3301 1943 3331; x_wconf 82' lang='lat' dir='ltr'>nobis</span> <span class='ocrx_word' id='word_1_1264' title='bbox 1957 3301 2121 3341; x_wconf 60' lang='lat' dir='ltr'>subjeetum,</span> <span class='ocrx_word' id='word_1_1265' title='bbox 2139 3302 2382 3336; x_wconf 67' lang='lat' dir='ltr'>Exterminiosub-</span> 
     </span>
     <span class='ocr_line' id='line_1_168' title="bbox 1322 3336 1842 3375; baseline 0.002 -9"><span class='ocrx_word' id='word_1_1266' title='bbox 1322 3337 1388 3366; x_wconf 90' lang='lat' dir='ltr'>dere</span> <span class='ocrx_word' id='word_1_1267' title='bbox 1403 3336 1472 3367; x_wconf 80' lang='lat' dir='ltr'>velle</span> <span class='ocrx_word' id='word_1_1268' title='bbox 1488 3336 1610 3375; x_wconf 77' lang='lat' dir='ltr'>expresse</span> <span class='ocrx_word' id='word_1_1269' title='bbox 1622 3338 1842 3367; x_wconf 82' lang='lat' dir='ltr'>comminantur.</span> 
     </span>
    </p>

    <p class='ocr_par' dir='ltr' id='par_1_66' title="bbox 1315 3374 2383 3796">
     <span class='ocr_line' id='line_1_169' title="bbox 1361 3374 2381 3421; baseline 0.01 -17"><span class='ocrx_word' id='word_1_1270' title='bbox 1361 3374 1442 3405; x_wconf 77' lang='lat' dir='ltr'>Cum</span> <span class='ocrx_word' id='word_1_1271' title='bbox 1459 3375 1558 3413; x_wconf 77' lang='lat' dir='ltr'>igitur,</span> <span class='ocrx_word' id='word_1_1272' title='bbox 1583 3374 1631 3404; x_wconf 90' lang='lat' dir='ltr'>sub</span> <span class='ocrx_word' id='word_1_1273' title='bbox 1654 3374 1771 3406; x_wconf 82' lang='lat' dir='ltr'>Divinae</span> <span class='ocrx_word' id='word_1_1274' title='bbox 1794 3375 1979 3407; x_wconf 85' lang='lat' dir='ltr'>Miserationis</span> <span class='ocrx_word' id='word_1_1275' title='bbox 2002 3377 2121 3416; x_wconf 66' lang='lat' dir='ltr'>fiducia,</span> <span class='ocrx_word' id='word_1_1276' title='bbox 2139 3388 2173 3408; x_wconf 78' lang='lat' dir='ltr'>ex</span> <span class='ocrx_word' id='word_1_1277' title='bbox 2195 3380 2274 3418; x_wconf 88' lang='lat' dir='ltr'>cujus</span> <span class='ocrx_word' id='word_1_1278' title='bbox 2294 3391 2381 3421; x_wconf 89' lang='lat' dir='ltr'>nutu,</span> 
     </span>
     <span class='ocr_line' id='line_1_170' title="bbox 1322 3412 2381 3454; baseline 0.008 -12"><span class='ocrx_word' id='word_1_1279' title='bbox 1322 3423 1381 3443; x_wconf 86' lang='lat' dir='ltr'>non</span> <span class='ocrx_word' id='word_1_1280' title='bbox 1397 3423 1429 3443; x_wconf 87' lang='lat' dir='ltr'>ex</span> <span class='ocrx_word' id='word_1_1281' title='bbox 1453 3412 1573 3443; x_wconf 71' lang='lat' dir='ltr'>humana</span> <span class='ocrx_word' id='word_1_1282' title='bbox 1591 3412 1737 3451; x_wconf 72' lang='lat' dir='ltr'>Potentia,</span> <span class='ocrx_word' id='word_1_1283' title='bbox 1754 3414 1782 3444; x_wconf 91' lang='lat' dir='ltr'>V</span> <span class='ocrx_word' id='word_1_1284' title='bbox 1784 3414 1882 3445; x_wconf 65' lang='lat' dir='ltr'>idtoria</span> <span class='ocrx_word' id='word_1_1285' title='bbox 1906 3415 2059 3454; x_wconf 84' lang='lat' dir='ltr'>dependet,</span> <span class='ocrx_word' id='word_1_1286' title='bbox 2076 3416 2109 3445; x_wconf 86' lang='lat' dir='ltr'>ad</span> <span class='ocrx_word' id='word_1_1287' title='bbox 2130 3417 2303 3450; x_wconf 83' lang='lat' dir='ltr'>obviandum</span> <span class='ocrx_word' id='word_1_1288' title='bbox 2317 3421 2381 3451; x_wconf 83' lang='lat' dir='ltr'>Ho-</span> 
     </span>
     <span class='ocr_line' id='line_1_171' title="bbox 1322 3450 2380 3496; baseline 0.005 -15"><span class='ocrx_word' id='word_1_1289' title='bbox 1322 3452 1407 3482; x_wconf 89' lang='lat' dir='ltr'>stibus</span> <span class='ocrx_word' id='word_1_1290' title='bbox 1419 3450 1520 3481; x_wconf 82' lang='lat' dir='ltr'>nostris</span> <span class='ocrx_word' id='word_1_1291' title='bbox 1535 3451 1709 3490; x_wconf 84' lang='lat' dir='ltr'>hujusmodi,</span> <span class='ocrx_word' id='word_1_1292' title='bbox 1727 3462 1782 3490; x_wconf 88' lang='lat' dir='ltr'>pro</span> <span class='ocrx_word' id='word_1_1293' title='bbox 1796 3452 1926 3483; x_wconf 83' lang='lat' dir='ltr'>Eccleliae</span> <span class='ocrx_word' id='word_1_1294' title='bbox 1942 3454 2052 3484; x_wconf 53' lang='lat' dir='ltr'>Sanitae</span> <span class='ocrx_word' id='word_1_1295' title='bbox 2064 3454 2217 3495; x_wconf 88' lang='lat' dir='ltr'>Tuitione,</span> <span class='ocrx_word' id='word_1_1296' title='bbox 2233 3458 2266 3489; x_wconf 91' lang='lat'>&amp;</span> <span class='ocrx_word' id='word_1_1297' title='bbox 2283 3459 2380 3496; x_wconf 81' lang='lat' dir='ltr'>Regni</span> 
     </span>
     <span class='ocr_line' id='line_1_172' title="bbox 1325 3490 2383 3531; baseline 0.009 -12"><span class='ocrx_word' id='word_1_1298' title='bbox 1325 3490 1412 3519; x_wconf 89' lang='lat' dir='ltr'>nostri</span> <span class='ocrx_word' id='word_1_1299' title='bbox 1431 3490 1586 3526; x_wconf 72' lang='lat' dir='ltr'>Succurffi,</span> <span class='ocrx_word' id='word_1_1300' title='bbox 1604 3500 1793 3527; x_wconf 74' lang='lat' dir='ltr'>proponamus</span> <span class='ocrx_word' id='word_1_1301' title='bbox 1815 3492 1945 3521; x_wconf 81' lang='lat' dir='ltr'>celerime</span> <span class='ocrx_word' id='word_1_1302' title='bbox 1969 3491 2123 3531; x_wconf 79' lang='lat' dir='ltr'>proficisci,</span> <span class='ocrx_word' id='word_1_1303' title='bbox 2142 3503 2192 3524; x_wconf 87' lang='lat' dir='ltr'>vos</span> <span class='ocrx_word' id='word_1_1304' title='bbox 2212 3500 2317 3528; x_wconf 79' lang='lat' dir='ltr'>attente</span> <span class='ocrx_word' id='word_1_1305' title='bbox 2336 3508 2383 3528; x_wconf 89' lang='lat' dir='ltr'>ro-</span> 
     </span>
     <span class='ocr_line' id='line_1_173' title="bbox 1320 3529 2381 3572; baseline 0.008 -14"><span class='ocrx_word' id='word_1_1306' title='bbox 1320 3538 1421 3565; x_wconf 83' lang='lat' dir='ltr'>gamus</span> <span class='ocrx_word' id='word_1_1307' title='bbox 1435 3537 1565 3566; x_wconf 85' lang='lat' dir='ltr'>quatenus</span> <span class='ocrx_word' id='word_1_1308' title='bbox 1578 3539 1630 3566; x_wconf 86' lang='lat' dir='ltr'>pro</span> <span class='ocrx_word' id='word_1_1309' title='bbox 1645 3530 1744 3567; x_wconf 81' lang='lat' dir='ltr'>nobis,</span> <span class='ocrx_word' id='word_1_1310' title='bbox 1763 3530 1795 3559; x_wconf 75' lang='grc' dir='ltr'>δε</span> <span class='ocrx_word' id='word_1_1311' title='bbox 1809 3529 1939 3559; x_wconf 81' lang='lat' dir='ltr'>Exercitu</span> <span class='ocrx_word' id='word_1_1312' title='bbox 1948 3529 2061 3568; x_wconf 91' lang='lat' dir='ltr'>nostro,</span> <span class='ocrx_word' id='word_1_1313' title='bbox 2080 3532 2228 3563; x_wconf 90' lang='lat' dir='ltr'>nobiscum</span> <span class='ocrx_word' id='word_1_1314' title='bbox 2237 3536 2381 3572; x_wconf 60' lang='lat' dir='ltr'>profedm-</span> 
     </span>
     <span class='ocr_line' id='line_1_174' title="bbox 1318 3566 2378 3613; baseline 0.008 -17"><span class='ocrx_word' id='word_1_1315' title='bbox 1318 3577 1350 3597; x_wconf 91' lang='lat' dir='ltr'>ro</span> <span class='ocrx_word' id='word_1_1316' title='bbox 1367 3566 1579 3604; x_wconf 84' lang='lat' dir='ltr'>,Proceffiones</span> <span class='ocrx_word' id='word_1_1317' title='bbox 1614 3566 1702 3597; x_wconf 86' lang='lat' dir='ltr'>solitas</span> <span class='ocrx_word' id='word_1_1318' title='bbox 1729 3569 1922 3605; x_wconf 85' lang='lat' dir='ltr'>congregari,</span> <span class='ocrx_word' id='word_1_1319' title='bbox 1949 3567 2099 3599; x_wconf 80' lang='lat' dir='ltr'>Orationes</span> <span class='ocrx_word' id='word_1_1320' title='bbox 2126 3570 2241 3603; x_wconf 85' lang='lat' dir='ltr'>devotas</span> <span class='ocrx_word' id='word_1_1321' title='bbox 2265 3573 2378 3613; x_wconf 84' lang='lat' dir='ltr'>offerri,</span> 
     </span>
     <span class='ocr_line' id='line_1_175' title="bbox 1318 3603 2379 3643; baseline 0.008 -9"><span class='ocrx_word' id='word_1_1322' title='bbox 1318 3603 1418 3635; x_wconf 71' lang='lat' dir='ltr'>Musas</span> <span class='ocrx_word' id='word_1_1323' title='bbox 1433 3605 1583 3643; x_wconf 82' lang='lat' dir='ltr'>celebrari,</span> <span class='ocrx_word' id='word_1_1324' title='bbox 1602 3605 1787 3635; x_wconf 75' lang='lat' dir='ltr'>Eleemofims</span> <span class='ocrx_word' id='word_1_1325' title='bbox 1801 3605 1924 3641; x_wconf 84' lang='lat' dir='ltr'>elargiri,</span> <span class='ocrx_word' id='word_1_1326' title='bbox 1941 3606 1975 3636; x_wconf 71' lang='grc' dir='ltr'>ὃς</span> <span class='ocrx_word' id='word_1_1327' title='bbox 1991 3607 2041 3637; x_wconf 86' lang='lat' dir='ltr'>alia</span> <span class='ocrx_word' id='word_1_1328' title='bbox 2063 3607 2182 3641; x_wconf 88' lang='lat' dir='ltr'>Divinae</span> <span class='ocrx_word' id='word_1_1329' title='bbox 2198 3611 2299 3642; x_wconf 88' lang='lat' dir='ltr'>Laudis</span> <span class='ocrx_word' id='word_1_1330' title='bbox 2322 3612 2379 3643; x_wconf 88' lang='lat' dir='ltr'>Of-</span> 
     </span>
     <span class='ocr_line' id='line_1_176' title="bbox 1319 3643 2379 3688; baseline 0.008 -15"><span class='ocrx_word' id='word_1_1331' title='bbox 1319 3643 1400 3681; x_wconf 82' lang='lat' dir='ltr'>ficia,</span> <span class='ocrx_word' id='word_1_1332' title='bbox 1425 3653 1473 3681; x_wconf 89' lang='lat' dir='ltr'>per</span> <span class='ocrx_word' id='word_1_1333' title='bbox 1494 3654 1559 3682; x_wconf 60' lang='lat' dir='ltr'>quae</span> <span class='ocrx_word' id='word_1_1334' title='bbox 1579 3643 1676 3674; x_wconf 88' lang='lat' dir='ltr'>Deum</span> <span class='ocrx_word' id='word_1_1335' title='bbox 1699 3643 1869 3681; x_wconf 87' lang='lat' dir='ltr'>complacari</span> <span class='ocrx_word' id='word_1_1336' title='bbox 1888 3643 2012 3683; x_wconf 86' lang='lat' dir='ltr'>creditis,</span> <span class='ocrx_word' id='word_1_1337' title='bbox 2029 3656 2078 3683; x_wconf 88' lang='lat' dir='ltr'>per</span> <span class='ocrx_word' id='word_1_1338' title='bbox 2100 3647 2174 3686; x_wconf 92' lang='lat' dir='ltr'>Vos,</span> <span class='ocrx_word' id='word_1_1339' title='bbox 2194 3648 2326 3688; x_wconf 85' lang='lat' dir='ltr'>Clerum,</span> <span class='ocrx_word' id='word_1_1340' title='bbox 2344 3662 2379 3683; x_wconf 88' lang='lat' dir='ltr'>ac</span> 
     </span>
     <span class='ocr_line' id='line_1_177' title="bbox 1317 3681 2380 3729; baseline 0.008 -17"><span class='ocrx_word' id='word_1_1341' title='bbox 1317 3682 1361 3712; x_wconf 91' lang='lat' dir='ltr'>Po</span> <span class='ocrx_word' id='word_1_1342' title='bbox 1384 3682 1461 3712; x_wconf 88' lang='lat' dir='ltr'>ulum</span> <span class='ocrx_word' id='word_1_1343' title='bbox 1477 3682 1574 3712; x_wconf 62' lang='lat' dir='ltr'>vestra:</span> <span class='ocrx_word' id='word_1_1344' title='bbox 1589 3682 1719 3712; x_wconf 76' lang='lat' dir='ltr'>Civitatis</span> <span class='ocrx_word' id='word_1_1345' title='bbox 1731 3682 1762 3711; x_wconf 75' lang='grc' dir='ltr'>δε</span> <span class='ocrx_word' id='word_1_1346' title='bbox 1777 3681 1930 3720; x_wconf 79' lang='lat' dir='ltr'>Dioecesis,</span> <span class='ocrx_word' id='word_1_1347' title='bbox 1949 3693 1982 3713; x_wconf 82' lang='lat' dir='ltr'>ac</span> <span class='ocrx_word' id='word_1_1348' title='bbox 1997 3694 2046 3721; x_wconf 89' lang='lat' dir='ltr'>per</span> <span class='ocrx_word' id='word_1_1349' title='bbox 2055 3684 2252 3723; x_wconf 83' lang='lat' dir='ltr'>Suffraganeos</span> <span class='ocrx_word' id='word_1_1350' title='bbox 2264 3689 2380 3729; x_wconf 88' lang='lat' dir='ltr'>vestros,</span> 
     </span>
     <span class='ocr_line' id='line_1_178' title="bbox 1317 3719 2379 3763; baseline 0.008 -12"><span class='ocrx_word' id='word_1_1351' title='bbox 1317 3721 1350 3751; x_wconf 64' lang='grc' dir='ltr'>ὃ(</span> <span class='ocrx_word' id='word_1_1352' title='bbox 1399 3720 1524 3759; x_wconf 83' lang='lat' dir='ltr'>eligiosos</span> <span class='ocrx_word' id='word_1_1353' title='bbox 1547 3720 1647 3758; x_wconf 88' lang='lat' dir='ltr'>Viros,</span> <span class='ocrx_word' id='word_1_1354' title='bbox 1665 3721 1697 3750; x_wconf 91' lang='lat'>&amp;</span> <span class='ocrx_word' id='word_1_1355' title='bbox 1712 3719 1780 3749; x_wconf 90' lang='lat' dir='ltr'>alios</span> <span class='ocrx_word' id='word_1_1356' title='bbox 1792 3720 1822 3749; x_wconf 88' lang='lat' dir='ltr'>in</span> <span class='ocrx_word' id='word_1_1357' title='bbox 1837 3719 1990 3752; x_wconf 71' lang='lat' dir='ltr'>Provincia</span> <span class='ocrx_word' id='word_1_1358' title='bbox 2005 3722 2110 3762; x_wconf 88' lang='lat' dir='ltr'>vestra,</span> <span class='ocrx_word' id='word_1_1359' title='bbox 2129 3725 2176 3755; x_wconf 92' lang='lat' dir='ltr'>ubi</span> <span class='ocrx_word' id='word_1_1360' title='bbox 2189 3726 2318 3763; x_wconf 78' lang='lat' dir='ltr'>expedire</span> <span class='ocrx_word' id='word_1_1361' title='bbox 2334 3730 2379 3759; x_wconf 90' lang='lat' dir='ltr'>vi-</span> 
     </span>
     <span class='ocr_line' id='line_1_179' title="bbox 1315 3759 1629 3796; baseline -0.003 -7"><span class='ocrx_word' id='word_1_1362' title='bbox 1315 3759 1421 3796; x_wconf 87' lang='lat' dir='ltr'>deritis,</span> <span class='ocrx_word' id='word_1_1363' title='bbox 1440 3759 1497 3788; x_wconf 83' lang='lat' dir='ltr'>fieri</span> <span class='ocrx_word' id='word_1_1364' title='bbox 1509 3759 1629 3795; x_wconf 83' lang='lat' dir='ltr'>faciatis,</span> 
     </span>
    </p>

    <p class='ocr_par' dir='ltr' id='par_1_67' title="bbox 1318 3795 2379 3993">
     <span class='ocr_line' id='line_1_180' title="bbox 1352 3795 2379 3836; baseline 0.009 -9"><span class='ocrx_word' id='word_1_1365' title='bbox 1352 3797 1398 3828; x_wconf 90' lang='lat' dir='ltr'>Ut</span> <span class='ocrx_word' id='word_1_1366' title='bbox 1414 3797 1492 3826; x_wconf 87' lang='lat' dir='ltr'>Deus</span> <span class='ocrx_word' id='word_1_1367' title='bbox 1507 3796 1700 3832; x_wconf 82' lang='lat' dir='ltr'>Omnipotens</span> <span class='ocrx_word' id='word_1_1368' title='bbox 1719 3795 1777 3833; x_wconf 84' lang='lat' dir='ltr'>(qui</span> <span class='ocrx_word' id='word_1_1369' title='bbox 1793 3795 1951 3830; x_wconf 67' lang='lat' dir='ltr'>Clementia</span> <span class='ocrx_word' id='word_1_1370' title='bbox 1963 3799 2008 3830; x_wconf 68' lang='lat' dir='ltr'>sua</span> <span class='ocrx_word' id='word_1_1371' title='bbox 2026 3811 2041 3830; x_wconf 88' lang='lat' dir='ltr'>a</span> <span class='ocrx_word' id='word_1_1372' title='bbox 2056 3808 2096 3830; x_wconf 88' lang='lat' dir='ltr'>tot</span> <span class='ocrx_word' id='word_1_1373' title='bbox 2114 3800 2147 3830; x_wconf 92' lang='lat'>&amp;</span> <span class='ocrx_word' id='word_1_1374' title='bbox 2167 3803 2248 3833; x_wconf 86' lang='lat' dir='ltr'>tantis</span> <span class='ocrx_word' id='word_1_1375' title='bbox 2263 3803 2379 3836; x_wconf 88' lang='lat' dir='ltr'>Pericu-</span> 
     </span>
     <span class='ocr_line' id='line_1_181' title="bbox 1318 3833 2379 3874; baseline 0.008 -9"><span class='ocrx_word' id='word_1_1376' title='bbox 1318 3835 1349 3865; x_wconf 90' lang='lat' dir='ltr'>lis</span> <span class='ocrx_word' id='word_1_1377' title='bbox 1360 3837 1460 3872; x_wconf 84' lang='lat' dir='ltr'>eripuit</span> <span class='ocrx_word' id='word_1_1378' title='bbox 1475 3844 1563 3871; x_wconf 87' lang='lat' dir='ltr'>nuper</span> <span class='ocrx_word' id='word_1_1379' title='bbox 1579 3833 1643 3863; x_wconf 90' lang='lat' dir='ltr'>Nos</span> <span class='ocrx_word' id='word_1_1380' title='bbox 1657 3834 1691 3863; x_wconf 84' lang='lat'>&amp;</span> <span class='ocrx_word' id='word_1_1381' title='bbox 1706 3833 1867 3866; x_wconf 84' lang='lat' dir='ltr'>Exercitum</span> <span class='ocrx_word' id='word_1_1382' title='bbox 1882 3837 2019 3874; x_wconf 89' lang='lat' dir='ltr'>nostrum)</span> <span class='ocrx_word' id='word_1_1383' title='bbox 2040 3838 2191 3870; x_wconf 76' lang='lat' dir='ltr'>Dexremm</span> <span class='ocrx_word' id='word_1_1384' title='bbox 2207 3840 2262 3872; x_wconf 83' lang='lat' dir='ltr'>suae</span> <span class='ocrx_word' id='word_1_1385' title='bbox 2277 3841 2379 3873; x_wconf 79' lang='lat' dir='ltr'>Prote-</span> 
     </span>
     <span class='ocr_line' id='line_1_182' title="bbox 1319 3871 2379 3918; baseline 0.008 -14"><span class='ocrx_word' id='word_1_1386' title='bbox 1319 3874 1422 3904; x_wconf 65' lang='lat' dir='ltr'>&amp;iouis</span> <span class='ocrx_word' id='word_1_1387' title='bbox 1444 3872 1592 3902; x_wconf 79' lang='lat' dir='ltr'>extendens</span> <span class='ocrx_word' id='word_1_1388' title='bbox 1605 3894 1614 3909; x_wconf 93' lang='lat'>,</span> <span class='ocrx_word' id='word_1_1389' title='bbox 1639 3871 1775 3903; x_wconf 86' lang='lat' dir='ltr'>Hostium</span> <span class='ocrx_word' id='word_1_1390' title='bbox 1797 3874 1958 3906; x_wconf 87' lang='lat' dir='ltr'>nostrorum</span> <span class='ocrx_word' id='word_1_1391' title='bbox 1977 3876 2130 3913; x_wconf 83' lang='lat' dir='ltr'>superbiam</span> <span class='ocrx_word' id='word_1_1392' title='bbox 2149 3878 2248 3918; x_wconf 87' lang='lat' dir='ltr'>elidat,</span> <span class='ocrx_word' id='word_1_1393' title='bbox 2266 3880 2379 3911; x_wconf 88' lang='lat' dir='ltr'>Nobis-</span> 
     </span>
     <span class='ocr_line' id='line_1_183' title="bbox 1321 3910 2377 3951; baseline 0.011 -13"><span class='ocrx_word' id='word_1_1394' title='bbox 1321 3923 1392 3950; x_wconf 55' lang='grc' dir='ltr'>(με,</span> <span class='ocrx_word' id='word_1_1395' title='bbox 1409 3912 1441 3942; x_wconf 88' lang='lat'>&amp;</span> <span class='ocrx_word' id='word_1_1396' title='bbox 1457 3910 1536 3940; x_wconf 89' lang='lat' dir='ltr'>Plebi</span> <span class='ocrx_word' id='word_1_1397' title='bbox 1557 3910 1611 3940; x_wconf 85' lang='lat' dir='ltr'>suae</span> <span class='ocrx_word' id='word_1_1398' title='bbox 1646 3910 1786 3942; x_wconf 59' lang='lat' dir='ltr'>Vicitoriae</span> <span class='ocrx_word' id='word_1_1399' title='bbox 1802 3913 2011 3951; x_wconf 87' lang='lat' dir='ltr'>Triumphum,</span> <span class='ocrx_word' id='word_1_1400' title='bbox 2034 3914 2068 3943; x_wconf 90' lang='lat' dir='ltr'>ad</span> <span class='ocrx_word' id='word_1_1401' title='bbox 2086 3914 2196 3946; x_wconf 87' lang='lat' dir='ltr'>laudem</span> <span class='ocrx_word' id='word_1_1402' title='bbox 2216 3918 2257 3948; x_wconf 91' lang='lat' dir='ltr'>sui</span> <span class='ocrx_word' id='word_1_1403' title='bbox 2271 3918 2377 3950; x_wconf 87' lang='lat' dir='ltr'>Nomi-</span> 
     </span>
     <span class='ocr_line' id='line_1_184' title="bbox 1320 3932 2250 3993; baseline 0.004 -13"><span class='ocrx_word' id='word_1_1404' title='bbox 1320 3952 1379 3988; x_wconf 86' lang='lat' dir='ltr'>nis,</span> <span class='ocrx_word' id='word_1_1405' title='bbox 1398 3948 1534 3979; x_wconf 84' lang='lat' dir='ltr'>concedat</span> <span class='ocrx_word' id='word_1_1406' title='bbox 1545 3971 1553 3986; x_wconf 89' lang='lat'>,</span> <span class='ocrx_word' id='word_1_1407' title='bbox 1571 3950 1603 3979; x_wconf 71' lang='lat' dir='ltr'>«Sc</span> <span class='ocrx_word' id='word_1_1408' title='bbox 1617 3932 1698 3980; x_wconf 56' lang='lat' dir='ltr'>²Pacis</span> <span class='ocrx_word' id='word_1_1409' title='bbox 1709 3950 1857 3982; x_wconf 89' lang='lat' dir='ltr'>dulcedine</span> <span class='ocrx_word' id='word_1_1410' title='bbox 1873 3952 1973 3990; x_wconf 88' lang='lat' dir='ltr'>perfrui</span> <span class='ocrx_word' id='word_1_1411' title='bbox 1989 3953 2089 3982; x_wconf 86' lang='lat' dir='ltr'>tribuat</span> <span class='ocrx_word' id='word_1_1412' title='bbox 2101 3954 2135 3984; x_wconf 65' lang='grc' dir='ltr'>ὃς</span> <span class='ocrx_word' id='word_1_1413' title='bbox 2150 3956 2250 3993; x_wconf 83' lang='lat' dir='ltr'>quiete.</span> 
     </span>
    </p>

    <p class='ocr_par' dir='ltr' id='par_1_68' title="bbox 1358 3985 2173 4029">
     <span class='ocr_line' id='line_1_185' title="bbox 1358 3985 2173 4029; baseline 0.006 -11"><span class='ocrx_word' id='word_1_1414' title='bbox 1358 3988 1447 4018; x_wconf 86' lang='lat' dir='ltr'>Teste</span> <span class='ocrx_word' id='word_1_1415' title='bbox 1461 3985 1545 4024; x_wconf 78' lang='lat' dir='ltr'>Rege</span> <span class='ocrx_word' id='word_1_1416' title='bbox 1559 3987 1631 4024; x_wconf 86' lang='lat' dir='ltr'>apud</span> <span class='ocrx_word' id='word_1_1417' title='bbox 1647 3987 1837 4029; x_wconf 85' lang='lat' dir='ltr'>Retherheth‚</span> <span class='ocrx_word' id='word_1_1418' title='bbox 1854 3991 1969 4020; x_wconf 84' lang='lat' dir='ltr'>decimo</span> <span class='ocrx_word' id='word_1_1419' title='bbox 1981 3989 2027 4020; x_wconf 88' lang='lat' dir='ltr'>die</span> <span class='ocrx_word' id='word_1_1420' title='bbox 2043 3991 2173 4029; x_wconf 82' lang='lat' dir='ltr'>Augusti.</span> 
     </span>
    </p>
   </div>
   <div class='ocr_carea' id='block_1_39' title="bbox 2007 4029 2270 4070">
    <p class='ocr_par' dir='ltr' id='par_1_69' title="bbox 2007 4029 2270 4070">
     <span class='ocr_line' id='line_1_186' title="bbox 2007 4029 2270 4070; baseline 0.019 -12"><span class='ocrx_word' id='word_1_1421' title='bbox 2007 4031 2060 4059; x_wconf 81' lang='lat' dir='ltr'>Per-</span> <span class='ocrx_word' id='word_1_1422' title='bbox 2071 4029 2152 4069; x_wconf 76' lang='lat' dir='ltr'>ipficm</span> <span class='ocrx_word' id='word_1_1423' title='bbox 2166 4034 2270 4070; x_wconf 81' lang='lat' dir='ltr'>Regem.</span> 
     </span>
    </p>
   </div>
   <div class='ocr_carea' id='block_1_40' title="bbox 1323 4099 2380 4183">
    <p class='ocr_par' dir='ltr' id='par_1_70' title="bbox 1323 4099 2380 4183">
     <span class='ocr_line' id='line_1_187' title="bbox 1361 4099 2380 4147; baseline 0.01 -19"><span class='ocrx_word' id='word_1_1424' title='bbox 1361 4099 1518 4143; x_wconf 72' lang='lat' dir='ltr'>Consimile</span> <span class='ocrx_word' id='word_1_1425' title='bbox 1532 4099 1618 4132; x_wconf 89' lang='lat' dir='ltr'>Breve</span> <span class='ocrx_word' id='word_1_1426' title='bbox 1640 4102 1766 4144; x_wconf 86' lang='lat' dir='ltr'>dirigitur</span> <span class='ocrx_word' id='word_1_1427' title='bbox 1781 4104 2003 4144; x_wconf 84' lang='lat' dir='ltr'>Archiepiscopo</span> <span class='ocrx_word' id='word_1_1428' title='bbox 2022 4104 2169 4146; x_wconf 86' lang='lat' dir='ltr'>Eborum,</span> <span class='ocrx_word' id='word_1_1429' title='bbox 2186 4107 2302 4147; x_wconf 79' lang='lat' dir='ltr'>Angliae</span> <span class='ocrx_word' id='word_1_1430' title='bbox 2320 4106 2380 4136; x_wconf 89' lang='lat' dir='ltr'>Pri-</span> 
     </span>
     <span class='ocr_line' id='line_1_188' title="bbox 1323 4138 2376 4183; baseline 0.013 -14"><span class='ocrx_word' id='word_1_1431' title='bbox 1323 4147 1390 4169; x_wconf 80' lang='lat' dir='ltr'>mat1</span> <span class='ocrx_word' id='word_1_1432' title='bbox 1401 4161 1411 4177; x_wconf 84' lang='lat'>,</span> <span class='ocrx_word' id='word_1_1433' title='bbox 1428 4140 1476 4171; x_wconf 78' lang='lat' dir='ltr'>iub</span> <span class='ocrx_word' id='word_1_1434' title='bbox 1491 4138 1587 4171; x_wconf 81' lang='lat' dir='ltr'>eadem</span> <span class='ocrx_word' id='word_1_1435' title='bbox 1605 4139 1690 4174; x_wconf 70' lang='lat' dir='ltr'>Data.</span> <span class='ocrx_word' id='word_1_1436' title='bbox 2295 4147 2376 4183; x_wconf 38' lang='lat' dir='ltr'>Super,</span> 
     </span>
    </p>
   </div>
   <div class='ocr_carea' id='block_1_41' title="bbox 2402 2587 2538 2802">
    <p class='ocr_par' dir='ltr' id='par_1_71' title="bbox 2402 2587 2538 2802">
     <span class='ocr_line' id='line_1_189' title="bbox 2402 2587 2520 2617; baseline 0.017 -10"><span class='ocrx_word' id='word_1_1437' title='bbox 2402 2587 2452 2610; x_wconf 81' lang='lat' dir='ltr'>An.</span> <span class='ocrx_word' id='word_1_1438' title='bbox 2477 2592 2520 2617; x_wconf 74' lang='lat'>24.</span> 
     </span>
     <span class='ocr_line' id='line_1_190' title="bbox 2404 2626 2475 2657; baseline -0.028 -9"><span class='ocrx_word' id='word_1_1439' title='bbox 2404 2626 2433 2648; x_wconf 84' lang='grc' dir='ltr'>Ε.</span> <span class='ocrx_word' id='word_1_1440' title='bbox 2451 2630 2475 2657; x_wconf 82' lang='lat'>3.</span> 
     </span>
     <span class='ocr_line' id='line_1_191' title="bbox 2407 2660 2493 2695; baseline -0.023 -8"><span class='ocrx_word' id='word_1_1441' title='bbox 2407 2660 2493 2695; x_wconf 77' lang='lat' dir='ltr'>Clauf.</span> 
     </span>
     <span class='ocr_line' id='line_1_192' title="bbox 2412 2701 2538 2733; baseline 0 -10"><span class='ocrx_word' id='word_1_1442' title='bbox 2412 2701 2493 2733; x_wconf 32' lang='lat' dir='ltr'>244E.</span> <span class='ocrx_word' id='word_1_1443' title='bbox 2512 2705 2538 2732; x_wconf 88' lang='lat'>3.</span> 
     </span>
     <span class='ocr_line' id='line_1_193' title="bbox 2411 2743 2518 2772; baseline 0.009 -11"><span class='ocrx_word' id='word_1_1444' title='bbox 2411 2743 2435 2772; x_wconf 84' lang='lat' dir='ltr'>p.</span> <span class='ocrx_word' id='word_1_1445' title='bbox 2448 2745 2472 2762; x_wconf 88' lang='lat'>2.</span> <span class='ocrx_word' id='word_1_1446' title='bbox 2484 2745 2518 2762; x_wconf 85' lang='lat' dir='ltr'>m.</span> 
     </span>
     <span class='ocr_line' id='line_1_194' title="bbox 2415 2775 2488 2802; baseline -0.014 -1"><span class='ocrx_word' id='word_1_1447' title='bbox 2415 2775 2488 2802; x_wconf 79' lang='lat' dir='ltr'>12.d.</span> 
     </span>
    </p>
   </div>
  </div>
 </body>
</html>
