<?xml version="1.0" encoding="UTF-8"?>
<!DOCTYPE html PUBLIC "-//W3C//DTD XHTML 1.0 Transitional//EN"
    "http://www.w3.org/TR/xhtml1/DTD/xhtml1-transitional.dtd">
<html xmlns="http://www.w3.org/1999/xhtml" xml:lang="en" lang="en">
 <head>
  <title>
</title>
<meta http-equiv="Content-Type" content="text/html;charset=utf-8" />
  <meta name='ocr-system' content='tesseract 3.04.00' />
  <meta name='ocr-capabilities' content='ocr_page ocr_carea ocr_par ocr_line ocrx_word'/>
</head>
<body>
  <div class='ocr_page' id='page_1' title='image "./fderaconventione03ryme_0349.png"; bbox 0 0 2561 4251; ppageno 0'>
   <div class='ocr_carea' id='block_1_1' title="bbox 0 194 21 830">
    <p class='ocr_par' dir='ltr' id='par_1_1' title="bbox 0 194 21 899">
     <span class='ocr_line' id='line_1_1' title="bbox 0 194 21 430; baseline 0 67"><span class='ocrx_word' id='word_1_1' title='bbox 0 194 21 430; x_wconf 63' lang='lat' dir='ltr'>l</span> 
     </span>
     <span class='ocr_line' id='line_1_2' title="bbox 0 616 9 830; baseline 0 57"><span class='ocrx_word' id='word_1_2' title='bbox 0 616 9 830; x_wconf 75' lang='lat' dir='ltr'>l</span> 
     </span>
    </p>
   </div>
   <div class='ocr_carea' id='block_1_2' title="bbox 29 121 1166 3115">
    <p class='ocr_par' dir='ltr' id='par_1_2' title="bbox 32 121 1128 262">
     <span class='ocr_line' id='line_1_3' title="bbox 524 121 1085 174; baseline 0.002 -1"><span class='ocrx_word' id='word_1_3' title='bbox 524 121 536 143; x_wconf 53' lang='lat'>⁸</span> <span class='ocrx_word' id='word_1_4' title='bbox 626 126 660 173; x_wconf 81' lang='grc' dir='ltr'>Ε</span> <span class='ocrx_word' id='word_1_5' title='bbox 695 132 739 172; x_wconf 80' lang='grc' dir='ltr'>Τ</span> <span class='ocrx_word' id='word_1_6' title='bbox 822 128 860 173; x_wconf 86' lang='grc' dir='ltr'><strong>Α</strong></span> <span class='ocrx_word' id='word_1_7' title='bbox 897 129 936 174; x_wconf 83' lang='lat' dir='ltr'>c</span> <span class='ocrx_word' id='word_1_8' title='bbox 969 132 1010 173; x_wconf 89' lang='lat' dir='ltr'>T</span> <span class='ocrx_word' id='word_1_9' title='bbox 1047 134 1085 174; x_wconf 86' lang='lat' dir='ltr'>A</span> 
     </span>
     <span class='ocr_line' id='line_1_4' title="bbox 32 217 1128 262; baseline -0.004 -8"><span class='ocrx_word' id='word_1_10' title='bbox 32 223 52 254; x_wconf 77' lang='lat'>&gt;.</span> <span class='ocrx_word' id='word_1_11' title='bbox 61 222 132 260; x_wconf 80' lang='lat' dir='ltr'>altis,</span> <span class='ocrx_word' id='word_1_12' title='bbox 146 221 244 253; x_wconf 89' lang='lat' dir='ltr'>mediis</span> <span class='ocrx_word' id='word_1_13' title='bbox 258 222 292 253; x_wconf 65' lang='grc' dir='ltr'>ὃς</span> <span class='ocrx_word' id='word_1_14' title='bbox 306 217 405 258; x_wconf 76' lang='lat' dir='ltr'>hams,</span> <span class='ocrx_word' id='word_1_15' title='bbox 424 227 505 249; x_wconf 90' lang='lat' dir='ltr'>mero</span> <span class='ocrx_word' id='word_1_16' title='bbox 518 218 552 250; x_wconf 89' lang='lat'>&amp;</span> <span class='ocrx_word' id='word_1_17' title='bbox 568 218 659 248; x_wconf 85' lang='lat' dir='ltr'>mixto</span> <span class='ocrx_word' id='word_1_18' title='bbox 674 218 812 262; x_wconf 73' lang='lat' dir='ltr'>Imperio,</span> <span class='ocrx_word' id='word_1_19' title='bbox 831 217 1012 258; x_wconf 82' lang='lat' dir='ltr'>Civitatibus,</span> <span class='ocrx_word' id='word_1_20' title='bbox 1029 218 1128 259; x_wconf 81' lang='lat' dir='ltr'>Villis,</span> 
     </span>
    </p>

    <p class='ocr_par' dir='ltr' id='par_1_3' title="bbox 63 256 792 300">
     <span class='ocr_line' id='line_1_5' title="bbox 63 256 792 300; baseline -0.01 -7"><span class='ocrx_word' id='word_1_21' title='bbox 63 260 185 299; x_wconf 88' lang='lat' dir='ltr'>Castris,</span> <span class='ocrx_word' id='word_1_22' title='bbox 203 262 236 293; x_wconf 76' lang='grc' dir='ltr'>δε</span> <span class='ocrx_word' id='word_1_23' title='bbox 250 258 438 296; x_wconf 79' lang='lat' dir='ltr'>Castellaniis‚</span> <span class='ocrx_word' id='word_1_24' title='bbox 455 256 620 300; x_wconf 74' lang='lat' dir='ltr'>Domibus,</span> <span class='ocrx_word' id='word_1_25' title='bbox 640 256 792 296; x_wconf 88' lang='lat' dir='ltr'>Manerus,</span> 
     </span>
    </p>

    <p class='ocr_par' dir='ltr' id='par_1_4' title="bbox 29 293 1128 344">
     <span class='ocr_line' id='line_1_6' title="bbox 29 293 1128 344; baseline -0.01 -13"><span class='ocrx_word' id='word_1_26' title='bbox 29 324 33 332; x_wconf 87' lang='lat'>.</span> <span class='ocrx_word' id='word_1_27' title='bbox 100 299 228 339; x_wconf 79' lang='lat' dir='ltr'>stagnis,</span> <span class='ocrx_word' id='word_1_28' title='bbox 246 297 366 334; x_wconf 75' lang='lat' dir='ltr'>Fluvfis,</span> <span class='ocrx_word' id='word_1_29' title='bbox 385 295 430 326; x_wconf 89' lang='lat' dir='ltr'>seu</span> <span class='ocrx_word' id='word_1_30' title='bbox 443 293 598 338; x_wconf 80' lang='lat' dir='ltr'>Rippariis,</span> <span class='ocrx_word' id='word_1_31' title='bbox 682 334 687 340; x_wconf 87' lang='lat'>.</span> <span class='ocrx_word' id='word_1_32' title='bbox 806 335 811 340; x_wconf 32' lang='grc' dir='ltr'>ι</span> <span class='ocrx_word' id='word_1_33' title='bbox 948 331 950 333; x_wconf 26' lang='lat'>¹</span> <span class='ocrx_word' id='word_1_34' title='bbox 1124 342 1128 344; x_wconf 15' lang='lat' dir='ltr'>Y</span> 
     </span>
    </p>

    <p class='ocr_par' dir='ltr' id='par_1_5' title="bbox 66 332 1132 417">
     <span class='ocr_line' id='line_1_7' title="bbox 104 332 1132 380; baseline -0.004 -12"><span class='ocrx_word' id='word_1_35' title='bbox 104 337 300 373; x_wconf 83' lang='lat' dir='ltr'>Nemoribus‚</span> <span class='ocrx_word' id='word_1_36' title='bbox 318 333 455 371; x_wconf 85' lang='lat' dir='ltr'>Forestis,</span> <span class='ocrx_word' id='word_1_37' title='bbox 474 333 587 372; x_wconf 81' lang='lat' dir='ltr'>Vincis,</span> <span class='ocrx_word' id='word_1_38' title='bbox 604 333 718 371; x_wconf 78' lang='lat' dir='ltr'>Terris,</span> <span class='ocrx_word' id='word_1_39' title='bbox 736 332 842 372; x_wconf 75' lang='lat' dir='ltr'>Fraus,</span> <span class='ocrx_word' id='word_1_40' title='bbox 859 333 998 380; x_wconf 67' lang='lat' dir='ltr'>Ceniibus</span> <span class='ocrx_word' id='word_1_41' title='bbox 1010 357 1021 379; x_wconf 81' lang='lat'>,</span> <span class='ocrx_word' id='word_1_42' title='bbox 1045 334 1079 365; x_wconf 92' lang='lat'>&amp;</span> <span class='ocrx_word' id='word_1_43' title='bbox 1100 343 1132 364; x_wconf 86' lang='lat' dir='ltr'>a-</span> 
     </span>
     <span class='ocr_line' id='line_1_8' title="bbox 66 372 1131 417; baseline -0.006 -9"><span class='ocrx_word' id='word_1_44' title='bbox 66 377 108 408; x_wconf 87' lang='lat' dir='ltr'>liis</span> <span class='ocrx_word' id='word_1_45' title='bbox 121 374 342 407; x_wconf 83' lang='lat' dir='ltr'>Poffeffionibus</span> <span class='ocrx_word' id='word_1_46' title='bbox 358 373 585 411; x_wconf 85' lang='lat' dir='ltr'>quibuscumque</span> <span class='ocrx_word' id='word_1_47' title='bbox 600 372 668 402; x_wconf 70' lang='lat' dir='ltr'>dieti</span> <span class='ocrx_word' id='word_1_48' title='bbox 684 372 817 404; x_wconf 72' lang='lat' dir='ltr'>Ducatsis</span> <span class='ocrx_word' id='word_1_49' title='bbox 831 375 864 405; x_wconf 90' lang='lat'>&amp;</span> <span class='ocrx_word' id='word_1_50' title='bbox 897 373 1131 417; x_wconf 63' lang='lat' dir='ltr'>urisdiCtionibus,</span> 
     </span>
    </p>

    <p class='ocr_par' dir='ltr' id='par_1_6' title="bbox 68 411 1135 684">
     <span class='ocr_line' id='line_1_9' title="bbox 105 411 1130 455; baseline -0.004 -10"><span class='ocrx_word' id='word_1_51' title='bbox 105 415 184 455; x_wconf 84' lang='lat' dir='ltr'>Qae</span> <span class='ocrx_word' id='word_1_52' title='bbox 198 413 299 443; x_wconf 89' lang='lat' dir='ltr'>habere</span> <span class='ocrx_word' id='word_1_53' title='bbox 313 411 465 451; x_wconf 84' lang='lat' dir='ltr'>possimus,</span> <span class='ocrx_word' id='word_1_54' title='bbox 483 421 517 442; x_wconf 83' lang='lat' dir='ltr'>ex</span> <span class='ocrx_word' id='word_1_55' title='bbox 533 411 612 442; x_wconf 91' lang='lat' dir='ltr'>causa</span> <span class='ocrx_word' id='word_1_56' title='bbox 626 411 777 450; x_wconf 64' lang='lat' dir='ltr'>praedicta,</span> <span class='ocrx_word' id='word_1_57' title='bbox 802 413 833 441; x_wconf 93' lang='lat' dir='ltr'>in</span> <span class='ocrx_word' id='word_1_58' title='bbox 886 419 1006 443; x_wconf 87' lang='lat' dir='ltr'>omitatu</span> <span class='ocrx_word' id='word_1_59' title='bbox 1020 424 1024 441; x_wconf 79' lang='grc'>;</span> <span class='ocrx_word' id='word_1_60' title='bbox 1048 411 1130 455; x_wconf 73' lang='lat' dir='ltr'>raedi-</span> 
     </span>
     <span class='ocr_line' id='line_1_10' title="bbox 69 450 1133 492; baseline -0.004 -8"><span class='ocrx_word' id='word_1_61' title='bbox 69 454 138 492; x_wconf 69' lang='lat' dir='ltr'>cto,</span> <span class='ocrx_word' id='word_1_62' title='bbox 156 455 339 491; x_wconf 88' lang='lat' dir='ltr'>quocumque</span> <span class='ocrx_word' id='word_1_63' title='bbox 359 451 478 480; x_wconf 88' lang='lat' dir='ltr'>nomine</span> <span class='ocrx_word' id='word_1_64' title='bbox 498 458 699 487; x_wconf 84' lang='lat' dir='ltr'><strong>nuncupentur</strong></span> <span class='ocrx_word' id='word_1_65' title='bbox 713 472 723 488; x_wconf 94' lang='lat'>,</span> <span class='ocrx_word' id='word_1_66' title='bbox 749 450 783 481; x_wconf 89' lang='lat'>&amp;</span> <span class='ocrx_word' id='word_1_67' title='bbox 804 450 1003 490; x_wconf 84' lang='lat' dir='ltr'>cujuscumque</span> <span class='ocrx_word' id='word_1_68' title='bbox 1052 450 1133 480; x_wconf 86' lang='lat' dir='ltr'>aloris</span> 
     </span>
     <span class='ocr_line' id='line_1_11' title="bbox 68 492 1132 572; baseline -0.003 -12"><span class='ocrx_word' id='word_1_69' title='bbox 68 492 283 560; x_wconf 50' lang='lat' dir='ltr'>exilgcaiiggffio</span> <span class='ocrx_word' id='word_1_70' title='bbox 299 526 398 557; x_wconf 90' lang='lat' dir='ltr'>nostro</span> <span class='ocrx_word' id='word_1_71' title='bbox 412 526 712 557; x_wconf 67' lang='lat' dir='ltr'>Concassrmus</span> <span class='ocrx_word' id='word_1_72' title='bbox 743 525 1046 572; x_wconf 66' lang='lat' dir='ltr'>DoNAiuuszss</span> <span class='ocrx_word' id='word_1_73' title='bbox 1064 549 1074 565; x_wconf 90' lang='lat'>,</span> <span class='ocrx_word' id='word_1_74' title='bbox 1099 528 1132 558; x_wconf 86' lang='lat'>&amp;</span> 
     </span>
     <span class='ocr_line' id='line_1_12' title="bbox 73 564 1133 609; baseline -0.005 -10"><span class='ocrx_word' id='word_1_75' title='bbox 73 567 102 599; x_wconf 89' lang='lat' dir='ltr'>C</span> <span class='ocrx_word' id='word_1_76' title='bbox 110 579 129 599; x_wconf 95' lang='lat'><em>0</em></span> <span class='ocrx_word' id='word_1_77' title='bbox 138 576 159 598; x_wconf 80' lang='lat' dir='ltr'>N</span> <span class='ocrx_word' id='word_1_78' title='bbox 170 577 186 598; x_wconf 95' lang='lat' dir='ltr'>c</span> <span class='ocrx_word' id='word_1_79' title='bbox 196 576 214 597; x_wconf 80' lang='lat' dir='ltr'>E</span> <span class='ocrx_word' id='word_1_80' title='bbox 225 575 246 596; x_wconf 90' lang='lat' dir='ltr'>D</span> <span class='ocrx_word' id='word_1_81' title='bbox 255 573 333 596; x_wconf 83' lang='grc' dir='ltr'>ῐΜυ</span> <span class='ocrx_word' id='word_1_82' title='bbox 343 574 356 596; x_wconf 85' lang='lat' dir='ltr'>s</span> <span class='ocrx_word' id='word_1_83' title='bbox 365 588 375 604; x_wconf 89' lang='lat'>,</span> <span class='ocrx_word' id='word_1_84' title='bbox 393 574 492 596; x_wconf 89' lang='lat' dir='ltr'>tenore</span> <span class='ocrx_word' id='word_1_85' title='bbox 505 564 682 603; x_wconf 76' lang='lat' dir='ltr'>praesentium</span> <span class='ocrx_word' id='word_1_86' title='bbox 691 587 700 602; x_wconf 93' lang='lat'>,</span> <span class='ocrx_word' id='word_1_87' title='bbox 714 564 751 595; x_wconf 92' lang='lat' dir='ltr'>de</span> <span class='ocrx_word' id='word_1_88' title='bbox 763 564 863 596; x_wconf 86' lang='lat' dir='ltr'>nostris</span> <span class='ocrx_word' id='word_1_89' title='bbox 884 565 992 605; x_wconf 85' lang='lat' dir='ltr'>speciali</span> <span class='ocrx_word' id='word_1_90' title='bbox 1015 565 1133 609; x_wconf 75' lang='lat' dir='ltr'>Gratia,</span> 
     </span>
     <span class='ocr_line' id='line_1_13' title="bbox 73 602 1135 647; baseline -0.005 -9"><span class='ocrx_word' id='word_1_91' title='bbox 73 606 148 638; x_wconf 70' lang='lat' dir='ltr'>certa</span> <span class='ocrx_word' id='word_1_92' title='bbox 163 604 305 644; x_wconf 72' lang='lat' dir='ltr'>Scientia,</span> <span class='ocrx_word' id='word_1_93' title='bbox 330 604 509 635; x_wconf 71' lang='lat' dir='ltr'>Auetoritate</span> <span class='ocrx_word' id='word_1_94' title='bbox 529 602 622 642; x_wconf 71' lang='lat' dir='ltr'>Regia</span> <span class='ocrx_word' id='word_1_95' title='bbox 635 625 644 641; x_wconf 87' lang='lat'>,</span> <span class='ocrx_word' id='word_1_96' title='bbox 670 603 703 633; x_wconf 89' lang='lat'>&amp;</span> <span class='ocrx_word' id='word_1_97' title='bbox 728 603 832 647; x_wconf 81' lang='lat' dir='ltr'>nostrae</span> <span class='ocrx_word' id='word_1_98' title='bbox 853 603 959 642; x_wconf 86' lang='lat' dir='ltr'>Regiae</span> <span class='ocrx_word' id='word_1_99' title='bbox 985 603 1135 635; x_wconf 89' lang='lat' dir='ltr'>Potestatis</span> 
     </span>
     <span class='ocr_line' id='line_1_14' title="bbox 72 641 825 684; baseline -0.004 -9"><span class='ocrx_word' id='word_1_100' title='bbox 72 644 263 684; x_wconf 80' lang='lat' dir='ltr'>plenitudine,</span> <span class='ocrx_word' id='word_1_101' title='bbox 281 641 477 681; x_wconf 83' lang='lat' dir='ltr'>praemiffaque</span> <span class='ocrx_word' id='word_1_102' title='bbox 489 643 519 671; x_wconf 91' lang='lat' dir='ltr'>in</span> <span class='ocrx_word' id='word_1_103' title='bbox 535 645 605 671; x_wconf 86' lang='lat' dir='ltr'>eum</span> <span class='ocrx_word' id='word_1_104' title='bbox 618 641 825 680; x_wconf 88' lang='lat' dir='ltr'>transferimus,</span> 
     </span>
    </p>

    <p class='ocr_par' dir='ltr' id='par_1_7' title="bbox 75 679 1136 801">
     <span class='ocr_line' id='line_1_15' title="bbox 111 679 1135 719; baseline -0.007 -5"><span class='ocrx_word' id='word_1_105' title='bbox 111 683 324 714; x_wconf 78' lang='lat' dir='ltr'>TENENDA</span> <span class='ocrx_word' id='word_1_106' title='bbox 343 681 376 712; x_wconf 90' lang='lat'>&amp;</span> <span class='ocrx_word' id='word_1_107' title='bbox 394 679 653 710; x_wconf 72' lang='lat' dir='ltr'>PossmssNDA</span> <span class='ocrx_word' id='word_1_108' title='bbox 671 689 720 717; x_wconf 86' lang='lat' dir='ltr'>per</span> <span class='ocrx_word' id='word_1_109' title='bbox 735 689 800 711; x_wconf 85' lang='lat' dir='ltr'>eum</span> <span class='ocrx_word' id='word_1_110' title='bbox 815 704 825 719; x_wconf 91' lang='lat'>,</span> <span class='ocrx_word' id='word_1_111' title='bbox 845 681 878 713; x_wconf 88' lang='lat'>&amp;</span> <span class='ocrx_word' id='word_1_112' title='bbox 899 680 1037 712; x_wconf 84' lang='lat' dir='ltr'>Haeredes</span> <span class='ocrx_word' id='word_1_113' title='bbox 1057 680 1135 714; x_wconf 80' lang='lat' dir='ltr'>suos,</span> 
     </span>
     <span class='ocr_line' id='line_1_16' title="bbox 76 716 1136 763; baseline -0.006 -11"><span class='ocrx_word' id='word_1_114' title='bbox 76 722 105 752; x_wconf 84' lang='lat' dir='ltr'>in</span> <span class='ocrx_word' id='word_1_115' title='bbox 118 722 246 761; x_wconf 87' lang='lat' dir='ltr'>legitimo</span> <span class='ocrx_word' id='word_1_116' title='bbox 262 719 457 751; x_wconf 89' lang='lat' dir='ltr'>Matrimonio</span> <span class='ocrx_word' id='word_1_117' title='bbox 469 727 502 748; x_wconf 82' lang='lat' dir='ltr'>ex</span> <span class='ocrx_word' id='word_1_118' title='bbox 516 719 633 756; x_wconf 91' lang='lat' dir='ltr'>proprio</span> <span class='ocrx_word' id='word_1_119' title='bbox 648 717 779 763; x_wconf 77' lang='lat' dir='ltr'>Corpore</span> <span class='ocrx_word' id='word_1_120' title='bbox 798 720 987 757; x_wconf 81' lang='lat' dir='ltr'>procreandos</span> <span class='ocrx_word' id='word_1_121' title='bbox 1002 741 1012 757; x_wconf 89' lang='lat'>,</span> <span class='ocrx_word' id='word_1_122' title='bbox 1036 716 1060 748; x_wconf 90' lang='grc' dir='ltr'>Ρ</span> <span class='ocrx_word' id='word_1_123' title='bbox 1069 727 1087 748; x_wconf 81' lang='grc' dir='ltr'>Ε</span> <span class='ocrx_word' id='word_1_124' title='bbox 1098 726 1136 746; x_wconf 73' lang='lat' dir='ltr'>R-</span> 
     </span>
     <span class='ocr_line' id='line_1_17' title="bbox 75 756 818 801; baseline -0.005 -9"><span class='ocrx_word' id='word_1_125' title='bbox 75 768 154 792; x_wconf 76' lang='grc' dir='ltr'>ΡΕΤ</span> <span class='ocrx_word' id='word_1_126' title='bbox 164 769 229 798; x_wconf 82' lang='grc' dir='ltr'>υο,</span> <span class='ocrx_word' id='word_1_127' title='bbox 245 758 436 795; x_wconf 78' lang='lat' dir='ltr'>haereditarie,</span> <span class='ocrx_word' id='word_1_128' title='bbox 453 756 589 797; x_wconf 72' lang='lat' dir='ltr'>pacifice,</span> <span class='ocrx_word' id='word_1_129' title='bbox 608 757 641 787; x_wconf 90' lang='lat'>&amp;</span> <span class='ocrx_word' id='word_1_130' title='bbox 656 758 768 797; x_wconf 83' lang='lat' dir='ltr'>quiete,</span> <span class='ocrx_word' id='word_1_131' title='bbox 813 796 818 801; x_wconf 32' lang='grc' dir='ltr'>ι</span> 
     </span>
    </p>

    <p class='ocr_par' dir='ltr' id='par_1_8' title="bbox 78 793 1151 1302">
     <span class='ocr_line' id='line_1_18' title="bbox 111 793 1138 838; baseline -0.007 -9"><span class='ocrx_word' id='word_1_132' title='bbox 111 798 254 829; x_wconf 73' lang='lat' dir='ltr'>Ponentee</span> <span class='ocrx_word' id='word_1_133' title='bbox 265 805 377 828; x_wconf 76' lang='lat' dir='ltr'>exnunc</span> <span class='ocrx_word' id='word_1_134' title='bbox 389 795 500 826; x_wconf 54' lang='lat' dir='ltr'>dietum</span> <span class='ocrx_word' id='word_1_135' title='bbox 513 795 661 826; x_wconf 89' lang='lat' dir='ltr'>Ducatum</span> <span class='ocrx_word' id='word_1_136' title='bbox 677 795 845 835; x_wconf 80' lang='lat' dir='ltr'>Burgundiae</span> <span class='ocrx_word' id='word_1_137' title='bbox 863 794 966 838; x_wconf 32' lang='lat' dir='ltr'>&amp;-Jus</span> <span class='ocrx_word' id='word_1_138' title='bbox 979 818 989 834; x_wconf 93' lang='lat'>,</span> <span class='ocrx_word' id='word_1_139' title='bbox 1006 793 1085 833; x_wconf 91' lang='lat' dir='ltr'>quod</span> <span class='ocrx_word' id='word_1_140' title='bbox 1104 802 1138 836; x_wconf 80' lang='lat' dir='ltr'>ex</span> 
     </span>
     <span class='ocr_line' id='line_1_19' title="bbox 78 831 1140 877; baseline -0.007 -9"><span class='ocrx_word' id='word_1_141' title='bbox 78 837 262 869; x_wconf 72' lang='lat' dir='ltr'>successione</span> <span class='ocrx_word' id='word_1_142' title='bbox 289 834 426 874; x_wconf 68' lang='lat' dir='ltr'>praedieta</span> <span class='ocrx_word' id='word_1_143' title='bbox 446 834 581 864; x_wconf 84' lang='lat' dir='ltr'>habemus</span> <span class='ocrx_word' id='word_1_144' title='bbox 602 835 631 863; x_wconf 89' lang='lat' dir='ltr'>in</span> <span class='ocrx_word' id='word_1_145' title='bbox 652 834 801 864; x_wconf 89' lang='lat' dir='ltr'>Comitatu</span> <span class='ocrx_word' id='word_1_146' title='bbox 820 833 979 877; x_wconf 68' lang='lat' dir='ltr'>praedicto,</span> <span class='ocrx_word' id='word_1_147' title='bbox 998 842 1068 863; x_wconf 92' lang='lat' dir='ltr'>cum</span> <span class='ocrx_word' id='word_1_148' title='bbox 1087 831 1140 861; x_wconf 85' lang='lat' dir='ltr'>suis</span> 
     </span>
     <span class='ocr_line' id='line_1_20' title="bbox 78 870 1140 915; baseline -0.006 -9"><span class='ocrx_word' id='word_1_149' title='bbox 78 875 217 914; x_wconf 68' lang='lat' dir='ltr'>praedietis</span> <span class='ocrx_word' id='word_1_150' title='bbox 237 873 415 905; x_wconf 87' lang='lat' dir='ltr'>Pertinentiis</span> <span class='ocrx_word' id='word_1_151' title='bbox 433 895 443 911; x_wconf 84' lang='lat'>,</span> <span class='ocrx_word' id='word_1_152' title='bbox 470 880 547 903; x_wconf 87' lang='lat' dir='ltr'>extra</span> <span class='ocrx_word' id='word_1_153' title='bbox 564 872 694 902; x_wconf 90' lang='lat' dir='ltr'>nostrum</span> <span class='ocrx_word' id='word_1_154' title='bbox 713 871 901 915; x_wconf 35' lang='lat' dir='ltr'>Domanium.</span> <span class='ocrx_word' id='word_1_155' title='bbox 919 872 952 903; x_wconf 90' lang='lat'>&amp;</span> <span class='ocrx_word' id='word_1_156' title='bbox 978 870 1140 915; x_wconf 85' lang='lat' dir='ltr'>Separantes</span> 
     </span>
     <span class='ocr_line' id='line_1_21' title="bbox 79 909 1141 952; baseline -0.005 -8"><span class='ocrx_word' id='word_1_157' title='bbox 79 915 222 952; x_wconf 90' lang='lat' dir='ltr'>omnino,</span> <span class='ocrx_word' id='word_1_158' title='bbox 241 913 303 951; x_wconf 87' lang='lat' dir='ltr'>cui,</span> <span class='ocrx_word' id='word_1_159' title='bbox 321 911 455 951; x_wconf 81' lang='lat' dir='ltr'>siquidem</span> <span class='ocrx_word' id='word_1_160' title='bbox 470 933 481 950; x_wconf 87' lang='lat'>,</span> <span class='ocrx_word' id='word_1_161' title='bbox 507 910 660 941; x_wconf 91' lang='lat' dir='ltr'>Domanio</span> <span class='ocrx_word' id='word_1_162' title='bbox 679 909 819 949; x_wconf 83' lang='lat' dir='ltr'>praemissa</span> <span class='ocrx_word' id='word_1_163' title='bbox 837 910 968 941; x_wconf 79' lang='lat' dir='ltr'>duxrrnus</span> <span class='ocrx_word' id='word_1_164' title='bbox 987 910 1141 949; x_wconf 71' lang='lat' dir='ltr'>adJungen-</span> 
     </span>
     <span class='ocr_line' id='line_1_22' title="bbox 78 952 1140 1024; baseline -0.007 -2"><span class='ocrx_word' id='word_1_165' title='bbox 78 952 140 1011; x_wconf 54' lang='lat' dir='ltr'>da,*</span> <span class='ocrx_word' id='word_1_166' title='bbox 160 990 236 1022; x_wconf 93' lang='lat' dir='ltr'>Non</span> <span class='ocrx_word' id='word_1_167' title='bbox 250 988 380 1020; x_wconf 89' lang='lat' dir='ltr'>obstante</span> <span class='ocrx_word' id='word_1_168' title='bbox 399 987 418 1018; x_wconf 86' lang='lat' dir='ltr'>fi</span> <span class='ocrx_word' id='word_1_169' title='bbox 437 986 609 1018; x_wconf 85' lang='lat' dir='ltr'>voluerimus</span> <span class='ocrx_word' id='word_1_170' title='bbox 629 985 663 1017; x_wconf 67' lang='grc' dir='ltr'>ὃς</span> <span class='ocrx_word' id='word_1_171' title='bbox 686 985 910 1018; x_wconf 85' lang='lat' dir='ltr'>ordinaverimus</span> <span class='ocrx_word' id='word_1_172' title='bbox 958 986 1010 1017; x_wconf 90' lang='lat' dir='ltr'>sub</span> <span class='ocrx_word' id='word_1_173' title='bbox 1030 984 1140 1024; x_wconf 90' lang='lat' dir='ltr'>quibus-</span> 
     </span>
     <span class='ocr_line' id='line_1_23' title="bbox 78 1010 1144 1068; baseline -0.007 -8"><span class='ocrx_word' id='word_1_174' title='bbox 78 1039 146 1060; x_wconf 89' lang='lat' dir='ltr'>cum</span> <span class='ocrx_word' id='word_1_175' title='bbox 168 1039 201 1060; x_wconf 92' lang='lat' dir='ltr'>ue</span> <span class='ocrx_word' id='word_1_176' title='bbox 215 1027 328 1066; x_wconf 87' lang='lat' dir='ltr'>Modo,</span> <span class='ocrx_word' id='word_1_177' title='bbox 345 1026 416 1057; x_wconf 92' lang='lat' dir='ltr'>Ob&#39;</span> <span class='ocrx_word' id='word_1_178' title='bbox 437 1026 548 1062; x_wconf 87' lang='lat' dir='ltr'>atione,</span> <span class='ocrx_word' id='word_1_179' title='bbox 567 1023 776 1063; x_wconf 85' lang='lat' dir='ltr'>Submisfione,</span> <span class='ocrx_word' id='word_1_180' title='bbox 801 1010 1008 1063; x_wconf 80' lang='lat' dir='ltr'>Promiffi&#39;one‚</span> <span class='ocrx_word' id='word_1_181' title='bbox 1024 1023 1144 1068; x_wconf 27' lang='lat' dir='ltr'>&amp;1For-</span> 
     </span>
     <span class='ocr_line' id='line_1_24' title="bbox 79 1062 1144 1107; baseline -0.006 -9"><span class='ocrx_word' id='word_1_182' title='bbox 79 1069 128 1100; x_wconf 74' lang='lat' dir='ltr'>rna</span> <span class='ocrx_word' id='word_1_183' title='bbox 173 1068 322 1104; x_wconf 89' lang='lat' dir='ltr'>erborum,</span> <span class='ocrx_word' id='word_1_184' title='bbox 341 1065 409 1102; x_wconf 88' lang='lat' dir='ltr'>huju</span> <span class='ocrx_word' id='word_1_185' title='bbox 421 1063 499 1093; x_wconf 90' lang='lat' dir='ltr'>modi</span> <span class='ocrx_word' id='word_1_186' title='bbox 514 1062 667 1093; x_wconf 83' lang='lat' dir='ltr'>Ordinatio</span> <span class='ocrx_word' id='word_1_187' title='bbox 683 1063 861 1103; x_wconf 87' lang='lat' dir='ltr'>processerit,</span> <span class='ocrx_word' id='word_1_188' title='bbox 887 1064 932 1095; x_wconf 89' lang='lat' dir='ltr'>vel</span> <span class='ocrx_word' id='word_1_189' title='bbox 954 1065 974 1095; x_wconf 90' lang='lat' dir='ltr'>fi</span> <span class='ocrx_word' id='word_1_190' title='bbox 994 1063 1144 1107; x_wconf 80' lang='lat' dir='ltr'>Habitato-</span> 
     </span>
     <span class='ocr_line' id='line_1_25' title="bbox 79 1099 1145 1145; baseline -0.007 -8"><span class='ocrx_word' id='word_1_191' title='bbox 79 1108 156 1138; x_wconf 85' lang='lat' dir='ltr'>ribus</span> <span class='ocrx_word' id='word_1_192' title='bbox 170 1106 316 1137; x_wconf 67' lang='lat' dir='ltr'>dictorum</span> <span class='ocrx_word' id='word_1_193' title='bbox 329 1099 461 1133; x_wconf 74' lang='lat' dir='ltr'>Ducatfis</span> <span class='ocrx_word' id='word_1_194' title='bbox 475 1102 508 1132; x_wconf 71' lang='grc' dir='ltr'>δε</span> <span class='ocrx_word' id='word_1_195' title='bbox 523 1100 703 1140; x_wconf 73' lang='lat' dir='ltr'>Comitatus,</span> <span class='ocrx_word' id='word_1_196' title='bbox 719 1101 765 1133; x_wconf 92' lang='lat' dir='ltr'>seu</span> <span class='ocrx_word' id='word_1_197' title='bbox 780 1102 1042 1133; x_wconf 89' lang='lat' dir='ltr'>Communitatibus</span> <span class='ocrx_word' id='word_1_198' title='bbox 1056 1101 1145 1145; x_wconf 80' lang='lat' dir='ltr'>Villa-</span> 
     </span>
     <span class='ocr_line' id='line_1_26' title="bbox 80 1140 1145 1180; baseline -0.008 -3"><span class='ocrx_word' id='word_1_199' title='bbox 80 1156 145 1177; x_wconf 89' lang='lat' dir='ltr'>rum</span> <span class='ocrx_word' id='word_1_200' title='bbox 183 1144 370 1178; x_wconf 80' lang='lat' dir='ltr'>Castrorum,</span> <span class='ocrx_word' id='word_1_201' title='bbox 385 1140 431 1172; x_wconf 92' lang='lat' dir='ltr'>vel</span> <span class='ocrx_word' id='word_1_202' title='bbox 448 1140 598 1172; x_wconf 87' lang='lat' dir='ltr'>Locorum</span> <span class='ocrx_word' id='word_1_203' title='bbox 611 1140 729 1170; x_wconf 91' lang='lat' dir='ltr'>aliorum</span> <span class='ocrx_word' id='word_1_204' title='bbox 743 1141 929 1180; x_wconf 91' lang='lat' dir='ltr'>eorumdem,</span> <span class='ocrx_word' id='word_1_205' title='bbox 948 1142 995 1172; x_wconf 89' lang='lat' dir='ltr'>vel</span> <span class='ocrx_word' id='word_1_206' title='bbox 1018 1140 1145 1171; x_wconf 89' lang='lat' dir='ltr'>Personis</span> 
     </span>
     <span class='ocr_line' id='line_1_27' title="bbox 82 1169 1143 1225; baseline -0.006 -10"><span class='ocrx_word' id='word_1_207' title='bbox 82 1169 266 1220; x_wconf 60' lang='lat' dir='ltr'>singularibus</span> <span class='ocrx_word' id='word_1_208' title='bbox 316 1179 536 1210; x_wconf 85' lang='lat' dir='ltr'>concesserimus</span> <span class='ocrx_word' id='word_1_209' title='bbox 560 1178 700 1216; x_wconf 82' lang='lat' dir='ltr'>praemiffa</span> <span class='ocrx_word' id='word_1_210' title='bbox 714 1203 724 1216; x_wconf 83' lang='lat'>,</span> <span class='ocrx_word' id='word_1_211' title='bbox 747 1181 778 1209; x_wconf 87' lang='lat' dir='ltr'>in</span> <span class='ocrx_word' id='word_1_212' title='bbox 799 1187 864 1210; x_wconf 91' lang='lat' dir='ltr'>toto</span> <span class='ocrx_word' id='word_1_213' title='bbox 877 1203 886 1218; x_wconf 91' lang='lat'>,</span> <span class='ocrx_word' id='word_1_214' title='bbox 907 1180 952 1210; x_wconf 89' lang='lat' dir='ltr'>vel</span> <span class='ocrx_word' id='word_1_215' title='bbox 967 1181 996 1210; x_wconf 91' lang='lat' dir='ltr'>in</span> <span class='ocrx_word' id='word_1_216' title='bbox 1013 1188 1110 1224; x_wconf 79' lang='lat' dir='ltr'>parte,</span> <span class='ocrx_word' id='word_1_217' title='bbox 1123 1189 1143 1225; x_wconf 67' lang='lat' dir='ltr'>a</span> 
     </span>
     <span class='ocr_line' id='line_1_28' title="bbox 82 1214 1151 1257; baseline -0.007 -3"><span class='ocrx_word' id='word_1_218' title='bbox 82 1214 198 1254; x_wconf 75' lang='lat' dir='ltr'>N6str0</span> <span class='ocrx_word' id='word_1_219' title='bbox 210 1221 244 1253; x_wconf 86' lang='lat'>&amp;</span> <span class='ocrx_word' id='word_1_220' title='bbox 309 1228 389 1250; x_wconf 81' lang='lat' dir='ltr'>ronae</span> <span class='ocrx_word' id='word_1_221' title='bbox 403 1217 505 1249; x_wconf 86' lang='lat' dir='ltr'>nostrae</span> <span class='ocrx_word' id='word_1_222' title='bbox 522 1216 672 1248; x_wconf 90' lang='lat' dir='ltr'>Domanio</span> <span class='ocrx_word' id='word_1_223' title='bbox 687 1217 860 1257; x_wconf 88' lang='lat' dir='ltr'>nullatenus,</span> <span class='ocrx_word' id='word_1_224' title='bbox 884 1227 988 1250; x_wconf 87' lang='lat' dir='ltr'>extunc</span> <span class='ocrx_word' id='word_1_225' title='bbox 1011 1229 1040 1249; x_wconf 87' lang='lat' dir='ltr'>in</span> <span class='ocrx_word' id='word_1_226' title='bbox 1059 1226 1151 1254; x_wconf 82' lang='lat' dir='ltr'>antea,</span> 
     </span>
     <span class='ocr_line' id='line_1_29' title="bbox 80 1261 883 1302; baseline -0.004 -10"><span class='ocrx_word' id='word_1_227' title='bbox 80 1261 215 1300; x_wconf 87' lang='lat' dir='ltr'>separari,</span> <span class='ocrx_word' id='word_1_228' title='bbox 431 1297 436 1302; x_wconf 33' lang='lat'>⁸</span> <span class='ocrx_word' id='word_1_229' title='bbox 450 1296 455 1301; x_wconf 33' lang='grc'>1</span> <span class='ocrx_word' id='word_1_230' title='bbox 878 1297 883 1302; x_wconf 88' lang='lat'>.</span> 
     </span>
    </p>

    <p class='ocr_par' dir='ltr' id='par_1_9' title="bbox 86 1293 1151 1379">
     <span class='ocr_line' id='line_1_30' title="bbox 125 1293 1151 1337; baseline -0.005 -8"><span class='ocrx_word' id='word_1_231' title='bbox 125 1300 264 1337; x_wconf 80' lang='lat' dir='ltr'>Qiorum</span> <span class='ocrx_word' id='word_1_232' title='bbox 279 1293 389 1327; x_wconf 62' lang='lat' dir='ltr'>distum</span> <span class='ocrx_word' id='word_1_233' title='bbox 405 1295 508 1326; x_wconf 80' lang='lat' dir='ltr'>Filium</span> <span class='ocrx_word' id='word_1_234' title='bbox 526 1294 655 1325; x_wconf 89' lang='lat' dir='ltr'>nostrum</span> <span class='ocrx_word' id='word_1_235' title='bbox 675 1293 793 1326; x_wconf 87' lang='lat' dir='ltr'>Ducem</span> <span class='ocrx_word' id='word_1_236' title='bbox 807 1318 817 1335; x_wconf 89' lang='lat'>,</span> <span class='ocrx_word' id='word_1_237' title='bbox 842 1305 1024 1335; x_wconf 87' lang='lat' dir='ltr'>primumque</span> <span class='ocrx_word' id='word_1_238' title='bbox 1049 1295 1151 1326; x_wconf 86' lang='lat' dir='ltr'>Parem</span> 
     </span>
     <span class='ocr_line' id='line_1_31' title="bbox 86 1333 810 1379; baseline -0.012 -10"><span class='ocrx_word' id='word_1_239' title='bbox 86 1338 233 1376; x_wconf 80' lang='lat' dir='ltr'>Franciae,</span> <span class='ocrx_word' id='word_1_240' title='bbox 251 1336 381 1366; x_wconf 88' lang='lat' dir='ltr'>Facimus</span> <span class='ocrx_word' id='word_1_241' title='bbox 394 1334 427 1365; x_wconf 68' lang='grc' dir='ltr'>ὃς</span> <span class='ocrx_word' id='word_1_242' title='bbox 444 1333 600 1372; x_wconf 84' lang='lat' dir='ltr'>Creamus,</span> <span class='ocrx_word' id='word_1_243' title='bbox 805 1373 810 1379; x_wconf 88' lang='lat'>.</span> 
     </span>
    </p>

    <p class='ocr_par' dir='ltr' id='par_1_10' title="bbox 69 1371 1152 1727">
     <span class='ocr_line' id='line_1_32' title="bbox 69 1371 1150 1414; baseline -0.006 -6"><span class='ocrx_word' id='word_1_244' title='bbox 69 1385 71 1387; x_wconf 83' lang='lat'>&#39;</span> <span class='ocrx_word' id='word_1_245' title='bbox 123 1377 259 1408; x_wconf 89' lang='lat' dir='ltr'>Volentes</span> <span class='ocrx_word' id='word_1_246' title='bbox 273 1375 307 1405; x_wconf 87' lang='lat'>&amp;</span> <span class='ocrx_word' id='word_1_247' title='bbox 320 1373 521 1403; x_wconf 90' lang='lat' dir='ltr'>Concedentes</span> <span class='ocrx_word' id='word_1_248' title='bbox 534 1372 626 1402; x_wconf 90' lang='lat' dir='ltr'>eidem</span> <span class='ocrx_word' id='word_1_249' title='bbox 641 1380 672 1402; x_wconf 89' lang='lat' dir='ltr'>ut</span> <span class='ocrx_word' id='word_1_250' title='bbox 684 1371 759 1412; x_wconf 89' lang='lat' dir='ltr'>Ipse,</span> <span class='ocrx_word' id='word_1_251' title='bbox 774 1373 868 1412; x_wconf 84' lang='lat' dir='ltr'>suique</span> <span class='ocrx_word' id='word_1_252' title='bbox 882 1373 1030 1411; x_wconf 73' lang='lat' dir='ltr'>Haeredes,</span> <span class='ocrx_word' id='word_1_253' title='bbox 1037 1382 1071 1404; x_wconf 83' lang='lat' dir='ltr'>ex</span> <span class='ocrx_word' id='word_1_254' title='bbox 1084 1382 1150 1414; x_wconf 80' lang='lat' dir='ltr'>pro-</span> 
     </span>
     <span class='ocr_line' id='line_1_33' title="bbox 83 1410 1150 1455; baseline -0.006 -9"><span class='ocrx_word' id='word_1_255' title='bbox 83 1416 148 1455; x_wconf 86' lang='lat' dir='ltr'>prio</span> <span class='ocrx_word' id='word_1_256' title='bbox 162 1415 295 1452; x_wconf 85' lang='lat' dir='ltr'>Corpore</span> <span class='ocrx_word' id='word_1_257' title='bbox 309 1413 338 1442; x_wconf 92' lang='lat' dir='ltr'>in</span> <span class='ocrx_word' id='word_1_258' title='bbox 352 1411 498 1449; x_wconf 86' lang='lat' dir='ltr'>legitimo,</span> <span class='ocrx_word' id='word_1_259' title='bbox 516 1419 546 1441; x_wconf 91' lang='lat' dir='ltr'>ut</span> <span class='ocrx_word' id='word_1_260' title='bbox 557 1410 736 1450; x_wconf 67' lang='lat' dir='ltr'>praedicitur,</span> <span class='ocrx_word' id='word_1_261' title='bbox 761 1410 955 1443; x_wconf 88' lang='lat' dir='ltr'>Matrimonio</span> <span class='ocrx_word' id='word_1_262' title='bbox 973 1411 1150 1450; x_wconf 81' lang='lat' dir='ltr'>procreandi,</span> 
     </span>
     <span class='ocr_line' id='line_1_34' title="bbox 84 1449 1151 1493; baseline -0.006 -8"><span class='ocrx_word' id='word_1_263' title='bbox 84 1455 135 1493; x_wconf 84' lang='lat' dir='ltr'>qui</span> <span class='ocrx_word' id='word_1_264' title='bbox 147 1455 173 1484; x_wconf 91' lang='lat' dir='ltr'>ei</span> <span class='ocrx_word' id='word_1_265' title='bbox 186 1451 335 1484; x_wconf 83' lang='lat' dir='ltr'>succedent</span> <span class='ocrx_word' id='word_1_266' title='bbox 347 1450 377 1479; x_wconf 89' lang='lat' dir='ltr'>in</span> <span class='ocrx_word' id='word_1_267' title='bbox 393 1449 510 1480; x_wconf 85' lang='lat' dir='ltr'>Ducatu</span> <span class='ocrx_word' id='word_1_268' title='bbox 526 1449 668 1487; x_wconf 64' lang='lat' dir='ltr'>praedidto</span> <span class='ocrx_word' id='word_1_269' title='bbox 706 1458 817 1480; x_wconf 89' lang='lat' dir='ltr'>utantur</span> <span class='ocrx_word' id='word_1_270' title='bbox 833 1451 867 1481; x_wconf 84' lang='lat'>&amp;</span> <span class='ocrx_word' id='word_1_271' title='bbox 887 1452 1030 1493; x_wconf 79' lang='lat' dir='ltr'>fruantur,</span> <span class='ocrx_word' id='word_1_272' title='bbox 1050 1460 1151 1493; x_wconf 62' lang='lat' dir='ltr'>perpe⁴</span> 
     </span>
     <span class='ocr_line' id='line_1_35' title="bbox 83 1472 1141 1529; baseline -0.004 -7"><span class='ocrx_word' id='word_1_273' title='bbox 83 1495 138 1524; x_wconf 77' lang='lat' dir='ltr'>tuo</span> <span class='ocrx_word' id='word_1_274' title='bbox 153 1494 188 1524; x_wconf 70' lang='grc' dir='ltr'>ὃς</span> <span class='ocrx_word' id='word_1_275' title='bbox 199 1489 333 1529; x_wconf 80' lang='lat' dir='ltr'>pacifice,</span> <span class='ocrx_word' id='word_1_276' title='bbox 348 1487 480 1519; x_wconf 83' lang='lat' dir='ltr'>univerfis</span> <span class='ocrx_word' id='word_1_277' title='bbox 493 1488 526 1518; x_wconf 73' lang='grc' dir='ltr'>ὃς</span> <span class='ocrx_word' id='word_1_278' title='bbox 541 1487 651 1525; x_wconf 85' lang='lat' dir='ltr'>singulis</span> <span class='ocrx_word' id='word_1_279' title='bbox 663 1472 819 1527; x_wconf 65' lang='lat' dir='ltr'>Frivilegiis</span> <span class='ocrx_word' id='word_1_280' title='bbox 833 1511 844 1526; x_wconf 84' lang='lat'>,</span> <span class='ocrx_word' id='word_1_281' title='bbox 870 1489 1032 1520; x_wconf 81' lang='lat' dir='ltr'>Franchiliis</span> <span class='ocrx_word' id='word_1_282' title='bbox 1041 1512 1050 1527; x_wconf 83' lang='lat'>,</span> <span class='ocrx_word' id='word_1_283' title='bbox 1065 1489 1141 1528; x_wconf 83' lang='lat' dir='ltr'>Jun-</span> 
     </span>
     <span class='ocr_line' id='line_1_36' title="bbox 83 1525 1145 1571; baseline -0.004 -9"><span class='ocrx_word' id='word_1_284' title='bbox 83 1532 136 1562; x_wconf 87' lang='lat' dir='ltr'>bus</span> <span class='ocrx_word' id='word_1_285' title='bbox 172 1528 377 1565; x_wconf 80' lang='lat' dir='ltr'>Libertatibus‚</span> <span class='ocrx_word' id='word_1_286' title='bbox 394 1527 428 1557; x_wconf 90' lang='lat'>&amp;</span> <span class='ocrx_word' id='word_1_287' title='bbox 442 1525 649 1565; x_wconf 71' lang='lat' dir='ltr'>praerogativis,</span> <span class='ocrx_word' id='word_1_288' title='bbox 667 1527 768 1565; x_wconf 87' lang='lat' dir='ltr'>quibus</span> <span class='ocrx_word' id='word_1_289' title='bbox 784 1526 821 1556; x_wconf 84' lang='lat' dir='ltr'>usi</span> <span class='ocrx_word' id='word_1_290' title='bbox 836 1527 897 1558; x_wconf 89' lang='lat' dir='ltr'>sunt</span> <span class='ocrx_word' id='word_1_291' title='bbox 913 1528 1050 1559; x_wconf 70' lang='lat' dir='ltr'>haetenus</span> <span class='ocrx_word' id='word_1_292' title='bbox 1065 1529 1098 1571; x_wconf 69' lang='grc' dir='ltr'>ὃς</span> <span class='ocrx_word' id='word_1_293' title='bbox 1113 1537 1145 1558; x_wconf 84' lang='lat' dir='ltr'>u-</span> 
     </span>
     <span class='ocr_line' id='line_1_37' title="bbox 85 1554 1148 1606; baseline -0.006 -5"><span class='ocrx_word' id='word_1_294' title='bbox 85 1554 183 1601; x_wconf 65' lang='lat' dir='ltr'>tunt²ur</span> <span class='ocrx_word' id='word_1_295' title='bbox 215 1567 310 1599; x_wconf 83' lang='lat' dir='ltr'>caeteri</span> <span class='ocrx_word' id='word_1_296' title='bbox 323 1565 405 1595; x_wconf 87' lang='lat' dir='ltr'>Pares</span> <span class='ocrx_word' id='word_1_297' title='bbox 419 1564 561 1601; x_wconf 82' lang='lat' dir='ltr'>Franciae,</span> <span class='ocrx_word' id='word_1_298' title='bbox 579 1564 613 1595; x_wconf 87' lang='lat'>&amp;</span> <span class='ocrx_word' id='word_1_299' title='bbox 626 1566 751 1595; x_wconf 76' lang='lat' dir='ltr'>omnino</span> <span class='ocrx_word' id='word_1_300' title='bbox 765 1565 857 1595; x_wconf 78' lang='lat' dir='ltr'>modo</span> <span class='ocrx_word' id='word_1_301' title='bbox 872 1567 905 1597; x_wconf 92' lang='lat'>&amp;</span> <span class='ocrx_word' id='word_1_302' title='bbox 919 1566 1013 1597; x_wconf 66' lang='lat' dir='ltr'>forma</span> <span class='ocrx_word' id='word_1_303' title='bbox 1022 1590 1031 1605; x_wconf 86' lang='lat'>,</span> <span class='ocrx_word' id='word_1_304' title='bbox 1047 1567 1148 1606; x_wconf 87' lang='lat' dir='ltr'>quibus</span> 
     </span>
     <span class='ocr_line' id='line_1_38' title="bbox 87 1592 1151 1642; baseline -0.005 -2"><span class='ocrx_word' id='word_1_305' title='bbox 87 1592 222 1640; x_wconf 62' lang='lat' dir='ltr'>tenebant</span> <span class='ocrx_word' id='word_1_306' title='bbox 235 1605 348 1636; x_wconf 69' lang='lat' dir='ltr'>dietum</span> <span class='ocrx_word' id='word_1_307' title='bbox 362 1603 525 1639; x_wconf 85' lang='lat' dir='ltr'>Ducatum,</span> <span class='ocrx_word' id='word_1_308' title='bbox 543 1604 577 1634; x_wconf 85' lang='lat'>&amp;</span> <span class='ocrx_word' id='word_1_309' title='bbox 594 1602 677 1633; x_wconf 71' lang='lat' dir='ltr'>dietis</span> <span class='ocrx_word' id='word_1_310' title='bbox 689 1603 842 1642; x_wconf 80' lang='lat' dir='ltr'>privilegiis</span> <span class='ocrx_word' id='word_1_311' title='bbox 857 1605 896 1635; x_wconf 86' lang='lat' dir='ltr'>usi</span> <span class='ocrx_word' id='word_1_312' title='bbox 918 1605 1031 1636; x_wconf 83' lang='lat' dir='ltr'>fuerunt</span> <span class='ocrx_word' id='word_1_313' title='bbox 1052 1605 1151 1636; x_wconf 70' lang='lat' dir='ltr'>hacte-</span> 
     </span>
     <span class='ocr_line' id='line_1_39' title="bbox 88 1641 1152 1684; baseline -0.003 -7"><span class='ocrx_word' id='word_1_314' title='bbox 88 1656 141 1677; x_wconf 89' lang='lat' dir='ltr'>nus</span> <span class='ocrx_word' id='word_1_315' title='bbox 156 1646 255 1676; x_wconf 86' lang='lat' dir='ltr'>Duces</span> <span class='ocrx_word' id='word_1_316' title='bbox 268 1641 438 1682; x_wconf 78' lang='lat' dir='ltr'>Burgundiae</span> <span class='ocrx_word' id='word_1_317' title='bbox 450 1664 459 1679; x_wconf 91' lang='lat'>‚</span> <span class='ocrx_word' id='word_1_318' title='bbox 477 1643 510 1673; x_wconf 88' lang='lat'>&amp;</span> <span class='ocrx_word' id='word_1_319' title='bbox 525 1641 653 1673; x_wconf 86' lang='lat' dir='ltr'>utebatur</span> <span class='ocrx_word' id='word_1_320' title='bbox 665 1642 757 1674; x_wconf 67' lang='lat' dir='ltr'>dietus</span> <span class='ocrx_word' id='word_1_321' title='bbox 771 1642 950 1684; x_wconf 67' lang='lat' dir='ltr'>Defunctus,</span> <span class='ocrx_word' id='word_1_322' title='bbox 965 1645 1067 1675; x_wconf 81' lang='lat' dir='ltr'>ultimo</span> <span class='ocrx_word' id='word_1_323' title='bbox 1083 1643 1152 1675; x_wconf 76' lang='lat' dir='ltr'>Dux</span> 
     </span>
     <span class='ocr_line' id='line_1_40' title="bbox 88 1680 1091 1727; baseline -0.006 -13"><span class='ocrx_word' id='word_1_324' title='bbox 88 1684 252 1724; x_wconf 75' lang='lat' dir='ltr'>PhilippuS,</span> <span class='ocrx_word' id='word_1_325' title='bbox 268 1682 339 1713; x_wconf 80' lang='lat' dir='ltr'>dum</span> <span class='ocrx_word' id='word_1_326' title='bbox 353 1680 479 1724; x_wconf 81' lang='lat' dir='ltr'>vivebat:</span> <span class='ocrx_word' id='word_1_327' title='bbox 496 1719 500 1724; x_wconf 40' lang='grc' dir='ltr'>Ι</span> <span class='ocrx_word' id='word_1_328' title='bbox 807 1720 811 1727; x_wconf 92' lang='lat'>.</span> <span class='ocrx_word' id='word_1_329' title='bbox 1086 1722 1091 1727; x_wconf 37' lang='grc'><em>·</em></span> 
     </span>
    </p>

    <p class='ocr_par' dir='ltr' id='par_1_11' title="bbox 90 1717 1157 1844">
     <span class='ocr_line' id='line_1_41' title="bbox 129 1717 1157 1766; baseline -0.002 -13"><span class='ocrx_word' id='word_1_330' title='bbox 129 1723 217 1754; x_wconf 88' lang='lat' dir='ltr'>Salvis</span> <span class='ocrx_word' id='word_1_331' title='bbox 231 1729 328 1753; x_wconf 86' lang='lat' dir='ltr'>tamen</span> <span class='ocrx_word' id='word_1_332' title='bbox 343 1719 555 1750; x_wconf 81' lang='lat' dir='ltr'>Donationibus</span> <span class='ocrx_word' id='word_1_333' title='bbox 569 1719 603 1750; x_wconf 91' lang='lat'>&amp;</span> <span class='ocrx_word' id='word_1_334' title='bbox 624 1717 883 1759; x_wconf 82' lang='lat' dir='ltr'>Conceffiombus,</span> <span class='ocrx_word' id='word_1_335' title='bbox 903 1722 923 1753; x_wconf 90' lang='lat' dir='ltr'>fi</span> <span class='ocrx_word' id='word_1_336' title='bbox 951 1732 1017 1762; x_wconf 90' lang='lat' dir='ltr'>quas</span> <span class='ocrx_word' id='word_1_337' title='bbox 1037 1721 1157 1766; x_wconf 82' lang='lat' dir='ltr'>fecimus</span> 
     </span>
     <span class='ocr_line' id='line_1_42' title="bbox 90 1758 1154 1801; baseline -0.002 -9"><span class='ocrx_word' id='word_1_338' title='bbox 90 1761 241 1801; x_wconf 84' lang='lat' dir='ltr'>postquam</span> <span class='ocrx_word' id='word_1_339' title='bbox 253 1760 345 1791; x_wconf 67' lang='lat' dir='ltr'>dietus</span> <span class='ocrx_word' id='word_1_340' title='bbox 361 1758 488 1789; x_wconf 89' lang='lat' dir='ltr'>Ducatus</span> <span class='ocrx_word' id='word_1_341' title='bbox 502 1758 617 1789; x_wconf 91' lang='lat' dir='ltr'>devenit</span> <span class='ocrx_word' id='word_1_342' title='bbox 631 1758 665 1788; x_wconf 89' lang='lat' dir='ltr'>ad</span> <span class='ocrx_word' id='word_1_343' title='bbox 680 1758 805 1790; x_wconf 89' lang='lat' dir='ltr'>Manum</span> <span class='ocrx_word' id='word_1_344' title='bbox 818 1760 944 1793; x_wconf 87' lang='lat' dir='ltr'>nostram</span> <span class='ocrx_word' id='word_1_345' title='bbox 952 1769 1001 1800; x_wconf 91' lang='lat' dir='ltr'>,ut</span> <span class='ocrx_word' id='word_1_346' title='bbox 1022 1760 1154 1799; x_wconf 85' lang='lat' dir='ltr'>praedici-</span> 
     </span>
     <span class='ocr_line' id='line_1_43' title="bbox 91 1795 1018 1844; baseline -0.012 -12"><span class='ocrx_word' id='word_1_347' title='bbox 91 1810 138 1832; x_wconf 76' lang='lat' dir='ltr'>tur</span> <span class='ocrx_word' id='word_1_348' title='bbox 150 1823 159 1839; x_wconf 89' lang='lat'>‚</span> <span class='ocrx_word' id='word_1_349' title='bbox 175 1810 242 1841; x_wconf 90' lang='lat' dir='ltr'>quas</span> <span class='ocrx_word' id='word_1_350' title='bbox 252 1799 393 1829; x_wconf 90' lang='lat' dir='ltr'>noluimus</span> <span class='ocrx_word' id='word_1_351' title='bbox 405 1796 512 1827; x_wconf 66' lang='lat' dir='ltr'>effectu</span> <span class='ocrx_word' id='word_1_352' title='bbox 526 1795 663 1841; x_wconf 79' lang='lat' dir='ltr'>frustrari:</span> <span class='ocrx_word' id='word_1_353' title='bbox 852 1838 856 1843; x_wconf 32' lang='lat'><strong>¹</strong></span> <span class='ocrx_word' id='word_1_354' title='bbox 1013 1839 1018 1844; x_wconf 22' lang='grc' dir='ltr'><strong>μ</strong></span> 
     </span>
    </p>

    <p class='ocr_par' dir='ltr' id='par_1_12' title="bbox 92 1835 1158 2155">
     <span class='ocr_line' id='line_1_44' title="bbox 130 1835 1153 1876; baseline -0.001 -6"><span class='ocrx_word' id='word_1_355' title='bbox 130 1839 219 1870; x_wconf 83' lang='lat' dir='ltr'>Salvis</span> <span class='ocrx_word' id='word_1_356' title='bbox 230 1838 341 1875; x_wconf 87' lang='lat' dir='ltr'>insuper</span> <span class='ocrx_word' id='word_1_357' title='bbox 355 1838 389 1868; x_wconf 87' lang='lat'>&amp;</span> <span class='ocrx_word' id='word_1_358' title='bbox 404 1836 534 1866; x_wconf 86' lang='lat' dir='ltr'>Retentis</span> <span class='ocrx_word' id='word_1_359' title='bbox 554 1835 638 1865; x_wconf 86' lang='lat' dir='ltr'>nob1s</span> <span class='ocrx_word' id='word_1_360' title='bbox 658 1836 692 1867; x_wconf 88' lang='lat'>&amp;</span> <span class='ocrx_word' id='word_1_361' title='bbox 715 1835 912 1869; x_wconf 80' lang='lat' dir='ltr'>Sucefforlbus</span> <span class='ocrx_word' id='word_1_362' title='bbox 931 1838 1048 1876; x_wconf 80' lang='lat' dir='ltr'>nostris,</span> <span class='ocrx_word' id='word_1_363' title='bbox 1068 1838 1153 1869; x_wconf 82' lang='lat' dir='ltr'>Fran-</span> 
     </span>
     <span class='ocr_line' id='line_1_45' title="bbox 92 1873 1154 1916; baseline -0.002 -7"><span class='ocrx_word' id='word_1_364' title='bbox 92 1879 146 1910; x_wconf 86' lang='lat' dir='ltr'>ciae</span> <span class='ocrx_word' id='word_1_365' title='bbox 161 1877 306 1915; x_wconf 83' lang='lat' dir='ltr'>Regibus,</span> <span class='ocrx_word' id='word_1_366' title='bbox 323 1875 522 1913; x_wconf 87' lang='lat' dir='ltr'>Superioritate</span> <span class='ocrx_word' id='word_1_367' title='bbox 535 1874 568 1904; x_wconf 88' lang='lat'>&amp;</span> <span class='ocrx_word' id='word_1_368' title='bbox 580 1873 715 1905; x_wconf 83' lang='lat' dir='ltr'>Refforto</span> <span class='ocrx_word' id='word_1_369' title='bbox 728 1875 871 1906; x_wconf 65' lang='lat' dir='ltr'>dictorum</span> <span class='ocrx_word' id='word_1_370' title='bbox 889 1876 1084 1916; x_wconf 86' lang='lat' dir='ltr'>Donatorum,</span> <span class='ocrx_word' id='word_1_371' title='bbox 1106 1876 1154 1907; x_wconf 95' lang='lat' dir='ltr'>Fi-</span> 
     </span>
     <span class='ocr_line' id='line_1_46' title="bbox 93 1911 1156 1954; baseline -0.001 -7"><span class='ocrx_word' id='word_1_372' title='bbox 93 1917 131 1947; x_wconf 90' lang='lat' dir='ltr'>de</span> <span class='ocrx_word' id='word_1_373' title='bbox 144 1917 177 1948; x_wconf 89' lang='lat'>&amp;</span> <span class='ocrx_word' id='word_1_374' title='bbox 191 1915 338 1954; x_wconf 86' lang='lat' dir='ltr'>Homagio</span> <span class='ocrx_word' id='word_1_375' title='bbox 352 1913 444 1944; x_wconf 89' lang='lat' dir='ltr'>Ducis</span> <span class='ocrx_word' id='word_1_376' title='bbox 461 1911 621 1952; x_wconf 74' lang='lat' dir='ltr'>praestandis</span> <span class='ocrx_word' id='word_1_377' title='bbox 647 1913 746 1943; x_wconf 91' lang='lat' dir='ltr'>Nobis</span> <span class='ocrx_word' id='word_1_378' title='bbox 764 1915 798 1945; x_wconf 70' lang='grc' dir='ltr'>ὃς</span> <span class='ocrx_word' id='word_1_379' title='bbox 820 1915 1035 1947; x_wconf 81' lang='lat' dir='ltr'>Successoribus</span> <span class='ocrx_word' id='word_1_380' title='bbox 1054 1916 1156 1946; x_wconf 90' lang='lat' dir='ltr'>nostris</span> 
     </span>
     <span class='ocr_line' id='line_1_47' title="bbox 93 1951 1157 1996; baseline -0.001 -10"><span class='ocrx_word' id='word_1_381' title='bbox 93 1955 250 1996; x_wconf 55' lang='lat' dir='ltr'>praedietis,</span> <span class='ocrx_word' id='word_1_382' title='bbox 266 1952 356 1984; x_wconf 90' lang='lat' dir='ltr'>modo</span> <span class='ocrx_word' id='word_1_383' title='bbox 368 1952 466 1982; x_wconf 92' lang='lat' dir='ltr'>debito</span> <span class='ocrx_word' id='word_1_384' title='bbox 478 1952 512 1983; x_wconf 89' lang='lat'>&amp;</span> <span class='ocrx_word' id='word_1_385' title='bbox 527 1951 681 1990; x_wconf 86' lang='lat' dir='ltr'>consueto,</span> <span class='ocrx_word' id='word_1_386' title='bbox 700 1951 758 1983; x_wconf 89' lang='lat' dir='ltr'>fieri</span> <span class='ocrx_word' id='word_1_387' title='bbox 777 1954 810 1984; x_wconf 91' lang='lat'>&amp;</span> <span class='ocrx_word' id='word_1_388' title='bbox 828 1954 968 1994; x_wconf 84' lang='lat' dir='ltr'>praestari,</span> <span class='ocrx_word' id='word_1_389' title='bbox 989 1964 1038 1992; x_wconf 91' lang='lat' dir='ltr'>per</span> <span class='ocrx_word' id='word_1_390' title='bbox 1057 1954 1157 1985; x_wconf 84' lang='lat' dir='ltr'>Duces</span> 
     </span>
     <span class='ocr_line' id='line_1_48' title="bbox 96 1989 1158 2033; baseline -0.002 -9"><span class='ocrx_word' id='word_1_391' title='bbox 96 1993 280 2033; x_wconf 86' lang='lat' dir='ltr'>Burgundiae‚</span> <span class='ocrx_word' id='word_1_392' title='bbox 302 1990 478 2029; x_wconf 83' lang='lat' dir='ltr'>temporibus</span> <span class='ocrx_word' id='word_1_393' title='bbox 501 1990 634 2020; x_wconf 67' lang='lat' dir='ltr'>anteactis</span> <span class='ocrx_word' id='word_1_394' title='bbox 649 2013 658 2028; x_wconf 92' lang='lat'>,</span> <span class='ocrx_word' id='word_1_395' title='bbox 687 1989 894 2030; x_wconf 81' lang='lat' dir='ltr'>Regalibusque</span> <span class='ocrx_word' id='word_1_396' title='bbox 916 1992 1082 2032; x_wconf 78' lang='lat' dir='ltr'>&amp;juribus</span> <span class='ocrx_word' id='word_1_397' title='bbox 1100 1993 1158 2024; x_wconf 90' lang='lat' dir='ltr'>aliis</span> 
     </span>
     <span class='ocr_line' id='line_1_49' title="bbox 96 2027 1157 2072; baseline -0.003 -8"><span class='ocrx_word' id='word_1_398' title='bbox 96 2033 196 2072; x_wconf 84' lang='lat' dir='ltr'>Regiis</span> <span class='ocrx_word' id='word_1_399' title='bbox 206 2031 240 2062; x_wconf 92' lang='lat' dir='ltr'>ad</span> <span class='ocrx_word' id='word_1_400' title='bbox 251 2040 303 2061; x_wconf 91' lang='lat' dir='ltr'>nos</span> <span class='ocrx_word' id='word_1_401' title='bbox 314 2029 517 2067; x_wconf 84' lang='lat' dir='ltr'>pertinentibus</span> <span class='ocrx_word' id='word_1_402' title='bbox 529 2027 564 2059; x_wconf 91' lang='lat' dir='ltr'>ad</span> <span class='ocrx_word' id='word_1_403' title='bbox 580 2028 690 2059; x_wconf 88' lang='lat' dir='ltr'>causam</span> <span class='ocrx_word' id='word_1_404' title='bbox 703 2029 809 2060; x_wconf 81' lang='lat' dir='ltr'>nostrae</span> <span class='ocrx_word' id='word_1_405' title='bbox 824 2030 953 2062; x_wconf 88' lang='lat' dir='ltr'>Coronae</span> <span class='ocrx_word' id='word_1_406' title='bbox 986 2032 1020 2062; x_wconf 77' lang='grc' dir='ltr'>δε</span> <span class='ocrx_word' id='word_1_407' title='bbox 1032 2042 1096 2071; x_wconf 88' lang='lat' dir='ltr'>quae</span> <span class='ocrx_word' id='word_1_408' title='bbox 1108 2032 1157 2062; x_wconf 80' lang='lat' dir='ltr'>ha-</span> 
     </span>
     <span class='ocr_line' id='line_1_50' title="bbox 96 2055 1158 2112; baseline 0 -10"><span class='ocrx_word' id='word_1_409' title='bbox 96 2072 248 2108; x_wconf 79' lang='lat' dir='ltr'>bebamuS,</span> <span class='ocrx_word' id='word_1_410' title='bbox 264 2070 378 2101; x_wconf 85' lang='lat' dir='ltr'>vivente</span> <span class='ocrx_word' id='word_1_411' title='bbox 391 2067 470 2099; x_wconf 71' lang='lat' dir='ltr'>dieto</span> <span class='ocrx_word' id='word_1_412' title='bbox 482 2067 584 2098; x_wconf 77' lang='lat' dir='ltr'>ultimo</span> <span class='ocrx_word' id='word_1_413' title='bbox 603 2066 743 2099; x_wconf 70' lang='lat' dir='ltr'>defuneto</span> <span class='ocrx_word' id='word_1_414' title='bbox 763 2068 866 2108; x_wconf 88' lang='lat' dir='ltr'>Duce,</span> <span class='ocrx_word' id='word_1_415' title='bbox 891 2071 922 2101; x_wconf 91' lang='lat' dir='ltr'>in</span> <span class='ocrx_word' id='word_1_416' title='bbox 946 2055 1063 2102; x_wconf 80' lang='lat' dir='ltr'>Ducatu</span> <span class='ocrx_word' id='word_1_417' title='bbox 1086 2080 1158 2112; x_wconf 84' lang='lat' dir='ltr'>prae-</span> 
     </span>
     <span class='ocr_line' id='line_1_51' title="bbox 97 2110 1063 2155; baseline -0.001 -3"><span class='ocrx_word' id='word_1_418' title='bbox 97 2110 193 2148; x_wconf 64' lang='lat' dir='ltr'>di‘sto’</span> <span class='ocrx_word' id='word_1_419' title='bbox 424 2147 429 2152; x_wconf 94' lang='lat'><em>.</em></span> <span class='ocrx_word' id='word_1_420' title='bbox 535 2146 539 2151; x_wconf 94' lang='lat'>.</span> <span class='ocrx_word' id='word_1_421' title='bbox 575 2145 579 2151; x_wconf 97' lang='lat'>.</span> <span class='ocrx_word' id='word_1_422' title='bbox 629 2146 634 2151; x_wconf 95' lang='lat'>.</span> <span class='ocrx_word' id='word_1_423' title='bbox 735 2147 738 2152; x_wconf 93' lang='lat'>.</span> <span class='ocrx_word' id='word_1_424' title='bbox 753 2147 757 2152; x_wconf 94' lang='lat'>.</span> <span class='ocrx_word' id='word_1_425' title='bbox 963 2150 968 2155; x_wconf 90' lang='grc'><em>,</em></span> <span class='ocrx_word' id='word_1_426' title='bbox 1057 2149 1063 2155; x_wconf 82' lang='grc'><em>,</em></span> 
     </span>
    </p>

    <p class='ocr_par' dir='ltr' id='par_1_13' title="bbox 94 2144 1162 2427">
     <span class='ocr_line' id='line_1_52' title="bbox 136 2144 1161 2187; baseline 0.001 -9"><span class='ocrx_word' id='word_1_427' title='bbox 136 2148 195 2179; x_wconf 94' lang='lat' dir='ltr'>Pro</span> <span class='ocrx_word' id='word_1_428' title='bbox 207 2147 309 2187; x_wconf 85' lang='lat' dir='ltr'>quibus</span> <span class='ocrx_word' id='word_1_429' title='bbox 322 2146 443 2176; x_wconf 85' lang='lat' dir='ltr'>Donatis</span> <span class='ocrx_word' id='word_1_430' title='bbox 455 2144 594 2185; x_wconf 67' lang='lat' dir='ltr'>prcedle&#39;tis</span> <span class='ocrx_word' id='word_1_431' title='bbox 606 2144 698 2176; x_wconf 68' lang='lat' dir='ltr'>dictus</span> <span class='ocrx_word' id='word_1_432' title='bbox 710 2146 792 2178; x_wconf 81' lang='lat' dir='ltr'>Fihus</span> <span class='ocrx_word' id='word_1_433' title='bbox 804 2147 901 2179; x_wconf 84' lang='lat' dir='ltr'>noster</span> <span class='ocrx_word' id='word_1_434' title='bbox 913 2149 981 2180; x_wconf 87' lang='lat' dir='ltr'>feeit</span> <span class='ocrx_word' id='word_1_435' title='bbox 994 2149 1079 2180; x_wconf 81' lang='lat' dir='ltr'>nobis</span> <span class='ocrx_word' id='word_1_436' title='bbox 1091 2147 1161 2179; x_wconf 87' lang='lat' dir='ltr'>Ho-</span> 
     </span>
     <span class='ocr_line' id='line_1_53' title="bbox 97 2184 1157 2227; baseline 0 -9"><span class='ocrx_word' id='word_1_437' title='bbox 97 2188 240 2225; x_wconf 67' lang='lat' dir='ltr'>maurum,</span> <span class='ocrx_word' id='word_1_438' title='bbox 255 2194 388 2223; x_wconf 83' lang='lat' dir='ltr'>tanquam</span> <span class='ocrx_word' id='word_1_439' title='bbox 405 2185 472 2215; x_wconf 88' lang='lat' dir='ltr'>Dux</span> <span class='ocrx_word' id='word_1_440' title='bbox 487 2186 520 2215; x_wconf 71' lang='grc' dir='ltr'>δι’.</span> <span class='ocrx_word' id='word_1_441' title='bbox 536 2185 642 2223; x_wconf 84' lang='lat' dir='ltr'>primus</span> <span class='ocrx_word' id='word_1_442' title='bbox 654 2184 708 2216; x_wconf 89' lang='lat' dir='ltr'>Par</span> <span class='ocrx_word' id='word_1_443' title='bbox 724 2185 849 2217; x_wconf 87' lang='lat' dir='ltr'>Franciae</span> <span class='ocrx_word' id='word_1_444' title='bbox 870 2188 1020 2225; x_wconf 66' lang='lat' dir='ltr'>praedietus</span> <span class='ocrx_word' id='word_1_445' title='bbox 1037 2211 1047 2227; x_wconf 86' lang='lat'>‚</span> <span class='ocrx_word' id='word_1_446' title='bbox 1065 2188 1098 2218; x_wconf 79' lang='grc' dir='ltr'>δε</span> <span class='ocrx_word' id='word_1_447' title='bbox 1120 2197 1157 2218; x_wconf 94' lang='lat' dir='ltr'>eo</span> 
     </span>
     <span class='ocr_line' id='line_1_54' title="bbox 97 2212 1156 2264; baseline 0 -7"><span class='ocrx_word' id='word_1_448' title='bbox 97 2212 190 2257; x_wconf 68' lang='grc' dir='ltr'><strong>1110Ἅο</strong></span> <span class='ocrx_word' id='word_1_449' title='bbox 203 2235 262 2264; x_wconf 87' lang='lat' dir='ltr'>quo</span> <span class='ocrx_word' id='word_1_450' title='bbox 276 2223 405 2254; x_wconf 64' lang='lat' dir='ltr'>defuncti</span> <span class='ocrx_word' id='word_1_451' title='bbox 420 2223 518 2254; x_wconf 88' lang='lat' dir='ltr'>Duces</span> <span class='ocrx_word' id='word_1_452' title='bbox 532 2223 701 2262; x_wconf 73' lang='lat' dir='ltr'>Burgundiae</span> <span class='ocrx_word' id='word_1_453' title='bbox 714 2226 880 2256; x_wconf 83' lang='lat' dir='ltr'>tenebantur</span> <span class='ocrx_word' id='word_1_454' title='bbox 893 2227 926 2257; x_wconf 75' lang='grc' dir='ltr'>ὅτ.</span> <span class='ocrx_word' id='word_1_455' title='bbox 947 2227 1156 2257; x_wconf 88' lang='lat' dir='ltr'>consueverunt</span> 
     </span>
     <span class='ocr_line' id='line_1_55' title="bbox 96 2261 1160 2305; baseline 0.001 -10"><span class='ocrx_word' id='word_1_456' title='bbox 96 2265 187 2295; x_wconf 82' lang='lat' dir='ltr'>facere</span> <span class='ocrx_word' id='word_1_457' title='bbox 199 2264 297 2295; x_wconf 87' lang='lat' dir='ltr'>Nobis</span> <span class='ocrx_word' id='word_1_458' title='bbox 308 2263 342 2293; x_wconf 71' lang='lat' dir='ltr'>&amp;s</span> <span class='ocrx_word' id='word_1_459' title='bbox 356 2261 607 2293; x_wconf 85' lang='lat' dir='ltr'>Praedecefforibus</span> <span class='ocrx_word' id='word_1_460' title='bbox 621 2261 722 2292; x_wconf 88' lang='lat' dir='ltr'>nostris</span> <span class='ocrx_word' id='word_1_461' title='bbox 737 2286 747 2301; x_wconf 87' lang='lat'>,</span> <span class='ocrx_word' id='word_1_462' title='bbox 766 2263 800 2294; x_wconf 92' lang='lat' dir='ltr'>ad</span> <span class='ocrx_word' id='word_1_463' title='bbox 812 2265 890 2303; x_wconf 91' lang='lat' dir='ltr'>quod</span> <span class='ocrx_word' id='word_1_464' title='bbox 906 2264 1088 2305; x_wconf 78' lang='lat' dir='ltr'>Homagium</span> <span class='ocrx_word' id='word_1_465' title='bbox 1109 2264 1160 2296; x_wconf 90' lang='lat' dir='ltr'>ad-</span> 
     </span>
     <span class='ocr_line' id='line_1_56' title="bbox 96 2300 1161 2342; baseline -0.001 -8"><span class='ocrx_word' id='word_1_466' title='bbox 96 2304 223 2334; x_wconf 87' lang='lat' dir='ltr'>misimus</span> <span class='ocrx_word' id='word_1_467' title='bbox 234 2302 374 2340; x_wconf 89' lang='lat' dir='ltr'>eundem,</span> <span class='ocrx_word' id='word_1_468' title='bbox 391 2310 479 2339; x_wconf 90' lang='lat' dir='ltr'>quem</span> <span class='ocrx_word' id='word_1_469' title='bbox 494 2311 543 2339; x_wconf 88' lang='lat' dir='ltr'>per</span> <span class='ocrx_word' id='word_1_470' title='bbox 558 2300 744 2338; x_wconf 84' lang='lat' dir='ltr'>Homagium</span> <span class='ocrx_word' id='word_1_471' title='bbox 757 2304 997 2341; x_wconf 83' lang='lat' dir='ltr'>emancipavimus</span> <span class='ocrx_word' id='word_1_472' title='bbox 1007 2327 1016 2342; x_wconf 93' lang='lat'>,</span> <span class='ocrx_word' id='word_1_473' title='bbox 1039 2305 1072 2335; x_wconf 92' lang='lat'>&amp;</span> <span class='ocrx_word' id='word_1_474' title='bbox 1085 2313 1161 2334; x_wconf 79' lang='lat' dir='ltr'>exu&#39;a</span> 
     </span>
     <span class='ocr_line' id='line_1_57' title="bbox 98 2339 1162 2382; baseline 0.001 -10"><span class='ocrx_word' id='word_1_475' title='bbox 98 2341 272 2373; x_wconf 88' lang='lat' dir='ltr'>Potestatem</span> <span class='ocrx_word' id='word_1_476' title='bbox 286 2340 410 2372; x_wconf 88' lang='lat' dir='ltr'>nostram</span> <span class='ocrx_word' id='word_1_477' title='bbox 426 2348 568 2378; x_wconf 87' lang='lat' dir='ltr'>paternam</span> <span class='ocrx_word' id='word_1_478' title='bbox 589 2339 752 2380; x_wconf 85' lang='lat' dir='ltr'>posuimus,</span> <span class='ocrx_word' id='word_1_479' title='bbox 768 2343 802 2373; x_wconf 71' lang='grc' dir='ltr'>ὃς</span> <span class='ocrx_word' id='word_1_480' title='bbox 823 2343 955 2382; x_wconf 91' lang='lat' dir='ltr'>ponimus</span> <span class='ocrx_word' id='word_1_481' title='bbox 974 2352 1024 2381; x_wconf 90' lang='lat' dir='ltr'>per</span> <span class='ocrx_word' id='word_1_482' title='bbox 1044 2342 1162 2381; x_wconf 57' lang='lat' dir='ltr'>praesen-</span> 
     </span>
     <span class='ocr_line' id='line_1_58' title="bbox 94 2388 1049 2427; baseline 0 -2"><span class='ocrx_word' id='word_1_483' title='bbox 94 2388 144 2413; x_wconf 64' lang='lat' dir='ltr'><strong>tes·</strong></span> <span class='ocrx_word' id='word_1_484' title='bbox 718 2419 727 2424; x_wconf 46' lang='lat' dir='ltr'>‚r</span> <span class='ocrx_word' id='word_1_485' title='bbox 854 2420 858 2425; x_wconf 80' lang='grc' dir='ltr'>ι</span> <span class='ocrx_word' id='word_1_486' title='bbox 1045 2422 1049 2427; x_wconf 67' lang='grc'><strong><em>,</em></strong></span> 
     </span>
    </p>

    <p class='ocr_par' dir='ltr' id='par_1_14' title="bbox 95 2417 1164 2654">
     <span class='ocr_line' id='line_1_59' title="bbox 139 2417 1164 2459; baseline 0.002 -10"><span class='ocrx_word' id='word_1_487' title='bbox 139 2419 225 2450; x_wconf 90' lang='lat' dir='ltr'>Salvo</span> <span class='ocrx_word' id='word_1_488' title='bbox 241 2419 346 2458; x_wconf 86' lang='lat' dir='ltr'>insuper</span> <span class='ocrx_word' id='word_1_489' title='bbox 361 2419 394 2449; x_wconf 90' lang='lat'>&amp;</span> <span class='ocrx_word' id='word_1_490' title='bbox 408 2425 519 2450; x_wconf 87' lang='lat' dir='ltr'>retento</span> <span class='ocrx_word' id='word_1_491' title='bbox 537 2417 632 2455; x_wconf 84' lang='lat' dir='ltr'>quod,</span> <span class='ocrx_word' id='word_1_492' title='bbox 657 2418 676 2447; x_wconf 90' lang='lat' dir='ltr'>fi</span> <span class='ocrx_word' id='word_1_493' title='bbox 696 2417 787 2449; x_wconf 70' lang='lat' dir='ltr'>dustus</span> <span class='ocrx_word' id='word_1_494' title='bbox 808 2419 892 2450; x_wconf 85' lang='lat' dir='ltr'>Filius</span> <span class='ocrx_word' id='word_1_495' title='bbox 906 2419 1026 2459; x_wconf 75' lang='lat' dir='ltr'>noster,</span> <span class='ocrx_word' id='word_1_496' title='bbox 1052 2420 1098 2451; x_wconf 91' lang='lat' dir='ltr'>vel</span> <span class='ocrx_word' id='word_1_497' title='bbox 1118 2420 1164 2451; x_wconf 91' lang='lat' dir='ltr'>sua</span> 
     </span>
     <span class='ocr_line' id='line_1_60' title="bbox 96 2456 1162 2498; baseline 0.001 -10"><span class='ocrx_word' id='word_1_498' title='bbox 96 2457 266 2495; x_wconf 72' lang='lat' dir='ltr'>posteritas,</span> <span class='ocrx_word' id='word_1_499' title='bbox 285 2467 315 2488; x_wconf 90' lang='lat' dir='ltr'>ut</span> <span class='ocrx_word' id='word_1_500' title='bbox 329 2457 507 2494; x_wconf 71' lang='lat' dir='ltr'>praedicitur,</span> <span class='ocrx_word' id='word_1_501' title='bbox 524 2456 696 2493; x_wconf 84' lang='lat' dir='ltr'>procreanda</span> <span class='ocrx_word' id='word_1_502' title='bbox 710 2457 873 2489; x_wconf 86' lang='lat' dir='ltr'>decesserint</span> <span class='ocrx_word' id='word_1_503' title='bbox 889 2463 898 2494; x_wconf 89' lang='lat'>(</span> <span class='ocrx_word' id='word_1_504' title='bbox 910 2460 988 2498; x_wconf 92' lang='lat' dir='ltr'>quod</span> <span class='ocrx_word' id='word_1_505' title='bbox 1003 2459 1074 2490; x_wconf 87' lang='lat' dir='ltr'>absit</span> <span class='ocrx_word' id='word_1_506' title='bbox 1084 2459 1162 2493; x_wconf 80' lang='lat' dir='ltr'>&gt;abs—</span> 
     </span>
     <span class='ocr_line' id='line_1_61' title="bbox 97 2494 1162 2536; baseline 0.002 -9"><span class='ocrx_word' id='word_1_507' title='bbox 97 2507 156 2536; x_wconf 88' lang='lat' dir='ltr'>que</span> <span class='ocrx_word' id='word_1_508' title='bbox 168 2496 294 2527; x_wconf 82' lang='lat' dir='ltr'>Haerede</span> <span class='ocrx_word' id='word_1_509' title='bbox 307 2506 340 2526; x_wconf 84' lang='lat' dir='ltr'>ex</span> <span class='ocrx_word' id='word_1_510' title='bbox 363 2496 478 2534; x_wconf 86' lang='lat' dir='ltr'>proprio</span> <span class='ocrx_word' id='word_1_511' title='bbox 498 2494 632 2533; x_wconf 84' lang='lat' dir='ltr'>Corpore</span> <span class='ocrx_word' id='word_1_512' title='bbox 651 2495 830 2528; x_wconf 87' lang='lat' dir='ltr'>Succedente</span> <span class='ocrx_word' id='word_1_513' title='bbox 850 2520 859 2536; x_wconf 89' lang='lat'>,</span> <span class='ocrx_word' id='word_1_514' title='bbox 879 2498 907 2527; x_wconf 92' lang='lat' dir='ltr'>in</span> <span class='ocrx_word' id='word_1_515' title='bbox 930 2498 1009 2529; x_wconf 67' lang='lat' dir='ltr'>dieto</span> <span class='ocrx_word' id='word_1_516' title='bbox 1030 2498 1162 2535; x_wconf 79' lang='lat' dir='ltr'>Ducam,</span> 
     </span>
     <span class='ocr_line' id='line_1_62' title="bbox 98 2534 1163 2577; baseline 0 -11"><span class='ocrx_word' id='word_1_517' title='bbox 98 2535 243 2574; x_wconf 83' lang='lat' dir='ltr'>praemiffa</span> <span class='ocrx_word' id='word_1_518' title='bbox 257 2535 381 2566; x_wconf 90' lang='lat' dir='ltr'>universa</span> <span class='ocrx_word' id='word_1_519' title='bbox 396 2535 428 2565; x_wconf 88' lang='lat'>&amp;</span> <span class='ocrx_word' id='word_1_520' title='bbox 444 2534 566 2572; x_wconf 85' lang='lat' dir='ltr'>singula,</span> <span class='ocrx_word' id='word_1_521' title='bbox 585 2534 634 2570; x_wconf 61' lang='lat' dir='ltr'>sie,</span> <span class='ocrx_word' id='word_1_522' title='bbox 647 2534 751 2565; x_wconf 86' lang='lat' dir='ltr'>donata</span> <span class='ocrx_word' id='word_1_523' title='bbox 761 2540 776 2574; x_wconf 78' lang='lat'>&#39;,</span> <span class='ocrx_word' id='word_1_524' title='bbox 799 2536 886 2574; x_wconf 89' lang='lat' dir='ltr'>pleno</span> <span class='ocrx_word' id='word_1_525' title='bbox 904 2536 973 2576; x_wconf 89' lang='lat' dir='ltr'>Jure</span> <span class='ocrx_word' id='word_1_526' title='bbox 994 2536 1163 2577; x_wconf 85' lang='lat' dir='ltr'>integraliter</span> 
     </span>
     <span class='ocr_line' id='line_1_63' title="bbox 95 2572 1163 2615; baseline 0.002 -10"><span class='ocrx_word' id='word_1_527' title='bbox 95 2583 270 2605; x_wconf 85' lang='lat' dir='ltr'>revertentur</span> <span class='ocrx_word' id='word_1_528' title='bbox 282 2573 316 2604; x_wconf 93' lang='lat' dir='ltr'>ad</span> <span class='ocrx_word' id='word_1_529' title='bbox 332 2573 418 2611; x_wconf 80' lang='lat' dir='ltr'>Nos,</span> <span class='ocrx_word' id='word_1_530' title='bbox 437 2573 471 2603; x_wconf 75' lang='grc' dir='ltr'>δε</span> <span class='ocrx_word' id='word_1_531' title='bbox 485 2572 665 2603; x_wconf 86' lang='lat' dir='ltr'>Successores</span> <span class='ocrx_word' id='word_1_532' title='bbox 680 2573 792 2603; x_wconf 90' lang='lat' dir='ltr'>nostros</span> <span class='ocrx_word' id='word_1_533' title='bbox 807 2575 853 2605; x_wconf 87' lang='lat' dir='ltr'>Re</span> <span class='ocrx_word' id='word_1_534' title='bbox 873 2584 918 2615; x_wconf 91' lang='lat' dir='ltr'>es,</span> <span class='ocrx_word' id='word_1_535' title='bbox 941 2576 989 2615; x_wconf 91' lang='lat' dir='ltr'>qui</span> <span class='ocrx_word' id='word_1_536' title='bbox 1010 2585 1064 2615; x_wconf 90' lang='lat' dir='ltr'>pro</span> <span class='ocrx_word' id='word_1_537' title='bbox 1090 2584 1163 2607; x_wconf 89' lang='lat' dir='ltr'>tem-</span> 
     </span>
     <span class='ocr_line' id='line_1_64' title="bbox 96 2610 893 2654; baseline 0 -11"><span class='ocrx_word' id='word_1_538' title='bbox 96 2623 167 2654; x_wconf 89' lang='lat' dir='ltr'>pore</span> <span class='ocrx_word' id='word_1_539' title='bbox 180 2613 297 2650; x_wconf 81' lang='lat' dir='ltr'>fuerint,</span> <span class='ocrx_word' id='word_1_540' title='bbox 315 2611 420 2642; x_wconf 81' lang='lat' dir='ltr'>nostrae</span> <span class='ocrx_word' id='word_1_541' title='bbox 434 2610 563 2641; x_wconf 81' lang='lat' dir='ltr'>Coronae</span> <span class='ocrx_word' id='word_1_542' title='bbox 579 2610 728 2641; x_wconf 90' lang='lat' dir='ltr'>Domanio</span> <span class='ocrx_word' id='word_1_543' title='bbox 742 2613 848 2651; x_wconf 89' lang='lat' dir='ltr'>aplican</span> <span class='ocrx_word' id='word_1_544' title='bbox 870 2624 893 2643; x_wconf 89' lang='lat' dir='ltr'>a.</span> 
     </span>
    </p>

    <p class='ocr_par' dir='ltr' id='par_1_15' title="bbox 100 2649 1164 2811">
     <span class='ocr_line' id='line_1_65' title="bbox 134 2649 1162 2691; baseline 0.002 -10"><span class='ocrx_word' id='word_1_545' title='bbox 134 2651 189 2681; x_wconf 90' lang='lat' dir='ltr'>Per</span> <span class='ocrx_word' id='word_1_546' title='bbox 202 2652 274 2681; x_wconf 90' lang='lat' dir='ltr'>hanc</span> <span class='ocrx_word' id='word_1_547' title='bbox 286 2659 383 2681; x_wconf 88' lang='lat' dir='ltr'>autem</span> <span class='ocrx_word' id='word_1_548' title='bbox 400 2649 626 2681; x_wconf 83' lang='lat' dir='ltr'>Conceffionem</span> <span class='ocrx_word' id='word_1_549' title='bbox 641 2650 765 2680; x_wconf 85' lang='lat' dir='ltr'>nostram</span> <span class='ocrx_word' id='word_1_550' title='bbox 779 2652 944 2689; x_wconf 73' lang='lat' dir='ltr'>praesentem</span> <span class='ocrx_word' id='word_1_551' title='bbox 966 2654 999 2685; x_wconf 89' lang='lat'>&amp;</span> <span class='ocrx_word' id='word_1_552' title='bbox 1022 2653 1162 2691; x_wconf 90' lang='lat' dir='ltr'>Donum,</span> 
     </span>
     <span class='ocr_line' id='line_1_66' title="bbox 100 2688 1164 2730; baseline 0.002 -10"><span class='ocrx_word' id='word_1_553' title='bbox 100 2689 250 2721; x_wconf 89' lang='lat' dir='ltr'>Ducatum</span> <span class='ocrx_word' id='word_1_554' title='bbox 265 2690 429 2729; x_wconf 85' lang='lat' dir='ltr'>Tinonyae,</span> <span class='ocrx_word' id='word_1_555' title='bbox 447 2698 533 2727; x_wconf 91' lang='lat' dir='ltr'>quem</span> <span class='ocrx_word' id='word_1_556' title='bbox 548 2698 616 2718; x_wconf 92' lang='lat' dir='ltr'>cum</span> <span class='ocrx_word' id='word_1_557' title='bbox 632 2688 682 2718; x_wconf 85' lang='lat' dir='ltr'>suis</span> <span class='ocrx_word' id='word_1_558' title='bbox 694 2688 889 2730; x_wconf 86' lang='lat' dir='ltr'>Pertinentiis,</span> <span class='ocrx_word' id='word_1_559' title='bbox 913 2691 994 2723; x_wconf 67' lang='lat' dir='ltr'>dieto</span> <span class='ocrx_word' id='word_1_560' title='bbox 1013 2692 1086 2722; x_wconf 88' lang='lat' dir='ltr'>Filio</span> <span class='ocrx_word' id='word_1_561' title='bbox 1109 2702 1164 2722; x_wconf 92' lang='lat' dir='ltr'>no-</span> 
     </span>
     <span class='ocr_line' id='line_1_67' title="bbox 100 2726 1163 2769; baseline 0.001 -11"><span class='ocrx_word' id='word_1_562' title='bbox 100 2728 159 2758; x_wconf 88' lang='lat' dir='ltr'>stro</span> <span class='ocrx_word' id='word_1_563' title='bbox 174 2728 238 2759; x_wconf 71' lang='lat' dir='ltr'>alias</span> <span class='ocrx_word' id='word_1_564' title='bbox 250 2728 437 2765; x_wconf 86' lang='lat' dir='ltr'>donavimus,</span> <span class='ocrx_word' id='word_1_565' title='bbox 455 2727 488 2757; x_wconf 92' lang='lat' dir='ltr'>ad</span> <span class='ocrx_word' id='word_1_566' title='bbox 504 2726 628 2757; x_wconf 88' lang='lat' dir='ltr'>Manum</span> <span class='ocrx_word' id='word_1_567' title='bbox 642 2727 765 2757; x_wconf 85' lang='lat' dir='ltr'>nostram</span> <span class='ocrx_word' id='word_1_568' title='bbox 785 2731 917 2767; x_wconf 85' lang='lat' dir='ltr'>ponimus</span> <span class='ocrx_word' id='word_1_569' title='bbox 942 2732 975 2762; x_wconf 91' lang='lat'><strong>&amp;</strong></span> <span class='ocrx_word' id='word_1_570' title='bbox 996 2732 1163 2769; x_wconf 72' lang='lat' dir='ltr'>retinemus,</span> 
     </span>
     <span class='ocr_line' id='line_1_68' title="bbox 100 2765 1140 2811; baseline 0.001 -15"><span class='ocrx_word' id='word_1_571' title='bbox 100 2766 266 2797; x_wconf 87' lang='lat' dir='ltr'>Ordinaturi</span> <span class='ocrx_word' id='word_1_572' title='bbox 279 2766 314 2795; x_wconf 94' lang='lat' dir='ltr'>de</span> <span class='ocrx_word' id='word_1_573' title='bbox 328 2765 431 2796; x_wconf 88' lang='lat' dir='ltr'>eodem</span> <span class='ocrx_word' id='word_1_574' title='bbox 444 2765 478 2795; x_wconf 90' lang='lat' dir='ltr'>ad</span> <span class='ocrx_word' id='word_1_575' title='bbox 493 2765 596 2795; x_wconf 81' lang='lat' dir='ltr'>nostrae</span> <span class='ocrx_word' id='word_1_576' title='bbox 610 2765 820 2804; x_wconf 89' lang='lat' dir='ltr'>beneplacitum</span> <span class='ocrx_word' id='word_1_577' title='bbox 837 2768 996 2800; x_wconf 89' lang='lat' dir='ltr'>voluntatis.</span> <span class='ocrx_word' id='word_1_578' title='bbox 1135 2806 1140 2811; x_wconf 87' lang='lat'>.</span> 
     </span>
    </p>

    <p class='ocr_par' dir='ltr' id='par_1_16' title="bbox 100 2803 1165 3040">
     <span class='ocr_line' id='line_1_69' title="bbox 140 2803 1164 2849; baseline 0 -15"><span class='ocrx_word' id='word_1_579' title='bbox 140 2805 322 2844; x_wconf 82' lang='lat' dir='ltr'>Qapropter</span> <span class='ocrx_word' id='word_1_580' title='bbox 332 2804 447 2841; x_wconf 88' lang='lat' dir='ltr'>damus,</span> <span class='ocrx_word' id='word_1_581' title='bbox 465 2803 662 2842; x_wconf 76' lang='lat' dir='ltr'>praesentibus,</span> <span class='ocrx_word' id='word_1_582' title='bbox 678 2805 708 2833; x_wconf 84' lang='lat' dir='ltr'>in</span> <span class='ocrx_word' id='word_1_583' title='bbox 728 2804 871 2836; x_wconf 83' lang='lat' dir='ltr'>Mandatis</span> <span class='ocrx_word' id='word_1_584' title='bbox 885 2809 1015 2839; x_wconf 70' lang='lat' dir='ltr'>universis</span> <span class='ocrx_word' id='word_1_585' title='bbox 1030 2804 1164 2849; x_wconf 67' lang='lat' dir='ltr'>Praelatis,</span> 
     </span>
     <span class='ocr_line' id='line_1_70' title="bbox 100 2840 1165 2885; baseline -0.001 -11"><span class='ocrx_word' id='word_1_586' title='bbox 100 2845 135 2876; x_wconf 90' lang='lat'>&amp;</span> <span class='ocrx_word' id='word_1_587' title='bbox 149 2844 205 2874; x_wconf 85' lang='lat' dir='ltr'>aliis</span> <span class='ocrx_word' id='word_1_588' title='bbox 220 2843 346 2874; x_wconf 89' lang='lat' dir='ltr'>Personis</span> <span class='ocrx_word' id='word_1_589' title='bbox 360 2840 576 2879; x_wconf 82' lang='lat' dir='ltr'>Ecclefiasticis‚</span> <span class='ocrx_word' id='word_1_590' title='bbox 599 2851 641 2884; x_wconf 39' lang='lat' dir='ltr'>ac·</span> <span class='ocrx_word' id='word_1_591' title='bbox 652 2843 783 2873; x_wconf 88' lang='lat' dir='ltr'>universis</span> <span class='ocrx_word' id='word_1_592' title='bbox 803 2843 959 2885; x_wconf 75' lang='lat' dir='ltr'>Ducibus,</span> <span class='ocrx_word' id='word_1_593' title='bbox 984 2844 1165 2883; x_wconf 85' lang='lat' dir='ltr'>Comitibus,</span> 
     </span>
     <span class='ocr_line' id='line_1_71' title="bbox 100 2879 1165 2922; baseline -0.001 -9"><span class='ocrx_word' id='word_1_594' title='bbox 100 2882 272 2920; x_wconf 66' lang='lat' dir='ltr'>Batonibus,</span> <span class='ocrx_word' id='word_1_595' title='bbox 291 2883 324 2913; x_wconf 89' lang='lat'>&amp;</span> <span class='ocrx_word' id='word_1_596' title='bbox 338 2881 396 2911; x_wconf 85' lang='lat' dir='ltr'>aliis</span> <span class='ocrx_word' id='word_1_597' title='bbox 410 2880 584 2918; x_wconf 83' lang='lat' dir='ltr'>Nobilibus,</span> <span class='ocrx_word' id='word_1_598' title='bbox 598 2879 708 2919; x_wconf 77' lang='lat' dir='ltr'>aliisque</span> <span class='ocrx_word' id='word_1_599' title='bbox 724 2880 842 2913; x_wconf 90' lang='lat' dir='ltr'>Clericis</span> <span class='ocrx_word' id='word_1_600' title='bbox 854 2884 887 2914; x_wconf 75' lang='grc' dir='ltr'>ὃ(</span> <span class='ocrx_word' id='word_1_601' title='bbox 912 2884 1021 2922; x_wconf 84' lang='lat' dir='ltr'>Laicis,</span> <span class='ocrx_word' id='word_1_602' title='bbox 1038 2883 1072 2913; x_wconf 86' lang='lat' dir='ltr'>ad</span> <span class='ocrx_word' id='word_1_603' title='bbox 1094 2892 1165 2922; x_wconf 82' lang='lat' dir='ltr'>quos</span> 
     </span>
     <span class='ocr_line' id='line_1_72' title="bbox 101 2918 1163 2962; baseline 0.003 -11"><span class='ocrx_word' id='word_1_604' title='bbox 101 2922 296 2959; x_wconf 79' lang='lat' dir='ltr'>pertinuerint,</span> <span class='ocrx_word' id='word_1_605' title='bbox 315 2929 448 2960; x_wconf 88' lang='lat' dir='ltr'>quatenus</span> <span class='ocrx_word' id='word_1_606' title='bbox 460 2918 605 2957; x_wconf 81' lang='lat' dir='ltr'>Homagia</span> <span class='ocrx_word' id='word_1_607' title='bbox 619 2918 653 2949; x_wconf 66' lang='grc' dir='ltr'>ὃς</span> <span class='ocrx_word' id='word_1_608' title='bbox 666 2918 789 2950; x_wconf 86' lang='lat' dir='ltr'>Deveria</span> <span class='ocrx_word' id='word_1_609' title='bbox 798 2943 808 2958; x_wconf 91' lang='lat'>,</span> <span class='ocrx_word' id='word_1_610' title='bbox 824 2921 978 2962; x_wconf 86' lang='lat' dir='ltr'>Honores,</span> <span class='ocrx_word' id='word_1_611' title='bbox 996 2923 1163 2962; x_wconf 84' lang='lat' dir='ltr'>Servitia,&amp;</span> 
     </span>
     <span class='ocr_line' id='line_1_73' title="bbox 104 2957 1164 2999; baseline 0.004 -10"><span class='ocrx_word' id='word_1_612' title='bbox 104 2959 348 2997; x_wconf 86' lang='lat' dir='ltr'>Obedientias,in</span> <span class='ocrx_word' id='word_1_613' title='bbox 361 2959 463 2998; x_wconf 85' lang='lat' dir='ltr'>quibus</span> <span class='ocrx_word' id='word_1_614' title='bbox 477 2958 560 2987; x_wconf 90' lang='lat' dir='ltr'>nobis</span> <span class='ocrx_word' id='word_1_615' title='bbox 573 2957 740 2988; x_wconf 89' lang='lat' dir='ltr'>tenebantur</span> <span class='ocrx_word' id='word_1_616' title='bbox 756 2968 818 2989; x_wconf 82' lang='lat' dir='ltr'>ante</span> <span class='ocrx_word' id='word_1_617' title='bbox 833 2960 1030 2992; x_wconf 85' lang='lat' dir='ltr'>Donationem</span> <span class='ocrx_word' id='word_1_618' title='bbox 1044 2963 1164 2999; x_wconf 82' lang='lat' dir='ltr'>praesen-</span> 
     </span>
     <span class='ocr_line' id='line_1_74' title="bbox 105 2995 1165 3040; baseline 0.003 -12"><span class='ocrx_word' id='word_1_619' title='bbox 105 3006 181 3037; x_wconf 78' lang='lat' dir='ltr'>tem,</span> <span class='ocrx_word' id='word_1_620' title='bbox 198 2998 323 3029; x_wconf 88' lang='lat' dir='ltr'>Ratione</span> <span class='ocrx_word' id='word_1_621' title='bbox 336 2995 468 3028; x_wconf 76' lang='lat' dir='ltr'>Ducatfis</span> <span class='ocrx_word' id='word_1_622' title='bbox 481 2997 514 3028; x_wconf 89' lang='lat'>&amp;</span> <span class='ocrx_word' id='word_1_623' title='bbox 527 2996 645 3027; x_wconf 87' lang='lat' dir='ltr'>aliorum</span> <span class='ocrx_word' id='word_1_624' title='bbox 660 2995 846 3029; x_wconf 88' lang='lat' dir='ltr'>Donatorum</span> <span class='ocrx_word' id='word_1_625' title='bbox 857 3000 1057 3038; x_wconf 73' lang='lat' dir='ltr'>praedicstorum</span> <span class='ocrx_word' id='word_1_626' title='bbox 1066 3025 1076 3039; x_wconf 83' lang='lat'>,</span> <span class='ocrx_word' id='word_1_627' title='bbox 1092 3011 1165 3040; x_wconf 74' lang='lat' dir='ltr'>prae-</span> 
     </span>
    </p>

    <p class='ocr_par' dir='ltr' id='par_1_17' title="bbox 107 3035 1077 3083">
     <span class='ocr_line' id='line_1_75' title="bbox 107 3035 1077 3083; baseline -0.003 -16"><span class='ocrx_word' id='word_1_628' title='bbox 107 3037 181 3068; x_wconf 87' lang='lat' dir='ltr'>stent</span> <span class='ocrx_word' id='word_1_629' title='bbox 195 3037 228 3069; x_wconf 90' lang='lat'>&amp;</span> <span class='ocrx_word' id='word_1_630' title='bbox 241 3037 344 3068; x_wconf 87' lang='lat' dir='ltr'>faciant</span> <span class='ocrx_word' id='word_1_631' title='bbox 355 3035 486 3073; x_wconf 83' lang='lat' dir='ltr'>indilate,</span> <span class='ocrx_word' id='word_1_632' title='bbox 568 3074 573 3079; x_wconf 41' lang='grc'><em>.</em></span> <span class='ocrx_word' id='word_1_633' title='bbox 980 3078 985 3083; x_wconf 21' lang='grc' dir='ltr'><strong><em>ἡ</em></strong></span> <span class='ocrx_word' id='word_1_634' title='bbox 1031 3078 1035 3083; x_wconf 41' lang='grc'><em>.</em></span> <span class='ocrx_word' id='word_1_635' title='bbox 1072 3078 1077 3083; x_wconf 35' lang='grc' dir='ltr'>Ι</span> 
     </span>
    </p>

    <p class='ocr_par' dir='ltr' id='par_1_18' title="bbox 144 3073 1166 3115">
     <span class='ocr_line' id='line_1_76' title="bbox 144 3073 1166 3115; baseline 0.002 -9"><span class='ocrx_word' id='word_1_636' title='bbox 144 3076 198 3115; x_wconf 90' lang='lat' dir='ltr'>Et,</span> <span class='ocrx_word' id='word_1_637' title='bbox 215 3076 251 3106; x_wconf 88' lang='lat' dir='ltr'>de</span> <span class='ocrx_word' id='word_1_638' title='bbox 262 3084 382 3114; x_wconf 83' lang='lat' dir='ltr'>caetero,</span> <span class='ocrx_word' id='word_1_639' title='bbox 400 3074 506 3105; x_wconf 67' lang='lat' dir='ltr'>dilesto</span> <span class='ocrx_word' id='word_1_640' title='bbox 521 3073 595 3104; x_wconf 87' lang='lat' dir='ltr'>Filio</span> <span class='ocrx_word' id='word_1_641' title='bbox 608 3073 722 3112; x_wconf 79' lang='lat' dir='ltr'>nostm,</span> <span class='ocrx_word' id='word_1_642' title='bbox 747 3082 881 3113; x_wconf 83' lang='lat' dir='ltr'>tanquam</span> <span class='ocrx_word' id='word_1_643' title='bbox 906 3075 986 3107; x_wconf 88' lang='lat' dir='ltr'>Duci</span> <span class='ocrx_word' id='word_1_644' title='bbox 1009 3077 1078 3108; x_wconf 68' lang='lat' dir='ltr'>dien</span> <span class='ocrx_word' id='word_1_645' title='bbox 1100 3077 1166 3108; x_wconf 86' lang='lat' dir='ltr'>Du-</span> 
     </span>
    </p>
   </div>
   <div class='ocr_carea' id='block_1_3' title="bbox 106 3112 1167 3182">
    <p class='ocr_par' dir='ltr' id='par_1_19' title="bbox 106 3112 1167 3182">
     <span class='ocr_line' id='line_1_77' title="bbox 107 3112 1167 3157; baseline 0.004 -13"><span class='ocrx_word' id='word_1_646' title='bbox 107 3114 186 3144; x_wconf 77' lang='lat' dir='ltr'>catfis</span> <span class='ocrx_word' id='word_1_647' title='bbox 200 3114 233 3145; x_wconf 92' lang='lat'>&amp;</span> <span class='ocrx_word' id='word_1_648' title='bbox 246 3113 310 3145; x_wconf 83' lang='lat' dir='ltr'>Pari</span> <span class='ocrx_word' id='word_1_649' title='bbox 323 3114 447 3145; x_wconf 87' lang='lat' dir='ltr'>Franciae</span> <span class='ocrx_word' id='word_1_650' title='bbox 460 3114 555 3152; x_wconf 89' lang='lat' dir='ltr'>primo</span> <span class='ocrx_word' id='word_1_651' title='bbox 574 3137 584 3151; x_wconf 86' lang='lat'>,</span> <span class='ocrx_word' id='word_1_652' title='bbox 602 3112 725 3153; x_wconf 77' lang='lat' dir='ltr'>plenarie</span> <span class='ocrx_word' id='word_1_653' title='bbox 745 3114 777 3145; x_wconf 90' lang='lat'>&amp;</span> <span class='ocrx_word' id='word_1_654' title='bbox 798 3115 898 3155; x_wconf 79' lang='lat' dir='ltr'>absque</span> <span class='ocrx_word' id='word_1_655' title='bbox 919 3115 1083 3148; x_wconf 87' lang='lat' dir='ltr'>difficultate</span> <span class='ocrx_word' id='word_1_656' title='bbox 1100 3127 1167 3157; x_wconf 86' lang='lat' dir='ltr'>qua-</span> 
     </span>
     <span class='ocr_line' id='line_1_78' title="bbox 106 3160 229 3182; baseline 0 0"><span class='ocrx_word' id='word_1_657' title='bbox 106 3162 164 3182; x_wconf 88' lang='lat' dir='ltr'>cun</span> <span class='ocrx_word' id='word_1_658' title='bbox 185 3160 229 3182; x_wconf 87' lang='lat' dir='ltr'>ue.</span> 
     </span>
    </p>
   </div>
   <div class='ocr_carea' id='block_1_4' title="bbox 200 3189 1274 3232">
    <p class='ocr_par' dir='ltr' id='par_1_20' title="bbox 200 3189 1274 3232">
     <span class='ocr_line' id='line_1_79' title="bbox 200 3189 1274 3232; baseline 0.005 -12"><span class='ocrx_word' id='word_1_659' title='bbox 200 3189 317 3221; x_wconf 88' lang='lat' dir='ltr'>ndamus</span> <span class='ocrx_word' id='word_1_660' title='bbox 330 3190 439 3228; x_wconf 85' lang='lat' dir='ltr'>insuper</span> <span class='ocrx_word' id='word_1_661' title='bbox 451 3190 560 3221; x_wconf 64' lang='lat' dir='ltr'>dilectis</span> <span class='ocrx_word' id='word_1_662' title='bbox 573 3191 606 3222; x_wconf 88' lang='lat'>&amp;</span> <span class='ocrx_word' id='word_1_663' title='bbox 615 3190 742 3221; x_wconf 81' lang='lat' dir='ltr'>fidelibus</span> <span class='ocrx_word' id='word_1_664' title='bbox 756 3190 927 3223; x_wconf 81' lang='lat' dir='ltr'>Consiliariis</span> <span class='ocrx_word' id='word_1_665' title='bbox 941 3193 1041 3224; x_wconf 87' lang='lat' dir='ltr'>nostris</span> <span class='ocrx_word' id='word_1_666' title='bbox 1055 3217 1064 3232; x_wconf 89' lang='lat'>,</span> <span class='ocrx_word' id='word_1_667' title='bbox 1087 3193 1167 3225; x_wconf 79' lang='lat' dir='ltr'>Prae-</span> <span class='ocrx_word' id='word_1_668' title='bbox 1205 3220 1218 3222; x_wconf 26' lang='lat' dir='ltr'>a</span> <span class='ocrx_word' id='word_1_669' title='bbox 1251 3219 1274 3220; x_wconf 39' lang='lat' dir='ltr'><em>V</em></span> 
     </span>
    </p>
   </div>
   <div class='ocr_carea' id='block_1_5' title="bbox 104 3227 1172 3920">
    <p class='ocr_par' dir='ltr' id='par_1_21' title="bbox 104 3227 1167 3347">
     <span class='ocr_line' id='line_1_80' title="bbox 106 3227 1167 3272; baseline 0.004 -12"><span class='ocrx_word' id='word_1_670' title='bbox 106 3228 274 3267; x_wconf 84' lang='lat' dir='ltr'>sidentibus,</span> <span class='ocrx_word' id='word_1_671' title='bbox 289 3229 322 3260; x_wconf 92' lang='lat'>&amp;</span> <span class='ocrx_word' id='word_1_672' title='bbox 336 3229 390 3258; x_wconf 86' lang='lat' dir='ltr'>aliis</span> <span class='ocrx_word' id='word_1_673' title='bbox 404 3227 546 3259; x_wconf 91' lang='lat' dir='ltr'>Gentibus</span> <span class='ocrx_word' id='word_1_674' title='bbox 557 3228 657 3259; x_wconf 86' lang='lat' dir='ltr'>nostris</span> <span class='ocrx_word' id='word_1_675' title='bbox 678 3228 855 3261; x_wconf 84' lang='lat' dir='ltr'>Parliamenti</span> <span class='ocrx_word' id='word_1_676' title='bbox 874 3231 963 3262; x_wconf 90' lang='lat' dir='ltr'>nostri</span> <span class='ocrx_word' id='word_1_677' title='bbox 985 3231 1097 3263; x_wconf 84' lang='lat' dir='ltr'>Parium</span> <span class='ocrx_word' id='word_1_678' title='bbox 1107 3256 1116 3272; x_wconf 87' lang='lat'>,</span> <span class='ocrx_word' id='word_1_679' title='bbox 1134 3244 1167 3264; x_wconf 90' lang='lat' dir='ltr'>u-</span> 
     </span>
     <span class='ocr_line' id='line_1_81' title="bbox 104 3266 1167 3309; baseline 0.004 -11"><span class='ocrx_word' id='word_1_680' title='bbox 104 3267 218 3299; x_wconf 84' lang='lat' dir='ltr'>niverfis</span> <span class='ocrx_word' id='word_1_681' title='bbox 230 3267 340 3305; x_wconf 80' lang='lat' dir='ltr'>insuper</span> <span class='ocrx_word' id='word_1_682' title='bbox 356 3266 518 3305; x_wconf 74' lang='lat' dir='ltr'>justiciariis</span> <span class='ocrx_word' id='word_1_683' title='bbox 529 3268 562 3298; x_wconf 72' lang='grc' dir='ltr'>ὅ(</span> <span class='ocrx_word' id='word_1_684' title='bbox 575 3266 728 3297; x_wconf 87' lang='lat' dir='ltr'>Officiariis</span> <span class='ocrx_word' id='word_1_685' title='bbox 745 3268 845 3299; x_wconf 88' lang='lat' dir='ltr'>nostris</span> <span class='ocrx_word' id='word_1_686' title='bbox 858 3270 953 3309; x_wconf 82' lang='lat' dir='ltr'>Regni</span> <span class='ocrx_word' id='word_1_687' title='bbox 987 3272 1167 3309; x_wconf 67' lang='lat' dir='ltr'>praesentibus</span> 
     </span>
     <span class='ocr_line' id='line_1_82' title="bbox 105 3295 1166 3347; baseline 0.005 -11"><span class='ocrx_word' id='word_1_688' title='bbox 105 3307 141 3336; x_wconf 87' lang='lat'>&amp;</span> <span class='ocrx_word' id='word_1_689' title='bbox 164 3306 279 3344; x_wconf 82' lang='lat' dir='ltr'>futuris,</span> <span class='ocrx_word' id='word_1_690' title='bbox 306 3314 441 3344; x_wconf 86' lang='lat' dir='ltr'>quatenus</span> <span class='ocrx_word' id='word_1_691' title='bbox 465 3305 576 3336; x_wconf 67' lang='lat' dir='ltr'>dictum</span> <span class='ocrx_word' id='word_1_692' title='bbox 596 3305 700 3335; x_wconf 88' lang='lat' dir='ltr'>Filium</span> <span class='ocrx_word' id='word_1_693' title='bbox 723 3306 870 3347; x_wconf 89' lang='lat' dir='ltr'>nostrum,</span> <span class='ocrx_word' id='word_1_694' title='bbox 896 3312 929 3340; x_wconf 84' lang='lat'>&amp;</span> <span class='ocrx_word' id='word_1_695' title='bbox 950 3295 1084 3341; x_wconf 77' lang='lat' dir='ltr'>1⁷-laeredes</span> <span class='ocrx_word' id='word_1_696' title='bbox 1103 3311 1166 3341; x_wconf 92' lang='lat' dir='ltr'>suos</span> 
     </span>
    </p>

    <p class='ocr_par' dir='ltr' id='par_1_22' title="bbox 106 3343 1168 3614">
     <span class='ocr_line' id='line_1_83' title="bbox 129 3343 1165 3384; baseline 0.006 -10"><span class='ocrx_word' id='word_1_697' title='bbox 129 3343 257 3374; x_wconf 70' lang='lat' dir='ltr'>raedietos</span> <span class='ocrx_word' id='word_1_698' title='bbox 293 3343 391 3383; x_wconf 80' lang='lat' dir='ltr'>Duces</span> <span class='ocrx_word' id='word_1_699' title='bbox 405 3343 572 3382; x_wconf 80' lang='lat' dir='ltr'>Burgundiae</span> <span class='ocrx_word' id='word_1_700' title='bbox 585 3344 618 3374; x_wconf 91' lang='lat'>&amp;</span> <span class='ocrx_word' id='word_1_701' title='bbox 633 3343 714 3374; x_wconf 88' lang='lat' dir='ltr'>Pares</span> <span class='ocrx_word' id='word_1_702' title='bbox 727 3344 750 3374; x_wconf 94' lang='lat' dir='ltr'>F</span> <span class='ocrx_word' id='word_1_703' title='bbox 752 3347 869 3384; x_wconf 84' lang='lat' dir='ltr'>ranciae,</span> <span class='ocrx_word' id='word_1_704' title='bbox 888 3348 917 3378; x_wconf 88' lang='lat' dir='ltr'>in</span> <span class='ocrx_word' id='word_1_705' title='bbox 931 3350 1065 3379; x_wconf 88' lang='lat' dir='ltr'>omnibus</span> <span class='ocrx_word' id='word_1_706' title='bbox 1086 3349 1165 3380; x_wconf 85' lang='lat' dir='ltr'>Casi-</span> 
     </span>
     <span class='ocr_line' id='line_1_84' title="bbox 106 3353 1168 3425; baseline 0.007 -13"><span class='ocrx_word' id='word_1_707' title='bbox 106 3353 160 3413; x_wconf 58' lang='lat' dir='ltr'>ssus</span> <span class='ocrx_word' id='word_1_708' title='bbox 173 3390 255 3420; x_wconf 87' lang='lat' dir='ltr'>atque</span> <span class='ocrx_word' id='word_1_709' title='bbox 266 3366 373 3420; x_wconf 67' lang='lat' dir='ltr'>Locis,</span> <span class='ocrx_word' id='word_1_710' title='bbox 386 3383 417 3412; x_wconf 91' lang='lat' dir='ltr'>in</span> <span class='ocrx_word' id='word_1_711' title='bbox 428 3382 545 3421; x_wconf 91' lang='lat' dir='ltr'>Judicio</span> <span class='ocrx_word' id='word_1_712' title='bbox 567 3382 601 3412; x_wconf 75' lang='grc' dir='ltr'>δε</span> <span class='ocrx_word' id='word_1_713' title='bbox 619 3390 711 3420; x_wconf 85' lang='lat' dir='ltr'>extra,</span> <span class='ocrx_word' id='word_1_714' title='bbox 734 3391 765 3412; x_wconf 90' lang='lat' dir='ltr'>ut</span> <span class='ocrx_word' id='word_1_715' title='bbox 787 3383 884 3415; x_wconf 90' lang='lat' dir='ltr'>Duces</span> <span class='ocrx_word' id='word_1_716' title='bbox 904 3387 937 3416; x_wconf 91' lang='lat'>&amp;</span> <span class='ocrx_word' id='word_1_717' title='bbox 956 3389 1064 3425; x_wconf 90' lang='lat' dir='ltr'>primos</span> <span class='ocrx_word' id='word_1_718' title='bbox 1085 3387 1168 3419; x_wconf 90' lang='lat' dir='ltr'>Pares</span> 
     </span>
     <span class='ocr_line' id='line_1_85' title="bbox 109 3420 1164 3462; baseline 0.006 -11"><span class='ocrx_word' id='word_1_719' title='bbox 109 3420 238 3451; x_wconf 84' lang='lat' dir='ltr'>Franciae</span> <span class='ocrx_word' id='word_1_720' title='bbox 251 3421 384 3460; x_wconf 84' lang='lat' dir='ltr'>recipiant</span> <span class='ocrx_word' id='word_1_721' title='bbox 395 3421 428 3451; x_wconf 65' lang='grc' dir='ltr'>ὃς</span> <span class='ocrx_word' id='word_1_722' title='bbox 440 3421 602 3458; x_wconf 81' lang='lat' dir='ltr'>admittant,</span> <span class='ocrx_word' id='word_1_723' title='bbox 621 3420 746 3460; x_wconf 89' lang='lat' dir='ltr'>ipsosque</span> <span class='ocrx_word' id='word_1_724' title='bbox 768 3421 870 3453; x_wconf 84' lang='lat' dir='ltr'>faciant</span> <span class='ocrx_word' id='word_1_725' title='bbox 891 3425 925 3454; x_wconf 69' lang='grc' dir='ltr'>ὃς</span> <span class='ocrx_word' id='word_1_726' title='bbox 944 3427 1105 3462; x_wconf 84' lang='lat' dir='ltr'>permittant</span> <span class='ocrx_word' id='word_1_727' title='bbox 1123 3428 1164 3457; x_wconf 91' lang='lat' dir='ltr'>uti</span> 
     </span>
     <span class='ocr_line' id='line_1_86' title="bbox 111 3458 1165 3503; baseline 0.005 -13"><span class='ocrx_word' id='word_1_728' title='bbox 111 3460 146 3490; x_wconf 90' lang='lat'>&amp;</span> <span class='ocrx_word' id='word_1_729' title='bbox 158 3458 276 3498; x_wconf 85' lang='lat' dir='ltr'>gaudere</span> <span class='ocrx_word' id='word_1_730' title='bbox 289 3458 407 3498; x_wconf 79' lang='lat' dir='ltr'>pacifice</span> <span class='ocrx_word' id='word_1_731' title='bbox 421 3458 634 3499; x_wconf 78' lang='lat' dir='ltr'>Praerogativis,</span> <span class='ocrx_word' id='word_1_732' title='bbox 654 3459 834 3498; x_wconf 83' lang='lat' dir='ltr'>Franchisiis,</span> <span class='ocrx_word' id='word_1_733' title='bbox 853 3461 1165 3503; x_wconf 89' lang='lat' dir='ltr'>Libertatibus,H0no-</span> 
     </span>
     <span class='ocr_line' id='line_1_87' title="bbox 113 3496 1164 3536; baseline 0.006 -8"><span class='ocrx_word' id='word_1_734' title='bbox 113 3498 205 3535; x_wconf 85' lang='lat' dir='ltr'>ribus,</span> <span class='ocrx_word' id='word_1_735' title='bbox 223 3497 256 3527; x_wconf 77' lang='grc' dir='ltr'>δε</span> <span class='ocrx_word' id='word_1_736' title='bbox 268 3496 381 3536; x_wconf 87' lang='lat' dir='ltr'>Juribus</span> <span class='ocrx_word' id='word_1_737' title='bbox 396 3496 540 3536; x_wconf 67' lang='lat' dir='ltr'>Ducatus,</span> <span class='ocrx_word' id='word_1_738' title='bbox 554 3499 588 3529; x_wconf 88' lang='lat'>&amp;</span> <span class='ocrx_word' id='word_1_739' title='bbox 601 3497 734 3535; x_wconf 53' lang='lat' dir='ltr'>Paratus,</span> <span class='ocrx_word' id='word_1_740' title='bbox 751 3499 784 3529; x_wconf 91' lang='lat'>&amp;</span> <span class='ocrx_word' id='word_1_741' title='bbox 806 3500 930 3530; x_wconf 87' lang='lat' dir='ltr'>nostram</span> <span class='ocrx_word' id='word_1_742' title='bbox 945 3501 1164 3534; x_wconf 88' lang='lat' dir='ltr'>Ordinationem</span> 
     </span>
     <span class='ocr_line' id='line_1_88' title="bbox 111 3535 1168 3578; baseline 0.007 -12"><span class='ocrx_word' id='word_1_743' title='bbox 111 3535 276 3574; x_wconf 69' lang='lat' dir='ltr'>praesentem</span> <span class='ocrx_word' id='word_1_744' title='bbox 291 3535 379 3565; x_wconf 85' lang='lat' dir='ltr'>teneri</span> <span class='ocrx_word' id='word_1_745' title='bbox 393 3538 531 3572; x_wconf 81' lang='lat' dir='ltr'>perpetuo</span> <span class='ocrx_word' id='word_1_746' title='bbox 545 3536 579 3566; x_wconf 91' lang='lat'>&amp;</span> <span class='ocrx_word' id='word_1_747' title='bbox 592 3536 789 3567; x_wconf 89' lang='lat' dir='ltr'>inviolabiliter</span> <span class='ocrx_word' id='word_1_748' title='bbox 803 3538 959 3578; x_wconf 84' lang='lat' dir='ltr'>observari,</span> <span class='ocrx_word' id='word_1_749' title='bbox 977 3541 1015 3570; x_wconf 91' lang='lat' dir='ltr'>nil</span> <span class='ocrx_word' id='word_1_750' title='bbox 1036 3541 1168 3573; x_wconf 85' lang='lat' dir='ltr'>facientes</span> 
     </span>
     <span class='ocr_line' id='line_1_89' title="bbox 110 3573 825 3614; baseline 0.001 -9"><span class='ocrx_word' id='word_1_751' title='bbox 110 3575 156 3606; x_wconf 88' lang='lat' dir='ltr'>vel</span> <span class='ocrx_word' id='word_1_752' title='bbox 172 3583 256 3604; x_wconf 86' lang='lat' dir='ltr'>attem</span> <span class='ocrx_word' id='word_1_753' title='bbox 278 3581 364 3603; x_wconf 89' lang='lat' dir='ltr'>tantes</span> <span class='ocrx_word' id='word_1_754' title='bbox 374 3573 404 3602; x_wconf 95' lang='lat' dir='ltr'>in</span> <span class='ocrx_word' id='word_1_755' title='bbox 416 3575 587 3604; x_wconf 85' lang='lat' dir='ltr'>contrarium</span> <span class='ocrx_word' id='word_1_756' title='bbox 600 3575 825 3614; x_wconf 74' lang='lat' dir='ltr'>quoquomodo,</span> 
     </span>
    </p>

    <p class='ocr_par' dir='ltr' id='par_1_23' title="bbox 107 3583 1172 3732">
     <span class='ocr_line' id='line_1_90' title="bbox 147 3583 1172 3654; baseline 0.007 -11"><span class='ocrx_word' id='word_1_757' title='bbox 147 3612 224 3643; x_wconf 93' lang='lat' dir='ltr'>Non</span> <span class='ocrx_word' id='word_1_758' title='bbox 237 3583 411 3642; x_wconf 58' lang='lat' dir='ltr'>oiistantibus</span> <span class='ocrx_word' id='word_1_759' title='bbox 424 3610 696 3649; x_wconf 81' lang='lat' dir='ltr'>Consuetudinibus,</span> <span class='ocrx_word' id='word_1_760' title='bbox 714 3613 842 3653; x_wconf 90' lang='lat' dir='ltr'>Statutis,</span> <span class='ocrx_word' id='word_1_761' title='bbox 860 3615 968 3647; x_wconf 83' lang='lat' dir='ltr'>Usibus</span> <span class='ocrx_word' id='word_1_762' title='bbox 979 3639 988 3654; x_wconf 88' lang='lat'>‚</span> <span class='ocrx_word' id='word_1_763' title='bbox 1004 3618 1038 3649; x_wconf 66' lang='grc' dir='ltr'>ὃς</span> <span class='ocrx_word' id='word_1_764' title='bbox 1053 3617 1172 3650; x_wconf 86' lang='lat' dir='ltr'>Privile—</span> 
     </span>
     <span class='ocr_line' id='line_1_91' title="bbox 107 3649 1169 3692; baseline 0.006 -10"><span class='ocrx_word' id='word_1_765' title='bbox 107 3652 159 3692; x_wconf 81' lang='lat' dir='ltr'>giis</span> <span class='ocrx_word' id='word_1_766' title='bbox 177 3651 321 3682; x_wconf 88' lang='lat' dir='ltr'>contrariis</span> <span class='ocrx_word' id='word_1_767' title='bbox 331 3650 569 3688; x_wconf 85' lang='lat' dir='ltr'>quibuscumque,</span> <span class='ocrx_word' id='word_1_768' title='bbox 589 3649 736 3689; x_wconf 87' lang='lat' dir='ltr'>Donisque</span> <span class='ocrx_word' id='word_1_769' title='bbox 749 3652 782 3682; x_wconf 88' lang='lat'>&amp;</span> <span class='ocrx_word' id='word_1_770' title='bbox 804 3653 909 3684; x_wconf 84' lang='lat' dir='ltr'>Gratiis</span> <span class='ocrx_word' id='word_1_771' title='bbox 927 3654 1006 3686; x_wconf 63' lang='lat' dir='ltr'>dicto</span> <span class='ocrx_word' id='word_1_772' title='bbox 1025 3656 1096 3686; x_wconf 90' lang='lat' dir='ltr'>Filio</span> <span class='ocrx_word' id='word_1_773' title='bbox 1114 3668 1169 3688; x_wconf 85' lang='lat' dir='ltr'>no-</span> 
     </span>
     <span class='ocr_line' id='line_1_92' title="bbox 112 3688 1090 3732; baseline 0.004 -11"><span class='ocrx_word' id='word_1_774' title='bbox 112 3691 171 3721; x_wconf 87' lang='lat' dir='ltr'>stro</span> <span class='ocrx_word' id='word_1_775' title='bbox 184 3689 264 3720; x_wconf 60' lang='lat' dir='ltr'>saetis</span> <span class='ocrx_word' id='word_1_776' title='bbox 279 3689 360 3727; x_wconf 71' lang='lat' dir='ltr'>alias,</span> <span class='ocrx_word' id='word_1_777' title='bbox 377 3689 410 3719; x_wconf 67' lang='grc' dir='ltr'>ὃς</span> <span class='ocrx_word' id='word_1_778' title='bbox 423 3698 486 3727; x_wconf 68' lang='lat' dir='ltr'>quae</span> <span class='ocrx_word' id='word_1_779' title='bbox 501 3690 531 3718; x_wconf 93' lang='lat' dir='ltr'>in</span> <span class='ocrx_word' id='word_1_780' title='bbox 545 3688 722 3726; x_wconf 76' lang='lat' dir='ltr'>praesentibus</span> <span class='ocrx_word' id='word_1_781' title='bbox 737 3700 795 3720; x_wconf 93' lang='lat' dir='ltr'>non</span> <span class='ocrx_word' id='word_1_782' title='bbox 809 3692 913 3723; x_wconf 87' lang='lat' dir='ltr'>fuerint</span> <span class='ocrx_word' id='word_1_783' title='bbox 927 3694 1090 3732; x_wconf 74' lang='lat' dir='ltr'>expressam:</span> 
     </span>
    </p>

    <p class='ocr_par' dir='ltr' id='par_1_24' title="bbox 112 3727 1167 3810">
     <span class='ocr_line' id='line_1_93' title="bbox 151 3727 1167 3771; baseline 0.007 -13"><span class='ocrx_word' id='word_1_784' title='bbox 151 3727 261 3768; x_wconf 82' lang='lat' dir='ltr'>Qod,</span> <span class='ocrx_word' id='word_1_785' title='bbox 279 3735 310 3758; x_wconf 93' lang='lat' dir='ltr'>ut</span> <span class='ocrx_word' id='word_1_786' title='bbox 327 3727 454 3757; x_wconf 85' lang='lat' dir='ltr'>Firmum</span> <span class='ocrx_word' id='word_1_787' title='bbox 467 3727 500 3757; x_wconf 68' lang='grc' dir='ltr'>ὃς</span> <span class='ocrx_word' id='word_1_788' title='bbox 515 3727 619 3757; x_wconf 90' lang='lat' dir='ltr'>Stabile</span> <span class='ocrx_word' id='word_1_789' title='bbox 630 3737 788 3764; x_wconf 77' lang='lat' dir='ltr'>permaneat</span> <span class='ocrx_word' id='word_1_790' title='bbox 810 3731 841 3759; x_wconf 90' lang='lat' dir='ltr'>in</span> <span class='ocrx_word' id='word_1_791' title='bbox 861 3730 990 3762; x_wconf 88' lang='lat' dir='ltr'>futurum</span> <span class='ocrx_word' id='word_1_792' title='bbox 1005 3755 1014 3771; x_wconf 95' lang='lat'>,</span> <span class='ocrx_word' id='word_1_793' title='bbox 1039 3733 1167 3765; x_wconf 91' lang='lat' dir='ltr'>nostrum</span> 
     </span>
     <span class='ocr_line' id='line_1_94' title="bbox 112 3765 823 3810; baseline 0 -14"><span class='ocrx_word' id='word_1_794' title='bbox 112 3768 291 3804; x_wconf 79' lang='lat' dir='ltr'>praeientibus</span> <span class='ocrx_word' id='word_1_795' title='bbox 306 3766 419 3796; x_wconf 82' lang='lat' dir='ltr'>Litteris</span> <span class='ocrx_word' id='word_1_796' title='bbox 431 3766 551 3796; x_wconf 88' lang='lat' dir='ltr'>fecimus</span> <span class='ocrx_word' id='word_1_797' title='bbox 562 3767 665 3802; x_wconf 90' lang='lat' dir='ltr'>apponi</span> <span class='ocrx_word' id='word_1_798' title='bbox 679 3765 823 3810; x_wconf 70' lang='lat' dir='ltr'>Sigillum:</span> 
     </span>
    </p>

    <p class='ocr_par' dir='ltr' id='par_1_25' title="bbox 151 3803 883 3842">
     <span class='ocr_line' id='line_1_95' title="bbox 151 3803 883 3842; baseline 0.001 -7"><span class='ocrx_word' id='word_1_799' title='bbox 151 3804 236 3835; x_wconf 82' lang='lat' dir='ltr'>Salvo</span> <span class='ocrx_word' id='word_1_800' title='bbox 249 3806 279 3835; x_wconf 93' lang='lat' dir='ltr'>in</span> <span class='ocrx_word' id='word_1_801' title='bbox 293 3804 427 3842; x_wconf 84' lang='lat' dir='ltr'>aliisJure</span> <span class='ocrx_word' id='word_1_802' title='bbox 440 3804 538 3834; x_wconf 90' lang='lat' dir='ltr'>nostro</span> <span class='ocrx_word' id='word_1_803' title='bbox 550 3803 583 3834; x_wconf 92' lang='lat'>&amp;</span> <span class='ocrx_word' id='word_1_804' title='bbox 596 3805 626 3833; x_wconf 89' lang='lat' dir='ltr'>in</span> <span class='ocrx_word' id='word_1_805' title='bbox 639 3805 772 3834; x_wconf 89' lang='lat' dir='ltr'>omnibus</span> <span class='ocrx_word' id='word_1_806' title='bbox 783 3805 883 3836; x_wconf 87' lang='lat' dir='ltr'>aheno.</span> 
     </span>
    </p>

    <p class='ocr_par' dir='ltr' id='par_1_26' title="bbox 112 3842 1172 3920">
     <span class='ocr_line' id='line_1_96' title="bbox 154 3842 1172 3888; baseline 0.01 -16"><span class='ocrx_word' id='word_1_807' title='bbox 154 3842 263 3873; x_wconf 88' lang='lat' dir='ltr'>Datum</span> <span class='ocrx_word' id='word_1_808' title='bbox 271 3842 467 3882; x_wconf 80' lang='lat' dir='ltr'>Germigniaci</span> <span class='ocrx_word' id='word_1_809' title='bbox 483 3842 560 3880; x_wconf 87' lang='lat' dir='ltr'>supra</span> <span class='ocrx_word' id='word_1_810' title='bbox 572 3842 734 3873; x_wconf 88' lang='lat' dir='ltr'>Maturnam</span> <span class='ocrx_word' id='word_1_811' title='bbox 750 3843 797 3873; x_wconf 90' lang='lat' dir='ltr'>die</span> <span class='ocrx_word' id='word_1_812' title='bbox 805 3844 881 3886; x_wconf 65' lang='lat' dir='ltr'>seina</span> <span class='ocrx_word' id='word_1_813' title='bbox 896 3845 1078 3888; x_wconf 78' lang='lat' dir='ltr'>Septembris,</span> <span class='ocrx_word' id='word_1_814' title='bbox 1085 3848 1172 3882; x_wconf 89' lang='lat' dir='ltr'>Anno</span> 
     </span>
     <span class='ocr_line' id='line_1_97' title="bbox 112 3880 990 3920; baseline 0.006 -10"><span class='ocrx_word' id='word_1_815' title='bbox 112 3880 238 3911; x_wconf 89' lang='lat' dir='ltr'>Domini</span> <span class='ocrx_word' id='word_1_816' title='bbox 253 3880 426 3920; x_wconf 79' lang='lat' dir='ltr'>Millefimo,</span> <span class='ocrx_word' id='word_1_817' title='bbox 443 3880 674 3919; x_wconf 76' lang='lat' dir='ltr'>Trecentesimo,</span> <span class='ocrx_word' id='word_1_818' title='bbox 690 3880 867 3920; x_wconf 79' lang='lat' dir='ltr'>Sexagenmo</span> <span class='ocrx_word' id='word_1_819' title='bbox 880 3883 990 3915; x_wconf 84' lang='lat' dir='ltr'>Tertio.</span> 
     </span>
    </p>
   </div>
   <div class='ocr_carea' id='block_1_6' title="bbox 688 3959 1063 4031">
    <p class='ocr_par' dir='ltr' id='par_1_27' title="bbox 688 3959 1063 4031">
     <span class='ocr_line' id='line_1_98' title="bbox 688 3959 865 3997; baseline 0.017 -11"><span class='ocrx_word' id='word_1_820' title='bbox 688 3959 740 3987; x_wconf 85' lang='lat' dir='ltr'>Per</span> <span class='ocrx_word' id='word_1_821' title='bbox 760 3960 865 3997; x_wconf 68' lang='lat' dir='ltr'>Regem</span> 
     </span>
     <span class='ocr_line' id='line_1_99' title="bbox 1004 4004 1063 4031; baseline 0 -1"><span class='ocrx_word' id='word_1_822' title='bbox 1004 4004 1063 4031; x_wconf 84' lang='lat' dir='ltr'>Yno.</span> 
     </span>
    </p>
   </div>
   <div class='ocr_carea' id='block_1_7' title="bbox 193 4069 453 4103">
    <p class='ocr_par' dir='ltr' id='par_1_28' title="bbox 193 4069 453 4103">
     <span class='ocr_line' id='line_1_100' title="bbox 193 4069 453 4103; baseline 0.008 -2"><span class='ocrx_word' id='word_1_823' title='bbox 193 4072 264 4101; x_wconf 74' lang='lat' dir='ltr'>Tam.</span> <span class='ocrx_word' id='word_1_824' title='bbox 283 4072 343 4101; x_wconf 87' lang='lat'><strong><em>111.</em></strong></span> <span class='ocrx_word' id='word_1_825' title='bbox 361 4069 394 4102; x_wconf 86' lang='lat' dir='ltr'>P.</span> <span class='ocrx_word' id='word_1_826' title='bbox 412 4074 453 4103; x_wconf 81' lang='grc' dir='ltr'>ΙΙ.</span> 
     </span>
    </p>
   </div>
   <div class='ocr_carea' id='block_1_8' title="bbox 1168 126 2236 188">
    <p class='ocr_par' dir='ltr' id='par_1_29' title="bbox 1168 126 2236 188">
     <span class='ocr_line' id='line_1_101' title="bbox 1168 126 2236 188; baseline 0.011 -13"><span class='ocrx_word' id='word_1_827' title='bbox 1168 126 1643 180; x_wconf 77' lang='lat' dir='ltr'>PUBLICA.</span> <span class='ocrx_word' id='word_1_828' title='bbox 2188 150 2236 188; x_wconf 86' lang='lat'>81</span> 
     </span>
    </p>
   </div>
   <div class='ocr_carea' id='block_1_9' title="bbox 1233 261 2202 277">
    <p class='ocr_par' dir='ltr' id='par_1_30' title="bbox 1233 261 2202 277">
     <span class='ocr_line' id='line_1_102' title="bbox 1233 261 2202 277; baseline 0 3974"><span class='ocrx_word' id='word_1_829' title='bbox 1233 261 2202 277; x_wconf 95' lang='lat' dir='ltr'> </span> 
     </span>
    </p>
   </div>
   <div class='ocr_carea' id='block_1_10' title="bbox 1171 223 2381 685">
    <p class='ocr_par' dir='ltr' id='par_1_31' title="bbox 1171 223 2381 685">
     <span class='ocr_line' id='line_1_103' title="bbox 2242 223 2378 262; baseline 0.007 -1"><span class='ocrx_word' id='word_1_830' title='bbox 2242 230 2321 262; x_wconf 72' lang='lat' dir='ltr'>Am..</span> <span class='ocrx_word' id='word_1_831' title='bbox 2332 223 2364 262; x_wconf 71' lang='lat'>15</span> <span class='ocrx_word' id='word_1_832' title='bbox 2371 256 2378 262; x_wconf 93' lang='lat'><strong>.</strong></span> 
     </span>
     <span class='ocr_line' id='line_1_104' title="bbox 2264 270 2350 309; baseline 0.035 -11"><span class='ocrx_word' id='word_1_833' title='bbox 2264 270 2350 309; x_wconf 81' lang='lat'><em>1363.</em></span> 
     </span>
     <span class='ocr_line' id='line_1_105' title="bbox 1200 302 2357 377; baseline 0.012 -33"><span class='ocrx_word' id='word_1_834' title='bbox 1200 302 1306 345; x_wconf 54' lang='lat' dir='ltr'>v*Pro</span> <span class='ocrx_word' id='word_1_835' title='bbox 1325 315 1437 346; x_wconf 77' lang='lat' dir='ltr'>comite</span> <span class='ocrx_word' id='word_1_836' title='bbox 1456 313 1491 346; x_wconf 85' lang='lat' dir='ltr'>de</span> <span class='ocrx_word' id='word_1_837' title='bbox 1509 315 1700 359; x_wconf 70' lang='lat' dir='ltr'>Smierland,</span> <span class='ocrx_word' id='word_1_838' title='bbox 1733 317 1770 350; x_wconf 82' lang='lat' dir='ltr'>de</span> <span class='ocrx_word' id='word_1_839' title='bbox 1793 321 1929 353; x_wconf 82' lang='lat' dir='ltr'>Licentia</span> <span class='ocrx_word' id='word_1_840' title='bbox 1945 320 2146 368; x_wconf 68' lang='lat' dir='ltr'>prorogandas</span> <span class='ocrx_word' id='word_1_841' title='bbox 2237 309 2357 377; x_wconf 39' lang='lat'>&amp;⁷013</span> 
     </span>
     <span class='ocr_line' id='line_1_106' title="bbox 1241 391 2358 466; baseline 0.024 -42"><span class='ocrx_word' id='word_1_842' title='bbox 1241 395 1308 465; x_wconf 51' lang='lat' dir='ltr'>E}</span> <span class='ocrx_word' id='word_1_843' title='bbox 1324 396 1567 466; x_wconf 53' lang='lat' dir='ltr'>Vicecorngtibus,</span> <span class='ocrx_word' id='word_1_844' title='bbox 1586 402 1646 432; x_wconf 65' lang='grc' dir='ltr'>ὅτε.</span> <span class='ocrx_word' id='word_1_845' title='bbox 1666 401 1790 434; x_wconf 75' lang='lat' dir='ltr'>Salutem</span> <span class='ocrx_word' id='word_1_846' title='bbox 2239 391 2358 460; x_wconf 41' lang='lat' dir='ltr'>2²3..ss-</span> 
     </span>
     <span class='ocr_line' id='line_1_107' title="bbox 1171 444 2381 541; baseline 0.017 -40"><span class='ocrx_word' id='word_1_847' title='bbox 1171 472 1293 541; x_wconf 51' lang='lat' dir='ltr'>langum</span> <span class='ocrx_word' id='word_1_848' title='bbox 1307 444 1564 511; x_wconf 41' lang='lat' dir='ltr'>{gigiesrqssgeffimus</span> <span class='ocrx_word' id='word_1_849' title='bbox 1582 476 1742 510; x_wconf 88' lang='lat' dir='ltr'>Licentiam</span> <span class='ocrx_word' id='word_1_850' title='bbox 1755 479 1917 512; x_wconf 90' lang='lat' dir='ltr'>Willielmo</span> <span class='ocrx_word' id='word_1_851' title='bbox 1936 481 2048 515; x_wconf 89' lang='lat' dir='ltr'>Comiti</span> <span class='ocrx_word' id='word_1_852' title='bbox 2070 485 2105 516; x_wconf 90' lang='lat' dir='ltr'>de</span> <span class='ocrx_word' id='word_1_853' title='bbox 2127 478 2231 518; x_wconf 80' lang='lat' dir='ltr'>Suder-</span> <span class='ocrx_word' id='word_1_854' title='bbox 2242 465 2318 529; x_wconf 55' lang='grc' dir='ltr'>ξ’ωξ</span> <span class='ocrx_word' id='word_1_855' title='bbox 2335 508 2381 537; x_wconf 63' lang='lat'>37,</span> 
     </span>
     <span class='ocr_line' id='line_1_108' title="bbox 1194 533 2340 614; baseline 0.017 -36"><span class='ocrx_word' id='word_1_856' title='bbox 1194 533 1275 593; x_wconf 30' lang='lat' dir='ltr'>‘Qui</span> <span class='ocrx_word' id='word_1_857' title='bbox 1290 550 1320 580; x_wconf 91' lang='lat' dir='ltr'>in</span> <span class='ocrx_word' id='word_1_858' title='bbox 1337 550 1495 595; x_wconf 82' lang='lat' dir='ltr'>Obsidem,</span> <span class='ocrx_word' id='word_1_859' title='bbox 1515 555 1571 597; x_wconf 69' lang='lat' dir='ltr'>una</span> <span class='ocrx_word' id='word_1_860' title='bbox 1585 564 1654 584; x_wconf 89' lang='lat' dir='ltr'>cum</span> <span class='ocrx_word' id='word_1_861' title='bbox 1669 556 1725 599; x_wconf 77' lang='lat' dir='ltr'>aliis</span> <span class='ocrx_word' id='word_1_862' title='bbox 1736 557 1893 602; x_wconf 83' lang='lat' dir='ltr'>Nobilibus</span> <span class='ocrx_word' id='word_1_863' title='bbox 1907 558 1943 589; x_wconf 93' lang='lat' dir='ltr'>de</span> <span class='ocrx_word' id='word_1_864' title='bbox 1966 560 2062 592; x_wconf 88' lang='lat' dir='ltr'>Scotia</span> <span class='ocrx_word' id='word_1_865' title='bbox 2073 586 2084 600; x_wconf 83' lang='lat'>‚</span> <span class='ocrx_word' id='word_1_866' title='bbox 2104 572 2156 601; x_wconf 89' lang='lat' dir='ltr'>pro</span> <span class='ocrx_word' id='word_1_867' title='bbox 2177 563 2239 594; x_wconf 88' lang='lat' dir='ltr'>Da·</span> <span class='ocrx_word' id='word_1_868' title='bbox 2254 545 2289 608; x_wconf 61' lang='lat' dir='ltr'>,En</span> <span class='ocrx_word' id='word_1_869' title='bbox 2306 549 2340 614; x_wconf 56' lang='grc' dir='ltr'><em>ξ</em></span> 
     </span>
     <span class='ocr_line' id='line_1_109' title="bbox 1172 588 2056 639; baseline 0.015 -21"><span class='ocrx_word' id='word_1_870' title='bbox 1172 588 1220 618; x_wconf 88' lang='lat' dir='ltr'>vid</span> <span class='ocrx_word' id='word_1_871' title='bbox 1236 588 1272 618; x_wconf 91' lang='lat' dir='ltr'>de</span> <span class='ocrx_word' id='word_1_872' title='bbox 1288 588 1390 628; x_wconf 84' lang='lat' dir='ltr'>Bruys,</span> <span class='ocrx_word' id='word_1_873' title='bbox 1407 589 1563 620; x_wconf 84' lang='lat' dir='ltr'>Prisonario</span> <span class='ocrx_word' id='word_1_874' title='bbox 1578 592 1692 631; x_wconf 86' lang='lat' dir='ltr'>nostro,</span> <span class='ocrx_word' id='word_1_875' title='bbox 1710 604 1739 624; x_wconf 88' lang='lat' dir='ltr'>in</span> <span class='ocrx_word' id='word_1_876' title='bbox 1754 596 1852 634; x_wconf 83' lang='lat' dir='ltr'>Angha</span> <span class='ocrx_word' id='word_1_877' title='bbox 1878 599 2056 639; x_wconf 87' lang='lat' dir='ltr'>morabatur,</span> 
     </span>
     <span class='ocr_line' id='line_1_110' title="bbox 1214 625 2236 685; baseline 0.018 -31"><span class='ocrx_word' id='word_1_878' title='bbox 1214 625 1430 666; x_wconf 86' lang='lat' dir='ltr'>Proficiscendi,</span> <span class='ocrx_word' id='word_1_879' title='bbox 1449 639 1518 659; x_wconf 89' lang='lat' dir='ltr'>cum</span> <span class='ocrx_word' id='word_1_880' title='bbox 1533 629 1697 661; x_wconf 87' lang='lat' dir='ltr'>Duodecim</span> <span class='ocrx_word' id='word_1_881' title='bbox 1712 632 1862 670; x_wconf 81' lang='lat' dir='ltr'>Equitibus</span> <span class='ocrx_word' id='word_1_882' title='bbox 1874 658 1882 672; x_wconf 86' lang='lat'>,</span> <span class='ocrx_word' id='word_1_883' title='bbox 1892 636 1925 666; x_wconf 90' lang='lat' dir='ltr'>ad</span> <span class='ocrx_word' id='word_1_884' title='bbox 1935 646 2022 674; x_wconf 82' lang='lat' dir='ltr'>partes</span> <span class='ocrx_word' id='word_1_885' title='bbox 2041 641 2165 678; x_wconf 85' lang='lat' dir='ltr'>Scotiae,</span> <span class='ocrx_word' id='word_1_886' title='bbox 2181 649 2236 685; x_wconf 75' lang='lat' dir='ltr'>pro</span> 
     </span>
    </p>
   </div>
   <div class='ocr_carea' id='block_1_11' title="bbox 1174 664 2252 1407">
    <p class='ocr_par' dir='ltr' id='par_1_32' title="bbox 1174 664 2238 825">
     <span class='ocr_line' id='line_1_111' title="bbox 1175 664 2235 714; baseline 0.017 -22"><span class='ocrx_word' id='word_1_887' title='bbox 1175 664 1258 693; x_wconf 87' lang='lat' dir='ltr'>certis</span> <span class='ocrx_word' id='word_1_888' title='bbox 1272 664 1410 702; x_wconf 90' lang='lat' dir='ltr'>Negotiis</span> <span class='ocrx_word' id='word_1_889' title='bbox 1423 667 1475 696; x_wconf 91' lang='lat' dir='ltr'>suis</span> <span class='ocrx_word' id='word_1_890' title='bbox 1489 667 1597 698; x_wconf 90' lang='lat' dir='ltr'>ibidem</span> <span class='ocrx_word' id='word_1_891' title='bbox 1611 670 1789 708; x_wconf 79' lang='lat' dir='ltr'>expediendis</span> <span class='ocrx_word' id='word_1_892' title='bbox 1798 695 1807 709; x_wconf 90' lang='lat'>,</span> <span class='ocrx_word' id='word_1_893' title='bbox 1825 674 1861 702; x_wconf 87' lang='lat' dir='ltr'>ita</span> <span class='ocrx_word' id='word_1_894' title='bbox 1875 676 1951 712; x_wconf 88' lang='lat' dir='ltr'>quod</span> <span class='ocrx_word' id='word_1_895' title='bbox 1963 676 2042 706; x_wconf 89' lang='lat' dir='ltr'>idem</span> <span class='ocrx_word' id='word_1_896' title='bbox 2057 677 2178 714; x_wconf 84' lang='lat' dir='ltr'>Comes,</span> <span class='ocrx_word' id='word_1_897' title='bbox 2192 689 2235 709; x_wconf 77' lang='lat' dir='ltr'>ci-</span> 
     </span>
     <span class='ocr_line' id='line_1_112' title="bbox 1174 701 2236 750; baseline 0.017 -20"><span class='ocrx_word' id='word_1_898' title='bbox 1174 709 1217 731; x_wconf 90' lang='lat' dir='ltr'>tra</span> <span class='ocrx_word' id='word_1_899' title='bbox 1230 701 1345 732; x_wconf 90' lang='lat' dir='ltr'>Festum</span> <span class='ocrx_word' id='word_1_900' title='bbox 1359 705 1455 735; x_wconf 68' lang='lat' dir='ltr'>Saneti</span> <span class='ocrx_word' id='word_1_901' title='bbox 1469 705 1634 745; x_wconf 86' lang='lat' dir='ltr'>Michaelis,</span> <span class='ocrx_word' id='word_1_902' title='bbox 1653 710 1786 747; x_wconf 81' lang='lat' dir='ltr'>proximo</span> <span class='ocrx_word' id='word_1_903' title='bbox 1802 711 1944 750; x_wconf 84' lang='lat' dir='ltr'>futurum,</span> <span class='ocrx_word' id='word_1_904' title='bbox 1964 715 2007 744; x_wconf 87' lang='lat' dir='ltr'>vel</span> <span class='ocrx_word' id='word_1_905' title='bbox 2021 717 2049 746; x_wconf 92' lang='lat' dir='ltr'>in</span> <span class='ocrx_word' id='word_1_906' title='bbox 2065 716 2167 747; x_wconf 88' lang='lat' dir='ltr'>eodem</span> <span class='ocrx_word' id='word_1_907' title='bbox 2182 717 2236 747; x_wconf 88' lang='lat' dir='ltr'>Fe-</span> 
     </span>
     <span class='ocr_line' id='line_1_113' title="bbox 1176 739 2238 794; baseline 0.017 -25"><span class='ocrx_word' id='word_1_908' title='bbox 1176 739 1239 782; x_wconf 56' lang='lat' dir='ltr'>sto,</span> <span class='ocrx_word' id='word_1_909' title='bbox 1254 740 1289 770; x_wconf 88' lang='lat' dir='ltr'>ad</span> <span class='ocrx_word' id='word_1_910' title='bbox 1303 740 1460 773; x_wconf 90' lang='lat' dir='ltr'>Civitatem</span> <span class='ocrx_word' id='word_1_911' title='bbox 1473 743 1598 776; x_wconf 88' lang='lat' dir='ltr'>nostram</span> <span class='ocrx_word' id='word_1_912' title='bbox 1614 746 1774 777; x_wconf 79' lang='lat' dir='ltr'>Londoniae</span> <span class='ocrx_word' id='word_1_913' title='bbox 1786 749 1903 788; x_wconf 89' lang='lat' dir='ltr'>rediret,</span> <span class='ocrx_word' id='word_1_914' title='bbox 1923 752 2028 783; x_wconf 89' lang='lat' dir='ltr'>ibidem</span> <span class='ocrx_word' id='word_1_915' title='bbox 2042 756 2070 784; x_wconf 91' lang='lat' dir='ltr'>in</span> <span class='ocrx_word' id='word_1_916' title='bbox 2088 754 2238 794; x_wconf 77' lang='lat' dir='ltr'>obsidem,</span> 
     </span>
     <span class='ocr_line' id='line_1_114' title="bbox 1178 780 1848 825; baseline 0.016 -19"><span class='ocrx_word' id='word_1_917' title='bbox 1178 787 1208 808; x_wconf 83' lang='lat' dir='ltr'>in</span> <span class='ocrx_word' id='word_1_918' title='bbox 1223 780 1316 809; x_wconf 72' lang='lat' dir='ltr'>forma</span> <span class='ocrx_word' id='word_1_919' title='bbox 1350 789 1382 810; x_wconf 77' lang='lat' dir='ltr'>ua</span> <span class='ocrx_word' id='word_1_920' title='bbox 1397 782 1472 817; x_wconf 86' lang='lat' dir='ltr'>prius</span> <span class='ocrx_word' id='word_1_921' title='bbox 1484 783 1662 821; x_wconf 82' lang='lat' dir='ltr'>morabatur,</span> <span class='ocrx_word' id='word_1_922' title='bbox 1684 793 1848 825; x_wconf 86' lang='lat' dir='ltr'>moraturus,</span> 
     </span>
    </p>

    <p class='ocr_par' dir='ltr' id='par_1_33' title="bbox 1176 815 2241 934">
     <span class='ocr_line' id='line_1_115' title="bbox 1215 815 2239 869; baseline 0.019 -24"><span class='ocrx_word' id='word_1_923' title='bbox 1215 815 1300 854; x_wconf 93' lang='lat' dir='ltr'>Nos,</span> <span class='ocrx_word' id='word_1_924' title='bbox 1317 826 1333 846; x_wconf 89' lang='lat' dir='ltr'>a</span> <span class='ocrx_word' id='word_1_925' title='bbox 1366 818 1609 856; x_wconf 85' lang='lat' dir='ltr'>Supplicationem</span> <span class='ocrx_word' id='word_1_926' title='bbox 1623 821 1744 859; x_wconf 85' lang='lat' dir='ltr'>ejusdem</span> <span class='ocrx_word' id='word_1_927' title='bbox 1758 823 1899 863; x_wconf 76' lang='lat' dir='ltr'>Comitis,</span> <span class='ocrx_word' id='word_1_928' title='bbox 1921 837 1954 857; x_wconf 86' lang='lat' dir='ltr'>ex</span> <span class='ocrx_word' id='word_1_929' title='bbox 1976 831 2057 860; x_wconf 81' lang='lat' dir='ltr'>certis</span> <span class='ocrx_word' id='word_1_930' title='bbox 2074 831 2169 869; x_wconf 78' lang='lat' dir='ltr'>causiS,</span> <span class='ocrx_word' id='word_1_931' title='bbox 2185 832 2239 863; x_wconf 83' lang='lat' dir='ltr'>hu-</span> 
     </span>
     <span class='ocr_line' id='line_1_116' title="bbox 1177 853 2241 909; baseline 0.019 -27"><span class='ocrx_word' id='word_1_932' title='bbox 1177 853 1297 897; x_wconf 83' lang='lat' dir='ltr'>jusmodi</span> <span class='ocrx_word' id='word_1_933' title='bbox 1310 855 1453 886; x_wconf 84' lang='lat' dir='ltr'>licentiam</span> <span class='ocrx_word' id='word_1_934' title='bbox 1468 858 1553 895; x_wconf 89' lang='lat' dir='ltr'>usque</span> <span class='ocrx_word' id='word_1_935' title='bbox 1564 858 1599 888; x_wconf 88' lang='lat' dir='ltr'>ad</span> <span class='ocrx_word' id='word_1_936' title='bbox 1614 859 1727 890; x_wconf 89' lang='lat' dir='ltr'>Festum</span> <span class='ocrx_word' id='word_1_937' title='bbox 1742 861 1939 903; x_wconf 80' lang='lat' dir='ltr'>Pemecostes,</span> <span class='ocrx_word' id='word_1_938' title='bbox 1957 871 2090 905; x_wconf 79' lang='lat' dir='ltr'>proximo</span> <span class='ocrx_word' id='word_1_939' title='bbox 2103 870 2241 909; x_wconf 89' lang='lat' dir='ltr'>futurum,</span> 
     </span>
     <span class='ocr_line' id='line_1_117' title="bbox 1176 891 1548 934; baseline 0.008 -11"><span class='ocrx_word' id='word_1_940' title='bbox 1176 891 1310 923; x_wconf 85' lang='lat' dir='ltr'>duximus</span> <span class='ocrx_word' id='word_1_941' title='bbox 1324 895 1529 933; x_wconf 87' lang='lat' dir='ltr'>prorogandam</span> <span class='ocrx_word' id='word_1_942' title='bbox 1538 920 1548 934; x_wconf 90' lang='lat'>,</span> 
     </span>
    </p>

    <p class='ocr_par' dir='ltr' id='par_1_34' title="bbox 1181 931 2245 1172">
     <span class='ocr_line' id='line_1_118' title="bbox 1217 931 2237 984; baseline 0.017 -24"><span class='ocrx_word' id='word_1_943' title='bbox 1217 931 1259 961; x_wconf 88' lang='lat' dir='ltr'>lta</span> <span class='ocrx_word' id='word_1_944' title='bbox 1271 932 1352 970; x_wconf 79' lang='lat' dir='ltr'>quod</span> <span class='ocrx_word' id='word_1_945' title='bbox 1368 931 1446 977; x_wconf 82' lang='lat' dir='ltr'>idern</span> <span class='ocrx_word' id='word_1_946' title='bbox 1460 932 1569 965; x_wconf 86' lang='lat' dir='ltr'>Comes</span> <span class='ocrx_word' id='word_1_947' title='bbox 1581 945 1695 975; x_wconf 89' lang='lat' dir='ltr'>coram,</span> <span class='ocrx_word' id='word_1_948' title='bbox 1712 938 1817 971; x_wconf 69' lang='lat' dir='ltr'>dilee‘io</span> <span class='ocrx_word' id='word_1_949' title='bbox 1831 941 1864 972; x_wconf 72' lang='grc' dir='ltr'>ὃς</span> <span class='ocrx_word' id='word_1_950' title='bbox 1885 940 1959 972; x_wconf 90' lang='lat' dir='ltr'>fideli</span> <span class='ocrx_word' id='word_1_951' title='bbox 1981 944 2080 975; x_wconf 85' lang='lat' dir='ltr'>nostro</span> <span class='ocrx_word' id='word_1_952' title='bbox 2095 968 2105 984; x_wconf 87' lang='lat'>,</span> <span class='ocrx_word' id='word_1_953' title='bbox 2128 945 2237 976; x_wconf 81' lang='lat' dir='ltr'>Radul-</span> 
     </span>
     <span class='ocr_line' id='line_1_119' title="bbox 1182 969 2245 1019; baseline 0.014 -20"><span class='ocrx_word' id='word_1_954' title='bbox 1182 969 1243 1008; x_wconf 92' lang='lat' dir='ltr'>pho</span> <span class='ocrx_word' id='word_1_955' title='bbox 1257 970 1293 1001; x_wconf 90' lang='lat' dir='ltr'>de</span> <span class='ocrx_word' id='word_1_956' title='bbox 1307 970 1408 1003; x_wconf 82' lang='lat' dir='ltr'>Nevill</span> <span class='ocrx_word' id='word_1_957' title='bbox 1423 972 1538 1010; x_wconf 86' lang='lat' dir='ltr'>praestet</span> <span class='ocrx_word' id='word_1_958' title='bbox 1554 974 1769 1007; x_wconf 86' lang='lat' dir='ltr'>Sacramentum</span> <span class='ocrx_word' id='word_1_959' title='bbox 1786 980 1947 1019; x_wconf 86' lang='lat' dir='ltr'>corporale,</span> <span class='ocrx_word' id='word_1_960' title='bbox 1964 985 2043 1014; x_wconf 77' lang='lat' dir='ltr'>tactis</span> <span class='ocrx_word' id='word_1_961' title='bbox 2059 984 2245 1015; x_wconf 64' lang='lat' dir='ltr'>Sacrosanetis</span> 
     </span>
     <span class='ocr_line' id='line_1_120' title="bbox 1181 1008 2238 1056; baseline 0.015 -19"><span class='ocrx_word' id='word_1_962' title='bbox 1181 1008 1358 1048; x_wconf 85' lang='lat' dir='ltr'>Evangeliis‚</span> <span class='ocrx_word' id='word_1_963' title='bbox 1373 1011 1402 1040; x_wconf 92' lang='lat' dir='ltr'>in</span> <span class='ocrx_word' id='word_1_964' title='bbox 1416 1011 1560 1051; x_wconf 79' lang='lat' dir='ltr'>praesentia</span> <span class='ocrx_word' id='word_1_965' title='bbox 1575 1012 1691 1044; x_wconf 83' lang='lat' dir='ltr'>Not-arii</span> <span class='ocrx_word' id='word_1_966' title='bbox 1714 1015 1846 1056; x_wconf 85' lang='lat' dir='ltr'>Publici,</span> <span class='ocrx_word' id='word_1_967' title='bbox 1864 1019 1898 1049; x_wconf 87' lang='lat'>&amp;</span> <span class='ocrx_word' id='word_1_968' title='bbox 1918 1020 2039 1056; x_wconf 69' lang='lat' dir='ltr'>praestit-3.</span> <span class='ocrx_word' id='word_1_969' title='bbox 2059 1021 2126 1052; x_wconf 81' lang='lat' dir='ltr'>Fide</span> <span class='ocrx_word' id='word_1_970' title='bbox 2144 1022 2191 1052; x_wconf 69' lang='lat' dir='ltr'>sua</span> <span class='ocrx_word' id='word_1_971' title='bbox 2208 1024 2238 1052; x_wconf 90' lang='lat' dir='ltr'>in</span> 
     </span>
     <span class='ocr_line' id='line_1_121' title="bbox 1183 1048 2241 1099; baseline 0.013 -22"><span class='ocrx_word' id='word_1_972' title='bbox 1183 1057 1269 1077; x_wconf 90' lang='lat' dir='ltr'>manu</span> <span class='ocrx_word' id='word_1_973' title='bbox 1285 1048 1591 1092; x_wconf 22' lang='lat' dir='ltr'>praediCtinRadulphi,</span> <span class='ocrx_word' id='word_1_974' title='bbox 1608 1053 1687 1090; x_wconf 77' lang='lat' dir='ltr'>quod</span> <span class='ocrx_word' id='word_1_975' title='bbox 1703 1054 1775 1092; x_wconf 86' lang='lat' dir='ltr'>ipse,</span> <span class='ocrx_word' id='word_1_976' title='bbox 1792 1057 1822 1085; x_wconf 89' lang='lat' dir='ltr'>in</span> <span class='ocrx_word' id='word_1_977' title='bbox 1837 1056 1918 1087; x_wconf 66' lang='lat' dir='ltr'>dieto</span> <span class='ocrx_word' id='word_1_978' title='bbox 1941 1058 2022 1089; x_wconf 85' lang='lat' dir='ltr'>Festo</span> <span class='ocrx_word' id='word_1_979' title='bbox 2044 1059 2241 1099; x_wconf 71' lang='lat' dir='ltr'>pentecostes,</span> 
     </span>
     <span class='ocr_line' id='line_1_122' title="bbox 1183 1085 2243 1137; baseline 0.013 -20"><span class='ocrx_word' id='word_1_980' title='bbox 1183 1085 1228 1117; x_wconf 90' lang='lat' dir='ltr'>vel</span> <span class='ocrx_word' id='word_1_981' title='bbox 1245 1088 1315 1116; x_wconf 83' lang='lat' dir='ltr'>citra</span> <span class='ocrx_word' id='word_1_982' title='bbox 1349 1087 1383 1117; x_wconf 90' lang='lat' dir='ltr'>ad</span> <span class='ocrx_word' id='word_1_983' title='bbox 1397 1088 1503 1119; x_wconf 68' lang='lat' dir='ltr'>dietam</span> <span class='ocrx_word' id='word_1_984' title='bbox 1524 1089 1678 1121; x_wconf 89' lang='lat' dir='ltr'>Civitatem</span> <span class='ocrx_word' id='word_1_985' title='bbox 1695 1093 1819 1124; x_wconf 78' lang='lat' dir='ltr'>nostram</span> <span class='ocrx_word' id='word_1_986' title='bbox 1841 1095 2002 1128; x_wconf 80' lang='lat' dir='ltr'>Londoniae</span> <span class='ocrx_word' id='word_1_987' title='bbox 2022 1100 2172 1137; x_wconf 83' lang='lat' dir='ltr'>remeabit,</span> <span class='ocrx_word' id='word_1_988' title='bbox 2190 1100 2243 1130; x_wconf 86' lang='lat' dir='ltr'>ibi-</span> 
     </span>
     <span class='ocr_line' id='line_1_123' title="bbox 1185 1109 1934 1172; baseline 0.015 -18"><span class='ocrx_word' id='word_1_989' title='bbox 1185 1125 1252 1155; x_wconf 90' lang='lat' dir='ltr'>dem</span> <span class='ocrx_word' id='word_1_990' title='bbox 1265 1126 1294 1154; x_wconf 91' lang='lat' dir='ltr'>in</span> <span class='ocrx_word' id='word_1_991' title='bbox 1307 1109 1446 1156; x_wconf 55' lang='lat' dir='ltr'>&amp;hiidem</span> <span class='ocrx_word' id='word_1_992' title='bbox 1460 1137 1617 1159; x_wconf 87' lang='lat' dir='ltr'>moraturus</span> <span class='ocrx_word' id='word_1_993' title='bbox 1632 1130 1661 1159; x_wconf 90' lang='lat' dir='ltr'>in</span> <span class='ocrx_word' id='word_1_994' title='bbox 1679 1131 1768 1161; x_wconf 88' lang='lat' dir='ltr'>forma</span> <span class='ocrx_word' id='word_1_995' title='bbox 1783 1133 1934 1172; x_wconf 65' lang='lat' dir='ltr'>praedicta3</span> 
     </span>
    </p>

    <p class='ocr_par' dir='ltr' id='par_1_35' title="bbox 1188 1163 2248 1289">
     <span class='ocr_line' id='line_1_124' title="bbox 1223 1163 2246 1212; baseline 0.013 -18"><span class='ocrx_word' id='word_1_996' title='bbox 1223 1163 1261 1194; x_wconf 89' lang='lat' dir='ltr'>Et</span> <span class='ocrx_word' id='word_1_997' title='bbox 1276 1163 1342 1195; x_wconf 76' lang='lat' dir='ltr'>ideo</span> <span class='ocrx_word' id='word_1_998' title='bbox 1356 1165 1437 1195; x_wconf 88' lang='lat' dir='ltr'>vobis</span> <span class='ocrx_word' id='word_1_999' title='bbox 1452 1167 1615 1198; x_wconf 83' lang='lat' dir='ltr'>mandamus</span> <span class='ocrx_word' id='word_1_1000' title='bbox 1628 1168 1706 1206; x_wconf 85' lang='lat' dir='ltr'>quod</span> <span class='ocrx_word' id='word_1_1001' title='bbox 1721 1170 1810 1208; x_wconf 91' lang='lat' dir='ltr'>ipsum</span> <span class='ocrx_word' id='word_1_1002' title='bbox 1823 1171 1993 1212; x_wconf 86' lang='lat' dir='ltr'>Comitem,</span> <span class='ocrx_word' id='word_1_1003' title='bbox 2019 1176 2126 1206; x_wconf 74' lang='lat' dir='ltr'>ratione</span> <span class='ocrx_word' id='word_1_1004' title='bbox 2149 1177 2246 1207; x_wconf 86' lang='lat' dir='ltr'>absen-</span> 
     </span>
     <span class='ocr_line' id='line_1_125' title="bbox 1188 1202 2247 1248; baseline 0.014 -17"><span class='ocrx_word' id='word_1_1005' title='bbox 1188 1202 1236 1232; x_wconf 65' lang='lat' dir='ltr'>tiae</span> <span class='ocrx_word' id='word_1_1006' title='bbox 1247 1202 1317 1240; x_wconf 79' lang='lat' dir='ltr'>suae,</span> <span class='ocrx_word' id='word_1_1007' title='bbox 1333 1211 1408 1233; x_wconf 82' lang='lat' dir='ltr'>extra</span> <span class='ocrx_word' id='word_1_1008' title='bbox 1424 1203 1562 1242; x_wconf 84' lang='lat' dir='ltr'>Regnum</span> <span class='ocrx_word' id='word_1_1009' title='bbox 1578 1205 1721 1246; x_wconf 88' lang='lat' dir='ltr'>nostrum,</span> <span class='ocrx_word' id='word_1_1010' title='bbox 1744 1210 1830 1248; x_wconf 86' lang='lat' dir='ltr'>usque</span> <span class='ocrx_word' id='word_1_1011' title='bbox 1851 1211 1885 1241; x_wconf 90' lang='lat' dir='ltr'>ad</span> <span class='ocrx_word' id='word_1_1012' title='bbox 1907 1211 2017 1243; x_wconf 65' lang='lat' dir='ltr'>dietum</span> <span class='ocrx_word' id='word_1_1013' title='bbox 2038 1213 2151 1244; x_wconf 89' lang='lat' dir='ltr'>Festum</span> <span class='ocrx_word' id='word_1_1014' title='bbox 2174 1215 2247 1246; x_wconf 85' lang='lat' dir='ltr'>Pen-</span> 
     </span>
     <span class='ocr_line' id='line_1_126' title="bbox 1190 1239 2248 1289; baseline 0.014 -20"><span class='ocrx_word' id='word_1_1015' title='bbox 1190 1239 1328 1278; x_wconf 86' lang='lat' dir='ltr'>tecostes,</span> <span class='ocrx_word' id='word_1_1016' title='bbox 1348 1252 1407 1271; x_wconf 93' lang='lat' dir='ltr'>non</span> <span class='ocrx_word' id='word_1_1017' title='bbox 1421 1245 1604 1275; x_wconf 82' lang='lat' dir='ltr'>occafionetis</span> <span class='ocrx_word' id='word_1_1018' title='bbox 1619 1246 1648 1275; x_wconf 92' lang='lat' dir='ltr'>in</span> <span class='ocrx_word' id='word_1_1019' title='bbox 1663 1246 1757 1286; x_wconf 90' lang='lat' dir='ltr'>aliquo</span> <span class='ocrx_word' id='word_1_1020' title='bbox 1771 1250 1816 1279; x_wconf 89' lang='lat' dir='ltr'>seu</span> <span class='ocrx_word' id='word_1_1021' title='bbox 1830 1251 1947 1289; x_wconf 83' lang='lat' dir='ltr'>gravetis</span> <span class='ocrx_word' id='word_1_1022' title='bbox 1961 1274 1970 1289; x_wconf 88' lang='lat'>,</span> <span class='ocrx_word' id='word_1_1023' title='bbox 1995 1262 2049 1282; x_wconf 89' lang='lat' dir='ltr'>nec</span> <span class='ocrx_word' id='word_1_1024' title='bbox 2070 1254 2161 1284; x_wconf 84' lang='lat' dir='ltr'>eidem</span> <span class='ocrx_word' id='word_1_1025' title='bbox 2185 1253 2248 1284; x_wconf 93' lang='lat' dir='ltr'>Co-</span> 
     </span>
    </p>

    <p class='ocr_par' dir='ltr' id='par_1_36' title="bbox 1193 1278 1761 1315">
     <span class='ocr_line' id='line_1_127' title="bbox 1193 1278 1761 1315; baseline 0.011 -7"><span class='ocrx_word' id='word_1_1026' title='bbox 1193 1280 1270 1315; x_wconf 81' lang='lat' dir='ltr'>miti,</span> <span class='ocrx_word' id='word_1_1027' title='bbox 1285 1278 1346 1313; x_wconf 55' lang='grc' dir='ltr'>(ἶφι.</span> <span class='ocrx_word' id='word_1_1028' title='bbox 1365 1288 1397 1309; x_wconf 76' lang='lat' dir='ltr'>ut</span> <span class='ocrx_word' id='word_1_1029' title='bbox 1410 1284 1439 1310; x_wconf 87' lang='lat' dir='ltr'>in</span> <span class='ocrx_word' id='word_1_1030' title='bbox 1453 1284 1558 1312; x_wconf 78' lang='lat' dir='ltr'>Literis</span> <span class='ocrx_word' id='word_1_1031' title='bbox 1571 1284 1603 1312; x_wconf 83' lang='lat' dir='ltr'>de</span> <span class='ocrx_word' id='word_1_1032' title='bbox 1616 1285 1761 1315; x_wconf 55' lang='lat' dir='ltr'>conductu.</span> 
     </span>
    </p>

    <p class='ocr_par' dir='ltr' id='par_1_37' title="bbox 1222 1317 2252 1362">
     <span class='ocr_line' id='line_1_128' title="bbox 1222 1317 2252 1362; baseline 0.016 -16"><span class='ocrx_word' id='word_1_1033' title='bbox 1222 1317 1255 1346; x_wconf 91' lang='lat' dir='ltr'>In</span> <span class='ocrx_word' id='word_1_1034' title='bbox 1271 1318 1348 1355; x_wconf 84' lang='lat' dir='ltr'>cujus</span> <span class='ocrx_word' id='word_1_1035' title='bbox 1360 1320 1421 1349; x_wconf 70' lang='lat' dir='ltr'>&amp;c</span> <span class='ocrx_word' id='word_1_1036' title='bbox 1439 1321 1524 1360; x_wconf 89' lang='lat' dir='ltr'>usque</span> <span class='ocrx_word' id='word_1_1037' title='bbox 1537 1322 1569 1352; x_wconf 92' lang='lat' dir='ltr'>ad</span> <span class='ocrx_word' id='word_1_1038' title='bbox 1585 1322 1751 1358; x_wconf 65' lang='lat' dir='ltr'>praedictum</span> <span class='ocrx_word' id='word_1_1039' title='bbox 1768 1325 1882 1356; x_wconf 87' lang='lat' dir='ltr'>Festum</span> <span class='ocrx_word' id='word_1_1040' title='bbox 1906 1327 2085 1359; x_wconf 78' lang='lat' dir='ltr'>pentecostes</span> <span class='ocrx_word' id='word_1_1041' title='bbox 2105 1331 2252 1362; x_wconf 81' lang='lat' dir='ltr'>duraturas.</span> 
     </span>
    </p>

    <p class='ocr_par' dir='ltr' id='par_1_38' title="bbox 1227 1354 2239 1407">
     <span class='ocr_line' id='line_1_129' title="bbox 1227 1354 2239 1407; baseline 0.016 -22"><span class='ocrx_word' id='word_1_1042' title='bbox 1227 1354 1316 1387; x_wconf 88' lang='lat' dir='ltr'>Teste</span> <span class='ocrx_word' id='word_1_1043' title='bbox 1330 1356 1414 1397; x_wconf 84' lang='lat' dir='ltr'>Rege</span> <span class='ocrx_word' id='word_1_1044' title='bbox 1427 1361 1499 1399; x_wconf 86' lang='lat' dir='ltr'>apud</span> <span class='ocrx_word' id='word_1_1045' title='bbox 1516 1360 1820 1403; x_wconf 82' lang='lat' dir='ltr'>westmonasterium,</span> <span class='ocrx_word' id='word_1_1046' title='bbox 1839 1366 1973 1397; x_wconf 85' lang='lat' dir='ltr'>vicesimo</span> <span class='ocrx_word' id='word_1_1047' title='bbox 1993 1368 2038 1398; x_wconf 91' lang='lat' dir='ltr'>die</span> <span class='ocrx_word' id='word_1_1048' title='bbox 2058 1369 2239 1407; x_wconf 74' lang='lat' dir='ltr'>Septembris·</span> 
     </span>
    </p>
   </div>
   <div class='ocr_carea' id='block_1_12' title="bbox 1812 1443 2076 1483">
    <p class='ocr_par' dir='ltr' id='par_1_39' title="bbox 1812 1443 2076 1483">
     <span class='ocr_line' id='line_1_130' title="bbox 1812 1443 2076 1483; baseline 0.015 -12"><span class='ocrx_word' id='word_1_1049' title='bbox 1812 1444 1865 1472; x_wconf 76' lang='lat' dir='ltr'>Per</span> <span class='ocrx_word' id='word_1_1050' title='bbox 1879 1443 1960 1483; x_wconf 74' lang='lat' dir='ltr'>ipfhm</span> <span class='ocrx_word' id='word_1_1051' title='bbox 1972 1447 2076 1482; x_wconf 74' lang='lat' dir='ltr'>Regem.</span> 
     </span>
    </p>
   </div>
   <div class='ocr_carea' id='block_1_13' title="bbox 1623 1513 2157 1532">
    <p class='ocr_par' dir='ltr' id='par_1_40' title="bbox 1623 1513 2157 1532">
     <span class='ocr_line' id='line_1_131' title="bbox 1623 1513 2157 1532; baseline 0 0"><span class='ocrx_word' id='word_1_1052' title='bbox 1623 1513 2157 1532; x_wconf 95' lang='lat' dir='ltr'> </span> 
     </span>
    </p>
   </div>
   <div class='ocr_carea' id='block_1_14' title="bbox 1238 1563 2208 1617">
    <p class='ocr_par' dir='ltr' id='par_1_41' title="bbox 1238 1563 2208 1617">
     <span class='ocr_line' id='line_1_132' title="bbox 1238 1563 2208 1617; baseline 0.013 -25"><span class='ocrx_word' id='word_1_1053' title='bbox 1238 1563 1332 1608; x_wconf 75' lang='lat' dir='ltr'>Super</span> <span class='ocrx_word' id='word_1_1054' title='bbox 1351 1565 1562 1609; x_wconf 84' lang='lat' dir='ltr'>Prorogatione</span> <span class='ocrx_word' id='word_1_1055' title='bbox 1580 1564 1721 1610; x_wconf 61' lang='lat' dir='ltr'>praediffa</span> <span class='ocrx_word' id='word_1_1056' title='bbox 1740 1590 1750 1606; x_wconf 91' lang='lat'>‚</span> <span class='ocrx_word' id='word_1_1057' title='bbox 1773 1565 1810 1599; x_wconf 86' lang='lat' dir='ltr'>de</span> <span class='ocrx_word' id='word_1_1058' title='bbox 1834 1570 2029 1602; x_wconf 70' lang='lat' dir='ltr'>Sacramenta</span> <span class='ocrx_word' id='word_1_1059' title='bbox 2058 1572 2208 1617; x_wconf 76' lang='lat' dir='ltr'>capiendo.</span> 
     </span>
    </p>
   </div>
   <div class='ocr_carea' id='block_1_15' title="bbox 1195 1645 2406 2152">
    <p class='ocr_par' dir='ltr' id='par_1_42' title="bbox 1195 1645 2406 2152">
     <span class='ocr_line' id='line_1_133' title="bbox 1195 1645 2406 1702; baseline 0.011 -26"><span class='ocrx_word' id='word_1_1060' title='bbox 1195 1646 1284 1702; x_wconf 74' lang='lat' dir='ltr'>RE</span> <span class='ocrx_word' id='word_1_1061' title='bbox 1295 1645 1343 1685; x_wconf 82' lang='lat' dir='ltr'>x,</span> <span class='ocrx_word' id='word_1_1062' title='bbox 1360 1647 1468 1679; x_wconf 72' lang='lat' dir='ltr'>dne-sto</span> <span class='ocrx_word' id='word_1_1063' title='bbox 1482 1649 1516 1680; x_wconf 86' lang='lat'>&amp;</span> <span class='ocrx_word' id='word_1_1064' title='bbox 1532 1649 1605 1680; x_wconf 68' lang='lat' dir='ltr'>fideii</span> <span class='ocrx_word' id='word_1_1065' title='bbox 1617 1650 1684 1689; x_wconf 77' lang='lat' dir='ltr'>suo,</span> <span class='ocrx_word' id='word_1_1066' title='bbox 1702 1650 1856 1690; x_wconf 84' lang='lat' dir='ltr'>Radulpho</span> <span class='ocrx_word' id='word_1_1067' title='bbox 1871 1653 1906 1683; x_wconf 77' lang='lat' dir='ltr'>de</span> <span class='ocrx_word' id='word_1_1068' title='bbox 1922 1653 2041 1693; x_wconf 68' lang='lat' dir='ltr'>Nevin,</span> <span class='ocrx_word' id='word_1_1069' title='bbox 2067 1655 2201 1687; x_wconf 66' lang='lat' dir='ltr'>sautem.</span> <span class='ocrx_word' id='word_1_1070' title='bbox 2275 1647 2350 1678; x_wconf 78' lang='lat' dir='ltr'>Ann—</span> <span class='ocrx_word' id='word_1_1071' title='bbox 2365 1647 2406 1680; x_wconf 92' lang='lat' dir='ltr'>D·</span> 
     </span>
     <span class='ocr_line' id='line_1_134' title="bbox 1304 1685 2384 1735; baseline 0.011 -19"><span class='ocrx_word' id='word_1_1072' title='bbox 1304 1685 1384 1716; x_wconf 82' lang='lat' dir='ltr'>Cum</span> <span class='ocrx_word' id='word_1_1073' title='bbox 1399 1696 1497 1727; x_wconf 85' lang='lat' dir='ltr'>nuper,</span> <span class='ocrx_word' id='word_1_1074' title='bbox 1512 1687 1573 1723; x_wconf 50' lang='lat' dir='ltr'>&amp;ss</span> <span class='ocrx_word' id='word_1_1075' title='bbox 1582 1696 1613 1718; x_wconf 87' lang='lat' dir='ltr'>ut</span> <span class='ocrx_word' id='word_1_1076' title='bbox 1622 1688 1708 1728; x_wconf 72' lang='lat' dir='ltr'>ficpra</span> <span class='ocrx_word' id='word_1_1077' title='bbox 1723 1689 1803 1731; x_wconf 76' lang='lat' dir='ltr'>usque</span> <span class='ocrx_word' id='word_1_1078' title='bbox 1817 1691 1865 1729; x_wconf 82' lang='lat' dir='ltr'>ibi,</span> <span class='ocrx_word' id='word_1_1079' title='bbox 1879 1692 2009 1724; x_wconf 86' lang='lat' dir='ltr'>duximus</span> <span class='ocrx_word' id='word_1_1080' title='bbox 2030 1696 2257 1735; x_wconf 85' lang='lat' dir='ltr'>prorogandam,</span> <span class='ocrx_word' id='word_1_1081' title='bbox 2298 1691 2384 1726; x_wconf 76' lang='lat'>¹303·</span> 
     </span>
     <span class='ocr_line' id='line_1_135' title="bbox 1197 1722 2389 1773; baseline 0.012 -20"><span class='ocrx_word' id='word_1_1082' title='bbox 1197 1722 1235 1752; x_wconf 88' lang='lat' dir='ltr'>ita</span> <span class='ocrx_word' id='word_1_1083' title='bbox 1249 1724 1329 1762; x_wconf 81' lang='lat' dir='ltr'>quod</span> <span class='ocrx_word' id='word_1_1084' title='bbox 1342 1724 1419 1755; x_wconf 88' lang='lat' dir='ltr'>idem</span> <span class='ocrx_word' id='word_1_1085' title='bbox 1434 1725 1543 1757; x_wconf 75' lang='lat' dir='ltr'>Comes</span> <span class='ocrx_word' id='word_1_1086' title='bbox 1557 1726 1616 1762; x_wconf 77' lang='lat' dir='ltr'>&amp;c.</span> <span class='ocrx_word' id='word_1_1087' title='bbox 1632 1735 1664 1757; x_wconf 87' lang='lat' dir='ltr'>ut</span> <span class='ocrx_word' id='word_1_1088' title='bbox 1678 1728 1764 1767; x_wconf 81' lang='lat' dir='ltr'>supra</span> <span class='ocrx_word' id='word_1_1089' title='bbox 1779 1728 1858 1770; x_wconf 79' lang='lat' dir='ltr'>usque</span> <span class='ocrx_word' id='word_1_1090' title='bbox 1876 1730 1924 1768; x_wconf 82' lang='lat' dir='ltr'>ibi,</span> <span class='ocrx_word' id='word_1_1091' title='bbox 1949 1732 1977 1761; x_wconf 93' lang='lat' dir='ltr'>in</span> <span class='ocrx_word' id='word_1_1092' title='bbox 1998 1732 2091 1763; x_wconf 82' lang='lat' dir='ltr'>forma</span> <span class='ocrx_word' id='word_1_1093' title='bbox 2108 1733 2260 1773; x_wconf 64' lang='lat' dir='ltr'>praedicta,</span> <span class='ocrx_word' id='word_1_1094' title='bbox 2273 1729 2326 1752; x_wconf 69' lang='lat'>‘⁴³²²‘</span> <span class='ocrx_word' id='word_1_1095' title='bbox 2345 1735 2389 1760; x_wconf 81' lang='lat'>37·</span> 
     </span>
     <span class='ocr_line' id='line_1_136' title="bbox 1196 1763 2369 1830; baseline 0.012 -38"><span class='ocrx_word' id='word_1_1096' title='bbox 1196 1771 1281 1800; x_wconf 90' lang='lat' dir='ltr'>prout</span> <span class='ocrx_word' id='word_1_1097' title='bbox 1294 1764 1323 1793; x_wconf 90' lang='lat' dir='ltr'>in</span> <span class='ocrx_word' id='word_1_1098' title='bbox 1338 1763 1440 1795; x_wconf 88' lang='lat' dir='ltr'>Literis</span> <span class='ocrx_word' id='word_1_1099' title='bbox 1453 1765 1554 1796; x_wconf 86' lang='lat' dir='ltr'>nostris</span> <span class='ocrx_word' id='word_1_1100' title='bbox 1565 1765 1744 1806; x_wconf 77' lang='lat' dir='ltr'>patentibus,</span> <span class='ocrx_word' id='word_1_1101' title='bbox 1762 1769 1828 1799; x_wconf 85' lang='lat' dir='ltr'>inde</span> <span class='ocrx_word' id='word_1_1102' title='bbox 1850 1770 1989 1800; x_wconf 67' lang='lat' dir='ltr'>confeffls</span> <span class='ocrx_word' id='word_1_1103' title='bbox 2005 1793 2014 1809; x_wconf 92' lang='lat'>,</span> <span class='ocrx_word' id='word_1_1104' title='bbox 2036 1771 2145 1809; x_wconf 77' lang='lat' dir='ltr'>plenius</span> <span class='ocrx_word' id='word_1_1105' title='bbox 2165 1775 2259 1805; x_wconf 77' lang='lat' dir='ltr'>conti·</span> <span class='ocrx_word' id='word_1_1106' title='bbox 2279 1768 2369 1830; x_wconf 39' lang='lat'>5121.)</span> 
     </span>
     <span class='ocr_line' id='line_1_137' title="bbox 1197 1809 2374 1841; baseline 0.011 -12"><span class='ocrx_word' id='word_1_1107' title='bbox 1197 1809 1296 1841; x_wconf 85' lang='lat' dir='ltr'>netur,</span> <span class='ocrx_word' id='word_1_1108' title='bbox 2369 1824 2374 1830; x_wconf 95' lang='lat'><em>·</em></span> 
     </span>
     <span class='ocr_line' id='line_1_138' title="bbox 1235 1839 2262 1885; baseline 0.011 -15"><span class='ocrx_word' id='word_1_1109' title='bbox 1235 1839 1328 1871; x_wconf 91' lang='lat' dir='ltr'>Vobis</span> <span class='ocrx_word' id='word_1_1110' title='bbox 1340 1842 1505 1873; x_wconf 86' lang='lat' dir='ltr'>mandamus</span> <span class='ocrx_word' id='word_1_1111' title='bbox 1519 1843 1599 1882; x_wconf 77' lang='lat' dir='ltr'>quod</span> <span class='ocrx_word' id='word_1_1112' title='bbox 1614 1843 1829 1877; x_wconf 88' lang='lat' dir='ltr'>Sacramentum</span> <span class='ocrx_word' id='word_1_1113' title='bbox 1845 1847 1878 1877; x_wconf 89' lang='lat'>&amp;</span> <span class='ocrx_word' id='word_1_1114' title='bbox 1893 1846 1992 1877; x_wconf 88' lang='lat' dir='ltr'>Fidem</span> <span class='ocrx_word' id='word_1_1115' title='bbox 2009 1848 2139 1885; x_wconf 66' lang='lat' dir='ltr'>praedicti</span> <span class='ocrx_word' id='word_1_1116' title='bbox 2155 1848 2262 1881; x_wconf 91' lang='lat' dir='ltr'>Corni-</span> 
     </span>
     <span class='ocr_line' id='line_1_139' title="bbox 1196 1880 2246 1928; baseline 0.01 -19"><span class='ocrx_word' id='word_1_1117' title='bbox 1196 1880 1250 1917; x_wconf 90' lang='lat' dir='ltr'>tis,</span> <span class='ocrx_word' id='word_1_1118' title='bbox 1268 1881 1298 1909; x_wconf 88' lang='lat' dir='ltr'>in</span> <span class='ocrx_word' id='word_1_1119' title='bbox 1313 1880 1456 1918; x_wconf 78' lang='lat' dir='ltr'>praesentia</span> <span class='ocrx_word' id='word_1_1120' title='bbox 1470 1881 1632 1919; x_wconf 88' lang='lat' dir='ltr'>hujusmodi</span> <span class='ocrx_word' id='word_1_1121' title='bbox 1647 1883 1780 1922; x_wconf 85' lang='lat' dir='ltr'>Notarii,</span> <span class='ocrx_word' id='word_1_1122' title='bbox 1800 1886 1830 1915; x_wconf 93' lang='lat' dir='ltr'>in</span> <span class='ocrx_word' id='word_1_1123' title='bbox 1846 1886 1937 1916; x_wconf 91' lang='lat' dir='ltr'>forma</span> <span class='ocrx_word' id='word_1_1124' title='bbox 1950 1887 2102 1927; x_wconf 65' lang='lat' dir='ltr'>praedicta,</span> <span class='ocrx_word' id='word_1_1125' title='bbox 2121 1890 2246 1928; x_wconf 80' lang='lat' dir='ltr'>capiatis,</span> 
     </span>
     <span class='ocr_line' id='line_1_140' title="bbox 1233 1917 2263 1967; baseline 0.01 -19"><span class='ocrx_word' id='word_1_1126' title='bbox 1233 1917 1271 1949; x_wconf 90' lang='lat' dir='ltr'>Et</span> <span class='ocrx_word' id='word_1_1127' title='bbox 1284 1919 1310 1948; x_wconf 92' lang='lat' dir='ltr'>ei</span> <span class='ocrx_word' id='word_1_1128' title='bbox 1323 1918 1430 1950; x_wconf 88' lang='lat' dir='ltr'>Literas</span> <span class='ocrx_word' id='word_1_1129' title='bbox 1444 1919 1549 1950; x_wconf 88' lang='lat' dir='ltr'>nostras</span> <span class='ocrx_word' id='word_1_1130' title='bbox 1563 1921 1722 1960; x_wconf 66' lang='lat' dir='ltr'>praedictas,</span> <span class='ocrx_word' id='word_1_1131' title='bbox 1740 1932 1808 1961; x_wconf 86' lang='lat' dir='ltr'>quas</span> <span class='ocrx_word' id='word_1_1132' title='bbox 1823 1924 1905 1954; x_wconf 87' lang='lat' dir='ltr'>vobis</span> <span class='ocrx_word' id='word_1_1133' title='bbox 1929 1926 2085 1962; x_wconf 81' lang='lat' dir='ltr'>mittimus,</span> <span class='ocrx_word' id='word_1_1134' title='bbox 2111 1928 2162 1957; x_wconf 89' lang='lat' dir='ltr'>sub</span> <span class='ocrx_word' id='word_1_1135' title='bbox 2177 1927 2263 1967; x_wconf 83' lang='lat' dir='ltr'>Sigil-</span> 
     </span>
     <span class='ocr_line' id='line_1_141' title="bbox 1196 1956 2263 2026; baseline 0.01 -40"><span class='ocrx_word' id='word_1_1136' title='bbox 1196 1957 1226 1988; x_wconf 95' lang='lat' dir='ltr'>lo</span> <span class='ocrx_word' id='word_1_1137' title='bbox 1252 1956 1533 2026; x_wconf 36' lang='lat' dir='ltr'>Venelr-{bilis&#39;Patris</span> <span class='ocrx_word' id='word_1_1138' title='bbox 1547 1982 1557 1998; x_wconf 94' lang='lat'>,</span> <span class='ocrx_word' id='word_1_1139' title='bbox 1575 1959 1604 1990; x_wconf 87' lang='lat' dir='ltr'>S.</span> <span class='ocrx_word' id='word_1_1140' title='bbox 1629 1959 1746 1991; x_wconf 88' lang='lat' dir='ltr'>Eliensis</span> <span class='ocrx_word' id='word_1_1141' title='bbox 1761 1961 1903 2001; x_wconf 88' lang='lat' dir='ltr'>Episcopi,</span> <span class='ocrx_word' id='word_1_1142' title='bbox 1919 1962 2087 1994; x_wconf 76' lang='lat' dir='ltr'>Cancellarii</span> <span class='ocrx_word' id='word_1_1143' title='bbox 2103 1964 2210 2005; x_wconf 89' lang='lat' dir='ltr'>nostri,</span> <span class='ocrx_word' id='word_1_1144' title='bbox 2228 1967 2263 1998; x_wconf 87' lang='lat' dir='ltr'>fi-</span> 
     </span>
     <span class='ocr_line' id='line_1_142' title="bbox 1221 2004 1468 2028; baseline 0 -2"><span class='ocrx_word' id='word_1_1145' title='bbox 1221 2004 1295 2027; x_wconf 90' lang='lat' dir='ltr'>natas</span> <span class='ocrx_word' id='word_1_1146' title='bbox 1341 2007 1349 2026; x_wconf 90' lang='lat'>1</span> <span class='ocrx_word' id='word_1_1147' title='bbox 1371 2006 1468 2028; x_wconf 83' lang='lat' dir='ltr'>eretis·</span> 
     </span>
     <span class='ocr_line' id='line_1_143' title="bbox 1198 2005 2261 2077; baseline 0.009 -13"><span class='ocrx_word' id='word_1_1148' title='bbox 1198 2005 1217 2036; x_wconf 77' lang='lat' dir='ltr'><strong>g</strong></span> <span class='ocrx_word' id='word_1_1149' title='bbox 1235 2020 1352 2065; x_wconf 69' lang='lat' dir='ltr'>Nos’de</span> <span class='ocrx_word' id='word_1_1150' title='bbox 1365 2020 1548 2068; x_wconf 71' lang='lat' dir='ltr'>Sacrariiento</span> <span class='ocrx_word' id='word_1_1151' title='bbox 1561 2037 1596 2068; x_wconf 88' lang='lat'>&amp;</span> <span class='ocrx_word' id='word_1_1152' title='bbox 1612 2036 1680 2068; x_wconf 92' lang='lat' dir='ltr'>Fide</span> <span class='ocrx_word' id='word_1_1153' title='bbox 1695 2037 1852 2077; x_wconf 71' lang='lat' dir='ltr'>praedicstis,</span> <span class='ocrx_word' id='word_1_1154' title='bbox 1867 2049 1900 2070; x_wconf 88' lang='lat' dir='ltr'>ac</span> <span class='ocrx_word' id='word_1_1155' title='bbox 1922 2048 1986 2071; x_wconf 93' lang='lat' dir='ltr'>toto</span> <span class='ocrx_word' id='word_1_1156' title='bbox 2008 2040 2097 2071; x_wconf 68' lang='lat' dir='ltr'>Facto</span> <span class='ocrx_word' id='word_1_1157' title='bbox 2118 2042 2213 2073; x_wconf 87' lang='lat' dir='ltr'>vestro</span> <span class='ocrx_word' id='word_1_1158' title='bbox 2231 2045 2261 2074; x_wconf 92' lang='lat' dir='ltr'>in</span> 
     </span>
     <span class='ocr_line' id='line_1_144' title="bbox 1198 2072 2261 2122; baseline 0.009 -19"><span class='ocrx_word' id='word_1_1159' title='bbox 1198 2072 1252 2104; x_wconf 88' lang='lat' dir='ltr'>hac</span> <span class='ocrx_word' id='word_1_1160' title='bbox 1267 2072 1362 2112; x_wconf 72' lang='lat' dir='ltr'>parte,</span> <span class='ocrx_word' id='word_1_1161' title='bbox 1377 2074 1513 2112; x_wconf 83' lang='lat' dir='ltr'>reddatis,</span> <span class='ocrx_word' id='word_1_1162' title='bbox 1530 2075 1558 2105; x_wconf 91' lang='lat' dir='ltr'>in</span> <span class='ocrx_word' id='word_1_1163' title='bbox 1575 2074 1780 2108; x_wconf 85' lang='lat' dir='ltr'>Cancellariam</span> <span class='ocrx_word' id='word_1_1164' title='bbox 1793 2078 1938 2117; x_wconf 80' lang='lat' dir='ltr'>nostram,</span> <span class='ocrx_word' id='word_1_1165' title='bbox 1955 2079 2091 2111; x_wconf 62' lang='lat' dir='ltr'>distinete</span> <span class='ocrx_word' id='word_1_1166' title='bbox 2108 2081 2141 2112; x_wconf 71' lang='grc' dir='ltr'>δε</span> <span class='ocrx_word' id='word_1_1167' title='bbox 2156 2085 2261 2122; x_wconf 77' lang='lat' dir='ltr'>aperte,</span> 
     </span>
     <span class='ocr_line' id='line_1_145' title="bbox 1200 2112 2057 2152; baseline 0.006 -9"><span class='ocrx_word' id='word_1_1168' title='bbox 1200 2112 1257 2143; x_wconf 86' lang='lat' dir='ltr'>sine</span> <span class='ocrx_word' id='word_1_1169' title='bbox 1269 2113 1420 2151; x_wconf 88' lang='lat' dir='ltr'>dilatione,</span> <span class='ocrx_word' id='word_1_1170' title='bbox 1440 2115 1587 2152; x_wconf 67' lang='lat' dir='ltr'>certiores,</span> <span class='ocrx_word' id='word_1_1171' title='bbox 1603 2114 1661 2145; x_wconf 91' lang='lat' dir='ltr'>hoc</span> <span class='ocrx_word' id='word_1_1172' title='bbox 1676 2115 1765 2147; x_wconf 90' lang='lat' dir='ltr'>Breve</span> <span class='ocrx_word' id='word_1_1173' title='bbox 1781 2118 1863 2147; x_wconf 89' lang='lat' dir='ltr'>nobis</span> <span class='ocrx_word' id='word_1_1174' title='bbox 1876 2118 2057 2149; x_wconf 86' lang='lat' dir='ltr'>remittentes.</span> 
     </span>
    </p>
   </div>
   <div class='ocr_carea' id='block_1_16' title="bbox 1235 2150 2242 2197">
    <p class='ocr_par' dir='ltr' id='par_1_43' title="bbox 1235 2150 2242 2197">
     <span class='ocr_line' id='line_1_146' title="bbox 1235 2150 2242 2197; baseline 0.009 -16"><span class='ocrx_word' id='word_1_1175' title='bbox 1235 2150 1326 2182; x_wconf 88' lang='lat' dir='ltr'>Teste</span> <span class='ocrx_word' id='word_1_1176' title='bbox 1342 2150 1426 2189; x_wconf 88' lang='lat' dir='ltr'>Rege</span> <span class='ocrx_word' id='word_1_1177' title='bbox 1439 2153 1514 2190; x_wconf 88' lang='lat' dir='ltr'>apud</span> <span class='ocrx_word' id='word_1_1178' title='bbox 1528 2152 1833 2194; x_wconf 84' lang='lat' dir='ltr'>Westmonasterium,</span> <span class='ocrx_word' id='word_1_1179' title='bbox 1851 2156 1987 2187; x_wconf 89' lang='lat' dir='ltr'>vicesimo</span> <span class='ocrx_word' id='word_1_1180' title='bbox 2002 2157 2047 2187; x_wconf 89' lang='lat' dir='ltr'>die</span> <span class='ocrx_word' id='word_1_1181' title='bbox 2061 2157 2242 2197; x_wconf 85' lang='lat' dir='ltr'>Septembris.</span> 
     </span>
    </p>
   </div>
   <div class='ocr_carea' id='block_1_17' title="bbox 1264 2273 2202 2329">
    <p class='ocr_par' dir='ltr' id='par_1_44' title="bbox 1264 2273 2202 2329">
     <span class='ocr_line' id='line_1_147' title="bbox 1264 2273 2202 2329; baseline 0.005 -17"><span class='ocrx_word' id='word_1_1182' title='bbox 1264 2281 1359 2325; x_wconf 83' lang='lat' dir='ltr'>Super</span> <span class='ocrx_word' id='word_1_1183' title='bbox 1381 2273 1596 2319; x_wconf 80' lang='lat' dir='ltr'>Multonibns‚</span> <span class='ocrx_word' id='word_1_1184' title='bbox 1616 2289 1672 2325; x_wconf 85' lang='lat' dir='ltr'>pro</span> <span class='ocrx_word' id='word_1_1185' title='bbox 1695 2280 1822 2314; x_wconf 72' lang='lat' dir='ltr'>Ducam</span> <span class='ocrx_word' id='word_1_1186' title='bbox 1844 2281 2022 2329; x_wconf 79' lang='lat' dir='ltr'>Burgundiae</span> <span class='ocrx_word' id='word_1_1187' title='bbox 2034 2282 2202 2328; x_wconf 76' lang='lat' dir='ltr'>sblvendt&#39;s.</span> 
     </span>
    </p>
   </div>
   <div class='ocr_carea' id='block_1_18' title="bbox 1206 2363 2414 2420">
    <p class='ocr_par' dir='ltr' id='par_1_45' title="bbox 1206 2363 2414 2420">
     <span class='ocr_line' id='line_1_148' title="bbox 1206 2363 2414 2420; baseline 0.006 -26"><span class='ocrx_word' id='word_1_1188' title='bbox 1206 2363 1286 2420; x_wconf 86' lang='lat' dir='ltr'>LE</span> <span class='ocrx_word' id='word_1_1189' title='bbox 1300 2363 1359 2394; x_wconf 91' lang='lat' dir='ltr'>Roi</span> <span class='ocrx_word' id='word_1_1190' title='bbox 1374 2374 1389 2394; x_wconf 93' lang='lat' dir='ltr'>a</span> <span class='ocrx_word' id='word_1_1191' title='bbox 1403 2372 1473 2395; x_wconf 85' lang='lat' dir='ltr'>touz</span> <span class='ocrx_word' id='word_1_1192' title='bbox 1487 2364 1584 2403; x_wconf 86' lang='lat' dir='ltr'>ceulz,</span> <span class='ocrx_word' id='word_1_1193' title='bbox 1600 2364 1648 2402; x_wconf 89' lang='lat' dir='ltr'>qui</span> <span class='ocrx_word' id='word_1_1194' title='bbox 1664 2363 1752 2395; x_wconf 87' lang='lat' dir='ltr'>cestes</span> <span class='ocrx_word' id='word_1_1195' title='bbox 1772 2365 1882 2398; x_wconf 86' lang='lat' dir='ltr'>Lettres</span> <span class='ocrx_word' id='word_1_1196' title='bbox 1895 2377 2027 2406; x_wconf 78' lang='lat' dir='ltr'>verrom,</span> <span class='ocrx_word' id='word_1_1197' title='bbox 2051 2369 2156 2400; x_wconf 85' lang='lat' dir='ltr'>Salutz.</span> <span class='ocrx_word' id='word_1_1198' title='bbox 2278 2367 2355 2400; x_wconf 89' lang='lat' dir='ltr'>Ann.</span> <span class='ocrx_word' id='word_1_1199' title='bbox 2370 2369 2414 2403; x_wconf 91' lang='lat' dir='ltr'>D.</span> 
     </span>
    </p>
   </div>
   <div class='ocr_carea' id='block_1_19' title="bbox 1202 2402 2388 2473">
    <p class='ocr_par' dir='ltr' id='par_1_46' title="bbox 1202 2402 2388 2473">
     <span class='ocr_line' id='line_1_149' title="bbox 1286 2402 2388 2450; baseline 0.005 -17"><span class='ocrx_word' id='word_1_1200' title='bbox 1286 2436 1290 2439; x_wconf 62' lang='grc'><strong>,</strong></span> <span class='ocrx_word' id='word_1_1201' title='bbox 1319 2403 1430 2434; x_wconf 81' lang='lat' dir='ltr'>Sachez</span> <span class='ocrx_word' id='word_1_1202' title='bbox 1447 2403 1537 2434; x_wconf 90' lang='lat' dir='ltr'>Nous</span> <span class='ocrx_word' id='word_1_1203' title='bbox 1550 2404 1629 2434; x_wconf 87' lang='lat' dir='ltr'>avoir</span> <span class='ocrx_word' id='word_1_1204' title='bbox 1644 2402 1744 2434; x_wconf 84' lang='lat' dir='ltr'>Receu</span> <span class='ocrx_word' id='word_1_1205' title='bbox 1758 2404 1794 2435; x_wconf 90' lang='lat' dir='ltr'>de</span> <span class='ocrx_word' id='word_1_1206' title='bbox 1809 2428 1821 2443; x_wconf 86' lang='lat'>,</span> <span class='ocrx_word' id='word_1_1207' title='bbox 1837 2405 1934 2438; x_wconf 89' lang='lat' dir='ltr'>nostre</span> <span class='ocrx_word' id='word_1_1208' title='bbox 1951 2407 2108 2439; x_wconf 84' lang='lat' dir='ltr'>Treschere</span> <span class='ocrx_word' id='word_1_1209' title='bbox 2125 2409 2219 2449; x_wconf 89' lang='lat' dir='ltr'>Frere,</span> <span class='ocrx_word' id='word_1_1210' title='bbox 2237 2410 2264 2442; x_wconf 88' lang='lat' dir='ltr'>le</span> <span class='ocrx_word' id='word_1_1211' title='bbox 2303 2410 2388 2450; x_wconf 77' lang='lat'>1363.</span> 
     </span>
     <span class='ocr_line' id='line_1_150' title="bbox 1202 2439 1432 2473; baseline 0.009 -2"><span class='ocrx_word' id='word_1_1212' title='bbox 1202 2439 1265 2471; x_wconf 91' lang='lat' dir='ltr'>Roi</span> <span class='ocrx_word' id='word_1_1213' title='bbox 1277 2441 1313 2472; x_wconf 90' lang='lat' dir='ltr'>de</span> <span class='ocrx_word' id='word_1_1214' title='bbox 1326 2441 1432 2473; x_wconf 88' lang='lat' dir='ltr'>France</span> 
     </span>
    </p>
   </div>
   <div class='ocr_carea' id='block_1_20' title="bbox 1202 2452 2414 2564">
    <p class='ocr_par' dir='ltr' id='par_1_47' title="bbox 1202 2452 2414 2564">
     <span class='ocr_line' id='line_1_151' title="bbox 1239 2452 2398 2530; baseline 0.009 -21"><span class='ocrx_word' id='word_1_1215' title='bbox 1239 2480 1288 2522; x_wconf 73' lang='lat' dir='ltr'>Q</span> <span class='ocrx_word' id='word_1_1216' title='bbox 1303 2480 1372 2510; x_wconf 91' lang='lat' dir='ltr'>tient</span> <span class='ocrx_word' id='word_1_1217' title='bbox 1385 2481 1409 2510; x_wconf 85' lang='lat' dir='ltr'>la</span> <span class='ocrx_word' id='word_1_1218' title='bbox 1424 2465 1542 2511; x_wconf 72' lang='lat' dir='ltr'>Duchie</span> <span class='ocrx_word' id='word_1_1219' title='bbox 1556 2480 1592 2511; x_wconf 88' lang='lat' dir='ltr'>de</span> <span class='ocrx_word' id='word_1_1220' title='bbox 1605 2480 1780 2525; x_wconf 82' lang='lat' dir='ltr'>Burgoigne,</span> <span class='ocrx_word' id='word_1_1221' title='bbox 1798 2492 1885 2513; x_wconf 88' lang='lat' dir='ltr'>corne</span> <span class='ocrx_word' id='word_1_1222' title='bbox 1899 2482 2051 2528; x_wconf 78' lang='lat' dir='ltr'>Herirage,</span> <span class='ocrx_word' id='word_1_1223' title='bbox 2069 2495 2118 2523; x_wconf 86' lang='lat' dir='ltr'>par</span> <span class='ocrx_word' id='word_1_1224' title='bbox 2127 2486 2155 2530; x_wconf 36' lang='lat' dir='ltr'>&#39;le</span> <span class='ocrx_word' id='word_1_1225' title='bbox 2178 2487 2265 2519; x_wconf 88' lang='lat' dir='ltr'>Tres-</span> <span class='ocrx_word' id='word_1_1226' title='bbox 2282 2452 2398 2525; x_wconf 38' lang='lat'>{1237</span> 
     </span>
     <span class='ocr_line' id='line_1_152' title="bbox 1202 2518 2414 2564; baseline 0.005 -16"><span class='ocrx_word' id='word_1_1227' title='bbox 1202 2520 1373 2557; x_wconf 80' lang='lat' dir='ltr'>paflement,</span> <span class='ocrx_word' id='word_1_1228' title='bbox 1388 2519 1414 2549; x_wconf 89' lang='lat' dir='ltr'>le</span> <span class='ocrx_word' id='word_1_1229' title='bbox 1431 2518 1501 2550; x_wconf 93' lang='lat' dir='ltr'>Duc</span> <span class='ocrx_word' id='word_1_1230' title='bbox 1513 2520 1549 2550; x_wconf 93' lang='lat' dir='ltr'>de</span> <span class='ocrx_word' id='word_1_1231' title='bbox 1562 2519 1760 2564; x_wconf 76' lang='lat' dir='ltr'>Bourgorgne,</span> <span class='ocrx_word' id='word_1_1232' title='bbox 1779 2531 1814 2560; x_wconf 89' lang='lat' dir='ltr'>qe</span> <span class='ocrx_word' id='word_1_1233' title='bbox 1839 2522 2042 2554; x_wconf 81' lang='lat' dir='ltr'>darreinement</span> <span class='ocrx_word' id='word_1_1234' title='bbox 2062 2524 2162 2563; x_wconf 68' lang='lat' dir='ltr'>estoit,</span> <span class='ocrx_word' id='word_1_1235' title='bbox 2278 2529 2414 2562; x_wconf 55' lang='lat' dir='ltr'>Fran-37.</span> 
     </span>
    </p>
   </div>
   <div class='ocr_carea' id='block_1_21' title="bbox 1202 2557 2368 3182">
    <p class='ocr_par' dir='ltr' id='par_1_48' title="bbox 1202 2557 2360 2820">
     <span class='ocr_line' id='line_1_153' title="bbox 1239 2557 2360 2604; baseline 0.009 -17"><span class='ocrx_word' id='word_1_1236' title='bbox 1239 2557 1277 2588; x_wconf 86' lang='lat' dir='ltr'>Et</span> <span class='ocrx_word' id='word_1_1237' title='bbox 1290 2558 1407 2588; x_wconf 86' lang='lat' dir='ltr'>d’autres</span> <span class='ocrx_word' id='word_1_1238' title='bbox 1422 2558 1557 2594; x_wconf 83' lang='lat' dir='ltr'>Seignurs</span> <span class='ocrx_word' id='word_1_1239' title='bbox 1571 2558 1604 2588; x_wconf 91' lang='lat'>&amp;</span> <span class='ocrx_word' id='word_1_1240' title='bbox 1619 2558 1736 2597; x_wconf 85' lang='lat' dir='ltr'>Burgois</span> <span class='ocrx_word' id='word_1_1241' title='bbox 1750 2559 1789 2590; x_wconf 91' lang='lat' dir='ltr'>du</span> <span class='ocrx_word' id='word_1_1242' title='bbox 1806 2559 1876 2600; x_wconf 88' lang='lat' dir='ltr'>Pays</span> <span class='ocrx_word' id='word_1_1243' title='bbox 1888 2561 1924 2591; x_wconf 94' lang='lat' dir='ltr'>de</span> <span class='ocrx_word' id='word_1_1244' title='bbox 1939 2561 2108 2602; x_wconf 85' lang='lat' dir='ltr'>Burgoigne,</span> <span class='ocrx_word' id='word_1_1245' title='bbox 2126 2563 2264 2604; x_wconf 90' lang='lat' dir='ltr'>DysMilI</span> <span class='ocrx_word' id='word_1_1246' title='bbox 2282 2574 2317 2593; x_wconf 87' lang='lat' dir='ltr'>m·</span> <span class='ocrx_word' id='word_1_1247' title='bbox 2332 2567 2360 2592; x_wconf 87' lang='lat'>6.</span> 
     </span>
     <span class='ocr_line' id='line_1_154' title="bbox 1203 2595 2267 2642; baseline 0.009 -17"><span class='ocrx_word' id='word_1_1248' title='bbox 1203 2595 1326 2626; x_wconf 83' lang='lat' dir='ltr'>Deniers</span> <span class='ocrx_word' id='word_1_1249' title='bbox 1338 2596 1412 2626; x_wconf 88' lang='lat' dir='ltr'>d&#39;Or</span> <span class='ocrx_word' id='word_1_1250' title='bbox 1423 2606 1458 2627; x_wconf 91' lang='lat' dir='ltr'>au</span> <span class='ocrx_word' id='word_1_1251' title='bbox 1473 2595 1604 2627; x_wconf 80' lang='lat' dir='ltr'>Motoun</span> <span class='ocrx_word' id='word_1_1252' title='bbox 1614 2619 1623 2635; x_wconf 93' lang='lat'>,</span> <span class='ocrx_word' id='word_1_1253' title='bbox 1641 2596 1680 2627; x_wconf 92' lang='lat' dir='ltr'>du</span> <span class='ocrx_word' id='word_1_1254' title='bbox 1696 2598 1753 2627; x_wconf 82' lang='lat' dir='ltr'>bon</span> <span class='ocrx_word' id='word_1_1255' title='bbox 1770 2597 1836 2628; x_wconf 85' lang='lat' dir='ltr'>Pois</span> <span class='ocrx_word' id='word_1_1256' title='bbox 1850 2599 1887 2630; x_wconf 91' lang='lat' dir='ltr'>du</span> <span class='ocrx_word' id='word_1_1257' title='bbox 1903 2599 2020 2639; x_wconf 85' lang='lat' dir='ltr'>Coigne</span> <span class='ocrx_word' id='word_1_1258' title='bbox 2037 2602 2072 2631; x_wconf 89' lang='lat' dir='ltr'>de</span> <span class='ocrx_word' id='word_1_1259' title='bbox 2088 2602 2111 2633; x_wconf 92' lang='lat' dir='ltr'>F</span> <span class='ocrx_word' id='word_1_1260' title='bbox 2113 2613 2207 2642; x_wconf 87' lang='lat' dir='ltr'>rance,</span> <span class='ocrx_word' id='word_1_1261' title='bbox 2221 2605 2267 2636; x_wconf 93' lang='lat' dir='ltr'>del</span> 
     </span>
     <span class='ocr_line' id='line_1_155' title="bbox 1203 2634 2266 2680; baseline 0.009 -16"><span class='ocrx_word' id='word_1_1262' title='bbox 1203 2634 1314 2664; x_wconf 86' lang='lat' dir='ltr'>Terme</span> <span class='ocrx_word' id='word_1_1263' title='bbox 1326 2634 1361 2665; x_wconf 93' lang='lat' dir='ltr'>de</span> <span class='ocrx_word' id='word_1_1264' title='bbox 1376 2635 1455 2665; x_wconf 88' lang='lat' dir='ltr'>Seint</span> <span class='ocrx_word' id='word_1_1265' title='bbox 1468 2634 1580 2666; x_wconf 86' lang='lat' dir='ltr'>Michel</span> <span class='ocrx_word' id='word_1_1266' title='bbox 1592 2635 1700 2666; x_wconf 89' lang='lat' dir='ltr'>darrein</span> <span class='ocrx_word' id='word_1_1267' title='bbox 1714 2635 1822 2675; x_wconf 81' lang='lat' dir='ltr'>paffee,</span> <span class='ocrx_word' id='word_1_1268' title='bbox 1840 2647 1876 2668; x_wconf 91' lang='lat' dir='ltr'>en</span> <span class='ocrx_word' id='word_1_1269' title='bbox 1891 2637 2086 2680; x_wconf 91' lang='lat' dir='ltr'>Deduccion,</span> <span class='ocrx_word' id='word_1_1270' title='bbox 2111 2642 2145 2672; x_wconf 90' lang='lat'>&amp;</span> <span class='ocrx_word' id='word_1_1271' title='bbox 2168 2642 2266 2675; x_wconf 81' lang='lat' dir='ltr'>Rebar</span> 
     </span>
     <span class='ocr_line' id='line_1_156' title="bbox 1203 2672 2269 2720; baseline 0.01 -18"><span class='ocrx_word' id='word_1_1272' title='bbox 1203 2674 1237 2703; x_wconf 68' lang='grc' dir='ltr'>ὃς</span> <span class='ocrx_word' id='word_1_1273' title='bbox 1251 2672 1341 2703; x_wconf 85' lang='lat' dir='ltr'>Partie</span> <span class='ocrx_word' id='word_1_1274' title='bbox 1353 2673 1390 2703; x_wconf 91' lang='lat' dir='ltr'>de</span> <span class='ocrx_word' id='word_1_1275' title='bbox 1403 2673 1551 2704; x_wconf 89' lang='lat' dir='ltr'>Paiement</span> <span class='ocrx_word' id='word_1_1276' title='bbox 1564 2673 1599 2703; x_wconf 92' lang='lat' dir='ltr'>de</span> <span class='ocrx_word' id='word_1_1277' title='bbox 1614 2673 1639 2704; x_wconf 91' lang='lat' dir='ltr'>la</span> <span class='ocrx_word' id='word_1_1278' title='bbox 1654 2674 1726 2714; x_wconf 88' lang='lat' dir='ltr'>pluis</span> <span class='ocrx_word' id='word_1_1279' title='bbox 1739 2673 1857 2706; x_wconf 89' lang='lat' dir='ltr'>Grande</span> <span class='ocrx_word' id='word_1_1280' title='bbox 1877 2677 2013 2716; x_wconf 90' lang='lat' dir='ltr'>Somme,</span> <span class='ocrx_word' id='word_1_1281' title='bbox 2038 2689 2075 2709; x_wconf 91' lang='lat' dir='ltr'>en</span> <span class='ocrx_word' id='word_1_1282' title='bbox 2093 2679 2117 2710; x_wconf 89' lang='lat' dir='ltr'>la</span> <span class='ocrx_word' id='word_1_1283' title='bbox 2134 2682 2215 2720; x_wconf 86' lang='lat' dir='ltr'>quele</span> <span class='ocrx_word' id='word_1_1284' title='bbox 2235 2683 2269 2713; x_wconf 86' lang='lat' dir='ltr'>ils</span> 
     </span>
     <span class='ocr_line' id='line_1_157' title="bbox 1203 2712 2270 2757; baseline 0.009 -15"><span class='ocrx_word' id='word_1_1285' title='bbox 1203 2712 1289 2742; x_wconf 88' lang='lat' dir='ltr'>Nous</span> <span class='ocrx_word' id='word_1_1286' title='bbox 1310 2712 1372 2742; x_wconf 89' lang='lat' dir='ltr'>sont</span> <span class='ocrx_word' id='word_1_1287' title='bbox 1395 2712 1543 2751; x_wconf 86' lang='lat' dir='ltr'>Obligez,</span> <span class='ocrx_word' id='word_1_1288' title='bbox 1570 2722 1617 2751; x_wconf 87' lang='lat' dir='ltr'>par</span> <span class='ocrx_word' id='word_1_1289' title='bbox 1640 2712 1699 2742; x_wconf 92' lang='lat' dir='ltr'>leur</span> <span class='ocrx_word' id='word_1_1290' title='bbox 1722 2712 1831 2745; x_wconf 87' lang='lat' dir='ltr'>Lettres</span> <span class='ocrx_word' id='word_1_1291' title='bbox 1853 2714 2049 2756; x_wconf 86' lang='lat' dir='ltr'>Obligatoirs,</span> <span class='ocrx_word' id='word_1_1292' title='bbox 2075 2727 2122 2757; x_wconf 85' lang='lat' dir='ltr'>par</span> <span class='ocrx_word' id='word_1_1293' title='bbox 2146 2722 2270 2752; x_wconf 83' lang='lat' dir='ltr'>certeine</span> 
     </span>
     <span class='ocr_line' id='line_1_158' title="bbox 1203 2750 2268 2819; baseline 0.009 -39"><span class='ocrx_word' id='word_1_1294' title='bbox 1203 2750 1298 2819; x_wconf 56' lang='lat' dir='ltr'>causei,</span> <span class='ocrx_word' id='word_1_1295' title='bbox 1315 2751 1348 2781; x_wconf 61' lang='grc' dir='ltr'>ὃς</span> <span class='ocrx_word' id='word_1_1296' title='bbox 1362 2750 1467 2781; x_wconf 86' lang='lat' dir='ltr'>sicome</span> <span class='ocrx_word' id='word_1_1297' title='bbox 1479 2751 1549 2792; x_wconf 88' lang='lat' dir='ltr'>pluis</span> <span class='ocrx_word' id='word_1_1298' title='bbox 1561 2750 1720 2789; x_wconf 88' lang='lat' dir='ltr'>largement</span> <span class='ocrx_word' id='word_1_1299' title='bbox 1743 2755 1869 2792; x_wconf 86' lang='lat' dir='ltr'>compris</span> <span class='ocrx_word' id='word_1_1300' title='bbox 1888 2753 1930 2785; x_wconf 90' lang='lat' dir='ltr'>est</span> <span class='ocrx_word' id='word_1_1301' title='bbox 1952 2764 1988 2785; x_wconf 86' lang='lat' dir='ltr'>en</span> <span class='ocrx_word' id='word_1_1302' title='bbox 2010 2756 2084 2787; x_wconf 87' lang='lat' dir='ltr'>lours</span> <span class='ocrx_word' id='word_1_1303' title='bbox 2107 2758 2217 2789; x_wconf 80' lang='lat' dir='ltr'>Lem-es</span> <span class='ocrx_word' id='word_1_1304' title='bbox 2238 2771 2268 2791; x_wconf 82' lang='lat' dir='ltr'>a·</span> 
     </span>
     <span class='ocr_line' id='line_1_159' title="bbox 1202 2796 1338 2820; baseline -0.007 0"><span class='ocrx_word' id='word_1_1305' title='bbox 1202 2797 1269 2820; x_wconf 88' lang='lat' dir='ltr'>vant</span> <span class='ocrx_word' id='word_1_1306' title='bbox 1290 2796 1338 2819; x_wconf 85' lang='lat' dir='ltr'>ites</span> 
     </span>
    </p>

    <p class='ocr_par' dir='ltr' id='par_1_49' title="bbox 1239 2812 2269 2874">
     <span class='ocr_line' id='line_1_160' title="bbox 1239 2812 2269 2874; baseline 0.009 -17"><span class='ocrx_word' id='word_1_1307' title='bbox 1239 2827 1287 2858; x_wconf 93' lang='lat' dir='ltr'>De</span> <span class='ocrx_word' id='word_1_1308' title='bbox 1302 2827 1326 2857; x_wconf 90' lang='lat' dir='ltr'>la</span> <span class='ocrx_word' id='word_1_1309' title='bbox 1340 2812 1421 2866; x_wconf 65' lang='lat' dir='ltr'>c&#39;Juele</span> <span class='ocrx_word' id='word_1_1310' title='bbox 1435 2826 1557 2858; x_wconf 89' lang='lat' dir='ltr'>Somme</span> <span class='ocrx_word' id='word_1_1311' title='bbox 1567 2851 1576 2866; x_wconf 90' lang='lat'>‚</span> <span class='ocrx_word' id='word_1_1312' title='bbox 1595 2828 1651 2858; x_wconf 84' lang='lat' dir='ltr'>ensi</span> <span class='ocrx_word' id='word_1_1313' title='bbox 1666 2828 1809 2867; x_wconf 81' lang='lat' dir='ltr'>Resceue,</span> <span class='ocrx_word' id='word_1_1314' title='bbox 1826 2841 1898 2861; x_wconf 84' lang='lat' dir='ltr'>nous</span> <span class='ocrx_word' id='word_1_1315' title='bbox 1927 2832 2072 2872; x_wconf 80' lang='lat' dir='ltr'>Qiitons,</span> <span class='ocrx_word' id='word_1_1316' title='bbox 2096 2834 2269 2874; x_wconf 88' lang='lat' dir='ltr'>Delivrons,</span> 
     </span>
    </p>

    <p class='ocr_par' dir='ltr' id='par_1_50' title="bbox 1203 2866 2270 2944">
     <span class='ocr_line' id='line_1_161' title="bbox 1203 2866 2270 2912; baseline 0.007 -15"><span class='ocrx_word' id='word_1_1317' title='bbox 1203 2868 1237 2897; x_wconf 89' lang='lat'>&amp;</span> <span class='ocrx_word' id='word_1_1318' title='bbox 1253 2866 1395 2896; x_wconf 90' lang='lat' dir='ltr'>Absolons</span> <span class='ocrx_word' id='word_1_1319' title='bbox 1410 2867 1507 2897; x_wconf 90' lang='lat' dir='ltr'>nostre</span> <span class='ocrx_word' id='word_1_1320' title='bbox 1531 2867 1613 2898; x_wconf 91' lang='lat' dir='ltr'>Frere</span> <span class='ocrx_word' id='word_1_1321' title='bbox 1628 2890 1638 2906; x_wconf 93' lang='lat'>,</span> <span class='ocrx_word' id='word_1_1322' title='bbox 1663 2867 1697 2899; x_wconf 69' lang='grc' dir='ltr'>δε</span> <span class='ocrx_word' id='word_1_1323' title='bbox 1716 2867 1754 2898; x_wconf 89' lang='lat' dir='ltr'>les</span> <span class='ocrx_word' id='word_1_1324' title='bbox 1780 2869 1907 2909; x_wconf 85' lang='lat' dir='ltr'>Obligez</span> <span class='ocrx_word' id='word_1_1325' title='bbox 1926 2871 2017 2902; x_wconf 88' lang='lat' dir='ltr'>dessus</span> <span class='ocrx_word' id='word_1_1326' title='bbox 2040 2871 2118 2912; x_wconf 86' lang='lat' dir='ltr'>ditz,</span> <span class='ocrx_word' id='word_1_1327' title='bbox 2140 2874 2173 2905; x_wconf 91' lang='lat'>&amp;</span> <span class='ocrx_word' id='word_1_1328' title='bbox 2193 2875 2270 2905; x_wconf 89' lang='lat' dir='ltr'>lours</span> 
     </span>
     <span class='ocr_line' id='line_1_162' title="bbox 1203 2904 1531 2944; baseline 0.003 -10"><span class='ocrx_word' id='word_1_1329' title='bbox 1203 2904 1306 2943; x_wconf 86' lang='lat' dir='ltr'>Heirs,</span> <span class='ocrx_word' id='word_1_1330' title='bbox 1324 2915 1339 2936; x_wconf 88' lang='lat' dir='ltr'>a</span> <span class='ocrx_word' id='word_1_1331' title='bbox 1357 2913 1426 2935; x_wconf 89' lang='lat' dir='ltr'>touz</span> <span class='ocrx_word' id='word_1_1332' title='bbox 1441 2907 1531 2944; x_wconf 90' lang='lat' dir='ltr'>jours,</span> 
     </span>
    </p>

    <p class='ocr_par' dir='ltr' id='par_1_51' title="bbox 1203 2943 2368 3059">
     <span class='ocr_line' id='line_1_163' title="bbox 1239 2943 2294 2997; baseline 0.009 -23"><span class='ocrx_word' id='word_1_1333' title='bbox 1239 2943 1276 2974; x_wconf 89' lang='lat' dir='ltr'>Et</span> <span class='ocrx_word' id='word_1_1334' title='bbox 1289 2944 1353 2974; x_wconf 91' lang='lat' dir='ltr'>lour</span> <span class='ocrx_word' id='word_1_1335' title='bbox 1367 2944 1468 2974; x_wconf 85' lang='lat' dir='ltr'>faisons</span> <span class='ocrx_word' id='word_1_1336' title='bbox 1481 2945 1605 2983; x_wconf 80' lang='lat' dir='ltr'>exprefle</span> <span class='ocrx_word' id='word_1_1337' title='bbox 1618 2945 1653 2977; x_wconf 85' lang='lat'>&amp;</span> <span class='ocrx_word' id='word_1_1338' title='bbox 1665 2944 1771 2976; x_wconf 86' lang='lat' dir='ltr'>valable</span> <span class='ocrx_word' id='word_1_1339' title='bbox 1791 2946 1912 2978; x_wconf 62' lang='lat' dir='ltr'>Pac-ilion</span> <span class='ocrx_word' id='word_1_1340' title='bbox 1930 2947 1966 2978; x_wconf 90' lang='lat' dir='ltr'>de</span> <span class='ocrx_word' id='word_1_1341' title='bbox 1988 2949 2113 2984; x_wconf 81' lang='lat' dir='ltr'>jammais</span> <span class='ocrx_word' id='word_1_1342' title='bbox 2136 2950 2267 2982; x_wconf 75' lang='lat' dir='ltr'>Detum-</span> <span class='ocrx_word' id='word_1_1343' title='bbox 2279 2982 2294 2997; x_wconf 48' lang='lat' dir='ltr'>s</span> 
     </span>
     <span class='ocr_line' id='line_1_164' title="bbox 1203 2981 2368 3027; baseline 0.009 -15"><span class='ocrx_word' id='word_1_1344' title='bbox 1203 2981 1252 3012; x_wconf 89' lang='lat' dir='ltr'>der</span> <span class='ocrx_word' id='word_1_1345' title='bbox 1265 2992 1280 3012; x_wconf 89' lang='lat' dir='ltr'>a</span> <span class='ocrx_word' id='word_1_1346' title='bbox 1293 2992 1364 3020; x_wconf 87' lang='lat' dir='ltr'>eux,</span> <span class='ocrx_word' id='word_1_1347' title='bbox 1383 2982 1402 3002; x_wconf 59' lang='lat'>*²</span> <span class='ocrx_word' id='word_1_1348' title='bbox 1420 2993 1457 3013; x_wconf 92' lang='lat' dir='ltr'>ne</span> <span class='ocrx_word' id='word_1_1349' title='bbox 1468 2993 1484 3013; x_wconf 91' lang='lat' dir='ltr'>a</span> <span class='ocrx_word' id='word_1_1350' title='bbox 1499 2983 1563 3013; x_wconf 92' lang='lat' dir='ltr'>lour</span> <span class='ocrx_word' id='word_1_1351' title='bbox 1576 2982 1675 3022; x_wconf 74' lang='lat' dir='ltr'>BienS,</span> <span class='ocrx_word' id='word_1_1352' title='bbox 1690 2993 1725 3013; x_wconf 91' lang='lat' dir='ltr'>en</span> <span class='ocrx_word' id='word_1_1353' title='bbox 1735 2984 1926 3024; x_wconf 87' lang='lat' dir='ltr'>Juggement,</span> <span class='ocrx_word' id='word_1_1354' title='bbox 1941 2996 1978 3017; x_wconf 90' lang='lat' dir='ltr'>ne</span> <span class='ocrx_word' id='word_1_1355' title='bbox 1991 2987 2109 3027; x_wconf 84' lang='lat' dir='ltr'>dehors,</span> <span class='ocrx_word' id='word_1_1356' title='bbox 2129 2986 2154 3021; x_wconf 80' lang='lat' dir='ltr'>la</span> <span class='ocrx_word' id='word_1_1357' title='bbox 2176 2990 2265 3021; x_wconf 90' lang='lat' dir='ltr'>Som-</span> <span class='ocrx_word' id='word_1_1358' title='bbox 2317 2984 2368 3010; x_wconf 87' lang='lat' dir='ltr'>VI.</span> 
     </span>
     <span class='ocr_line' id='line_1_165' title="bbox 1204 3020 2345 3059; baseline 0.004 -9"><span class='ocrx_word' id='word_1_1359' title='bbox 1204 3030 1252 3050; x_wconf 93' lang='lat' dir='ltr'>me</span> <span class='ocrx_word' id='word_1_1360' title='bbox 1265 3031 1320 3059; x_wconf 90' lang='lat' dir='ltr'>que</span> <span class='ocrx_word' id='word_1_1361' title='bbox 1336 3020 1417 3051; x_wconf 82' lang='lat' dir='ltr'>Paiez</span> <span class='ocrx_word' id='word_1_1362' title='bbox 1432 3031 1503 3051; x_wconf 90' lang='lat' dir='ltr'>nous</span> <span class='ocrx_word' id='word_1_1363' title='bbox 1517 3021 1573 3059; x_wconf 81' lang='lat' dir='ltr'>est,</span> <span class='ocrx_word' id='word_1_1364' title='bbox 1592 3021 1698 3052; x_wconf 83' lang='lat' dir='ltr'>ficome</span> <span class='ocrx_word' id='word_1_1365' title='bbox 1712 3022 1805 3054; x_wconf 81' lang='lat' dir='ltr'>deffus</span> <span class='ocrx_word' id='word_1_1366' title='bbox 1821 3023 1861 3054; x_wconf 91' lang='lat' dir='ltr'>est</span> <span class='ocrx_word' id='word_1_1367' title='bbox 1874 3024 1925 3054; x_wconf 90' lang='lat' dir='ltr'>dit.</span> <span class='ocrx_word' id='word_1_1368' title='bbox 2280 3029 2345 3055; x_wconf 77' lang='lat'>4²4·</span> 
     </span>
    </p>

    <p class='ocr_par' dir='ltr' id='par_1_52' title="bbox 1203 3059 2268 3182">
     <span class='ocr_line' id='line_1_166' title="bbox 1238 3059 2268 3102; baseline 0.009 -13"><span class='ocrx_word' id='word_1_1369' title='bbox 1238 3059 1320 3089; x_wconf 91' lang='lat' dir='ltr'>Don.</span> <span class='ocrx_word' id='word_1_1370' title='bbox 1334 3069 1382 3099; x_wconf 91' lang='lat' dir='ltr'>par</span> <span class='ocrx_word' id='word_1_1371' title='bbox 1396 3060 1624 3099; x_wconf 87' lang='lat' dir='ltr'>T-esmoignance</span> <span class='ocrx_word' id='word_1_1372' title='bbox 1637 3060 1673 3091; x_wconf 93' lang='lat' dir='ltr'>de</span> <span class='ocrx_word' id='word_1_1373' title='bbox 1694 3061 1790 3091; x_wconf 89' lang='lat' dir='ltr'>nostre</span> <span class='ocrx_word' id='word_1_1374' title='bbox 1812 3061 1907 3093; x_wconf 90' lang='lat' dir='ltr'>Grant</span> <span class='ocrx_word' id='word_1_1375' title='bbox 1928 3062 2006 3102; x_wconf 83' lang='lat' dir='ltr'>Seal,</span> <span class='ocrx_word' id='word_1_1376' title='bbox 2029 3075 2043 3096; x_wconf 86' lang='lat' dir='ltr'>a</span> <span class='ocrx_word' id='word_1_1377' title='bbox 2063 3065 2158 3097; x_wconf 91' lang='lat' dir='ltr'>nostre</span> <span class='ocrx_word' id='word_1_1378' title='bbox 2179 3067 2268 3098; x_wconf 86' lang='lat' dir='ltr'>Palais</span> 
     </span>
     <span class='ocr_line' id='line_1_167' title="bbox 1203 3098 2267 3143; baseline 0.008 -15"><span class='ocrx_word' id='word_1_1379' title='bbox 1203 3098 1240 3128; x_wconf 91' lang='lat' dir='ltr'>de</span> <span class='ocrx_word' id='word_1_1380' title='bbox 1253 3098 1380 3129; x_wconf 87' lang='lat' dir='ltr'>Westm.</span> <span class='ocrx_word' id='word_1_1381' title='bbox 1393 3098 1419 3128; x_wconf 91' lang='lat' dir='ltr'>le</span> <span class='ocrx_word' id='word_1_1382' title='bbox 1434 3107 1451 3128; x_wconf 85' lang='lat' dir='ltr'><strong>x</strong></span> <span class='ocrx_word' id='word_1_1383' title='bbox 1461 3099 1528 3136; x_wconf 91' lang='lat' dir='ltr'>jour</span> <span class='ocrx_word' id='word_1_1384' title='bbox 1543 3098 1721 3137; x_wconf 67' lang='lat' dir='ltr'>d’Oetobre‚</span> <span class='ocrx_word' id='word_1_1385' title='bbox 1739 3099 1805 3130; x_wconf 88' lang='lat' dir='ltr'>l&#39;An</span> <span class='ocrx_word' id='word_1_1386' title='bbox 1820 3099 1856 3131; x_wconf 93' lang='lat' dir='ltr'>de</span> <span class='ocrx_word' id='word_1_1387' title='bbox 1870 3101 1968 3132; x_wconf 80' lang='lat' dir='ltr'>Gracc</span> <span class='ocrx_word' id='word_1_1388' title='bbox 1982 3102 2057 3142; x_wconf 88' lang='lat' dir='ltr'>Mil,</span> <span class='ocrx_word' id='word_1_1389' title='bbox 2077 3104 2246 3137; x_wconf 85' lang='lat' dir='ltr'>Troiscentz</span> <span class='ocrx_word' id='word_1_1390' title='bbox 2258 3129 2267 3143; x_wconf 94' lang='lat'>‚</span> 
     </span>
     <span class='ocr_line' id='line_1_168' title="bbox 1205 3137 2130 3182; baseline 0.006 -14"><span class='ocrx_word' id='word_1_1391' title='bbox 1205 3137 1337 3168; x_wconf 84' lang='lat' dir='ltr'>Soixante</span> <span class='ocrx_word' id='word_1_1392' title='bbox 1356 3139 1391 3169; x_wconf 89' lang='lat'>&amp;</span> <span class='ocrx_word' id='word_1_1393' title='bbox 1403 3137 1507 3175; x_wconf 87' lang='lat' dir='ltr'>Trois,</span> <span class='ocrx_word' id='word_1_1394' title='bbox 1524 3137 1558 3168; x_wconf 88' lang='lat'>&amp;</span> <span class='ocrx_word' id='word_1_1395' title='bbox 1572 3137 1608 3168; x_wconf 93' lang='lat' dir='ltr'>de</span> <span class='ocrx_word' id='word_1_1396' title='bbox 1622 3137 1717 3168; x_wconf 90' lang='lat' dir='ltr'>nostre</span> <span class='ocrx_word' id='word_1_1397' title='bbox 1732 3137 1835 3178; x_wconf 88' lang='lat' dir='ltr'>Regne</span> <span class='ocrx_word' id='word_1_1398' title='bbox 1853 3139 1964 3172; x_wconf 90' lang='lat' dir='ltr'>Trente</span> <span class='ocrx_word' id='word_1_1399' title='bbox 1985 3141 2130 3182; x_wconf 86' lang='lat' dir='ltr'>Septisme.</span> 
     </span>
    </p>
   </div>
   <div class='ocr_carea' id='block_1_22' title="bbox 1226 3262 2244 3313">
    <p class='ocr_par' dir='ltr' id='par_1_53' title="bbox 1226 3262 2244 3313">
     <span class='ocr_line' id='line_1_169' title="bbox 1226 3262 2244 3313; baseline 0.005 -17"><span class='ocrx_word' id='word_1_1400' title='bbox 1226 3265 1276 3297; x_wconf 86' lang='lat' dir='ltr'>De</span> <span class='ocrx_word' id='word_1_1401' title='bbox 1295 3263 1476 3297; x_wconf 68' lang='lat' dir='ltr'>Protefflone</span> <span class='ocrx_word' id='word_1_1402' title='bbox 1486 3272 1541 3309; x_wconf 86' lang='lat' dir='ltr'>pro</span> <span class='ocrx_word' id='word_1_1403' title='bbox 1560 3265 1691 3296; x_wconf 84' lang='lat' dir='ltr'>Domino</span> <span class='ocrx_word' id='word_1_1404' title='bbox 1707 3262 1744 3297; x_wconf 83' lang='lat' dir='ltr'>de</span> <span class='ocrx_word' id='word_1_1405' title='bbox 1759 3265 1959 3299; x_wconf 83' lang='lat' dir='ltr'>Maulevrier</span> <span class='ocrx_word' id='word_1_1406' title='bbox 1974 3270 2010 3305; x_wconf 59' lang='grc' dir='ltr'>(ῤ’</span> <span class='ocrx_word' id='word_1_1407' title='bbox 2027 3265 2244 3313; x_wconf 78' lang='lat' dir='ltr'>Pofflffionibus.</span> 
     </span>
    </p>
   </div>
   <div class='ocr_carea' id='block_1_23' title="bbox 1202 3347 2414 3969">
    <p class='ocr_par' dir='ltr' id='par_1_54' title="bbox 1202 3347 2414 3969">
     <span class='ocr_line' id='line_1_170' title="bbox 1204 3347 2414 3410; baseline 0.002 -32"><span class='ocrx_word' id='word_1_1408' title='bbox 1204 3348 1388 3410; x_wconf 82' lang='lat' dir='ltr'>EDward,</span> <span class='ocrx_word' id='word_1_1409' title='bbox 1406 3358 1453 3386; x_wconf 89' lang='lat' dir='ltr'>par</span> <span class='ocrx_word' id='word_1_1410' title='bbox 1464 3348 1489 3378; x_wconf 89' lang='lat' dir='ltr'>la</span> <span class='ocrx_word' id='word_1_1411' title='bbox 1505 3347 1601 3378; x_wconf 84' lang='lat' dir='ltr'>Gracc</span> <span class='ocrx_word' id='word_1_1412' title='bbox 1614 3347 1650 3378; x_wconf 91' lang='lat' dir='ltr'>de</span> <span class='ocrx_word' id='word_1_1413' title='bbox 1664 3348 1761 3388; x_wconf 88' lang='lat' dir='ltr'>Dieu‚</span> <span class='ocrx_word' id='word_1_1414' title='bbox 1779 3349 1840 3380; x_wconf 85' lang='lat' dir='ltr'>Roi</span> <span class='ocrx_word' id='word_1_1415' title='bbox 1855 3351 2263 3390; x_wconf 79' lang='lat' dir='ltr'>d’Engleterre,Seignurd’Ir-</span> <span class='ocrx_word' id='word_1_1416' title='bbox 2278 3358 2353 3390; x_wconf 55' lang='grc' dir='ltr'>Αῃῃ,</span> <span class='ocrx_word' id='word_1_1417' title='bbox 2371 3362 2414 3394; x_wconf 65' lang='lat' dir='ltr'>D⁹</span> 
     </span>
     <span class='ocr_line' id='line_1_171' title="bbox 1283 3387 2385 3440; baseline 0.005 -23"><span class='ocrx_word' id='word_1_1418' title='bbox 1283 3387 1362 3418; x_wconf 87' lang='lat' dir='ltr'>lande</span> <span class='ocrx_word' id='word_1_1419' title='bbox 1377 3389 1409 3419; x_wconf 64' lang='grc' dir='ltr'>ὃς</span> <span class='ocrx_word' id='word_1_1420' title='bbox 1425 3387 1481 3417; x_wconf 85' lang='grc' dir='ltr'>ι1Ἀ</span> <span class='ocrx_word' id='word_1_1421' title='bbox 1502 3387 1637 3425; x_wconf 83' lang='lat' dir='ltr'>uitaigne,</span> <span class='ocrx_word' id='word_1_1422' title='bbox 1657 3397 1671 3416; x_wconf 82' lang='lat' dir='ltr'>a</span> <span class='ocrx_word' id='word_1_1423' title='bbox 1687 3396 1757 3419; x_wconf 89' lang='lat' dir='ltr'>touz</span> <span class='ocrx_word' id='word_1_1424' title='bbox 1768 3388 1807 3419; x_wconf 89' lang='lat' dir='ltr'>les</span> <span class='ocrx_word' id='word_1_1425' title='bbox 1821 3389 2023 3428; x_wconf 79' lang='lat' dir='ltr'>Seneschaulx,</span> <span class='ocrx_word' id='word_1_1426' title='bbox 2038 3390 2264 3428; x_wconf 79' lang='lat' dir='ltr'>justiciers,Vis-</span> <span class='ocrx_word' id='word_1_1427' title='bbox 2302 3400 2385 3440; x_wconf 54' lang='lat'>1363,</span> 
     </span>
     <span class='ocr_line' id='line_1_172' title="bbox 1204 3425 2394 3476; baseline 0.007 -19"><span class='ocrx_word' id='word_1_1428' title='bbox 1204 3435 1338 3464; x_wconf 85' lang='lat' dir='ltr'>countes,</span> <span class='ocrx_word' id='word_1_1429' title='bbox 1352 3425 1453 3457; x_wconf 75' lang='lat' dir='ltr'>Baillifs</span> <span class='ocrx_word' id='word_1_1430' title='bbox 1465 3449 1475 3464; x_wconf 90' lang='lat'>,</span> <span class='ocrx_word' id='word_1_1431' title='bbox 1522 3425 1638 3455; x_wconf 86' lang='lat' dir='ltr'>rovostz</span> <span class='ocrx_word' id='word_1_1432' title='bbox 1651 3448 1660 3462; x_wconf 87' lang='lat'>‚</span> <span class='ocrx_word' id='word_1_1433' title='bbox 1687 3427 1721 3456; x_wconf 74' lang='grc' dir='ltr'>δε</span> <span class='ocrx_word' id='word_1_1434' title='bbox 1740 3436 1829 3457; x_wconf 88' lang='lat' dir='ltr'>autres</span> <span class='ocrx_word' id='word_1_1435' title='bbox 1847 3428 1992 3458; x_wconf 84' lang='lat' dir='ltr'>Ministres</span> <span class='ocrx_word' id='word_1_1436' title='bbox 2019 3428 2209 3468; x_wconf 82' lang='lat' dir='ltr'>quelconques</span> <span class='ocrx_word' id='word_1_1437' title='bbox 2228 3431 2265 3463; x_wconf 83' lang='lat' dir='ltr'>de</span> <span class='ocrx_word' id='word_1_1438' title='bbox 2277 3441 2329 3465; x_wconf 80' lang='lat' dir='ltr'>An.</span> <span class='ocrx_word' id='word_1_1439' title='bbox 2350 3449 2394 3476; x_wconf 75' lang='lat'>37.</span> 
     </span>
     <span class='ocr_line' id='line_1_173' title="bbox 1202 3463 2354 3514; baseline 0 -17"><span class='ocrx_word' id='word_1_1440' title='bbox 1202 3475 1280 3497; x_wconf 90' lang='lat' dir='ltr'>toute</span> <span class='ocrx_word' id='word_1_1441' title='bbox 1292 3464 1388 3495; x_wconf 88' lang='lat' dir='ltr'>nostre</span> <span class='ocrx_word' id='word_1_1442' title='bbox 1404 3465 1547 3504; x_wconf 82' lang='lat' dir='ltr'>Seignurie</span> <span class='ocrx_word' id='word_1_1443' title='bbox 1559 3463 1776 3504; x_wconf 83' lang='lat' dir='ltr'>d&#39;Aquitaigne,</span> <span class='ocrx_word' id='word_1_1444' title='bbox 1790 3466 1895 3496; x_wconf 87' lang='lat' dir='ltr'>Salutz.</span> <span class='ocrx_word' id='word_1_1445' title='bbox 2203 3508 2204 3511; x_wconf 13' lang='grc' dir='ltr'><strong>Ἰ</strong></span> <span class='ocrx_word' id='word_1_1446' title='bbox 2279 3479 2310 3503; x_wconf 77' lang='lat' dir='ltr'>E.</span> <span class='ocrx_word' id='word_1_1447' title='bbox 2330 3487 2354 3514; x_wconf 45' lang='lat'>3.</span> 
     </span>
     <span class='ocr_line' id='line_1_174' title="bbox 1240 3502 2398 3554; baseline 0.008 -20"><span class='ocrx_word' id='word_1_1448' title='bbox 1240 3504 1403 3535; x_wconf 82' lang='lat' dir='ltr'>Voulliantz</span> <span class='ocrx_word' id='word_1_1449' title='bbox 1419 3504 1485 3533; x_wconf 89' lang='lat' dir='ltr'>faire</span> <span class='ocrx_word' id='word_1_1450' title='bbox 1505 3502 1601 3532; x_wconf 76' lang='lat' dir='ltr'>Gracc</span> <span class='ocrx_word' id='word_1_1451' title='bbox 1619 3503 1750 3541; x_wconf 88' lang='lat' dir='ltr'>especiale</span> <span class='ocrx_word' id='word_1_1452' title='bbox 1769 3514 1784 3533; x_wconf 86' lang='lat' dir='ltr'>a</span> <span class='ocrx_word' id='word_1_1453' title='bbox 1799 3526 1809 3541; x_wconf 89' lang='lat'>,</span> <span class='ocrx_word' id='word_1_1454' title='bbox 1832 3505 1944 3535; x_wconf 89' lang='lat' dir='ltr'>Nobles</span> <span class='ocrx_word' id='word_1_1455' title='bbox 1963 3505 2058 3535; x_wconf 87' lang='lat' dir='ltr'>Homs</span> <span class='ocrx_word' id='word_1_1456' title='bbox 2072 3528 2082 3543; x_wconf 80' lang='lat'>,</span> <span class='ocrx_word' id='word_1_1457' title='bbox 2110 3505 2260 3546; x_wconf 84' lang='lat' dir='ltr'>Reignaud</span> <span class='ocrx_word' id='word_1_1458' title='bbox 2274 3518 2398 3554; x_wconf 74' lang='lat' dir='ltr'>Franc.37</span> 
     </span>
     <span class='ocr_line' id='line_1_175' title="bbox 1203 3541 2349 3590; baseline 0.006 -19"><span class='ocrx_word' id='word_1_1459' title='bbox 1203 3542 1323 3581; x_wconf 85' lang='lat' dir='ltr'>Seignur</span> <span class='ocrx_word' id='word_1_1460' title='bbox 1336 3542 1371 3572; x_wconf 89' lang='lat' dir='ltr'>de</span> <span class='ocrx_word' id='word_1_1461' title='bbox 1387 3541 1555 3572; x_wconf 84' lang='lat' dir='ltr'>Maulevrier</span> <span class='ocrx_word' id='word_1_1462' title='bbox 1568 3563 1578 3578; x_wconf 88' lang='lat'>,</span> <span class='ocrx_word' id='word_1_1463' title='bbox 1604 3541 1700 3572; x_wconf 89' lang='lat' dir='ltr'>nostre</span> <span class='ocrx_word' id='word_1_1464' title='bbox 1720 3541 1825 3580; x_wconf 79' lang='lat' dir='ltr'>Ostagc</span> <span class='ocrx_word' id='word_1_1465' title='bbox 1844 3553 1894 3580; x_wconf 86' lang='lat' dir='ltr'>pur</span> <span class='ocrx_word' id='word_1_1466' title='bbox 1915 3543 2192 3581; x_wconf 78' lang='lat' dir='ltr'>l’Acompliffement</span> <span class='ocrx_word' id='word_1_1467' title='bbox 2211 3547 2259 3578; x_wconf 90' lang='lat' dir='ltr'>des</span> <span class='ocrx_word' id='word_1_1468' title='bbox 2275 3557 2303 3581; x_wconf 85' lang='grc' dir='ltr'>Ε,</span> <span class='ocrx_word' id='word_1_1469' title='bbox 2324 3564 2349 3590; x_wconf 65' lang='grc'>3,</span> 
     </span>
     <span class='ocr_line' id='line_1_176' title="bbox 1203 3579 2350 3624; baseline 0.007 -14"><span class='ocrx_word' id='word_1_1470' title='bbox 1203 3580 1313 3611; x_wconf 88' lang='lat' dir='ltr'>Choses</span> <span class='ocrx_word' id='word_1_1471' title='bbox 1324 3581 1459 3611; x_wconf 87' lang='lat' dir='ltr'>accordes</span> <span class='ocrx_word' id='word_1_1472' title='bbox 1473 3580 1516 3609; x_wconf 87' lang='lat' dir='ltr'>sur</span> <span class='ocrx_word' id='word_1_1473' title='bbox 1532 3579 1556 3608; x_wconf 88' lang='lat' dir='ltr'>la</span> <span class='ocrx_word' id='word_1_1474' title='bbox 1569 3579 1635 3610; x_wconf 85' lang='lat' dir='ltr'>Paix</span> <span class='ocrx_word' id='word_1_1475' title='bbox 1644 3603 1653 3618; x_wconf 93' lang='lat'>,</span> <span class='ocrx_word' id='word_1_1476' title='bbox 1666 3580 1730 3620; x_wconf 86' lang='lat' dir='ltr'>faite</span> <span class='ocrx_word' id='word_1_1477' title='bbox 1744 3580 1937 3612; x_wconf 86' lang='lat' dir='ltr'>darrenement</span> <span class='ocrx_word' id='word_1_1478' title='bbox 1950 3590 2029 3613; x_wconf 86' lang='lat' dir='ltr'>entre</span> <span class='ocrx_word' id='word_1_1479' title='bbox 2043 3582 2131 3613; x_wconf 89' lang='lat' dir='ltr'>Nous</span> <span class='ocrx_word' id='word_1_1480' title='bbox 2142 3586 2259 3622; x_wconf 84' lang='lat' dir='ltr'>&amp;,nos-</span> <span class='ocrx_word' id='word_1_1481' title='bbox 2273 3601 2310 3620; x_wconf 88' lang='lat' dir='ltr'>m.</span> <span class='ocrx_word' id='word_1_1482' title='bbox 2324 3603 2350 3624; x_wconf 82' lang='lat'>7·</span> 
     </span>
     <span class='ocr_line' id='line_1_177' title="bbox 1204 3618 1836 3657; baseline -0.002 -8"><span class='ocrx_word' id='word_1_1483' title='bbox 1204 3628 1248 3650; x_wconf 82' lang='lat' dir='ltr'>tre</span> <span class='ocrx_word' id='word_1_1484' title='bbox 1261 3618 1416 3649; x_wconf 82' lang='lat' dir='ltr'>Treschere</span> <span class='ocrx_word' id='word_1_1485' title='bbox 1431 3619 1453 3648; x_wconf 80' lang='lat' dir='ltr'>F</span> <span class='ocrx_word' id='word_1_1486' title='bbox 1455 3627 1531 3654; x_wconf 86' lang='lat' dir='ltr'>rere,</span> <span class='ocrx_word' id='word_1_1487' title='bbox 1550 3618 1576 3647; x_wconf 89' lang='lat' dir='ltr'>le</span> <span class='ocrx_word' id='word_1_1488' title='bbox 1591 3618 1651 3648; x_wconf 86' lang='lat' dir='ltr'>Roi</span> <span class='ocrx_word' id='word_1_1489' title='bbox 1664 3619 1699 3648; x_wconf 89' lang='lat' dir='ltr'>de</span> <span class='ocrx_word' id='word_1_1490' title='bbox 1713 3619 1836 3657; x_wconf 84' lang='lat' dir='ltr'>France,</span> 
     </span>
     <span class='ocr_line' id='line_1_178' title="bbox 1242 3656 2257 3695; baseline 0.005 -8"><span class='ocrx_word' id='word_1_1491' title='bbox 1242 3658 1341 3687; x_wconf 85' lang='lat' dir='ltr'>Avons</span> <span class='ocrx_word' id='word_1_1492' title='bbox 1356 3658 1413 3687; x_wconf 88' lang='lat' dir='ltr'>Pris</span> <span class='ocrx_word' id='word_1_1493' title='bbox 1427 3657 1460 3687; x_wconf 71' lang='lat' dir='ltr'>&lt;St</span> <span class='ocrx_word' id='word_1_1494' title='bbox 1476 3656 1534 3685; x_wconf 79' lang='lat' dir='ltr'>Mis</span> <span class='ocrx_word' id='word_1_1495' title='bbox 1566 3656 1692 3686; x_wconf 85' lang='lat' dir='ltr'>Prenons</span> <span class='ocrx_word' id='word_1_1496' title='bbox 1707 3658 1739 3686; x_wconf 69' lang='grc' dir='ltr'>ὅ(</span> <span class='ocrx_word' id='word_1_1497' title='bbox 1756 3656 1902 3695; x_wconf 87' lang='lat' dir='ltr'>Mettons,</span> <span class='ocrx_word' id='word_1_1498' title='bbox 1921 3668 1956 3688; x_wconf 91' lang='lat' dir='ltr'>en</span> <span class='ocrx_word' id='word_1_1499' title='bbox 1972 3658 2066 3689; x_wconf 87' lang='lat' dir='ltr'>nostre</span> <span class='ocrx_word' id='word_1_1500' title='bbox 2081 3660 2162 3690; x_wconf 76' lang='lat' dir='ltr'>Salve</span> <span class='ocrx_word' id='word_1_1501' title='bbox 2182 3661 2257 3693; x_wconf 88' lang='lat' dir='ltr'>Gar-</span> 
     </span>
     <span class='ocr_line' id='line_1_179' title="bbox 1205 3679 2261 3742; baseline 0.005 -16"><span class='ocrx_word' id='word_1_1502' title='bbox 1205 3696 1241 3726; x_wconf 91' lang='lat' dir='ltr'>de</span> <span class='ocrx_word' id='word_1_1503' title='bbox 1256 3698 1290 3728; x_wconf 88' lang='lat'>&amp;</span> <span class='ocrx_word' id='word_1_1504' title='bbox 1306 3696 1471 3726; x_wconf 62' lang='lat' dir='ltr'>promerion</span> <span class='ocrx_word' id='word_1_1505' title='bbox 1490 3679 1585 3724; x_wconf 69' lang='lat' dir='ltr'>iioiitre</span> <span class='ocrx_word' id='word_1_1506' title='bbox 1611 3695 1652 3724; x_wconf 92' lang='lat' dir='ltr'>dit</span> <span class='ocrx_word' id='word_1_1507' title='bbox 1674 3694 1782 3733; x_wconf 80' lang='lat' dir='ltr'>Ostage</span> <span class='ocrx_word' id='word_1_1508' title='bbox 1802 3718 1812 3733; x_wconf 86' lang='lat'>‚</span> <span class='ocrx_word' id='word_1_1509' title='bbox 1846 3698 1879 3726; x_wconf 73' lang='grc' dir='ltr'>ὃ(</span> <span class='ocrx_word' id='word_1_1510' title='bbox 1903 3706 1993 3728; x_wconf 90' lang='lat' dir='ltr'>toutes</span> <span class='ocrx_word' id='word_1_1511' title='bbox 2013 3698 2050 3741; x_wconf 81' lang='lat' dir='ltr'>ses</span> <span class='ocrx_word' id='word_1_1512' title='bbox 2073 3698 2261 3742; x_wconf 72' lang='lat' dir='ltr'>Poffeffions,</span> 
     </span>
     <span class='ocr_line' id='line_1_180' title="bbox 1205 3733 2259 3775; baseline 0.004 -11"><span class='ocrx_word' id='word_1_1513' title='bbox 1205 3734 1308 3764; x_wconf 87' lang='lat' dir='ltr'>Terres</span> <span class='ocrx_word' id='word_1_1514' title='bbox 1317 3756 1326 3771; x_wconf 89' lang='lat'>,</span> <span class='ocrx_word' id='word_1_1515' title='bbox 1346 3735 1379 3764; x_wconf 86' lang='lat'>&amp;</span> <span class='ocrx_word' id='word_1_1516' title='bbox 1390 3734 1548 3771; x_wconf 79' lang='lat' dir='ltr'>Heritages,</span> <span class='ocrx_word' id='word_1_1517' title='bbox 1566 3733 1689 3762; x_wconf 80' lang='lat' dir='ltr'>cstcantz</span> <span class='ocrx_word' id='word_1_1518' title='bbox 1701 3733 1804 3764; x_wconf 87' lang='lat' dir='ltr'>dedens</span> <span class='ocrx_word' id='word_1_1519' title='bbox 1819 3734 1915 3766; x_wconf 88' lang='lat' dir='ltr'>nostre</span> <span class='ocrx_word' id='word_1_1520' title='bbox 1929 3737 1969 3767; x_wconf 90' lang='lat' dir='ltr'>dit</span> <span class='ocrx_word' id='word_1_1521' title='bbox 1978 3736 2132 3775; x_wconf 76' lang='lat' dir='ltr'>Seignune,</span> <span class='ocrx_word' id='word_1_1522' title='bbox 2146 3739 2259 3772; x_wconf 79' lang='lat' dir='ltr'>&amp;dont</span> 
     </span>
     <span class='ocr_line' id='line_1_181' title="bbox 1207 3771 1742 3809; baseline -0.004 -6"><span class='ocrx_word' id='word_1_1523' title='bbox 1207 3773 1228 3803; x_wconf 86' lang='lat' dir='ltr'>il</span> <span class='ocrx_word' id='word_1_1524' title='bbox 1242 3773 1283 3802; x_wconf 89' lang='lat' dir='ltr'>est</span> <span class='ocrx_word' id='word_1_1525' title='bbox 1299 3774 1331 3803; x_wconf 62' lang='grc' dir='ltr'>ὃς</span> <span class='ocrx_word' id='word_1_1526' title='bbox 1347 3773 1406 3802; x_wconf 92' lang='lat' dir='ltr'>doit</span> <span class='ocrx_word' id='word_1_1527' title='bbox 1421 3771 1490 3801; x_wconf 88' lang='lat' dir='ltr'>estre</span> <span class='ocrx_word' id='word_1_1528' title='bbox 1506 3771 1600 3800; x_wconf 79' lang='lat' dir='ltr'>nostre</span> <span class='ocrx_word' id='word_1_1529' title='bbox 1615 3772 1742 3809; x_wconf 69' lang='lat' dir='ltr'>Subgiet,</span> 
     </span>
     <span class='ocr_line' id='line_1_182' title="bbox 1246 3809 2267 3852; baseline 0.006 -10"><span class='ocrx_word' id='word_1_1530' title='bbox 1246 3811 1284 3842; x_wconf 88' lang='lat' dir='ltr'>Et</span> <span class='ocrx_word' id='word_1_1531' title='bbox 1296 3811 1397 3842; x_wconf 88' lang='lat' dir='ltr'>volons</span> <span class='ocrx_word' id='word_1_1532' title='bbox 1412 3820 1466 3847; x_wconf 90' lang='lat' dir='ltr'>que</span> <span class='ocrx_word' id='word_1_1533' title='bbox 1480 3809 1579 3848; x_wconf 84' lang='lat' dir='ltr'>ycellcs</span> <span class='ocrx_word' id='word_1_1534' title='bbox 1593 3809 1781 3850; x_wconf 65' lang='lat' dir='ltr'>Pnffeuions,</span> <span class='ocrx_word' id='word_1_1535' title='bbox 1807 3810 1911 3842; x_wconf 83' lang='lat' dir='ltr'>Terres</span> <span class='ocrx_word' id='word_1_1536' title='bbox 1923 3835 1934 3850; x_wconf 85' lang='lat'>,</span> <span class='ocrx_word' id='word_1_1537' title='bbox 1958 3814 1990 3842; x_wconf 87' lang='lat'>&amp;</span> <span class='ocrx_word' id='word_1_1538' title='bbox 2013 3811 2160 3852; x_wconf 65' lang='lat' dir='ltr'>Heni-ages</span> <span class='ocrx_word' id='word_1_1539' title='bbox 2179 3816 2267 3848; x_wconf 85' lang='lat' dir='ltr'>soient</span> 
     </span>
     <span class='ocr_line' id='line_1_183' title="bbox 1207 3847 2268 3895; baseline 0.006 -15"><span class='ocrx_word' id='word_1_1540' title='bbox 1207 3852 1240 3882; x_wconf 90' lang='lat'>&amp;</span> <span class='ocrx_word' id='word_1_1541' title='bbox 1255 3850 1420 3880; x_wconf 79' lang='lat' dir='ltr'>dementent</span> <span class='ocrx_word' id='word_1_1542' title='bbox 1434 3858 1469 3877; x_wconf 87' lang='lat' dir='ltr'>en</span> <span class='ocrx_word' id='word_1_1543' title='bbox 1484 3848 1599 3878; x_wconf 74' lang='lat' dir='ltr'>meismc</span> <span class='ocrx_word' id='word_1_1544' title='bbox 1612 3847 1723 3885; x_wconf 71' lang='lat' dir='ltr'>l’Estat,</span> <span class='ocrx_word' id='word_1_1545' title='bbox 1742 3860 1780 3880; x_wconf 86' lang='lat' dir='ltr'>ou</span> <span class='ocrx_word' id='word_1_1546' title='bbox 1792 3851 1866 3890; x_wconf 86' lang='lat' dir='ltr'>quiel</span> <span class='ocrx_word' id='word_1_1547' title='bbox 1882 3852 1914 3881; x_wconf 67' lang='lat' dir='ltr'>ils</span> <span class='ocrx_word' id='word_1_1548' title='bbox 1926 3851 2044 3881; x_wconf 76' lang='lat' dir='ltr'>elloient</span> <span class='ocrx_word' id='word_1_1549' title='bbox 2058 3861 2091 3881; x_wconf 87' lang='lat' dir='ltr'>au</span> <span class='ocrx_word' id='word_1_1550' title='bbox 2101 3853 2168 3890; x_wconf 88' lang='lat' dir='ltr'>jour</span> <span class='ocrx_word' id='word_1_1551' title='bbox 2181 3856 2227 3895; x_wconf 82' lang='lat' dir='ltr'>q’il</span> <span class='ocrx_word' id='word_1_1552' title='bbox 2242 3857 2268 3886; x_wconf 89' lang='lat' dir='ltr'>se</span> 
     </span>
     <span class='ocr_line' id='line_1_184' title="bbox 1210 3885 2265 3928; baseline 0.004 -10"><span class='ocrx_word' id='word_1_1553' title='bbox 1210 3889 1308 3918; x_wconf 84' lang='lat' dir='ltr'>Rendi</span> <span class='ocrx_word' id='word_1_1554' title='bbox 1322 3899 1337 3918; x_wconf 86' lang='lat' dir='ltr'>a</span> <span class='ocrx_word' id='word_1_1555' title='bbox 1351 3897 1421 3917; x_wconf 88' lang='lat' dir='ltr'>nous</span> <span class='ocrx_word' id='word_1_1556' title='bbox 1431 3896 1467 3915; x_wconf 91' lang='lat' dir='ltr'>en</span> <span class='ocrx_word' id='word_1_1557' title='bbox 1481 3885 1601 3925; x_wconf 79' lang='lat' dir='ltr'>Ostage,</span> <span class='ocrx_word' id='word_1_1558' title='bbox 1619 3888 1684 3916; x_wconf 85' lang='lat' dir='ltr'>sanz</span> <span class='ocrx_word' id='word_1_1559' title='bbox 1698 3898 1731 3918; x_wconf 72' lang='lat' dir='ltr'>cc</span> <span class='ocrx_word' id='word_1_1560' title='bbox 1747 3899 1802 3928; x_wconf 82' lang='lat' dir='ltr'>que</span> <span class='ocrx_word' id='word_1_1561' title='bbox 1816 3899 1907 3919; x_wconf 84' lang='lat' dir='ltr'>aucun</span> <span class='ocrx_word' id='word_1_1562' title='bbox 1922 3890 1959 3919; x_wconf 90' lang='lat' dir='ltr'>dc</span> <span class='ocrx_word' id='word_1_1563' title='bbox 1986 3898 2043 3919; x_wconf 89' lang='lat' dir='ltr'>noz</span> <span class='ocrx_word' id='word_1_1564' title='bbox 2063 3890 2188 3923; x_wconf 77' lang='lat' dir='ltr'>Suboiez</span> <span class='ocrx_word' id='word_1_1565' title='bbox 2208 3895 2265 3925; x_wconf 82' lang='lat' dir='ltr'>Lui</span> 
     </span>
     <span class='ocr_line' id='line_1_185' title="bbox 1209 3916 2267 3969; baseline 0.002 -13"><span class='ocrx_word' id='word_1_1566' title='bbox 1209 3926 1298 3965; x_wconf 76' lang='lat' dir='ltr'>puisse</span> <span class='ocrx_word' id='word_1_1567' title='bbox 1309 3935 1424 3965; x_wconf 83' lang='lat' dir='ltr'>grever‚</span> <span class='ocrx_word' id='word_1_1568' title='bbox 1442 3924 1621 3964; x_wconf 84' lang='lat' dir='ltr'>empeschcr,</span> <span class='ocrx_word' id='word_1_1569' title='bbox 1638 3925 1776 3963; x_wconf 83' lang='lat' dir='ltr'>domager</span> <span class='ocrx_word' id='word_1_1570' title='bbox 1786 3952 1794 3965; x_wconf 78' lang='lat'>,</span> <span class='ocrx_word' id='word_1_1571' title='bbox 1812 3929 1891 3957; x_wconf 81' lang='lat' dir='ltr'>traise</span> <span class='ocrx_word' id='word_1_1572' title='bbox 1904 3937 1938 3957; x_wconf 88' lang='lat' dir='ltr'>en</span> <span class='ocrx_word' id='word_1_1573' title='bbox 1953 3928 2050 3966; x_wconf 87' lang='lat' dir='ltr'>cause,</span> <span class='ocrx_word' id='word_1_1574' title='bbox 2063 3939 2099 3959; x_wconf 90' lang='lat' dir='ltr'>en</span> <span class='ocrx_word' id='word_1_1575' title='bbox 2111 3916 2267 3969; x_wconf 55' lang='lat' dir='ltr'>J‘iigement</span> 
     </span>
    </p>
   </div>
   <div class='ocr_carea' id='block_1_24' title="bbox 1210 3963 2269 4040">
    <p class='ocr_par' dir='ltr' id='par_1_55' title="bbox 1210 3963 2269 4040">
     <span class='ocr_line' id='line_1_186' title="bbox 1211 3963 2269 4009; baseline 0.006 -14"><span class='ocrx_word' id='word_1_1576' title='bbox 1211 3975 1247 3995; x_wconf 93' lang='lat' dir='ltr'>ne</span> <span class='ocrx_word' id='word_1_1577' title='bbox 1262 3965 1380 4001; x_wconf 76' lang='lat' dir='ltr'>dchors,</span> <span class='ocrx_word' id='word_1_1578' title='bbox 1399 3973 1447 4001; x_wconf 74' lang='lat' dir='ltr'>par</span> <span class='ocrx_word' id='word_1_1579' title='bbox 1463 3963 1640 4002; x_wconf 82' lang='lat' dir='ltr'>quelconque</span> <span class='ocrx_word' id='word_1_1580' title='bbox 1655 3973 1785 4003; x_wconf 85' lang='lat' dir='ltr'>manere,</span> <span class='ocrx_word' id='word_1_1581' title='bbox 1802 3976 1817 3996; x_wconf 85' lang='lat' dir='ltr'>a</span> <span class='ocrx_word' id='word_1_1582' title='bbox 1829 3966 1919 3996; x_wconf 64' lang='lat' dir='ltr'>causes</span> <span class='ocrx_word' id='word_1_1583' title='bbox 1933 3967 1981 3996; x_wconf 85' lang='lat' dir='ltr'>des</span> <span class='ocrx_word' id='word_1_1584' title='bbox 1995 3966 2166 3999; x_wconf 79' lang='lat' dir='ltr'>Poffeffions</span> <span class='ocrx_word' id='word_1_1585' title='bbox 2177 3972 2269 4009; x_wconf 74' lang='lat' dir='ltr'>,Ter—</span> 
     </span>
     <span class='ocr_line' id='line_1_187' title="bbox 1210 4001 1687 4040; baseline -0.002 -6"><span class='ocrx_word' id='word_1_1586' title='bbox 1210 4013 1269 4040; x_wconf 84' lang='lat' dir='ltr'>res,</span> <span class='ocrx_word' id='word_1_1587' title='bbox 1288 4013 1326 4032; x_wconf 92' lang='lat' dir='ltr'>ou</span> <span class='ocrx_word' id='word_1_1588' title='bbox 1355 4002 1500 4031; x_wconf 78' lang='lat' dir='ltr'>Heritaoes</span> <span class='ocrx_word' id='word_1_1589' title='bbox 1515 4001 1687 4033; x_wconf 68' lang='lat' dir='ltr'>dess&#39;usdites:</span> 
     </span>
    </p>
   </div>
   <div class='ocr_carea' id='block_1_25' title="bbox 1250 4025 2272 4110">
    <p class='ocr_par' dir='ltr' id='par_1_56' title="bbox 1250 4025 2272 4110">
     <span class='ocr_line' id='line_1_188' title="bbox 1250 4025 2272 4110; baseline 0.003 -37"><span class='ocrx_word' id='word_1_1590' title='bbox 1250 4042 1281 4073; x_wconf 84' lang='lat' dir='ltr'>Si</span> <span class='ocrx_word' id='word_1_1591' title='bbox 1296 4050 1365 4072; x_wconf 88' lang='lat' dir='ltr'>vous</span> <span class='ocrx_word' id='word_1_1592' title='bbox 1379 4025 1525 4071; x_wconf 58' lang='lat' dir='ltr'>Mandons</span> <span class='ocrx_word' id='word_1_1593' title='bbox 1540 4041 1572 4072; x_wconf 86' lang='lat'>&amp;</span> <span class='ocrx_word' id='word_1_1594' title='bbox 1585 4041 1811 4110; x_wconf 50' lang='lat' dir='ltr'>commaridons,</span> <span class='ocrx_word' id='word_1_1595' title='bbox 1831 4043 1864 4074; x_wconf 73' lang='grc' dir='ltr'>ὃς</span> <span class='ocrx_word' id='word_1_1596' title='bbox 1879 4053 1894 4074; x_wconf 90' lang='lat' dir='ltr'>a</span> <span class='ocrx_word' id='word_1_1597' title='bbox 1907 4043 2030 4076; x_wconf 83' lang='lat' dir='ltr'>chescun</span> <span class='ocrx_word' id='word_1_1598' title='bbox 2052 4044 2088 4077; x_wconf 92' lang='lat' dir='ltr'>de</span> <span class='ocrx_word' id='word_1_1599' title='bbox 2110 4056 2198 4084; x_wconf 73' lang='lat' dir='ltr'>vouS,</span> <span class='ocrx_word' id='word_1_1600' title='bbox 2216 4057 2272 4085; x_wconf 85' lang='lat' dir='ltr'>que</span> 
     </span>
    </p>
   </div>
  </div>
 </body>
</html>
