2561 4251
743 155 854 198 ET
938 153 1209 197 ACTA
1291 151 1766 193 PUBLICA.

17 249 93 283 Ann.
106 244 150 277 D.
201 244 249 276 Ad
270 244 530 276 Renunciationem
544 244 677 275 omnium
691 245 848 275 verborum
862 242 1111 282 praejiidicialium,
1130 241 1159 270 in
1177 239 1228 269 Li-

45 284 129 326 1368.
168 285 231 315 teris
250 284 303 314 suis
321 283 494 322 Apostolicis
514 292 716 314 contentorum
730 306 740 322 ,
765 293 881 314 necnon
902 282 1077 312 Fidelitatem
1098 280 1131 309 ὃ(
1146 278 1226 316 Jura—

16 326 82 358 zdv.
102 333 128 362 3.
167 331 315 360 mentum,
335 332 384 359 per
405 322 499 360 ipsum
520 322 646 353 facienda
667 323 700 353 ὃς
715 321 870 359 praestanda
882 322 965 351 nobis
995 321 1074 358 quta
1088 318 1228 354 formam,

2263 163 2337 201 151

1302 238 1416 268 Utrum
1434 238 1602 274 (videlicet)
1622 236 1704 276 plene
1720 237 1753 267 ὅ(
1772 235 1938 267 sufficienter
1953 258 1962 274 ,
1978 244 2055 274 Juxta
2073 235 2262 266 intentionem
2285 243 2334 264 ve-
2349 229 2426 260 Ann—
2442 228 2484 259 D·

1268 277 1370 315 stram,
1390 286 1423 306 ac
1447 277 1650 315 Praelarorum,
1670 275 1861 311 Magnarum,
1877 276 1910 304 ὃς
1932 276 2051 304 aliorum
2068 273 2207 304 Fidelium
2223 271 2334 302 nostro·
2372 267 2457 305 1368-

1267 325 1330 345 rum
1353 315 1574 354 praedic'torum,
1594 316 1628 346 ὃς
1648 313 1882 345 certificationem
1898 314 1979 343 nobis
1993 313 2054 343 ains
2070 313 2172 343 factam
2182 333 2192 349 ,
2208 320 2259 350 pro
2273 309 2332 340 Re·
2349 309 2417 334 Edv.
2438 314 2464 343 3·

164 362 195 390 in
219 361 337 398 quadam
358 359 467 398 Cedula
484 384 494 399 ,
522 370 607 399 quarn
626 361 708 392 vobis
729 360 779 391 sub
800 359 901 397 Sigillo
920 369 959 389 no
987 369 1020 389 ro
1040 357 1076 387 de
1098 356 1228 394 Signetto

165 400 395 437 transmittimus,
414 399 561 437 insertam,
578 399 748 439 Recipiendi
760 399 793 429 ὃς
808 397 1003 434 Admittendi,
1021 405 1073 436 pro
1087 393 1182 424 Nobis
1189 394 1228 436 ¹&

167 437 303 468 Nomine
320 436 420 468 nostro
436 460 446 476 ,
467 438 620 476 plenariam
638 437 737 476 vobis,
762 445 860 467 tenore
885 435 1078 474 praesemium,
1096 433 1148 463 hac
1168 441 1230 464 Vice

169 475 317 513 duntaxat,
337 477 524 507 concedimus
538 477 572 507 &
588 477 794 506 committimus
808 474 971 505 facultatem
990 483 996 502 z

207 513 270 544 Has
293 513 399 545 Literas
419 515 527 546 nostras
549 514 586 545 de
600 514 782 552 Receptione
796 513 963 550 Fidelitatis,
981 509 1233 547 Renunciationis,

170 552 377 590 &juramenti
397 553 619 592 praedistorum,
636 553 669 582 &
684 552 721 582 de
736 560 800 582 toto
814 551 904 581 Facto
920 550 1013 580 vestro
1028 551 1057 579 in
1074 550 1125 579 hac
1158 556 1233 585 arte,

169 590 360 630 Indorsantes,
380 592 414 622 &
436 592 517 621 nobis
532 591 582 621 sub
594 591 693 630 Sigillo
707 589 818 628 vestro,
834 590 889 620 una
904 599 971 620 cum
989 589 1085 619 Literis
1099 588 1128 625 ip
1141 596 1180 617 ius
1194 585 1235 615 E—

169 629 293 669 piscopi,
308 630 407 670 sigillo
422 629 470 660 suo
485 629 611 668 signatis,
632 630 891 660 Renunciationem
901 652 910 667 ,
929 628 950 657 F
952 627 1104 657 idelitatem
1115 648 1124 664 ,
1137 626 1170 655 &
1180 623 1235 667 Ju-

169 678 331 700 ramentum
350 668 397 699 sua
419 667 578 706 hujusmodi
601 669 798 705 continentes,
815 667 950 698 distinete
970 667 1004 698 &
1023 665 1119 704 aperte
1139 670 1235 693 remit-

168 715 271 738 tentes·

210 731 280 776 No¹s
299 752 393 775 autem
429 755 488 784 quo
508 745 590 776 citius
603 744 740 783 praemiffa
754 745 888 782 feceritis,
907 743 941 774 &
955 742 991 772 de
1002 740 1065 779 ipfis
1078 740 1161 770 nobis
1175 738 1236 782 ple-

173 786 229 822 ¹¹3³,
246 793 294 822 per
310 783 390 814 Certi
410 785 556 814 cationem
570 785 711 822 vestram,
729 783 900 820 constiterit,
914 791 945 812 ut
961 780 1122 818 praefertur,
1141 777 1235 808 Resti-

173 824 314 854 tutionem
338 822 556 861 Temporalium
570 821 755 863 Episcopatus
768 820 895 861 praedieti
911 819 1004 849 eidem
1016 817 1164 856 Episcopo
1173 839 1182 854 ,
1201 814 1237 844 si-

174 871 213 891 ne
222 860 388 891 difficultate
403 862 540 899 qualibet,
555 861 614 891 fieri
627 861 768 892 faciemus.
909 884 911 886 .
1195 892 1200 897 .

211 899 360 930 Nolumus
378 901 455 931 enim
479 900 558 938 quod
579 900 698 937 praesens
717 897 832 935 Gratia,
851 906 936 936 quam
952 895 1019 933 fibi,
1037 893 1235 935 consideratio-

173 948 211 968 ne
233 938 332 976 vestri,
351 939 384 969 ὃς
402 939 442 969 ob
463 938 553 968 causas
574 936 743 974 praemiffas,
761 935 798 966 sic
822 936 959 972 fecimus,
976 933 1081 964 caeteris
1101 931 1184 975 cedat
1207 940 1237 959 in

173 976 361 1016 Exemplum,
375 987 422 1008 aut
440 976 560 1007 trahatur
580 976 610 1005 in
633 975 876 1014 Consequentiam
897 973 944 1004 vel
956 972 1039 1003 aliam
1054 970 1235 1001 EVidentiam

175 1016 206 1045 in
222 1016 357 1045 futurum.

213 1052 246 1085 In
264 1055 361 1092 cujus,
379 1054 440 1084 &c.

250 1092 318 1123 Dat.
330 1094 360 1122 in
373 1091 481 1123 Palatio
494 1089 594 1122 nostro
607 1090 734 1126 Westm.
751 1091 845 1127 xxviii.
861 1089 907 1120 die
920 1087 1110 1119 Novembris.

815 1131 869 1160 Per
882 1127 965 1167 ipsicm
979 1130 1083 1164 Regem.

174 1259 225 1291 De
242 1252 385 1299 Potestate
408 1254 452 1290 ad
464 1254 674 1290 Traaandum
694 1266 764 1288 cum
781 1251 906 1288 Urbano
925 1255 1009 1300 Papa
1033 1253 1131 1292 (nunc
1149 1253 1245 1285 Romae

513 1309 640 1351 agente)
666 1303 701 1336 de
717 1303 909 1350 Alligantiis·

154 1414 161 1423 .
186 1389 309 1447 REX
327 1387 493 1428 Univerfis,
507 1388 655 1428 praesentes
670 1387 776 1420 Literas
793 1387 972 1426 inspecturis,
991 1386 1124 1418 Salutem.

1268 354 1439 384 formatione
1459 356 1493 384 &
1515 353 1702 384 Relevatione
1722 350 1817 383 Status
1837 352 1938 382 Terrae
1951 352 2114 391 praedietae,
2132 350 2215 381 faetae
2228 350 2332 380 fuerint

1270 401 1376 422 necne·

1308 415 1400 468 Et,⁷si
1416 429 1508 460 forsan
1523 430 1663 461 Defectus
1679 430 1707 459 in
1725 428 1826 460 eisdem
1840 428 2075 459 Ordinationibus
2092 427 2198 457 inventi
2213 424 2333 463 fuerint,

1309 468 1354 499 Ac
1376 469 1458 499 etiam
1479 470 1515 499 de
1530 468 1723 505 Sufficientia,
1741 477 1826 507 quam
1841 468 1924 497 decet
1936 466 2078 503 Nobiles,
2096 466 2130 495 &
2144 466 2212 495 alios
2225 464 2336 494 Homi-

1273 517 1338 546 nes,
1354 507 1388 537 ad
1407 507 1527 538 eandem
1539 506 1660 537 Terram
1677 506 1844 544 Hiberniae,
1861 507 1930 537 citra
1945 505 2056 535 dietum
2072 503 2189 534 Festum
2204 503 2338 541 Paschae,

1273 547 1310 577 sic
1324 553 1457 576 venturos
1466 567 1476 583 ,

1311 583 1349 614 Et
1370 593 1506 624 quantum
1520 605 1530 621 ,
1549 583 1583 613 &
1604 592 1668 621 quae
1687 582 1786 613 Terrae
1801 605 1811 621 ,
1828 583 1861 613 &
1884 581 2042 619 Dominia,
2060 581 2216 619 quemlibet
2237 589 2339 611 eorum

1275 623 1460 661 contingunt,
1476 619 1658 660 ipsorumque
1677 630 1710 651 ac
1732 621 1880 660 cujussibet
1892 630 1993 652 eorum
2008 630 2078 651 vero
2092 619 2197 650 Valore
2213 619 2341 657 Annuo,

1277 661 1407 700 Antiquo
1425 661 1458 690 &
1478 660 1643 698 Moderno,

1314 698 1353 729 Et
1369 699 1405 729 de
1418 698 1568 735 Numero,
1584 697 1773 736 Arraiatione,
1786 698 1820 728 ὃς
1835 696 1975 735 Apparatu
1989 695 2173 734 eorumdem,
2186 703 2216 726 ut
2230 696 2259 726 in
2274 693 2342 725 Ho-

1277 738 1399 767 minibus
1420 738 1454 768 ad
1476 737 1582 775 Arma,
1601 738 1634 767 &
1656 737 1713 767 aliis
1732 736 1876 773 Personis,
1894 745 1947 773 pro
1970 735 2106 766 Portione
2126 736 2160 766 &
2175 734 2343 773 Qantitate

1277 775 1430 806 Terrarum
1444 777 1478 806 ὃς
1492 774 1702 805 Dominiorum
1717 775 1829 804 suorum
1840 774 2042 811 praedidkorum
2052 796 2061 810 ,

1315 813 1364 844 De
1387 814 1568 844 Avisamento
1589 813 1622 843 &
1645 812 1783 843 Concilio
1797 812 1998 849 Praelatorum,
2018 811 2188 848 Magnarum
2199 834 2209 849 ,
2224 810 2258 841 &
2273 810 2345 841 alio-

1279 861 1343 882 rum
1363 852 1504 882 Fidelium
1524 851 1689 881 nostrorum
1709 851 1925 888 pi'aeditstorum,
1943 851 1972 879 in
1991 850 2070 880 dieto
2085 850 2291 888 parliamento,
2310 848 2346 878 si-

1281 901 1316 934 ve
1324 890 1486 958 fConcilio,
1505 890 1613 928 plenius
1631 889 1780 927 declarari,
1796 890 1829 920 δε
1848 889 1994 927 diligenter
2009 888 2119 919 tractari
2137 888 2171 919 ὃς
2186 887 2348 919 concorda-

1283 939 1306 959 η
1335 938 1442 966 aciatis,

1321 968 1358 997 Et
1373 977 1423 1005 ea,
1438 976 1502 1007 qu-:e
1520 966 1602 1004 super
1620 966 1760 1004 praedidtis
1777 965 1910 996 omnibus
1928 965 1961 995 &
1978 964 2104 1004 fingulis,
2129 964 2159 994 in
2177 963 2259 994 dieto
2277 963 2348 994 Par-

1282 1007 1419 1036 liamento
1431 1028 1441 1043 ,
1462 1006 1517 1036 sive
1535 1005 1690 1042 Concilio,
1713 1004 1825 1035 trad'tari
1844 1005 1875 1035 &
1896 1004 2066 1034 concordari
2082 1003 2250 1040 contigerit,
2278 1001 2349 1031 Nos

1284 1046 1314 1074 in
1338 1044 1513 1075 Cancellaria
1530 1044 1625 1074 nostra
1645 1043 1757 1082 Angliae
1773 1065 1783 1081 ,
1806 1042 1855 1073 sub
1876 1041 1973 1081 Sigillo
1987 1066 1997 1081 ,
2025 1051 2084 1079 quo
2106 1042 2209 1070 utimur
2228 1042 2258 1070 in
2277 1040 2352 1071 dista

1284 1083 1378 1114 Terra
1396 1083 1547 1114 Hiberniae
1559 1106 1569 1120 ,
1595 1084 1627 1113 &
1653 1092 1702 1120 per
1726 1082 1833 1111 Literas
1851 1081 1981 1111 Patentes
1994 1105 2004 1119 ,
2032 1079 2132 1118 Sigillis
2150 1078 2354 1117 Praeiammm,

1285 1122 1475 1162 Magnatum,
1493 1122 1525 1152 &
1543 1122 1662 1152 aliorum
1684 1120 1903 1159 praedistorum,
1923 1129 1986 1157 quae
2007 1119 2044 1149 sic
2064 1118 2099 1148 ad
2117 1117 2226 1148 dictum
2249 1116 2354 1148 Parlia-

1288 1170 1420 1191 mentum
1435 1183 1444 1198 ,
1460 1161 1516 1191 five
1534 1158 1703 1190 Concilium
1721 1181 1730 1196 ,
1747 1159 1893 1195 venerint,
1910 1157 2095 1196 consignatas,
2114 1156 2253 1187 difflncte
2270 1156 2303 1185 &
2325 1164 2354 1184 a-

1286 1201 1365 1238 perte
1375 1223 1384 1238 ,
1403 1200 1458 1229 sine
1473 1199 1626 1237 dilatione,
1644 1197 1816 1235 certificetis,
1832 1196 2048 1234 Transcriptum
2071 1194 2148 1226 istius
2163 1194 2259 1225 Brevis
2272 1193 2355 1224 nobis

1284 1247 1466 1269 remittentes.

1325 1276 1414 1308 Teste
1428 1275 1515 1314 Rege
1528 1275 1603 1314 apud
1617 1273 1927 1312 westmonasterium,
1945 1273 2040 1311 primo
2051 1272 2097 1303 die
2111 1272 2294 1304 Decembris.

1766 1353 1820 1381 Per
1834 1350 1917 1391 spfiaem
1930 1352 2035 1388 Regem.

55 1428 140 1470 ¹36²·
304 1428 454 1473 queritis
463 1428 558 1472 ‘pb-‘1²
691 1467 697 1473 .
855 1466 860 1471 .
957 1465 961 1470 .
1941 1429 1982 1458 Et
2000 1433 2060 1457 erat
2078 1429 2191 1457 Palem.

27 1473 81 1497 Aa.
93 1477 142 1506 4⁷--
222 1469 272 1499 De
288 1467 420 1498 fidelitate
440 1468 474 1498 &
497 1465 755 1504 circumspectione
779 1464 916 1503 prOVida,
935 1463 1106 1495 dilet‘mrum
1122 1463 1155 1493 &
1178 1462 1248 1493 fide-
2165 1468 2168 1470 ’

0 1533 2 1535 .
25 1512 58 1536 Ε.
77 1516 102 1543 3·
184 1508 253 1539 lium
268 1506 446 1546 nostrorum,
465 1504 616 1537 Willielmi
629 1505 666 1536 de
680 1504 845 1542 Aldeburgh
861 1502 962 1533 Militis
980 1501 1111 1531 Camerae
1126 1502 1248 1540 nostrae,

26 1550 144 1582 Par-42.
185 1548 219 1578 &
242 1544 373 1584 Magistri
395 1543 519 1574 Roberti
537 1543 573 1574 de
589 1542 737 1580 Wykfotd
750 1565 760 1581 ,
795 1541 997 1572 Archidiaconi
1017 1540 1249 1580 Wyntonieusis,

27 1589 61 1612 E·
81 1593 107 1620 3-
186 1584 324 1622 utriusque
336 1581 413 1622 juris
426 1580 583 1619 Doctoris,
601 1581 709 1618 plenius
725 1580 919 1618 confidentes,
1315 1576 1341 1602 ᾖ
1361 1577 1536 1623 Alligantiae
1558 1578 1635 1608 inter
1657 1576 1768 1620 Regem
1790 1573 1907 1620 Angliae
1932 1574 1968 1611 ῤ’
1992 1574 2102 1618 Regem
2126 1572 2337 1619 Arragonum.
2377 1570 2397 1590 ⁴
2417 1571 2472 1599 VI:

26 1628 54 1660 p.
76 1632 102 1648 2-
223 1622 311 1662 Ipsos,
331 1621 526 1659 conjunctim,
541 1620 574 1652 &
587 1619 710 1659 divifim,
723 1619 861 1651 Nuncios
874 1618 986 1649 nostros
998 1618 1115 1649 facimus
1129 1618 1162 1649 &
1175 1627 1250 1648 con·
1904 1643 1906 1645 ,
2379 1611 2444 1637 606.
2509 1649 2511 1652 .

27 1670 65 1690 θ’·
85 1668 116 1700 ¹3
187 1661 324 1695 stituimfflfi
335 1659 480 1704 sPssCissleso
766 1699 771 1704 ,
1294 1661 1415 1720 REX
1431 1662 1584 1698 omnibus,
1598 1659 1633 1690 ad
1649 1670 1738 1698 quos,
1755 1660 1817 1691 &c.
1835 1657 1970 1690 Salutem.
2380 1648 2456 1678 Ann·
2467 1644 2511 1675 D·

225 1700 334 1730 Dantes
359 1697 461 1742 elsden)
477 1720 487 1736 2
511 1699 545 1730 &
569 1707 670 1729 eorum
694 1697 773 1728 alten
789 1722 798 1736 ²
821 1697 993 1728 Generalem
1019 1696 1042 1726 P
1043 1695 1193 1726 otestatem
1216 1696 1248 1726 ὃ(
1389 1701 1436 1732 Ad
1451 1700 1569 1739 Regum
1582 1700 1616 1730 &
1633 1699 1805 1737 Regnorum
1829 1698 1963 1728 omnium
1984 1696 2196 1734 exaltationem,
2215 1696 2249 1727 &
2269 1695 2362 1725 conti·
2401 1686 2485 1725 1369-

184 1738 358 1783 Mandatum
381 1737 496 1774 speciale
511 1737 549 1781 *ad
565 1737 762 1781 Traetandum
778 1759 788 1774 ,
814 1746 866 1776 pro
886 1736 985 1767 Nobis
1004 1735 1040 1779 ὃς
1062 1734 1161 1765 nostro
1180 1733 1250 1765 No·
1295 1748 1387 1769 nuum
1403 1739 1526 1780 ipsorum
1540 1749 1573 1769 ac
1589 1737 1688 1769 stabile
1700 1737 1722 1768 F
1725 1737 1933 1775 ulcimentum,
1951 1747 1965 1766 a
1980 1735 2073 1766 multis
2081 1736 2159 1766 retro
2174 1734 2363 1772 temporibus,
2380 1729 2433 1753 An.
2448 1734 2495 1759 4²·

183 1787 263 1808 mine
277 1800 288 1817 ,
311 1785 396 1814 cum,
421 1774 604 1819 Sandtissimo
626 1786 655 1805 in
678 1774 801 1819 Christo
824 1775 906 1805 Patre
948 1774 1093 1818 Domum.
1109 1773 1251 1817 UrbanO,
1295 1788 1330 1808 ex
1345 1778 1473 1815 naturalis
1487 1777 1604 1808 Ordinis
1619 1775 1815 1814 providentia,
1830 1775 1937 1814 semper
1961 1774 2097 1804 hadtenus
2117 1774 2209 1803 extitit
2231 1772 2362 1803 observa·
2382 1769 2412 1791 E.
2435 1773 2461 1800 3·
2493 1803 2495 1805 ,

181 1826 260 1847 nunc
281 1815 407 1859 Summo
425 1813 584 1851 Ponssfice,
602 1813 649 1844 seu
667 1813 815 1852 Deputatis
833 1823 879 1844 2OE
929 1812 1108 1842 omffllffasffi
1126 1812 1176 1841 sUlS
1191 1812 1251 1849 sPC-
1297 1825 1377 1855 tum,
1397 1825 1427 1848 ut
1444 1816 1598 1855 propinqui
1612 1815 1706 1854 Reges
1719 1815 1754 1845 ὃς
1767 1814 1915 1851 Principes
1930 1812 2018 1843 Orbis
2029 1813 2150 1850 Terrae,
2169 1810 2361 1842 Confoedera-
2381 1806 2401 1829 P
2402 1810 2429 1829 Μ
2434 1810 2494 1838 ·42·

180 1855 297 1886 cialibus
318 1864 348 1897 in
368 1853 422 1887 hac
442 1851 588 1897 parteffide
608 1853 641 1883 &
662 1853 741 1890 super
760 1853 868 1896 bonis,
887 1851 974 1896 firmis
988 1875 998 1890 ,
1020 1851 1181 1895 perpetuis,
1206 1850 1251 1895 vel
1296 1857 1408 1886 tionum
1422 1855 1552 1886 Vinculis
1565 1855 1597 1884 &
1612 1854 1813 1884 Amicitiarum
1834 1852 2003 1883 continuatis
2019 1850 2205 1888 Foederibus,
2223 1850 2273 1880 sibi
2292 1850 2366 1879 invi-
2384 1845 2410 1867 E.
2432 1849 2456 1876 3e

180 1892 383 1931 temporahbus
404 1891 576 1936 All,¹gam¹¹S>
594 1892 628 1922 ὅ(
654 1890 971 1928 COflfoedCraUOfflbUS>
989 1899 1022 1920 '³0
1045 1898 1149 1921 mutffls
1170 1888 1251 1919 ΑΠΠ-
1297 1904 1364 1925 cem
1381 1895 1485 1924 mutuis
1500 1893 1634 1924 Nexibus
1648 1893 1847 1929 jungerentur,
1864 1891 1965 1929 quibus
1984 1889 2051 1920 alter
2068 1890 2145 1920 alteri
2162 1889 2281 1919 libenter
2303 1888 2365 1918 affi-
2382 1886 2405 1917 P·
2427 1890 2453 1908 2·

34 2475 56 2497 ¹¹¹
78 2477 132 2505 v1.

33 2516 99 2551 605.

19 2668 22 2670 ’
34 2666 111 2699 Ann.
127 2665 169 2697 D.

63 2705 148 2744 1368.

33 2749 85 2774 An.
102 2754 149 2779 42.

33 2791 126 2857 ciui).

34 2870 81 2896 42.
100 2863 131 2889 E.
143 2871 169 2899 3,

34 2907 71 2926 m.
88 2898 117 2928 6.

183 1933 277 1970 citiis,
293 1940 342 1970 per
365 1929 586 1960 Matrimonium
610 1930 851 1968 contrahendum,
870 1938 917 1960 aut
933 1929 988 1959 alio
1010 1927 1119 1968 modo,
1134 1937 1193 1967 quo
1215 1928 1253 1958 eis

184 1971 230 2002 vel
243 1979 345 2001 eorum
357 1969 434 2000 alteri
449 1969 546 1999 melius
557 1978 591 1998 ex
612 1969 687 1999 edire
700 1968 841 2000 videbitur
850 1992 859 2006 ,
878 1967 1023 2005 ineundis,

221 2008 260 2040 Et
278 2019 326 2047 ea,
340 2017 403 2048 quae
421 2008 458 2038 fic
477 2008 581 2038 fuerint
627 2007 745 2044 raetata,
764 2008 791 2037 in
806 2006 955 2045 Articulis,
987 2016 1040 2044 pro
1053 2005 1256 2036 informatione

187 2047 286 2080 nostra
303 2048 336 2079 &
354 2045 482 2077 Concilii
502 2046 590 2076 nostri
606 2047 685 2085 super
703 2046 756 2077 hiis
779 2045 887 2084 plenius
906 2043 1064 2083 optinenda
1075 2067 1086 2083 ,
1111 2044 1253 2083 redigendi

187 2089 218 2118 in
234 2087 351 2125 Scriptis
362 2108 371 2124 ,
383 2094 415 2117 ut
428 2085 503 2115 idem
519 2083 680 2124 Negotium
689 2108 699 2123 ,
717 2084 872 2125 praehabita
885 2082 1100 2114 Deliberatione
1114 2082 1209 2113 nostra
1222 2083 1256 2113 ὃς

186 2125 319 2157 Concilii
340 2124 445 2162 nostri,
470 2132 601 2161 optatum
621 2124 654 2155 &
676 2125 840 2155 breviorem
861 2122 1002 2153 effetS'tum
1026 2131 1125 2160 capere
1145 2121 1256 2160 valeat,

185 2164 323 2196 Domino
337 2163 531 2203 concedente3

222 2201 333 2234 Rarum
348 2203 381 2233 &
395 2200 521 2232 Gratum
533 2201 655 2232 habituri
672 2200 810 2240 quicquid
824 2210 874 2238 per
886 2199 998 2237 diCtos,
1015 2198 1208 2230 willielmum
1223 2200 1258 2232 &

182 2241 450 2278 'Archidiaconum,
469 2240 515 2270 vel
535 2250 635 2270 eorum
657 2242 794 2279 alterum,
812 2240 922 2270 Adtum
941 2238 987 2270 vel
1008 2237 1135 2269 Gestum
1155 2239 1258 2277 fuerit,

185 2290 218 2313 nt
250 2281 407 2317 raedicitur,
426 2280 456 2309 in
469 2279 625 2316 praemiffis.

238 2330 257 2350 n
273 2321 368 2357 cujus,
385 2319 447 2349 &c-
467 2317 580 2357 Magno
596 2318 700 2355 Sigillo
719 2317 817 2348 nostro
837 2317 960 2357 signatas.

261 2357 334 2391 Dat.
351 2357 382 2387 in
401 2356 510 2387 Palatio
527 2357 616 2397 Regis
634 2356 761 2388 Westm.
779 2357 843 2386 xxix
862 2356 907 2387 die
925 2355 1116 2386 Novembris.

194 2479 222 2506 ,ᾖ
233 2484 281 2515 De
300 2483 505 2515 Parliamento
516 2510 526 2526 ,
548 2485 580 2515 in
600 2481 752 2516 Hibernia
771 2482 1156 2525 convocando,trat‘baturo
1165 2482 1257 2528 fhper

236 2530 487 2564 ordinationibus
506 2558 516 2573 ,
546 2543 601 2577 pro
634 2531 802 2564 Direfflone
829 2535 866 2570 ω’*
900 2531 1116 2577 Informatione
1151 2535 1256 2563 Status

239 2578 391 2625 ejusdem,
418 2584 449 2613 in
469 2580 585 2627 Anglia
599 2581 707 2625 fafiis.

193 2668 318 2723 REX
333 2669 512 2709 Justiciario,
539 2668 737 2705 Cancellario,
764 2671 797 2701 &
817 2669 1002 2700 Thesaurario
1022 2668 1126 2699 nostris
1146 2668 1255 2699 Hiber-

227 2709 394 2776 Cpioefqac
409 2708 465 2739 aliis
478 2708 515 2738 de
529 2706 666 2739 Concilio
679 2709 779 2739 nostro
794 2709 918 2748 ibidem,
937 2708 1071 2739 Salutem.

257 2756 307 2776 iim
364 2756 414 2784 os,

227 2784 334 2815 Habita
359 2784 438 2821 super
463 2784 606 2822 Dampnis
620 2807 630 2822 ,
655 2784 908 2815 Destruffionibus
923 2808 933 2823 ,
958 2784 1184 2815 Turbationibus
1197 2807 1207 2822 ,
1226 2785 1261 2814 ὃς

191 2823 248 2854 aliis
261 2822 439 2867 Dispendiis,
455 2824 557 2860 quibus
571 2822 664 2853 Terra
680 2825 776 2853 nostra
792 2823 942 2853 Hiberniae
959 2833 1005 2860 per
1020 2823 1210 2860 Hibernicos,
1227 2823 1261 2853 &

191 2863 258 2892 alios
280 2861 418 2892 Inimicos
438 2862 472 2892 ὃς
492 2860 624 2890 Rebelles
649 2862 776 2899 nostros,
793 2863 842 2899 qui
865 2861 1003 2892 hostiliter
1021 2869 1121 2891 contra
1145 2860 1212 2892 Nos
1227 2864 1261 2893 &

192 2901 302 2931 Fideles
323 2899 436 2931 nostros
455 2899 556 2929 Terrae
582 2899 652 2929 illius
671 2900 890 2938 insurrexerunt,
906 2900 1056 2937 subicitur,
1073 2899 1171 2938 saetis,
1187 2900 1263 2930 unde

191 2939 261 2970 Nos
274 2940 333 2969 tam
346 2949 395 2977 per
410 2938 566 2975 Nuncios,
582 2939 668 2976 quam
682 2948 732 2976 per
746 2937 868 2976 Literas,
883 2947 971 2977 nuper
986 2937 1176 2976 certificastis,
1192 2948 1262 2969 cum

190 2977 332 3048 ἕῆξεΙαῖίξ,
359 2976 561 3017 Magnatibus,
588 2977 622 3008 &
642 2977 702 3007 aliis
721 2976 757 3007 de
780 2976 917 3007 Concilio
938 2976 1038 3007 nostro
1059 2976 1262 3008 deliberatione

212 3025 319 3054 ligeriti

229 3055 278 3085 De
293 3039 414 3086 co’nsilio
428 3055 463 3086 &
475 3053 582 3084 assensu
597 3054 784 3093 eorumdem,
800 3054 931 3095 quasdam
947 3053 1167 3093 Ordinationes,
1182 3054 1261 3094 super

189 3093 348 3125 direfflone
361 3094 394 3125 δε
408 3093 611 3123 informatione
624 3092 840 3124 Praemifforum
850 3117 859 3131 ,
880 3093 940 3123 fieri
956 3093 1078 3123 fecimus
1087 3116 1096 3131 ‚

229 3133 361 3171 Quarum
382 3131 509 3169 Copiam
525 3132 608 3161 vobis
619 3133 775 3170 mittimus,
795 3133 846 3162 sub
861 3131 974 3170 Magno
985 3131 1084 3171 Sigillo
1099 3131 1213 3169 nostro,
1231 3132 1261 3162 in

191 3170 287 3201 forma
310 3171 432 3210 patenti,
449 3181 501 3213 pro
522 3170 643 3207 pleniori
664 3169 871 3201 Informatione
886 3171 952 3201 inde
965 3179 1013 3210 per
1028 3180 1095 3208 VOS,
1112 3170 1263 3209 Praelatos,

192 3208 248 3238 Ma
270 3217 361 3246 nates,
384 3209 418 3238 &
433 3209 500 3251 alios
513 3208 618 3238 Fideles
627 3208 756 3247 nostros,
773 3210 874 3240 Terrae
888 3210 975 3247 illius,
995 3208 1170 3247 optinendi,

259 3255 270 3277 t
292 3255 361 3277 cum
381 3245 504 3289 indiCtis
519 3246 756 3278 Ordinationibus
771 3249 948 3278 contineatur
961 3247 1041 3287 quod
1057 3248 1191 3285 quilibet,
1211 3247 1260 3278 ha-

192 3286 263 3317 bens
279 3285 324 3315 vel
339 3283 493 3314 vendicans
505 3284 626 3322 Terras,
642 3284 782 3315 Dominia
792 3309 802 3323 ,
821 3295 868 3316 aut
879 3287 970 3324 aliqua
983 3286 1034 3317 alia
1046 3285 1113 3323 jum
1126 3286 1260 3317 Haeredi-

193 3325 261 3356 tatia
279 3324 309 3354 in
328 3323 403 3353 dieta
425 3322 515 3353 Terra
537 3321 688 3352 Hiberniae
703 3346 714 3361 ,
739 3324 811 3355 infra
834 3324 971 3363 Regnum
993 3324 1124 3355 nostrum
1147 3325 1260 3356 Anoiiae

193 3372 306 3392 moram
326 3361 452 3399 trahens,
472 3360 506 3391 ad
526 3360 647 3391 eandem
673 3360 796 3391 Terram
816 3362 965 3392 Hiberniae
985 3373 1054 3394 cum
1070 3363 1188 3394 Familia
1198 3349 1260 3402 sua,

193 3400 374 3431 Hominibus
394 3400 429 3429 ad
449 3399 556 3437 Arma,
572 3400 606 3430 ὃς
627 3399 701 3437 aliis,
721 3409 828 3438 quanto
842 3401 985 3431 decentius
1000 3402 1034 3432 &
1050 3402 1194 3439 potentius
1207 3412 1260 3440 po-

193 3440 276 3475 terit,
294 3439 368 3482 juxta
389 3437 557 3468 Portionem
580 3438 612 3468 ὃ(
629 3438 827 3476 Qiantitatem
840 3438 1013 3477 Terrarum,
1033 3439 1259 3478 Dominiorum,

193 3478 229 3508 ὅς
244 3477 453 3507 Hoereditatiim
467 3476 596 3512 suorum,
613 3478 681 3507 citra
696 3476 812 3507 Festum
828 3476 955 3514 Paschae,
974 3478 1108 3514 proximo
1122 3477 1260 3517 futurum,

193 3516 220 3546 se
240 3516 401 3552 transferat,
416 3514 542 3552 ibidem,
561 3524 614 3552 pro
637 3514 864 3555 Recuperatione
881 3538 890 3553 ,
907 3515 1084 3546 Defensione
1098 3538 1108 3554 ,
1123 3526 1155 3546 ac
1178 3516 1260 3547 Con-

194 3554 299 3592 questu
319 3552 492 3596 Terrarum,
511 3552 736 3593 Dominiorum,
754 3555 787 3585 &
808 3554 1015 3585 Haereditatum
1031 3554 1147 3584 suorum
1160 3555 1262 3594 praedi-

195 3593 312 3624 &orum
320 3615 330 3630 ,
348 3592 486 3622 continu'e
501 3600 659 3622 moraturus
667 3615 676 3630 ,

234 3631 313 3671 Qia
335 3630 432 3661 Nobis
450 3638 510 3672 1193]
534 3629 646 3659 constat
659 3652 670 3667 ‚
689 3641 744 3662 nec
767 3630 913 3667 evidenter
935 3630 1064 3661 constare
1087 3632 1207 3669 poterit,
1225 3632 1262 3662 de

193 3670 372 3701 Sufficientia
392 3667 552 3698 Nobilium
566 3668 598 3697 δε
614 3668 752 3706 aliorum,
769 3669 890 3707 Terras,
908 3669 1065 3707 Dominia,
1084 3671 1116 3699 &
1130 3669 1262 3700 Haeredi-

194 3717 263 3739 tates
277 3710 308 3739 in
324 3707 399 3738 dieta
411 3706 502 3737 Terra
514 3706 680 3736 habentium
694 3708 750 3737 sive
764 3708 976 3738 vendicantium
985 3731 994 3746 ,
1013 3708 1047 3738 ad
1062 3708 1180 3738 eandem
1187 3709 1262 3739 Tei·-

194 3757 257 3777 1am
279 3747 318 3778 fic
338 3754 543 3783 venturorum,
569 3753 634 3782 quae
650 3746 806 3783 quemlibet
827 3755 930 3776 eorum
952 3745 1033 3776 decet
1050 3746 1129 3783 juxta
1150 3747 1262 3777 Statum

199 3786 296 3824 suum,
314 3794 345 3816 ut
357 3787 386 3815 in
403 3783 560 3821 Numero,
580 3784 770 3822 Arraiatione,
785 3785 817 3816 δε
828 3785 972 3822 Apparatu
979 3783 1145 3816 Hominum
1158 3785 1193 3816 ad
1207 3786 1263 3817 Ar-

192 3832 242 3854 ma
256 3824 290 3854 &
304 3825 426 3855 aliorum
443 3832 476 3853 ex
495 3820 571 3852 causa
587 3822 740 3860 praedicta,

230 3861 369 3893 Volumus
388 3863 422 3893 &
444 3862 528 3892 vobis
549 3860 724 3891 Mandamus
742 3860 823 3900 quod
837 3870 929 3891 unum
944 3859 1185 3901 Pariiamentiim‚
1205 3862 1263 3894 sive

194 3898 340 3931 Maonum
359 3900 545 3938 Concilium,
564 3900 600 3930 de
618 3898 758 3938 Praelatis,
779 3898 976 3938 magnatibus,
993 3901 1027 3931 &
1048 3901 1106 3930 aliis
1122 3901 1264 3932 Fidelibus

192 3948 237 3970 no
264 3939 298 3968 ris
315 3937 416 3969 Terrae
428 3938 571 3977 praedi&ae
587 3939 671 3977 (quos
684 3938 807 3969 videritis
820 3938 1044 3975 convocandos)
1060 3939 1094 3969 ad
1109 3940 1192 3970 citius
1204 3951 1263 3979 quo

195 3978 340 4016 poteritis,
357 3978 438 4007 certis
453 3977 499 4008 die
511 3978 545 4009 &
561 3977 628 4008 loco
638 4001 648 4016 ,
686 3988 716 4009 er
728 3987 780 4007 vos
792 3976 959 4016 statuendis,
978 3980 1152 4016 convocari,
1171 3979 1204 4009 &
1217 3980 1263 4010 di-

193 4016 256 4052 etas
278 4015 477 4060 Ordinationes
496 4016 635 4060 inUpieno
680 4017 863 4057 ailiamento,
882 4016 939 4050 five
959 4014 1097 4049 Concilio
1110 4016 1265 4058 praedicto,

192 4054 306 4091 ostendi
319 4054 354 4088 ὃς
370 4062 473 4094 exponi
486 4054 608 4093 faciatis,

1297 1933 1382 1963 steret
1400 1934 1429 1962 in
1446 1932 1604 1975 Prosperis,
1623 1931 1675 1968 &‚
1693 1939 1777 1968 prout
1797 1928 1960 1969 poffibilitas
1975 1929 2097 1968 exegerit
2119 1928 2274 1968 temporis,
2291 1937 2367 1958 nun·
2384 1927 2420 1947 ''⁷-
2435 1927 2460 1955 3·²

1298 1982 1384 2010 quam
1398 1970 1532 2001 deficeret
1547 1980 1578 2000 in
1590 1969 1728 2000 Adverfis.

1333 2009 1481 2042 Praemiffa
1495 2009 1579 2048 igitur
1593 2008 1781 2046 ponderantes
1801 2015 1835 2037 ex
1856 2007 1979 2044 intimis,
1998 2005 2134 2045 quodque
2155 2004 2249 2036 Incliti
2270 2004 2366 2044 Reges

1298 2049 1502 2086 Arragonum,
1519 2048 1568 2086 qui
1580 2057 1632 2086 pro
1653 2056 1783 2084 tempore
1801 2046 1929 2084 fuerant,
1945 2055 2060 2076 necnon
2083 2044 2229 2075 Dominus
2249 2043 2367 2083 Petrus,

1297 2087 1358 2119 Dei
1372 2087 1476 2127 gratia,
1496 2084 1562 2117 Rex
1578 2087 1778 2125 Arragonum,
1796 2086 1846 2123 qui
1860 2095 1938 2115 nunc
1952 2083 2012 2123 est,
2029 2093 2063 2114 ac
2086 2083 2204 2114 Domus
2217 2083 2275 2114 e'us
2290 2091 2368 2121 tota,

1298 2127 1464 2158 strenuitatis
1477 2126 1602 2166 probatae
1616 2135 1650 2156 ac
1662 2124 1802 2155 fidelitatis
1815 2123 1984 2154 solidissimae
1998 2123 2148 2162 praeconiis
2169 2132 2219 2163 per
2271 2122 2366 2152 niver-

1298 2166 1360 2197 sum
1379 2166 1536 2196 Terrarum
1559 2164 1672 2195 Orbem
1696 2161 1941 2201 quamplurimum
1962 2161 2143 2199 attolluntur,
2170 2170 2240 2191 cum
2261 2160 2369 2191 eodem

1840 2201 1874 2232 &
1903 2199 2280 2267 Success'oribusiqReenO,
2302 2198 2369 2228 Do-

1299 2205 1381 2244 Rege
1404 2204 1605 2244 Arragonum,
1627 2202 1800 2233 Haeredibus
2202 2226 2240 2242 „-

1373 2244 1378 2249 “
2160 2238 2312 2275 aeredibus,
2331 2238 2367 2269 &

1299 2245 1408 2281 miniis,
1427 2243 1565 2280 Subditis,
1583 2240 1749 2273 &Vaffallis
1764 2225 1904 2278 ips’orum,
1925 2249 1977 2276 pto
1992 2238 2090 2268 Nobis

1298 2282 1530 2320 Succefforibus,
1550 2281 1676 2319 Regno,
1703 2279 1850 2309 Dominiis
1884 2277 2024 2313 Subditis,
2043 2278 2075 2308 ὃς
2097 2261 2227 2306 7Vassallis
2249 2276 2370 2315 nostris,

1298 2324 1360 2352 ram
1375 2319 1575 2356 PraesentibuS,
1594 2320 1680 2357 quam
1697 2318 1821 2355 Futuris,
1840 2301 1996 2347 F’oederum
2011 2316 2044 2346 &
2062 2315 2273 2357 Amicitiarum-
2282 2313 2367 2344 Con-

1299 2360 1517 2397 foederationes,
1536 2358 1717 2395 Alligantias‚
1736 2357 1769 2387 &
1784 2356 1932 2387 Amicitias
1948 2364 2106 2392 perpetua8‚
2125 2353 2162 2384 de
2185 2353 2315 2384 Conlilio
2332 2354 2368 2384 &

1298 2398 1418 2429 Affensu
1432 2398 1635 2434 Praelatorum,
1654 2396 1795 2433 Ducum,
1814 2393 1987 2431 Comitum,
2011 2392 2172 2430 Baronum,
2191 2392 2232 2422 &-
2245 2392 2366 2422 aliorum

1299 2437 1458 2468 Procerum
1473 2437 1506 2467 δε
1521 2435 1696 2473 Nobilium,
1718 2431 1927 2471 Majori‘imque
1944 2431 2182 2468 Comunitatum,
2197 2429 2368 2469 Civitatum,

1300 2478 1334 2508 &
1350 2477 1488 2507 Villarum
1509 2474 1605 2512 Regni
1620 2473 1729 2510 nostri,
1745 2473 1848 2502 inimus
1863 2473 1897 2503 &
1917 2470 2053 2509 facimus,
2068 2469 2205 2501 Valituras
2229 2470 2367 2509 perpetuis

1299 2516 1493 2553 temporibus,
1507 2514 1555 2544 sub
1569 2514 1622 2543 hac
1639 2512 1754 2549 forma,
1771 2510 1917 2549 videlicet,

1338 2592 1431 2631 Qiod
1448 2590 1535 2628 Nos,
1552 2597 1598 2620 aut
1611 2588 1785 2627 Edwardus,
1810 2586 1946 2625 Princeps
1962 2586 2137 2626 Aquitaniae,
2157 2585 2369 2624 primogenitus

1300 2631 1416 2668 noster,
1432 2638 1578 2667 nunquam
1600 2629 1778 2667 gravabimus
1798 2637 1852 2657 nec
1875 2626 2040 2656 invademus
2053 2647 2063 2663 ,
2086 2635 2135 2662 per
2155 2624 2294 2663 Terram,
2313 2634 2368 2654 nec

1302 2679 1351 2709 per
1366 2668 1468 2705 Mate,
1486 2667 1618 2697 Personas
1632 2666 1700 2697 dieti
1717 2666 1802 2705 Regis
1820 2665 2018 2704 Arragonum,
2036 2673 2092 2694 nec
2106 2664 2162 2701 ejus
2171 2663 2368 2701 primogeniti,

1306 2707 1438 2739 Subditos
1458 2706 1538 2743 suos,
1567 2704 1688 2744 Regna,
1705 2704 1826 2742 Terras,
1851 2713 1905 2734 nec
1927 2703 2030 2734 Patrias
2051 2701 2192 2740 ipsorum,
2209 2702 2371 2740 praesentia,

1305 2756 1358 2777 nec
1374 2746 1484 2783 futura,

1342 2784 1412 2816 Nec
1427 2793 1551 2823 unquam
1565 2782 1726 2821 juvabimus
1740 2790 1786 2812 aut
1802 2781 2017 2817 sustinebimus,
2036 2789 2091 2810 nec
2111 2779 2203 2809 difflus
2221 2778 2322 2809 Primo
2342 2788 2373 2808 eo

1305 2825 1379 2854 nitus
1393 2823 1487 2854 noster
1502 2822 1637 2859 Princeps
1647 2821 1758 2860 juvabit
1769 2830 1813 2851 aut
1822 2820 1986 2856 sustinebit,
2004 2818 2144 2848 inimicos
2157 2818 2301 2847 dieiorum
2342 2827 2372 2847 e-

1307 2864 1348 2899 gis
1373 2863 1571 2901 Arragonum,
1597 2868 1644 2890 aut
1668 2861 1725 2897 ejus
1745 2857 1949 2897 primogeniti,
1968 2866 2023 2886 nec
2044 2856 2148 2886 eisdem
2171 2855 2296 2886 Inimicis
2319 2866 2372 2886 un-

1305 2911 1389 2939 quam
1412 2900 1626 2938 praestabimus,
1654 2908 1708 2928 nec
1729 2897 1870 2935 praestabit
1890 2896 1965 2927 idem
1990 2894 2075 2925 Filius
2100 2893 2196 2924 noster
2218 2894 2370 2933 Princeps,

1306 2940 1453 2970 Auxilium
1490 2937 1669 2974 Consilium,
1696 2936 1740 2966 vel
1762 2936 1921 2972 Favorem,
1941 2943 1993 2970 pro
2012 2932 2241 2971 dampnificando
2265 2942 2312 2963 aut
2332 2935 2375 2962 in-

1305 2978 1437 3009 vadendo
1452 2962 1586 3007 Personas
1600 2975 1682 3012 ipsius
1695 2974 1819 3004 Domini
1835 2973 1922 3012 Regis
1937 2973 2136 3010 Arragonum,
2154 2979 2200 3002 aut
2219 2972 2373 3008 Primoge-

1306 3018 1360 3047 niti
1379 3017 1434 3054 sui,
1461 3015 1595 3045 Subditos
1618 3014 1695 3050 suos,
1714 3012 1834 3052 Regna,
1858 3012 1976 3045 Patrias,
1993 3011 2027 3041 ὅ(
2054 3010 2156 3040 Terras
2184 3009 2371 3048 eorumdem,

1306 3066 1372 3094 qua:
1384 3054 1528 3086 tenent&
1545 3051 1683 3089 possident
1693 3074 1702 3088 ,
1718 3053 1853 3081 tenebunt
1869 3051 1901 3080 <St
1916 3048 2105 3088 pQffidebunt.

1342 3094 1398 3132 Et,
1417 3093 1546 3132 insuper,
1563 3090 1631 3120 Nos
1646 3089 1814 3127 Edwardus,
1833 3088 1897 3118 Rex
1912 3088 2024 3127 Angliae
2038 3087 2226 3128 supraditftus,
2244 3088 2302 3117 tam
2317 3096 2371 3124 pro

1305 3132 1421 3170 Nobis,
1448 3132 1552 3170 quam,
1572 3128 1769 3167 primogenito
1784 3127 1898 3165 nostro,
1914 3126 2049 3164 Principe
2072 3127 2230 3164 Aquitaniae
2249 3125 2370 3162 supradi-

1305 3172 1372 3210 eto,
1389 3171 1466 3201 bonit
1481 3169 1553 3207 fide,
1572 3168 1604 3198 &
1618 3175 1701 3204 prout
1713 3166 1787 3205 juste
1803 3167 1835 3196 &
1848 3165 1970 3197 honeste
1986 3165 2148 3202 potuimus,
2165 3164 2233 3193 dolo
2247 3165 2279 3193 δε
2292 3163 2368 3193 frau-

1305 3211 1342 3240 de
1362 3209 1545 3245 cessantibus,
1565 3206 1685 3237 fecimus
1698 3206 1779 3243 quod
1796 3205 1912 3241 Duces,
1929 3204 2078 3241 Comites,
2096 3203 2231 3239 Batones,
2250 3200 2369 3240 Milites,

1305 3249 1338 3279 &
1358 3249 1428 3286 alii,
1453 3245 1651 3283 cujuscumque
1671 3243 1764 3275 Statsis
1792 3253 1839 3273 aut
1866 3243 2049 3274 Conditionis
2073 3242 2192 3277 fuerint,
2210 3239 2370 3278 Homines,

1305 3287 1435 3324 Vass'alli,
1454 3287 1485 3317 ὃς
1500 3283 1613 3315 Subditi
1627 3282 1733 3320 nostri,
1752 3291 1909 3319 numquam
1925 3278 2265 3320 praestabuntAuxilium,
2284 3277 2368 3309 Con-

1304 3326 1412 3363 silium,
1429 3323 1624 3362 velJuvamen
1640 3320 1766 3351 inimicis
1781 3321 1853 3351 diffl
1867 3320 1990 3351 Domini
2006 3319 2093 3357 Regis
2108 3318 2286 3352 Arragonum
2297 3339 2306 3354 ,
2322 3318 2368 3347 seu

1305 3366 1362 3401 ejus
1375 3362 1581 3402 primogeniti,
1601 3370 1654 3400 pro
1668 3359 1910 3399 Dampnificando
1931 3366 1976 3387 aut
1991 3355 2156 3386 Invadendo
2178 3354 2311 3385 Personas
2324 3356 2370 3386 di-

1306 3404 1345 3433 &i
1369 3402 1472 3441 Regis,
1488 3409 1534 3431 aut
1556 3401 1612 3437 ejus
1632 3398 1835 3438 Primogeniti,
1855 3396 1987 3427 Subditos
2009 3395 2087 3431 su05,
2107 3393 2225 3432 Regna,
2245 3393 2369 3432 Patrias,

1305 3451 1352 3472 aut
1365 3442 1468 3471 Terras
1484 3448 1601 3476 eorum,
1620 3437 1779 3476 praesentia,
1798 3437 1949 3468 &futuraz
1969 3434 2082 3463 immoi
2105 3432 2144 3462 sos
2164 3431 2315 3470 Subditos,
2332 3434 2365 3463 δε

1304 3481 1372 3509 alios
1387 3480 1598 3518 quoscumque,
1615 3478 1652 3505 ne
1674 3486 1722 3513 per
1737 3476 1841 3506 Terras
1856 3473 1932 3510 suaS,
1952 3480 1998 3502 aut
2020 3481 2068 3513 per
2109 3470 2183 3508 lare,
2201 3470 2368 3501 Transitum

1307 3518 1411 3548 faciant
1425 3527 1477 3555 pro
1494 3513 1732 3551 Dampnificando
1747 3523 1794 3544 aut
1811 3509 1972 3542 invadendo
1987 3509 2279 3547 Perionas,Subditos
2292 3510 2368 3547 ,Re-

1306 3566 1379 3596 gna,
1398 3557 1515 3590 Terras,
1534 3556 1566 3585 &
1582 3552 1684 3583 Patrius
1701 3552 1825 3589 ipsorum
1847 3550 1934 3588 Regis
1951 3548 2150 3592 Arragonum,
2168 3548 2213 3577 seu
2231 3549 2287 3585 ejus
2306 3546 2369 3577 Pri-

1307 3596 1464 3632 mogeniti,
1490 3593 1535 3622 seu
1557 3591 1744 3622 Subditotum
1763 3591 1897 3626 suoi-um,
1915 3597 1968 3624 pro
1990 3587 2095 3618 viribus
2115 3586 2270 3625 impedient
2289 3585 2368 3617 bona

1347 3644 1371 3663 e.

1308 3633 1502 3707 fidVolumus,
1522 3668 1646 3707 insuper,
1670 3668 1703 3697 δε
1724 3665 1927 3701 concedimus,
1946 3673 2000 3702 pro
2022 3663 2137 3701 Nobis,
2158 3662 2370 3703 Primogenito-

1308 3721 1364 3749 que
1377 3710 1476 3740 nostro
1496 3707 1647 3747 praedicto,
1666 3708 1699 3735 δε
1722 3704 1848 3742 expresse
1871 3702 2059 3743 protestamur
2080 3701 2158 3741 quod
2180 3711 2280 3732 omnes
2302 3702 2372 3733 Alli-

1307 3750 1424 3787 gantiae,
1441 3748 1510 3777 olim
1526 3755 1573 3783 per
1590 3744 1656 3774 Nos
1671 3744 1755 3773 fatte
1769 3752 1836 3772 cum
1859 3740 2086 3780 quibuscumque
2100 3739 2246 3778 Regibus,
2262 3741 2374 3772 Princi-

1307 3782 1408 3825 pibus,
1426 3787 1459 3817 ὃς
1476 3783 1619 3820 Personis,
1636 3783 1665 3812 in
1702 3789 1817 3811 uantum
1832 3781 1893 3811 sunt
1906 3780 1938 3810 &
1952 3780 2008 3810 esse
2016 3778 2130 3816 possunt
2143 3780 2290 3809 contrariae
2300 3790 2373 3818 prae-

1308 3827 1431 3856 sentibus
1445 3823 1615 3862 Alligantiis,
1633 3831 1649 3850 a
1698 3821 1778 3858 obis,
1793 3818 1954 3857 eodemque
1976 3817 2171 3856 primogenito
2187 3817 2303 3857 nostro,
2320 3819 2373 3850 sint

1309 3865 1390 3896 salvae
1403 3862 1514 3901 penitus
1529 3861 1562 3891 &
1577 3867 1712 3896 exceptae.

1346 3903 1384 3935 Et
1396 3901 1602 3941 promittimus,
1621 3898 1745 3936 insuper,
1763 3906 1816 3935 pro
1828 3895 1943 3932 Nobis,
1960 3893 2172 3925 &Haeredibus
2188 3895 2304 3934 nostris,
2316 3897 2369 3926 bo-

1309 3941 1402 3973 nafide
1417 3941 1449 3970 &
1466 3940 1495 3969 in
1520 3938 1609 3967 verbo
1626 3936 1738 3976 Regio,
1758 3936 1867 3966 easdem
1886 3934 2060 3972 Alligantias,
2083 3942 2165 3972 prout
2187 3934 2307 3972 superius
2321 3935 2371 3965 de·

1311 3980 1486 4014 scribuntur,
1502 3977 1530 4007 in
1544 3975 1679 4006 omnibus
1693 3975 1725 4006 &
1739 3984 1788 4012 per
1800 3974 1897 4004 omnia
1910 3981 2004 4003 tenere
2017 3972 2050 4003 &
2065 3971 2261 4002 inviolabiliter
2276 3973 2371 4003 obser-

1312 4028 1394 4057 vare,
1411 4018 1444 4049 Sc
1459 4017 1497 4047 eis
1512 4022 1670 4053 numquam
1683 4023 1784 4046 contra
1799 4013 1891 4044 facere
1906 4011 1951 4043 vei
1965 4012 2063 4044 venire
2075 4011 2177 4049 quovis
2190 4012 2289 4042 modo.
2336 4046 2372 4078 In
