2561 4251
721 127 829 168 ET
915 126 1175 168 ACTA
1257 125 1722 169 PUBLICA.

26 216 92 249 Knn.
105 214 148 246 D.
163 215 310 247 Donnons
328 215 361 246 ὃς
384 211 535 243 Oui-oions
550 233 558 248 ‚
576 219 624 249 par
646 210 672 240 le
692 218 795 242 ienour
817 212 864 242 des
884 212 1038 252 presentes,
1058 211 1224 249 Aqurite,

2279 143 2326 180 51

1264 220 1327 240 rum
1337 233 1345 248 ,
1366 210 1543 250 Procedens,
1558 212 1697 244 declarato
1718 215 1793 251 prius
1815 224 1863 252 per
1876 225 1941 246 eum
1957 215 2066 246 dietum
2081 213 2321 252 Matrimonium,
2339 213 2415 244 Ann.
2428 214 2472 246 D.

21 294 86 323 cdv.
108 302 133 330 3.

42 253 128 295 [1361.
164 254 243 285 Plein
265 253 372 284 Povoir
371 251 442 319 15&
459 248 664 286 Mandement,
683 250 716 279 δε
732 260 801 280 vous
816 251 996 281 Establissbns
1011 260 1069 281 noz
1084 250 1224 287 Messages

165 295 199 325 &
218 292 352 330 especiaix
405 295 508 325 eputez
530 287 564 317 de
587 287 713 318 Prendre
729 289 760 318 &
777 288 945 325 Rescevoir,
966 299 1017 327 pur
1031 290 1064 319 &
1079 299 1116 319 ou
1133 287 1225 317 Noun

166 332 202 361 de
215 331 320 366 Nous,
338 329 372 359 &
386 326 421 356 de
435 334 494 355 noz
508 324 611 364 Hoirs,
625 327 661 356 les
676 327 736 357 ditz
753 328 881 365 Quaraiit
898 327 993 357 Milies
1009 326 1129 357 Motons
1141 325 1226 363 d'Or,

167 380 206 400 ou
222 377 297 398 autre
310 366 355 396 Or
372 374 387 394 a
399 365 424 394 la
439 365 527 402 value,
544 374 582 394 ou
595 375 628 394 ce
643 366 690 403 qui
707 367 851 395 nousi'erra
865 367 924 403 paie
936 367 971 396 de
985 366 1009 395 la
1017 366 1074 395 dite
1082 365 1220 400 Somme,

205 407 243 438 Et
259 405 294 435 de
307 404 430 434 Donner
443 403 476 433 &
492 402 589 432 Bailler
602 413 636 432 au
651 404 691 432 dit
707 402 774 432 Duc
790 404 822 433 &
837 414 850 433 a
863 411 932 433 touz
945 413 1013 433 ceux
1028 402 1163 442 q'affiert,
1184 402 1226 431 sur

170 456 205 477 ce
241 453 274 474 ue
288 443 366 483 paiez
379 451 413 470 en
426 440 496 470 serra
511 441 545 471 de
560 441 600 471 dit
613 441 748 478 Somme,
769 450 827 470 noz
843 441 950 471 Lettres
964 442 1182 479 d’Acquitance,

238 491 249 512 t
267 481 302 511 de
322 481 384 510 lour
400 479 466 509 faire
480 487 570 509 autres
583 479 706 515 Lettres,
725 487 801 509 tantz
816 481 848 509 &
865 480 956 517 tieles,
976 490 1029 517 que
1042 481 1103 509 lour
1118 479 1224 509 serront

172 519 341 557 neceffieres,
358 519 391 549 &
406 517 544 548 i'ouffisant
563 517 605 546 sur
618 517 656 546 ies
670 517 835 547 Paiementz
846 517 1015 548 devantditz.

210 559 267 597 Et,
285 558 310 589 si.
326 565 430 588 aucuns
452 556 584 586 Sommes
603 554 673 598 sont¹
684 556 765 592 paiez
785 555 832 586 des
854 556 922 586 dites
937 556 1063 595 Qarant
1078 555 1143 585 Mill
1157 554 1227 584 Mo-

109 616 129 620 .‚
173 605 237 629 tons
255 596 347 634 d’Or,
369 594 471 634 queise
492 594 608 623 doivent
630 603 706 632 paier
728 603 743 622 a
757 593 845 624 Nous
861 604 894 624 au
919 594 957 625 dit
976 596 1083 625 Terme
1096 595 1133 624 de
1148 593 1227 623 Seint

137 631 140 635 ⁵
172 635 297 672 Michel,
313 645 340 665 as
360 633 486 673 persones
505 641 642 669 aucunes,
661 641 745 661 come
760 643 789 670 a,
806 641 865 662 noz
878 633 975 663 cheres
988 633 1020 663 ὅτ
1035 632 1136 670 foialx,
1156 629 1228 660 Otes

122 688 123 691 ¹
170 674 239 704 Sirer
252 673 286 704 de
300 671 479 708 Grauntson,
496 671 529 701 &
540 669 634 708 Johan
646 669 681 700 de
696 669 811 700 Chastel
824 671 858 701 N
861 671 912 701 oef
915 695 925 710 ,
943 671 1104 706 Chivalers,
1123 678 1162 698 ou
1177 677 1227 698 au-

147 730 149 733 ·
169 720 226 742 tres
240 719 438 750 quecoiiques‚
454 709 526 738 dont
542 708 560 738 il
574 718 645 738 vous
659 718 787 748 apparera
800 709 1006 739 souffisaument
1019 718 1067 746 par
1082 715 1140 737 noz
1158 705 1227 735 Let-

170 759 224 781 tres
245 751 293 781 erit
314 749 405 786 faites,
424 750 457 779 &
470 745 569 777 auffint
582 757 630 784 par
643 746 749 777 Lettres
763 747 950 786 d'Aquitance
961 746 997 775 de
1009 745 1034 774 la
1047 745 1176 782 Recepte
1191 744 1226 773 de

171 790 249 819 tieles
267 789 413 824 Sommes,
432 785 467 815 de
490 784 557 814 faire
570 795 603 815 au
618 784 659 815 dit
672 784 740 815 Duc
752 786 786 816 &
801 797 828 816 as
842 782 1064 827 autresq'affiert
1075 782 1130 812 due
1145 782 1226 812 Alio*-

148 846 152 850 =
170 836 270 858 wance
290 826 326 856 de
347 835 380 855 ce
400 835 454 862 que
472 824 528 853 ensi
549 824 627 861 paiez
641 823 700 861 est,
716 833 750 853 en
766 821 909 853 Rebaiaiit
924 831 998 852 rieux
1013 821 1179 851 Paiemeritz
1189 820 1226 850 de

168 865 194 896 la
208 859 329 895 Somrrie
342 862 499 900 Principale
511 862 546 891 de
565 861 692 900 Quarant
706 860 772 890 Mill
787 860 910 890 Motons
921 860 994 890 d’Or
1007 860 1164 896 avantditz‚

206 903 244 934 Et
263 903 299 933 de
320 903 388 933 faire
408 901 547 931 Executer
561 901 594 930 ὃ(
606 898 745 938 Expedier
759 908 849 928 toutes
863 908 951 929 autres
963 898 1058 929 choses
1074 897 1226 928 necefferes

167 951 203 972 eri
229 941 299 977 celle
319 942 421 980 partie,
439 939 573 969 combien
597 947 651 975 que
672 936 730 974 plus
749 937 863 974 especial
879 937 1062 967 mandement
1074 936 1166 966 serroit
1182 944 1225 964 re-

167 981 245 1018 quis,
266 980 372 1019 &que
392 978 481 1009 Nous
499 976 618 1006 ferrions
637 974 754 1007 mesmes
777 976 796 1005 si
818 986 889 1006 nous
903 985 920 1015 y
934 975 1058 1006 estoions
1071 984 1106 1004 eii
1121 983 1223 1013 propre

185 1019 282 1049 erfone
295 1030 302 1035 ·

163 1027 183 1058 p
205 1042 400 1087 Promettantz
412 1053 490 1085 avoir
506 1051 587 1082 Ferm
603 1051 637 1082 &
651 1051 808 1091 Aggreable
822 1060 885 1082 tout
899 1062 950 1090 ce,
968 1061 1022 1090 que
1036 1060 1106 1081 vous
1121 1060 1155 1080 en
1171 1049 1226 1080 fer—

169 1104 218 1125 rez
240 1106 275 1125 en
298 1094 366 1125 celle
380 1093 483 1131 partie,
500 1090 543 1120 sur
558 1090 728 1129 Obligacion
743 1090 778 1120 de
793 1099 864 1120 touz
880 1099 938 1120 noz
953 1089 1049 1125 Biens;
1071 1088 1194 1119 Reserve
1209 1098 1225 1118 a

166 1132 256 1164 Nous
294 1134 326 1163 ὃς
347 1142 362 1162 a
384 1139 442 1160 noz
462 1129 563 1167 Heirs,
585 1138 675 1158 toutcs
689 1128 726 1159 les
743 1129 868 1166 Aetion,
886 1128 990 1166 Dioit,
1009 1129 1041 1159 δε
1058 1126 1225 1165 Demande,

167 1182 222 1209 que
243 1156 329 1201 leous
347 1179 433 1207 avons
456 1179 481 1198 as
503 1168 645 1198 avantditz
666 1167 790 1206 Obligez
806 1189 815 1205 ,
839 1177 884 1204 par
903 1167 993 1196 Foi‘ce
1011 1166 1057 1196 des
1076 1165 1190 1202 Peines,
1211 1176 1226 1196 a

166 1220 239 1240 nous
260 1208 408 1238 commises
428 1208 461 1238 ὃς
483 1216 653 1244 encourues,
670 1217 685 1236 a
706 1205 783 1235 cause
797 1206 832 1235 de
850 1206 874 1235 la
892 1204 1079 1235 Retardacion
1093 1205 1131 1234 du
1146 1204 1225 1234 Pale-

164 1256 245 1278 ment
260 1246 458 1283 devantdit‚&
475 1246 535 1274 auxi
549 1256 564 1274 a
577 1253 638 1274 tout
652 1254 686 1273 ce
701 1254 756 1282 que
770 1254 841 1274 nous
856 1244 982 1274 demoert
999 1254 1105 1284 unqore
1120 1253 1134 1272 a
1149 1244 1225 1280 parer

165 1296 214 1326 par
227 1294 324 1315 vertue
338 1285 372 1315 de
387 1285 448 1314 lour
464 1283 649 1321 Obligacions
663 1282 843 1312 devantdites.

203 1324 285 1354 Don.
306 1334 353 1363 par
373 1322 601 1357 Tesmoignance
619 1320 654 1350 de
669 1320 763 1350 nostre
781 1320 873 1350 Orant
887 1319 964 1358 Seal,
983 1331 996 1350 a
1017 1318 1112 1350 nostre
1127 1317 1192 1347 Pale
1212 1327 1223 1346 s

164 1361 201 1393 de
220 1362 344 1392 NVestm.
369 1362 393 1390 le
410 1361 457 1392 viii
469 1360 533 1398 jour
546 1360 580 1389 de
594 1359 775 1395 Decembre,
794 1359 857 1388 l’An
871 1358 906 1389 de
923 1369 1005 1395 grace
1020 1357 1095 1397 Mil,
1117 1355 1175 1387 CC
1215 1378 1225 1394 ,

164 1401 273 1431 Seffant
287 1401 319 1431 δι’
338 1399 391 1430 Uu
400 1422 410 1438 ,
428 1401 460 1430 ὃ(
476 1399 511 1428 de
525 1397 620 1428 nostre
635 1397 738 1437 Regne
750 1398 861 1427 Treiite
877 1398 966 1435 quint.

284 1509 337 1556 De,
358 1520 528 1564 conducite,
545 1521 636 1567 fhper
656 1522 791 1567 Negotiis
814 1519 927 1554 David
945 1519 980 1553 de
997 1523 1099 1569 Bruys.

143 1643 148 1650 ,
164 1607 308 1667 REX,
324 1609 386 1640 &C.
406 1607 540 1639 Salutem.

277 1647 374 1678 Sciatis
390 1647 485 1685 quod,

123 1719 130 1726 ,
172 1709 175 1711 -
200 1685 305 1724 Cum,
316 1686 492 1716 Venerabiles
508 1685 602 1715 Patres
616 1683 786 1715 Willielmus
802 1683 905 1721 Episco
927 1694 957 1714 us
971 1683 1065 1715 Sanffl
1083 1683 1223 1722 Andreae,

160 1724 295 1755 Patricius
312 1724 464 1762 Episcopus
484 1724 519 1754 de
541 1722 629 1762 Bregh
650 1733 684 1760 n,
704 1723 845 1752 Walterus
858 1722 895 1752 de
951 1723 1057 1753 ardelau
1073 1723 1222 1753 Archidia-

139 1794 144 1800 ¹
160 1773 251 1794 conus
265 1764 300 1794 de
319 1763 444 1801 Louues,
461 1763 604 1792 Robertus
639 1772 655 1791 e
668 1760 775 1792 Erskvn
790 1760 934 1799 Miles,&
946 1762 1089 1800 johannes
1103 1761 1138 1791 de
1153 1761 1221 1791 Pre-

159 1800 222 1832 ston
241 1802 327 1832 Miles
333 1808 346 1840 ,'
361 1801 396 1830 de
410 1802 529 1838 partibus
543 1800 665 1836 Scotiae‚
683 1801 712 1829 in
729 1793 864 1838 Regnum
880 1800 1008 1830 nostrum
1022 1799 1152 1837 Anghae,
1167 1809 1219 1836 pro

158 1841 324 1878 quibusdam
349 1839 502 1878 Negotiis,
522 1838 618 1869 David
635 1838 670 1868 de
689 1838 773 1878 Bruys
794 1838 978 1870 prisonarium
997 1838 1126 1868 nostrum
1141 1848 1216 1868 con-

157 1880 356 1947 cerffintibus,
368 1878 403 1908 de
423 1878 551 1909 Licentia
570 1876 680 1915 nostra,
699 1877 750 1907 sint
765 1878 892 1915 venturi,

241 1927 274 1947 os

195 1941 330 1985 Volen'tes
351 1954 496 1984 Securitati
515 1952 636 1991 ipsorum
654 1952 860 1993 Episcoporum
876 1977 886 1992 ,
907 1952 1106 1984 Archidiaconi
1121 1977 1131 1993 ,
1150 1952 1216 1984 Ro-

157 1995 245 2031 berti,
264 1994 297 2024 &
309 1993 445 2031 Johannis
458 1995 487 2023 in
502 1993 554 2022 liae
569 2002 644 2029 parte
659 1992 825 2031 providere,

195 2033 372 2069 Suscepimus
390 2032 458 2070 ipsos
479 2032 512 2062 &
531 2029 659 2060 Centum
685 2030 799 2068 Equites
820 2031 856 2061 de
876 2029 1024 2060 Comitiva
1043 2030 1087 2061 sua
1101 2053 1110 2068 ,
1127 2030 1219 2065 cuius-

1264 250 1334 278 inter
1355 259 1405 279 vos
1424 251 1517 288 primo
1529 252 1557 280 in
1567 252 1657 319 l{tadu
1671 253 1816 289 prohibito
1829 254 1862 284 &
1876 255 1938 284 alissas
1952 254 2096 292 illegitime
2110 251 2319 290 ConrraChrm,
2359 252 2443 291 1361.

1596 300 1612 319 e
1626 290 1659 321 &
1675 290 1772 321 Verbo
1787 292 1948 323 abinvicem
1964 292 2094 332 separavit
2103 291 2181 329 juxta
2196 290 2318 321 formam
2339 293 2415 319 Edv..
2427 300 2453 328 3.

1264 288 1373 316 nullum
1388 288 1484 324 fuisse,
1501 299 1552 318 vos

1265 324 1421 355 Canonicae
1436 326 1609 366 Santi-ionis,

1301 363 1343 406 Et.
1358 363 1566 408 subsequenter,
1585 376 1636 396 vos
1658 366 1800 398 humiliter
1818 368 1847 398 id
1860 376 2000 406 petentes,
2017 379 2033 399 a
2047 367 2179 406 praedieta
2193 365 2323 397 Excom-

1264 410 1462 445 municationis
1476 403 1635 442 Sententia,
1652 406 1725 441 juxta
1739 407 1861 436 formam
1877 406 2027 444 Eccleiiae,
2047 406 2143 436 eadem
2159 405 2323 437 Auctorita-

1263 448 1292 469 te
1312 440 1446 482 absolvit,
1473 451 1506 470 ac
1526 441 1622 471 Paenas
1641 443 1765 481 praefatas
1783 446 1864 474 vobis
1887 445 1990 475 remisit
2009 446 2042 475 &
2065 445 2150 474 etiam
2171 443 2322 482 relaxavit,

1265 476 1412 515 Vobisque
1428 476 1625 521 lffaenitentiam
1640 480 1780 511 salutarem
1795 483 1828 513 ὃς
1841 482 1906 521 alia,
1922 493 1987 522 quae
2001 483 2037 512 de
2047 483 2109 520 jure
2121 484 2154 513 ὅ(
2168 482 2322 513 secundum

1266 523 1392 562 tenorem
1413 516 1583 547 Litterarum
1604 518 1760 549 nostrarum
1782 520 1948 558 injungenda
1972 521 2102 559 fuerunt,
2120 521 2153 551 &
2169 520 2321 559 praesertim

1267 554 1345 590 quod
1367 554 1446 598 Duas
1462 554 1590 592 Capellas
1607 558 1742 593 (quarum
1756 560 1887 597 quaelibet
1898 560 1934 590 de
1948 558 2057 597 Viginti
2070 559 2179 590 Annuis
2194 558 2322 589 Marchis

1267 592 1390 627 Argenti
1405 602 1452 629 per
1465 602 1516 623 vos
1530 593 1688 630 dotaretur)
1709 595 1780 626 infra
1794 607 1883 627 unum
1898 607 2020 635 annum,
2040 607 2109 628 tunc
2124 598 2259 634 proximo
2273 596 2319 626 fu-

1267 637 1379 672 turum,
1396 631 1529 669 fundare,
1548 630 1738 673 Construere,
1755 634 1787 664 δε
1804 634 1906 665 Facere
1919 636 2073 674 deberetis,
2091 636 2220 672 injunxit.

1281 705 1286 709 .
1307 667 1340 697 lzt
1361 669 1478 712 demum
1489 693 1498 708 ,
1516 671 1579 708 quia
1599 679 1712 708 propter
1725 671 1841 708 Regalis
1855 673 2047 704 exaltationem
2063 674 2150 711 Solii,
2170 683 2259 711 a=quo
2273 682 2322 704 na·

1265 712 1353 748 tivam
1368 707 1521 743 Originem
1535 708 1720 746 produxistis,
1736 719 1769 739 ac
1785 711 1934 748 praemissas
1945 712 2116 750 diversisque
2127 712 2188 742 alias
2202 713 2321 741 rationa-

1266 742 1336 772 biles
1358 744 1476 789 Causas,
1492 756 1558 784 quas
1574 747 1760 789 deliberatiori
1782 758 1877 778 merite
1900 750 2072 788 revolverat,
2088 752 2120 781 ὃ(
2142 751 2192 780 alia
2213 759 2277 788 quae
2290 751 2320 779 in

1266 788 1345 810 tanto
1359 781 1498 824 ‚Ne-gono
1515 785 1624 815 fuerant
1638 787 1742 815 merito
1755 787 1937 825 attendenda,
1955 787 2003 817 sibi
2018 788 2107 818 visum
2122 790 2173 818 fuit
2186 788 2321 826 profecto

1266 819 1472 864 expediens&
1492 821 1597 860 Regno
1620 822 1731 861 Angiiae
1751 823 1924 855 fi·u<5'tuosum
1939 826 2035 864 quiid,
2053 828 2125 862 juxta
2141 827 2262 856 formam
2277 826 2319 856 di-

1265 856 1375 886 &arum
1396 858 1565 889 Litterarum
1584 859 1741 890 nostrarum
1754 883 1763 899 ‚
1789 864 1870 893 vobis
1890 873 1946 894 erat
1965 864 2121 901 hujusmodi
2142 864 2322 902 Dispensatio

1265 895 1448 927 concedenda
1460 919 1470 934 ‚
1487 897 1633 941 vobiscum
1656 907 1687 929 ut
1722 898 1935 938 Impedimeiitis
1954 902 2113 940 praedietis,
2128 912 2192 941 quae
2211 912 2246 932 ex
2271 902 2322 932 eis-

1264 933 1332 963 dem
1356 933 1469 978 Consan
1490 938 1603 980 uinitate
1624 937 1657 967 &
1680 922 1922 981 dompaternitate
1943 942 2127 978 proveniunt,
2145 950 2180 970 ne
2200 950 2322 978 uaquam

1264 971 1454 1016 obstantibus,
1514 984 1695 1006 atrimonium
1719 978 1829 1008 insimul
1843 978 1879 1008 de
1892 988 1970 1008 novo
1986 979 2074 1008 libere
2089 987 2187 1008 contra
2209 988 2270 1016 ere,
2287 980 2322 1009 δε

1265 1021 1294 1040 in
1315 1020 1368 1049 e0,
1388 1011 1538 1051 postquam
1559 1012 1749 1044 contractum
1769 1016 1912 1054 existeret,
1930 1026 2071 1047 remanere
2093 1017 2169 1046 licite
2182 1017 2322 1053 valerem,

1264 1048 1561 1095 eadem-Auctoritate
1579 1052 1755 1092 dispensavit,
1771 1054 1886 1086 Prolem
1907 1054 2106 1092 suscipiendam
2129 1064 2162 1085 ex
2183 1055 2242 1093 ipso
2257 1053 2324 1085 Ma-

1263 1096 1399 1134 trimonio
1413 1089 1583 1129 Legitimam
1599 1092 1769 1122 nunciando.

1305 1126 1450 1167 Qiodque
1464 1128 1651 1166 postmodum
1661 1152 1671 1168 ,
1690 1130 1757 1160 cum
1772 1141 1839 1169 vos,
1856 1130 1957 1162 Bannis
1969 1132 2081 1169 publice
2095 1132 2189 1170 editis,
2208 1132 2323 1161 nemine

1266 1164 1292 1208 se
1314 1174 1334 1194 ο
1355 1174 1494 1210 ponente,
1513 1167 1626 1205 publice
1645 1169 1675 1198 in
1697 1168 1754 1207 sua,
1770 1180 1885 1201 necnon
1898 1171 1968 1200 dicti
1984 1170 2091 1208 Regis,
2108 1172 2157 1208 δε,
2176 1169 2324 1200 cariffimae

1266 1213 1293 1246 iri
1348 1205 1434 1234 liristo
1448 1205 1471 1234 F
1473 1206 1527 1236 iliae
1546 1206 1667 1244 nostrae,
1684 1206 1828 1248 Phylippae
1843 1208 1962 1248 Reginae
1979 1209 2092 1245 Angliae
2108 1208 2238 1245 Illustris,
2258 1208 2323 1246 plu-

1264 1251 1403 1289 riumque«
1416 1243 1617 1283 Praelatorum,
1635 1255 1667 1276 ac
1689 1245 1890 1286 Clericorum,
1908 1257 1941 1277 ac
1959 1247 2131 1284 Nobilium,
2151 1248 2184 1277 ὃς
2202 1248 2322 1277 aliorum

1264 1281 1406 1325 praesentia
1432 1282 1654 1314 Matrimonium
1680 1285 1806 1316 invicem
1832 1286 1868 1316 de
1890 1295 1969 1316 novo
1992 1286 2192 1317 contraxissetis
2207 1309 2216 1324 ,
2244 1285 2322 1315 idem

1264 1318 1498 1358 Archiepiscopus
1517 1331 1586 1352 tunc
1609 1323 1721 1361 publice
1742 1324 1936 1354 solemnizavit
1956 1324 2177 1354 Matrimonium
2199 1323 2322 1361 supradi-

1264 1357 1361 1401 tflum,
1379 1369 1464 1396 prout
1486 1361 1514 1389 in
1535 1360 1637 1390 eisdem
1658 1361 1739 1399 ipsius
1762 1362 1976 1400 Archiepiscopi
1996 1363 2107 1393 Litteris
2143 1373 2191 1402 per
2211 1362 2320 1393 Unum

1263 1406 1291 1425 in
1308 1395 1405 1440 ¹forma
1427 1399 1539 1442 publica
1558 1399 1662 1436 scriptis
1677 1422 1686 1437 ,
1705 1402 1739 1441 βο
1760 1400 1843 1431 Duos
1863 1402 1929 1431 alios
1945 1401 1980 1430 N
1982 1402 2084 1431 orarios
2106 1386 2239 1431 l3ublic0s
2253 1400 2318 1430 sub-

1262 1434 1386 1474 scriptis,
1404 1435 1436 1466 &
1457 1439 1541 1474 ipsius
1562 1437 1770 1478 Archiepiscopi
1791 1439 1889 1479 Sigillo
1911 1440 2036 1478 signatis,
2053 1440 2162 1478 plenius
2185 1440 2315 1470 contine-

1263 1482 1316 1504 tur.

1301 1511 1419 1556 Qare,
1437 1523 1490 1551 pro
1511 1521 1587 1551 parte
1608 1514 1701 1546 vestra
1717 1538 1727 1553 ,
1743 1515 1795 1546 fuit
1817 1517 1901 1546 nobis
1921 1517 2061 1547 humiliter
2081 1516 2265 1555 supplicatum
2288 1523 2319 1546 ut

1262 1550 1407 1588 praemiffis
1420 1574 1430 1590 ,
1464 1562 1527 1590 quae
1548 1554 1623 1583 circa
1647 1555 1704 1584 hoc
1725 1563 1775 1593 per
1796 1555 1963 1592 praedststum
1985 1555 2240 1594 Archiepiscopum
2260 1555 2321 1585 aista

1262 1589 1323 1620 sunt
1332 1612 1341 1627 ‚
1361 1590 1447 1620 robur
1461 1591 1638 1628 Apostolicae
1650 1591 1784 1622 firmitatis
1796 1593 1905 1623 adicere
1918 1594 2110 1632 dignaremur,

1301 1628 1369 1672 Nos
1390 1629 1427 1659 ita
1448 1640 1497 1667 ue,
1515 1630 1675 1667 hujusmodi
1695 1631 1791 1662 vestris
1804 1631 2059 1671 Supplicationibus
2074 1630 2213 1668 inclinati,
2229 1630 2320 1660 Abso-

1261 1666 1418 1705 lutionem,
1468 1668 1663 1707 emiffionem,
1680 1668 1908 1708 Relaxationem,
1927 1670 1959 1700 &
1981 1669 2225 1709 Dispensationem
2246 1678 2319 1705 prae-

1261 1705 1365 1744 dietas,
1382 1707 1414 1736 ὃς
1426 1707 1478 1737 alia
1494 1708 1643 1745 quaelibet,
1663 1717 1726 1745 quae
1759 1719 1788 1738 er
1803 1709 1913 1739 dictum
1928 1707 2182 1746 Archiepiscopum
2196 1707 2225 1736 in
2239 1706 2319 1736 diCto

1261 1743 1395 1782 Negotio
1408 1768 1419 1784 ,
1440 1746 1541 1782 vigore
1561 1746 1704 1784 praedifiae
1754 1747 1940 1777 onimiffionis
1954 1770 1962 1784 ,
1982 1756 2012 1777 ut
2034 1746 2228 1784 praemittitur,
2247 1744 2322 1775 fausta

1259 1781 1338 1820 sunt,
1357 1782 1430 1813 Rara
1444 1783 1577 1814 habentes
1591 1785 1624 1815 &
1640 1784 1745 1823 Grata,
1763 1786 1805 1816 illa
1821 1785 1995 1816 Audioritate
2010 1783 2177 1823 Apostolicfi⁴
2190 1792 2225 1812 ex
2245 1782 2321 1813 certa

1258 1821 1371 1852 scientia
1391 1820 1618 1861 Confirmamus,
1635 1823 1655 1843 *²
1672 1824 1705 1854 &
1720 1824 1860 1862 praesentis
1873 1825 1964 1864 scripti
1980 1824 2136 1863 patrocinio
2154 1823 2320 1853 communi·
2341 1835 2360 1855 ῃ
2382 1837 2434 1866 VI·

2337 1883 2404 1911 345·

1259 1868 1331 1890 mus.

1296 1897 1378 1928 Nulli
1394 1908 1463 1938 ergo
1477 1900 1598 1930 omnino
1609 1899 1774 1932 Hominum
1788 1902 1866 1932 liceat
1879 1899 1951 1931 lianc
1966 1899 2103 1939 Paginam
2117 1898 2220 1930 nostrae
2235 1896 2318 1929 Cori-

1259 1935 1426 1967 firmationis
1439 1938 1606 1977 infringere,
1626 1940 1686 1970 &c-

1295 1974 1363 2006 Dat.
1391 1976 1527 2008 Avinion.
1561 1977 1589 2014 iij
1618 1976 1664 2008 Id.
1688 1976 1860 2009 Decembris
1873 1999 1883 2015 ,
1908 1975 2095 2008 Pontificatsis
2121 1975 2207 2007 nostri
2231 1974 2318 2005 Αηηο

1257 2023 1346 2045 ηοηο.

158 2080 282 2108 cumque
304 2067 402 2107 statiis,
421 2069 480 2103 &cz
491 2077 570 2108 prout
585 2074 612 2098 in
629 2072 731 2098 caeteris
746 2072 850 2099 Litoris
863 2070 894 2099 de
914 2070 1050 2099 Conduc‘lu
1064 2080 1120 2098 cum
1136 2069 1218 2100 Clau-
1493 2055 1525 2084 P.
1545 2052 1656 2094 Estacii.

154 2108 222 2149 fida
233 2110 266 2146 ,si
283 2110 310 2138 in
326 2108 520 2138 infirmitatem
533 2107 700 2145 inciderint,
719 2109 778 2138 δίο.
1700 2136 1704 2142 ,

197 2147 264 2177 Dat.
281 2146 354 2187 apud
371 2146 494 2176 WVestm.
509 2146 624 2177 decimo
639 2144 684 2176 die
700 2145 879 2176 Decembris.
1619 2132 1776 2172 Duplffata·

351 2207 354 2210 .
1712 2210 1917 2249 Transmontan-

162 2274 382 2314 Matrimonii‚
406 2276 482 2305 inter
507 2274 674 2317 Principem
702 2271 811 2304 Walliae
831 2275 867 2310 (ῤ’
892 2273 1071 2319 Comitiffiim
1091 2275 1216 2317 Cantiae,

508 2320 596 2353 Bulla
622 2319 859 2365 Confirmatoria.

1554 2285 1609 2316 Sub
1627 2285 1680 2322 filis
1687 2284 1780 2325 sericis
1787 2286 1867 2326 flavi
1882 2286 2005 2328 rubeique
2020 2285 2121 2324 coloris,

2251 2386 2314 2393 ⁶--

14 2413 91 2446 Αῃῃ,
104 2413 144 2444 Ι),
197 2408 381 2453 Nnocentius
399 2407 571 2477 Εξέίοορηε,
589 2407 690 2451 Servus
708 2407 862 2452 Servorum
886 2405 1108 2452 Dei-,Dilecto
1129 2408 1219 2446 Filio,
1258 2431 1304 2462 D.
1442 2426 1459 2460 b
1751 2430 1757 2436 .
1799 2389 1804 2391 Π
1970 2433 1975 2439 .
2059 2433 2064 2439 .
2136 2435 2140 2441 .
2181 2438 2186 2443 ,

35 2453 119 2494 ¹361-
181 2487 185 2492 Ι
208 2447 310 2491 Nobili
326 2448 414 2491 Viro,
458 2445 737 2490 dwardo,cari[linii
752 2457 780 2476 in
795 2445 984 2490 CtinsthotFiiii
1000 2446 1086 2490 nostri
1100 2447 1218 2492 Edwar-
1293 2429 1382 2472 [ΜΨ
1411 2427 1528 2472 ofides
1554 2438 1645 2484 ’'up‘''f
1675 2428 1769 2461 Dus¹5
1807 2428 1993 2476 Bourgond¹ae
2023 2433 2184 2466 [demtum
2204 2461 2215 2477 ³
2243 2447 2316 2484 ΡΜ·

7 2496 65 2520 ’Μ’
83 2502 126 2529 ³5·
158 2484 1219 2561 11ιᾶ1169εόῗὲἶέῼὲἓῖιῗὲὲῃῗκῑῖἷέἷῖἶῖἕαῗῖἒὲἳί13ζὲξὲΡὲἨῗὲὲῗῑαὲἢῦἷῖ
1595 2485 1723 2508 mmm
1736 2477 1771 2521 se
1788 2479 1979 2523 Reverstm*

13 2534 52 2595 {22-
66 2540 123 2596 {iu-
159 2535 355 2602 lsae,{jbrldeni
372 2561 511 2602 Principis
525 2547 633 2600 'Uxor-i,
642 2562 765 2593 Salutem
774 2547 814 2593 ³&
830 2545 1027 2600 Apoilolicam
1041 2534 1219 2594 ssenedieiioj
1256 2564 1314 2625 Α
1333 2562 1416 2594 Tous
1428 2561 1526 2600 ceuiz,
1545 2562 1574 2599 qi
1590 2559 1677 2591 cestes
1693 2560 1789 2592 Letres
1803 2571 1935 2603 verront,
2334 2573 2410 2605 Am,
2423 2575 2462 2606 D-

11 2613 74 2644 ngr·
159 2611 317 2671 n<gilimer-:e
338 2640 499 2684 devotionis
520 2638 663 2677 Affectus,
682 2649 766 2683 quem
789 2639 823 2683 ad
846 2639 914 2669 Nos
933 2640 966 2670 &
982 2639 1144 2669 Romanam
1161 2639 1218 2671 Ec·
1292 2640 1378 2670 Other
1397 2643 1521 2677 Seigneur
1535 2638 1568 2667 de
1585 2636 1736 2677 Granfflm,
2330 2614 2442 2689 Ass363¹5

158 2678 268 2709 clesiam
292 2688 403 2722 geritis,
422 2687 597 2723 promeretur
619 2686 649 2708 ut
665 2677 849 2708 petitionibus
864 2677 975 2716 vestris,
992 2687 1130 2717 quantum
1146 2688 1216 2710 cum
1292 2682 1371 2709 Henr
1401 2678 1432 2708 de
1451 2681 1557 2714 Vienn,
1573 2679 1697 2722 Seigneur
1711 2678 1742 2707 de
1762 2677 1910 2717 Mirebele,
2332 2695 2362 2718 E.
2384 2701 2408 2726 3·

157 2716 866 2786 Dese
941 2754 1012 2784 ost,
1076 2754 1111 2784 «d
1153 2755 1168 2785 11
1292 2689 1902 2793 ass-⁶³³‘²s‘hsssssmd2‘2w‘h0‘2

14 2818 30 2834 ⁸
40 2819 80 2846 VI
162 2765 319 2836 olimugteis,
335 2766 370 2823 ¹acll)
390 2793 408 2836 ἦ
423 2777 486 2822 uno,
503 2765 653 2836 conffmuni
668 2777 770 2836 Stipite
783 2765 979 2836 descenderere}
987 2816 996 2830 ,
1015 2765 1100 2824 8ςεῖυαῖ
1116 2779 1151 2823 ἕο
1163 2764 1216 2825 ,ξιξ
1292 2766 1533 2833 ῗζέαῖζηὲίνῖἓρ
1550 2765 1727 2830 δονηῖενκζιῖι,
2332 2775 2397 2804 '⁰²⁷‘

83 2840 90 2846 ·
164 2831 218 2861 Fili
239 2831 431 2875 Primogenite
454 2830 574 2869 Tertio,
591 2831 624 2860 &
648 2831 697 2860 Tu
721 2829 787 2860 Filia
797 2830 928 2874 Joliaiiiia
945 2832 1097 2875 becundo,
1112 2832 1217 2876 Gradi·
1291 2832 1405 2872 Johan,
1425 2835 1482 2861 Sire
1497 2832 1529 2861 de
1547 2834 1757 2871 Montmartyn,

16 2864 76 2893 344·
162 2870 214 2899 bus
231 2869 378 2908 distantes,
395 2879 427 2898 ex
450 2869 506 2899 hoc
522 2870 623 2899 Tertio
637 2867 893 2903 Consaiiguinitatis
909 2868 1009 2900 Gradu
1026 2880 1076 2899 vos
1092 2881 1214 2901 inVicem
1289 2872 1393 2902 Toutz
1411 2869 1558 2901 Chivalers
1573 2880 1578 2899 :

160 2909 381 2947 contingebatis,
397 2909 429 2938 ὃς
452 2908 531 2946 quod
546 2907 595 2936 Tu
611 2908 711 2944 eti-im,
729 2906 940 2943 primogenite,
962 2908 1100 2946 quendam
1115 2918 1216 2948 tuum,

154 2946 302 2985 Jolianna,
322 2947 426 2977 Filium
444 2947 478 2975 de
497 2948 584 2976 Sacro
600 2945 691 2975 Fonte
706 2946 859 2983 levaveris,
879 2954 973 2976 tamen
989 2957 1037 2976 vos
1048 2970 1057 2985 ,
1076 2958 1127 2985 pro
1141 2959 1215 2979 con-

158 2984 321 3015 solidatione
341 2985 425 3023 Regii
446 2984 513 3015 Solii
545 2995 560 3014 a
581 2993 639 3021 quo
653 2985 736 3014 etiam
750 2984 798 3014 Tu
812 2984 942 3022 johanna
956 2985 1034 3015 ducis
1048 2985 1215 3025 Orit’inem,

160 3034 220 3053 non
241 3024 270 3053 in
291 3032 490 3061 contemptum
531 3023 661 3061 wadum,
682 3022 901 3052 Matrimonium
926 3033 973 3061 per
996 3026 1080 3055 verba
1094 3010 1129 3055 d’e
1145 3035 1216 3064 prae-

161 3062 227 3092 senti
244 3063 367 3092 invicem
382 3063 592 3099 contrarieratis,

196 3100 280 3137 Nos,
298 3110 331 3130 ex
350 3101 431 3130 certis
453 3101 553 3138 causis,
571 3099 651 3129 nobis
669 3108 702 3128 ex
723 3100 812 3138 osiris,
830 3100 862 3130 &
881 3102 963 3130 eti-im
988 3109 1056 3131 tunc
1069 3101 1214 3141 expressis,

159 3138 213 3176 ad,
224 3139 361 3168 carissimi
384 3140 412 3168 iii
435 3138 551 3169 Christo
572 3138 635 3167 Filii
651 3142 702 3168 noi
719 3139 754 3175 ri,
773 3138 905 3168 Edwardi
920 3139 1007 3178 Regis
1026 3140 1133 3178 Angliae
1149 3140 1214 3170 Illu-

162 3176 239 3212 stris,
258 3176 403 3206 Genitoris
423 3178 463 3206 tui
484 3177 692 3214 primogenite,
712 3187 743 3206 ac
760 3177 858 3206 vestrae
874 3178 984 3207 devorat
1001 3178 1215 3217 Supplicationis

161 3214 335 3251 instantiam,
352 3214 513 3244 Venerabili
536 3214 621 3244 Fratri
641 3215 739 3244 nostro
765 3216 984 3255 Arcliiepiscopo
1006 3215 1214 3257 Cintuarienii,

161 3253 219 3290 ejus
237 3262 305 3283 ruric
329 3254 444 3292 proprio
464 3254 583 3282 nomine
599 3263 655 3282 nori
669 3254 815 3291 expresso,
835 3255 867 3284 &
885 3255 1009 3286 Duobus
1023 3255 1095 3294 aliis,
1114 3258 1171 3294 ejus
1184 3258 1213 3287 in

159 3291 214 3321 hac
236 3299 313 3328 parte
331 3290 472 3329 Collegis,
490 3291 616 3320 dedimus
635 3301 682 3328 per
704 3292 807 3321 nostras
830 3292 946 3323 Litteras
967 3295 993 3323 in
1017 3295 1163 3333 mandatis,
1183 3304 1214 3327 ut

160 3329 208 3366 ipfi
223 3352 233 3366 ,
251 3330 295 3359 vel
315 3328 386 3359 Duo
402 3352 411 3367 ,
430 3339 475 3359 aut
492 3329 578 3359 Unus
596 3339 694 3359 eorum
710 3353 719 3368 ,
737 3331 817 3359 vobis
835 3332 962 3366 primitiis
984 3342 1032 3369 per
1052 3343 1099 3363 eos
1113 3356 1123 3371 ,
1139 3335 1214 3371 juxta

158 3368 281 3397 formam
299 3367 456 3397 Canonicae
475 3368 651 3405 Sanfflonis,
669 3369 704 3398 ab
727 3369 851 3397 invicem
873 3369 1014 3407 separatis,
1033 3381 1085 3400 vos
1102 3373 1138 3401 ab
1153 3373 1213 3402 Ex-

159 3406 426 3435 communicationis
450 3405 611 3443 Sententia,
631 3416 713 3443 quam
737 3415 850 3444 propter
871 3409 1007 3446 praemissa
1023 3409 1214 3450 incurreratis,

160 3444 335 3474 AuCtoritate
349 3443 460 3481 nostrii,
471 3446 548 3482 juitta
561 3443 694 3474 Eccieiiae
706 3445 843 3481 formam,
862 3446 1051 3484 absolverent,
1071 3447 1213 3488 Vobistme

162 3484 246 3513 etiam
267 3481 370 3511 Poenas
391 3482 452 3510 alias
466 3504 476 3519 ,
508 3493 573 3520 quas
595 3492 737 3520 propterea
760 3483 932 3514 incurreratis
947 3507 956 3522 ,
986 3486 1160 3517 remitterent
1179 3489 1213 3518 &

160 3522 244 3552 eiiam
267 3520 430 3556 relaxarent,
448 3521 576 3555 injuntsiis
599 3522 678 3551 vobis
702 3521 884 3557 Paenitentia,
902 3532 986 3560 quam
1007 3523 1080 3553 saluti
1095 3524 1213 3556 Anima-

160 3569 224 3590 rum
241 3558 392 3589 vestrarum
408 3558 535 3594 expedire
549 3559 689 3596 viderent,
705 3560 738 3589 &
753 3560 834 3589 certis
848 3561 903 3590 aliis
916 3570 983 3591 tunc
997 3562 1139 3601 expreffis,

195 3597 234 3627 Et
249 3596 364 3633 deinde,
384 3596 402 3625 fi
412 3618 421 3633 ,
441 3596 614 3625 conlideratis
633 3598 778 3635 premissis
793 3599 825 3627 ὃς
838 3599 893 3628 aliis
903 3622 911 3635 ,
930 3609 993 3636 quse
1008 3600 1036 3628 in
1051 3608 1129 3631 tanto
1146 3601 1212 3632 Ne-

158 3637 238 3675 gotio
258 3633 456 3666 consideranda
477 3642 570 3671 erant,
588 3636 626 3664 eis
641 3636 779 3665 videretur
798 3638 943 3675 expediens
959 3637 1038 3675 quod
1053 3638 1212 3677 hujusmodi

158 3676 232 3705 foret
253 3673 427 3711 Dispensario
449 3672 630 3715 concedenda
643 3695 652 3710 ,
671 3674 835 3712 vobiscum,
852 3685 881 3705 ut
903 3675 1129 3716 impedimentis,
1147 3689 1212 3716 quae

160 3722 194 3743 ex
217 3712 296 3743 didus
320 3711 566 3749 Consanguinitate
584 3712 616 3740 &
640 3710 879 3750 Compaternitate
903 3715 1088 3753 proveniunt,
1107 3726 1213 3754 nequa-

159 3761 245 3788 quam
260 3750 450 3787 obstantibus,
472 3748 689 3779 Matrimonium
711 3750 821 3779 insimul
841 3751 877 3780 de
892 3761 970 3782 novo
992 3752 1078 3783 libere
1100 3764 1212 3786 contra—

162 3789 227 3818 here
240 3813 248 3825 ,
267 3791 300 3820 &
325 3791 353 3818 in
377 3798 412 3818 eo
428 3811 438 3827 ,
458 3788 604 3826 postquam
627 3786 820 3817 Contraeium
841 3789 916 3819 foret
930 3812 939 3827 ‚
955 3791 1031 3820 licite
1053 3801 1212 3832 remanere,

162 3826 273 3863 possetis
286 3849 296 3864 ,
316 3827 412 3857 eadem
441 3826 613 3856 Auffiloiitate
634 3825 816 3862 dispensarent
832 3849 840 3864 ,
860 3826 974 3857 Prolem
988 3851 997 3866 ‚
1015 3829 1211 3870 suscipiendam

160 3874 194 3894 ex
210 3865 218 3893 i
240 3865 268 3894 so
282 3865 487 3902 Matrimonio‚
508 3864 676 3901 Legitimam
696 3864 863 3894 nunciando.

238 3912 304 3941 uper
326 3906 396 3936 vero
413 3926 422 3941 ,
441 3904 608 3934 Venerabilis
630 3903 722 3933 Frater
740 3902 850 3941 noster,
868 3902 996 3942 Symon,
1016 3905 1212 3944 Archiepisco-

160 3951 211 3983 pus
226 3939 441 3984 Cantuariensis,
455 3941 554 3972 Nobis
568 3952 615 3979 per
627 3943 682 3972 suas
697 3942 828 3978 Litteras,
842 3941 996 3978 significare
1010 3947 1116 3976 curavit
1132 3947 1211 3984 quod

158 3979 232 4049 ips?
249 3979 538 4049 felilsimphujfflffdi
550 3981 583 4012 N
588 3982 700 4020 egotio,
716 3982 790 4019 juxta
802 3978 925 4012 formam
940 3981 1079 4016 dictarum
1094 3983 1212 4018 Littera·

217 4029 267 4048 m.
335 4040 340 4047 .
385 4024 442 4048 art.
496 4041 502 4050 .
941 4022 945 4025 '

1292 2909 1435 2949 Pounfizrd
1441 2932 1450 2948 ,
1468 2913 1524 2938 Sire
1537 2910 1568 2938 de
1582 2907 1768 2947 chastelnwf,

1289 2949 1405 2988 Johmz,
1424 2947 1487 2978 Filz
1507 2958 1543 2977 au
1566 2950 1623 2976 sire
1638 2947 1671 2975 a'e
1682 2946 1789 2986 Bletffl,

1288 2988 1418 3026 Esquiers
1434 2998 1442 3016 .·

1290 3025 1429 3056 Guillimot
1448 3022 1598 3062 Marftlly,
1616 3025 1760 3061 Bourgeois
1777 3023 1810 3053 de
1825 3026 1948 3063 Digeon,

1291 3103 1420 3134 Comme
1440 3111 1530 3139 nous,
1547 3110 1616 3131 auec
1638 3099 1732 3144 nostre
1753 3099 1891 3137 Seigneur
1911 3100 2029 3141 Phelip,
2052 3102 2160 3135 darrein
2184 3105 2253 3137 Duc
2274 3106 2310 3137 de

1252 3143 1417 3181 Bourgoign
1438 3141 1489 3176 (de
1511 3142 1557 3177 qui
1580 3139 1673 3169 Dieux
1695 3146 1731 3168 ait
1744 3138 1867 3181 l'Alme)
1885 3141 1918 3170 &
1933 3141 2052 3180 pluseurs
2064 3152 2153 3173 autres
2164 3144 2310 3182 Seigneurs

1252 3183 1285 3213 ὃς
1308 3181 1443 3219 Bourgois
1465 3179 1502 3208 du
1524 3178 1585 3208 Pais
1605 3177 1640 3207 de
1659 3176 1840 3216 Bourgoilin,
1858 3178 1979 3209 estoions
2000 3180 2060 3211 n'ad
2081 3182 2148 3211 aires
2166 3182 2308 3221 Obligez,

1252 3231 1299 3258 par
1323 3221 1427 3250 certein
1447 3217 1579 3254 Accord,
1597 3227 1612 3246 a
1632 3215 1771 3246 Treshaut
1793 3216 1825 3246 &
1849 3216 2042 3257 Trespoiffant
2085 3221 2179 3258 rince,
2196 3221 2221 3251 le
2236 3221 2307 3260 Roy

1251 3259 1444 3298 d'Engleterre
1455 3280 1464 3293 ,
1481 3266 1516 3285 eu
1530 3253 1646 3285 diverses
1662 3253 1792 3284 Sommes
1804 3254 1892 3293 d'Or,

1287 3298 1338 3335 Et,
1356 3306 1404 3336 par
1426 3295 1521 3325 defaut
1533 3293 1568 3323 de
1583 3292 1727 3335 Paiement
1740 3293 1888 3324 d'aucunes
1903 3293 1950 3324 des
1965 3294 2033 3325 dites
2047 3295 2179 3326 Sommes
2192 3307 2220 3327 as
2233 3297 2307 3328 Ter-

1251 3346 1309 3366 mes
1324 3334 1491 3370 accordees,
1509 3333 1542 3362 &
1561 3341 1609 3369 par
1631 3330 1735 3367 epecial
1754 3331 1791 3361 du
1812 3332 1920 3363 Terme
1941 3333 1976 3363 de
1991 3334 2014 3363 la
2030 3333 2106 3363 Seint
2124 3333 2232 3365 Michel
2246 3335 2309 3366 dar-

1250 3375 1310 3404 rein
1326 3373 1416 3411 passe,
1434 3381 1504 3401 nous
1517 3371 1608 3400 soions
1622 3377 1699 3399 entre
1714 3379 1750 3400 en
1763 3369 1892 3409 Hostage
1903 3371 2000 3402 deuers
2013 3372 2040 3401 le
2050 3372 2091 3401 dit
2106 3371 2182 3411 Rei,
2201 3374 2308 3407 sicome

1250 3413 1365 3452 obligez
1380 3421 1397 3450 y
1411 3411 1502 3441 fumes
1512 3432 1521 3447 ,
1646 3446 1651 3451 ι

1287 3450 1326 3481 Et
1349 3459 1407 3480 tant
1430 3448 1471 3478 est
1495 3458 1530 3485 qe
1550 3447 1575 3476 le
1594 3445 1669 3483 ROi,
1688 3445 1724 3476 de
1743 3446 1768 3476 sa
1790 3446 1886 3477 Grace
1905 3446 2051 3485 especiale‚
2069 3457 2140 3478 nous
2159 3449 2196 3479 eit
2209 3449 2307 3483 donne

1251 3489 1366 3527 Congie
1377 3489 1412 3518 de
1426 3496 1498 3516 nous
1510 3485 1694 3521 Transpotter
1707 3495 1743 3515 en
1758 3494 1816 3515 noz
1829 3485 1900 3515 Paiis
1915 3495 1962 3522 par
1973 3487 2108 3516 certeines
2123 3487 2230 3527 causes,

1286 3527 1373 3558 Nous
1391 3535 1462 3564 pour
1484 3533 1542 3555 tant
1554 3523 1755 3561 Promeaons,
1773 3525 1806 3554 &
1821 3523 1940 3554 chascun
1952 3522 1987 3553 de
2001 3533 2071 3554 nous
2086 3523 2248 3565 Promette,
2267 3539 2304 3560 en

1251 3574 1328 3596 toute
1351 3564 1477 3601 Lealtee,
1496 3563 1530 3593 &
1550 3570 1596 3597 par
1617 3561 1642 3591 la
1669 3562 1721 3591 Foi
1743 3562 1778 3591 de
1801 3570 1860 3591 noz
1878 3571 1981 3599 corps,
2000 3571 2035 3598 qe
2057 3573 2129 3593 nous
2142 3563 2256 3596 Serrons
2270 3568 2304 3597 &

1249 3604 1427 3634 Demorrons
1442 3602 1507 3632 lealx
1522 3598 1661 3638 Hostages
1673 3610 1707 3630 au
1719 3600 1759 3630 dit
1775 3599 1851 3637 Roi,
1867 3601 1899 3630 δε
1914 3610 1929 3629 a
1942 3599 1980 3630 ses
1994 3599 2097 3640 Heirs,
2112 3611 2149 3632 en
2164 3611 2234 3634 touz
2248 3605 2305 3641 pla-

1250 3653 1312 3681 ces,
1329 3642 1393 3672 sanz
1414 3642 1492 3671 Faire
1505 3648 1540 3668 ne
1549 3636 1709 3680 'Procurer,
1724 3648 1759 3668 en
1775 3640 1853 3676 prive
1869 3648 1905 3669 ne
1918 3648 1954 3668 en
1969 3648 2083 3679 appete,
2100 3649 2207 3671 aucune
2221 3642 2306 3674 chose

1250 3691 1285 3719 qe
1299 3691 1399 3718 pourra
1414 3679 1484 3709 estre
1498 3675 1694 3716 prejudiciable
1707 3687 1741 3706 au
1757 3676 1798 3706 dit
1814 3676 1893 3715 Roi,
1907 3686 1944 3707 ne
1956 3686 1971 3706 a
1984 3680 2022 3707 ies
2036 3676 2137 3716 Heirs,
2156 3689 2192 3709 ne
2205 3690 2219 3710 a
2234 3681 2305 3713 leurs

1249 3719 1369 3756 Tenes,
1386 3728 1424 3748 ou
1440 3717 1510 3747 Palis
1525 3715 1706 3753 quelconqes,

1286 3757 1322 3787 Et
1343 3767 1396 3796 que
1418 3756 1503 3786 Nous
1518 3752 1778 3795 Retourneronsl&
1792 3751 1938 3784 Mettrons
1951 3762 2008 3784 noz
2023 3753 2116 3792 Corps
2129 3765 2164 3785 en
2176 3755 2305 3797 Hostage

1251 3795 1348 3827 devers
1368 3796 1393 3825 le
1414 3795 1455 3824 dit
1477 3792 1552 3835 Roi,
1569 3792 1602 3822 &
1624 3791 1663 3821 ses
1685 3791 1768 3821 Heirs
1790 3802 1806 3822 a
1827 3793 1852 3823 la
1866 3790 1941 3823 Ville
1955 3793 1990 3822 de
2003 3791 2154 3832 Caiays(s1
2168 3795 2219 3825 elle
2232 3796 2302 3828 serra

1250 3835 1341 3865 adonc
1361 3844 1398 3864 eii
1419 3833 1443 3862 la
1465 3829 1613 3860 Poiffance
1635 3829 1673 3860 du
1695 3830 1736 3860 dit
1757 3829 1837 3861 Roii
1856 3830 1890 3861 &
1908 3831 2072 3861 aultrement
2089 3841 2125 3862 eri
2141 3831 2165 3862 la
2181 3831 2248 3864 Cite
2267 3835 2303 3867 de

1251 3873 1379 3903 Londres
1400 3880 1434 3900 en
1454 3868 1631 3908 Engleterre,
1647 3867 1749 3898 dedans
1761 3868 1786 3899 la
1802 3867 1857 3909 My
1869 3869 2023 3908 Qaresme
2036 3869 2180 3906 preschein
2191 3875 2304 3912 avenir,

1250 3913 1283 3942 &
1307 3911 1503 3941 Demourrons
1524 3906 1636 3944 illoeqes
1654 3916 1690 3937 eri
1711 3906 1851 3946 Hostages
1874 3918 1922 3946 par
1942 3907 2054 3938 fourme
2073 3908 2107 3940 δε
2128 3911 2250 3942 maniere
2268 3922 2305 3951 qe

1250 3949 1378 3986 Obligez
1392 3957 1408 3986 y
1423 3946 1512 3976 sumes
1524 3954 1570 3985 par
1585 3953 1645 3975 noz
1658 3945 1755 3976 aultres
1770 3945 1888 3976 Lettres.

1285 3988 1323 4019 Et
1341 3987 1536 4022 Promettons,
1552 3982 1584 4014 &
1604 3981 1752 4053 Chascuig}
1752 3983 1787 4014 de
1799 3994 1869 4015 nous
1882 3983 2045 4023 Promeae,
2057 3983 2304 4027 ser'nblablement2

1770 4031 1789 4051 2
2253 4035 2305 4066 qe,
