2561 4251
730 191 840 234 ET
926 192 1192 233 ACTA
1276 191 1758 236 PUBLICA.

2284 213 2367 251 205

37 280 151 315 ΑΜΒ
162 307 169 314 .
191 282 288 322 losque
304 282 457 322 Magnates
471 282 540 313 alios
553 280 678 320 ejusdem
693 280 806 322 Regni,
828 290 863 312 ex
883 290 989 314 eventu
1009 280 1136 319 Bellico,
1150 280 1256 312 nostrae
1296 279 1400 319 miffis,
1416 281 1451 312 ad
1464 281 1566 313 Terras
1580 282 1613 313 &
1626 281 1804 314 Tenemenra
1821 283 1926 323 vestra,
1944 286 1973 316 in
1990 284 2079 317 Insula
2097 284 2132 316 de
2147 285 2286 325 Shepeye,
2304 297 2355 317 vos
2369 281 2445 313 Arm·
2459 281 2503 314 D-‘

189 321 338 354 Custodiae
351 322 528 359 manciparit:

226 359 357 397 Deinde,
373 359 415 390 ob
430 359 511 397 ipsius
527 357 679 397 Maiestatis
695 357 728 387 δε
743 356 879 388 Ecclesiae
898 357 953 388 suae
973 356 1088 388 San&ae
1103 355 1251 387 Reveren-

186 399 274 436 tiam,
292 398 327 428 &
339 406 369 428 ut
383 398 498 428 humani
512 397 660 437 Sanguinis
679 394 779 426 effusio
797 406 813 426 a
830 395 933 434 Populi
951 394 1104 426 Christiani
1123 396 1251 425 terminis

186 435 323 468 remotius
337 436 456 467 exularet
493 445 561 466 cum
575 435 678 465 eodem
689 433 837 472 Johanne‚
851 445 883 465 ac
898 444 966 464 cum
981 433 1056 464 Filio
1071 435 1120 464 suo
1130 432 1249 472 Karolo,

185 475 251 505 tales
270 474 443 505 firmavimus
460 459 564 505 i'acem
586 474 620 504 &
638 472 853 510 Concordiam,
872 473 965 511 quales
985 472 1055 510 pura
1075 472 1250 502 conscientia

184 512 256 543 Deo
273 512 436 552 placabiles,
451 512 561 543 Sancitae
575 511 709 541 Ecclesiae
725 511 779 541 suae
793 520 898 548 gratas,
916 520 949 541 ac
963 511 1179 550 nobis,totique
1187 510 1249 540 Re-

183 560 247 588 gno
259 552 293 582 &
308 550 424 589 Populo
439 550 620 596 Anglicanis,
634 550 817 589 acceptabiles
829 550 862 580 &
877 549 1048 588 frucstoosas,
1065 549 1248 587 Sperabamus

185 590 300 619 aeternis
313 590 487 627 temporibus
502 587 668 626 perdurasse.

221 626 315 658 Ecce!
335 628 432 667 quod,
450 627 565 657 Eventu
580 625 651 664 Rei,
665 632 751 664 prout
763 624 855 666 placet
864 624 1023 664 Altiffimo,
1042 634 1248 666 praeterquam-

184 665 253 696 libet
270 666 394 704 Culpam
409 664 553 702 nostram,
571 665 600 694 in
614 665 789 695 contrarium
808 663 991 703 succedente,
1012 665 1088 696 idem
1109 664 1247 702 Karolus,

184 704 221 734 ad
239 705 350 735 bonum
364 703 444 734 Pacis
459 702 618 741 hujusmodi
641 713 700 732 non
722 702 880 741 advertens,
897 702 935 733 set
954 713 1035 741 cam,
1051 711 1150 733 contra
1171 703 1247 733 Fidei

185 742 242 773 suae
256 742 456 781 Religionem,
473 742 632 773 voluntarie
649 741 735 771 nimis
747 741 913 780 infringens,
930 741 1093 772 coadunatis
1116 742 1163 771 sibi
1178 741 1247 770 His-

184 789 327 820 panorum
350 780 526 819 aliorumque
543 780 666 818 plurium
687 778 903 817 Praepotentum
921 780 1024 809 viribus
1039 802 1049 816 ,
1071 779 1144 809 adeo
1166 779 1247 809 forti-

184 827 227 849 ter
244 818 378 857 Regnum
393 818 523 849 nostrum
537 818 652 849 molitur
666 817 816 854 Invadere,
835 816 1105 855 quod‚impellente
1121 828 1172 848 nos
1180 817 1247 848 Ne-

184 856 309 887 cessitate
321 857 449 893 ,notoria
464 880 474 895 ,
499 858 632 897 cogimur
657 865 753 887 contra
772 855 897 893 ipsorum
921 854 1093 886 Violentizim
1120 857 1153 887 &
1185 857 1247 894 Ag-

183 894 400 963 greifl‘usflrma
420 895 573 927 Defenfiva
586 894 742 932 resumere,
757 894 791 924 ὃς
805 892 932 924 adversus
946 903 994 924 eos
1009 894 1162 932 procedere
1178 891 1246 926 Ma-

182 943 222 964 nu
248 943 312 965 orti.

224 971 280 1011 Et,
299 971 349 1002 nisi
363 974 393 1003 in
412 971 547 1003 Processu
569 966 667 1002 nostro
689 969 850 1001 hu'usmodi
868 970 970 1001 virtute
994 969 1152 1002 Dominica
1170 972 1247 1011 (quae

186 1009 296 1048 semper
309 1011 443 1042 haetenus
455 1011 536 1040 nobis
557 1009 638 1046 fiivit)
661 1009 717 1040 vali
738 1008 779 1038 iiis
796 1010 1010 1049 supportemur,
1026 1010 1084 1041 satis
1101 1011 1153 1041 erit
1167 1011 1249 1041 nobis

184 1048 338 1086 Arduum,
353 1050 422 1088 quin
437 1049 528 1079 veritis
542 1048 645 1078 nostris
656 1047 792 1078 Humeris
804 1047 992 1085 Importabilis
1007 1048 1136 1087 sarcina,
1153 1057 1184 1079 ut
1197 1049 1249 1079 eis:-

185 1087 253 1154 delm
275 1086 402 1118 inimicis
419 1086 539 1126 nostris,
556 1096 714 1125 eorumque
733 1087 793 1117 tam
817 1086 929 1117 Grandi
950 1086 1107 1126 Potentiae,
1125 1087 1248 1119 resistere

184 1135 220 1156 va
231 1134 334 1155 eamus.

221 1162 351 1202 Verum,
369 1164 434 1203 quia
447 1164 644 1201 imperfectum
664 1162 793 1194 nostrum
808 1162 897 1194 Oculi
917 1163 1005 1193 nostri
1025 1164 1132 1195 intente
1155 1165 1248 1196 confi-

184 1199 302 1239 derant,
320 1202 355 1232 de
370 1203 451 1240 ipsius
465 1201 524 1233 Dei
539 1201 677 1234 foecundi»⁴
691 1201 879 1241 Benignitate,
900 1202 1130 1242 devotorumque
1153 1213 1249 1242 preca-

185 1240 300 1269 minum
314 1240 474 1271 vestrorurn
484 1264 493 1279 ,
509 1241 628 1271 aliorum
649 1250 685 1270 ue
699 1240 882 1270 Subditorum
898 1241 980 1270 vobis
988 1241 1184 1280 Populorum,
1200 1242 1249 1272 In-

185 1277 286 1309 stantia
303 1279 489 1317 multiplicata
504 1279 618 1317 confisi,
661 1278 801 1310 roceffum
837 1279 1002 1318 raedidltum,
1021 1280 1054 1310 &
1067 1281 1249 1318 potiffimead

184 1315 394 1348 Defensionem
410 1319 444 1349 δε
457 1318 627 1348 Tuitionem
647 1317 799 1356 Ecclesiae,
817 1289 915 1358 Regni
931 1319 1062 1357 Jurisque
1085 1319 1248 1349 nostrorum

185 1354 465 1394 Recuperationem,
486 1356 648 1387 constanter
660 1357 821 1396 arripimUS,
839 1358 872 1388 δεῖ
891 1357 919 1386 in
935 1356 1115 1396 eoevestigio
1133 1367 1250 1396 progre-

184 1394 214 1425 di
231 1394 299 1425 Nos
314 1395 486 1434 disponimus
501 1405 570 1426 cum
583 1405 619 1426 eo
635 1395 712 1434 quod
727 1395 863 1426 habemus
877 1395 1009 1426 Efforcio
1022 1397 1057 1425 de
1071 1397 1209 1435 praesenti.

224 1432 380 1464 Caritatem
395 1437 464 1478 ergo
479 1435 616 1472 vestram,
634 1434 770 1465 inclinato
784 1433 876 1465 cordis
893 1434 980 1464 nostri
999 1434 1176 1471 habitaculo,
1196 1435 1249 1465 hu-

185 1470 279 1502 milius
293 1483 352 1513 quo
365 1473 528 1511 postumus,
545 1472 742 1510 obsecramus,
761 1482 823 1503 eam
845 1483 894 1510 per
917 1472 1145 1504 Misericordiam
1163 1473 1249 1512 Jliesu

184 1507 293 1541 Christi
313 1512 446 1542 obnixius
465 1514 629 1549 excitantes,
654 1519 792 1549 quatenus
812 1521 866 1549 pro
888 1511 957 1541 dicii
980 1511 1094 1551 Regni,
1111 1512 1250 1550 totiusque

184 1547 319 1580 Ecclefiae
334 1551 380 1581 An
401 1551 516 1588 licanae,
531 1550 669 1580 Filiorum
682 1549 866 1589 nostrorum,
883 1560 915 1580 ac
930 1549 1047 1580 aliorum
1069 1552 1204 1581 omnium
1221 1552 1251 1581 in

183 1587 313 1624 praesenti
328 1598 368 1618 no
395 1598 427 1619 ro
434 1588 538 1627 Viagio
545 1589 695 1619 nobiscum
708 1587 1082 1628 profeeturorum‚autaii{is
1089 1589 1190 1620 Causae
1199 1600 1252 1620 no-

185 1624 251 1656 strae
259 1626 401 1665 Justitiam
421 1627 597 1666 ubicumque
608 1626 852 1667 prosequentium,
870 1626 950 1657 Statu
965 1628 1100 1665 prospero
1116 1629 1149 1659 &
1160 1628 1252 1667 felici,

184 1664 258 1704 apud
276 1664 449 1696 Altiffimum
468 1667 556 1703 (cujus
572 1665 657 1696 Nutu
664 1665 806 1696 Universa
815 1664 971 1702 subsistunt)
986 1667 1015 1696 in
1030 1666 1182 1697 Missarum
1191 1666 1252 1698 Ce-

184 1702 399 1743 lebrationibus,
418 1704 508 1735 Verbi
521 1704 579 1734 Dei
594 1703 816 1742 Prolationibus,
832 1703 1006 1744 Devotisque
1013 1705 1251 1744 Proceffionibus,

179 1738 297 1779 Jejuniis
328 1742 455 1783 Vigiliis,
475 1742 716 1774 Eleemosinarum
732 1742 957 1779 Largitionibus,
978 1745 1012 1775 &
1032 1744 1089 1774 aliis
1104 1744 1251 1775 Orationi—

185 1780 238 1810 bus
250 1781 284 1811 &
297 1765 512 1813 f’recaminibus
526 1780 652 1812 Publicis
666 1781 700 1811 &
722 1780 842 1811 Secretis
860 1781 972 1819 vestris,
988 1783 1023 1813 &
1041 1783 1163 1822 ipsorum
1186 1793 1252 1813 om-

184 1819 286 1857 nium,
304 1820 405 1851 instare
417 1821 528 1858 velitis,
545 1820 715 1859 frequentius
736 1829 796 1858 quo
816 1819 939 1859 poffitis,
956 1828 988 1850 ut
1007 1821 1064 1858 ipse
1085 1820 1182 1859 Deus,
1198 1832 1251 1860 pro

183 1854 232 1889 sua
246 1857 460 1897 Misericordia,
479 1857 536 1889 Iter
551 1859 585 1890 &
606 1859 686 1888 aelus
704 1858 817 1888 nostros
835 1859 865 1888 in
884 1858 934 1888 suo
951 1858 1130 1899 Beneplacito
1151 1860 1251 1900 dirigat

184 1896 220 1927 ὃς
233 1896 375 1935 disponat,
394 1899 444 1937 ὃς,
462 1897 497 1927 ad
511 1897 551 1927 sui
565 1895 709 1927 Nominis
722 1896 878 1928 Honorem
894 1898 927 1928 &
936 1897 1071 1930 Gloriam
1081 1921 1091 1937 ,
1108 1897 1250 1931 Nobis&

184 1935 248 2004 {plis
257 1935 393 2005 {ubrem
402 1935 589 2005 ,defficaciam
604 1935 740 1975 assumpti
752 1945 802 1976 per
816 1935 885 1967 Nos
899 1935 934 1967 &
947 1935 1025 1975 Ipsos
1046 1938 1181 1977 propositi
1201 1940 1251 1970 tri-

207 1982 252 2006 uat
315 1984 356 2004 im
378 1985 414 2006 en
435 1984 463 2006 at

227 2016 245 2032 ⁸*
257 2013 302 2043 Ac
316 1984 376 2044 tatii
388 2024 439 2052 per
452 1998 601 2052 P’raelatos‚
618 2021 771 2052 totumque
789 2011 908 2043 Clerum
930 2014 965 2044 &
983 2012 1126 2053 Populum
1146 2014 1252 2047 vestra-

185 2061 251 2084 rum
265 2050 397 2083 Civitatis
412 2053 446 2084 &
462 2052 619 2090 Dioecesis,
636 2053 721 2092 quam
743 2061 793 2089 per
808 2051 913 2082 Coetus
932 2051 1150 2091 Religiosorum
1166 2055 1251 2086 Viro-

184 2101 251 2122 rum
264 2101 298 2122 ac
314 2090 487 2129 Mulierum,
500 2091 671 2130 caeterosque
683 2091 711 2120 in
723 2090 828 2120 eisdem
841 2089 1023 2131 degentium,
1042 2102 1092 2130 per
1100 2092 1250 2133 Indulgen-

185 2132 290 2161 tiarum
306 2138 422 2161 munera
436 2129 583 2167 alleffiva,
599 2138 633 2160 ac
648 2139 699 2166 per
719 2128 804 2158 vestri
825 2128 1070 2169 Subditorumque
1090 2130 1251 2163 vestrorum

186 2168 327 2207 Exempla
341 2169 533 2207 comodiFera,
551 2167 586 2198 ad
607 2167 686 2198 idem
705 2166 765 2197 fieri
807 2169 957 2198 uamtotius
982 2171 1153 2207 procuretis,
1170 2172 1206 2202 ab
1223 2181 1252 2201 a-

183 2207 283 2248 gendis
297 2207 455 2245 hujusmodi
470 2206 652 2245 (quaesumus)
667 2215 727 2236 non
744 2215 779 2237 ce
804 2213 881 2236 antes
893 2205 988 2237 donec
995 2207 1114 2247 Nobis,
1134 2208 1250 2240 Proces-

183 2245 312 2285 fibUsque
325 2246 429 2277 nostris
443 2245 598 2285 praedicitis,
614 2244 774 2285 placatum,
791 2254 840 2282 per
855 2243 1045 2284 Prosperitatis
1058 2246 1252 2287 Evidentiam,

184 2285 361 2326 perceperitis
375 2284 468 2325 ipsum
483 2284 595 2321 Deum,

222 2323 312 2355 Teste
325 2322 409 2364 Rege
421 2323 496 2362 apud
508 2320 816 2360 Westmonasterium,
833 2322 991 2354 undecimo
1004 2323 1053 2355 die
1068 2324 1199 2364 Augusti.

220 2404 280 2433 Con
291 2399 378 2431 zmilia
393 2403 502 2431 Brevia
520 2400 676 2438 diriguntur
692 2399 729 2439 J.
750 2398 956 2440 Archiefiifcopo
974 2400 1116 2441 Eborum,
1141 2400 1180 2438 &³
1190 2401 1253 2444 fin..

181 2440 254 2480 gulis
295 2437 405 2480 pisiopts
418 2447 470 2479 per
488 2439 625 2478 Angliam
643 2437 682 2474 ὠ·
701 2438 842 2470 Walliam.

60 330 146 359 1372.

37 362 111 389 Edv.
132 370 157 398 3.

56 2002 72 2021 ³
90 2003 143 2031 vt.

55 2044 120 2079 746·

326 2565 377 2599 De
401 2562 555 2598 Condusln
572 2573 630 2612 pro
652 2562 730 2596 Filio
753 2566 878 2598 Comitis
898 2563 936 2599 de
960 2566 1108 2614 Douglas.

38 2653 166 2690 'Ann.D.
188 2648 333 2708 REX,
351 2651 414 2682 &c-
430 2650 566 2682 Salutem.

59 2705 146 2736 1972,
282 2689 380 2720 SCiatiS
395 2689 496 2728 quc-'d’
516 2710 519 2713 >

38 2722 94 2765 Ans
104 2735 154 2773 46,
223 2726 305 2758 Ciim
327 2729 357 2758 in
375 2729 496 2768 treugis,
515 2737 604 2766 nuper
619 2727 691 2757 inter
712 2725 781 2758 Nos
795 2727 830 2758 &
853 2728 1029 2760 carissimum
1052 2728 1178 2760 Fratrem
1197 2739 1251 2760 no-

37 2777 70 2802 E.
93 2783 120 2811 3,
189 2764 278 2809 strum
292 2765 328 2796 de
348 2767 461 2804 Scotia,
478 2768 539 2804 jam
559 2766 759 2804 Defunctum,
775 2766 937 2806 assumptis,
955 2769 1029 2797 inter
1044 2776 1163 2807 caetera,
1179 2777 1253 2799 con-

37 2816 106 2840 sm,
121 2813 170 2849 4⁶·
191 2811 320 2842 meatur,
331 2805 411 2843 quod
425 2815 527 2835 omnes
541 2803 651 2835 Gentes
665 2804 700 2835 δε
713 2804 824 2835 Subditi
838 2805 945 2844 nostri,
962 2806 1157 2845 cumtsingulis
1170 2805 1254 2838 Gen-

39 2853 72 2878 E.
88 2860 114 2888 3,
131 2861 168 2882 m,
189 2842 262 2873 tibus
276 2843 309 2874 &
324 2843 446 2874 Subditis
457 2843 527 2875 dieii
542 2842 645 2872 Fratris
656 2841 764 2881 nostri,
782 2843 870 2873 libere
891 2845 924 2875 &
944 2843 1081 2883 pacifice,
1100 2845 1205 2884 absque
1218 2856 1254 2876 o-

42 2897 71 2918 2,
188 2880 330 2912 stensione
345 2883 505 2914 Literarum
519 2881 555 2912 de
571 2880 728 2911 Conduciu
737 2903 747 2918 ‚
763 2881 796 2912 &
811 2882 914 2920 absque
925 2884 1021 2921 aliquo
1030 2882 1132 2914 Aresto
1143 2884 1188 2915 vel
1194 2883 1254 2915 Irn-

189 2919 372 2960 pedimento,
392 2920 668 2958 communicabunt,
685 2920 910 2959 conversabunt,
928 2922 962 2952 &
976 2922 1254 2956 mercandisabunta-

189 2958 247 2989 deo
262 2960 455 2998 amicabiliter,
468 2961 539 2991 sicut
550 2967 681 2997 ternpore
693 2957 779 2988 bonae
787 2957 868 2989 Pacis
881 2959 971 2990 facere
984 2969 1138 2998 potuerunt
1152 2961 1198 2995 vel
1205 2962 1254 2994 de-

189 2996 313 3066 buffiunt
321 3021 331 3038 ,
350 3007 436 3038 prout
449 3000 480 3030 in
493 2998 617 3038 Treugis
629 2996 772 3036 praeditfitis
784 2997 892 3036 plenius
907 2999 1070 3030 continetur
1078 3023 1089 3039 ,

263 3046 296 3067 os

228 3060 380 3115 Vole’ntes‚
396 3087 449 3117 pro
461 3076 618 3107 Securitare
630 3074 735 3114 Jacobi
749 3074 785 3106 de
798 3073 930 3114 Douglas
942 3075 1095 3116 Chivaler,
1113 3077 1177 3109 Filii
1191 3077 1253 3110 Co-

190 3114 267 3145 mitis
279 3114 316 3145 de
331 3115 459 3156 Douglas
474 3115 510 3146 de
522 3114 639 3152 Scotia,
658 3114 825 3153 providere,

227 3152 270 3182 Ex
283 3153 455 3185 habundanti
467 3153 635 3195 suscepimus
649 3154 679 3183 in
691 3153 796 3183 salvum
808 3154 842 3184 &
855 3152 987 3185 securum
996 3153 1185 3187 Conductum
1198 3167 1254 3188 no-

191 3188 281 3221 strum
300 3191 390 3231 ipsum
407 3192 553 3231 Jacobum
568 3215 577 3230 ,
602 3191 744 3223 veniendo
764 3193 793 3222 in
813 3191 950 3231 Regnum
968 3193 1098 3225 nostrum
1123 3195 1255 3235 Angliae,

190 3238 262 3259 cum
276 3229 443 3273 Duodecim
459 3230 635 3261 Hominibus
647 3230 799 3268 Equitibus
813 3232 843 3262 in
858 3233 1007 3264 Comitiva
1020 3233 1083 3273 sua,
1102 3235 1256 3274 morando,

191 3268 227 3299 &
243 3267 346 3298 exinde
360 3269 391 3298 in
404 3268 531 3299 Scotiam
545 3268 706 3306 redeundo,

230 3305 268 3336 Et
282 3306 348 3337 ideo
362 3307 445 3337 vobis
466 3306 648 3345 mandamus,
666 3305 728 3342 &aa
749 3314 780 3337 ut
799 3310 828 3338 in
841 3307 974 3348 similibus
995 3309 1027 3340 de
1048 3311 1187 3343 Condudlu
1203 3315 1256 3343 Li-

192 3347 270 3375 teris.

231 3381 266 3412 In
281 3385 377 3424 cujus,
395 3384 456 3415 &c.
513 3393 525 3413 r
536 3383 686 3415 dimidium
701 3383 777 3414 Anni
791 3383 940 3417 duraturas.

194 3421 358 3497 gustiTeste
384 3393 570 3462 Regezipud
593 3422 899 3463 Westmonasterium,
924 3424 1100 3459 duodecimo
1124 3427 1171 3459 die
1193 3428 1257 3460 Au-

415 3588 463 3619 De
486 3585 630 3619 morando
653 3589 685 3619 in
708 3586 813 3632 Infitla
837 3585 874 3620 de
897 3585 1030 3636 Shepeye.

44 3670 122 3701 Ann.
136 3671 178 3702 D.
198 3668 324 3727 REX
344 3671 451 3703 dilecto
467 3671 500 3703 &
522 3670 596 3702 fideli
612 3670 680 3710 suo,
699 3671 825 3703 Ricardo
843 3681 899 3704 atte
921 3673 992 3705 Lees
1012 3673 1164 3714 Chivaler‚
1180 3675 1258 3708 Salu-

72 3719 84 3739 1
130 3719 156 3740 2.
276 3718 343 3740 tem.

42 3719 157 3787 Ληῗέό.
234 3746 333 3785 Cum,
351 3759 405 3789 pro
419 3747 592 3780 Defensionc
608 3748 641 3779 &
665 3747 824 3779 Salvatione
845 3748 893 3780 Re
913 3750 940 3780 ni
961 3750 1051 3781 nostri
1075 3751 1205 3791 Angliae,
1222 3764 1256 3785 ac

42 3791 73 3814 Ε.
94 3797 118 3823 3.
195 3781 367 3823 Repulsioiie
381 3788 569 3818 inimicorum
583 3785 766 3824 nostrorum,
783 3787 866 3818 simus
892 3797 957 3827 upra
975 3788 1060 3821 Mare
1080 3791 1109 3820 in
1124 3793 1256 3829 proximo

41 3827 177 3860 Franc.46.
196 3825 373 3891 Ρεὶξῗηαίἰῑετ
388 3826 562 3866 Ρῑοῗαᾶὶυῑί,

41 3867 74 3890 Ε.
99 3873 124 3900 3.
267 3872 300 3894 Os

38 3910 77 3932 m.
94 3904 135 3930 16.
229 3886 364 3934 Volei'ites
376 3903 508 3934 Costeras
522 3902 618 3941 Regni
634 3899 724 3932 nostri
742 3901 887 3941 praediffl,
903 3911 1003 3935 contra
1026 3903 1145 3937 Insultus
1163 3906 1198 3938 δε
1213 3907 1256 3938 Α-

191 3937 295 3983 gressus
316 3940 505 3972 Inimicorurn
527 3941 710 3979 nostrorum,
735 3941 766 3970 in
786 3940 918 3973 Absentia
938 3943 1050 3982 nostra,
1066 3944 1097 3974 in
1116 3954 1255 3984 quantum

189 3984 361 4018 poterimus,
379 3979 502 4011 Deseiidi
518 3981 551 4011 &
565 3979 673 4017 Tueri,

203 4052 207 4057 ¹
227 4014 336 4054 VobiS,
355 4019 385 4047 in
398 4018 466 4049 Fide
480 4020 514 4051 ὅτ.
530 4019 692 4059 Ligeantia,
709 4016 810 4061 quibus
824 4018 907 4049 nobis
920 4020 1070 4058 tenemini,
1085 4021 1120 4052 &
1132 4021 1182 4052 sub
1196 4022 1254 4053 Fo-

186 4052 327 4084 risfactura
350 4057 481 4086 omnium
501 4067 566 4095 quae
594 4057 676 4088 nobis
703 4055 861 4088 forisfacere
888 4058 1029 4096 poteritis,
1053 4059 1202 4098 in'ugimus
1217 4063 1252 4093 &

184 4092 349 4125 mandamus
368 4094 451 4133 quod
476 4094 587 4135 statim,
606 4095 668 4129 vifis
689 4093 889 4135 praesentibus,
905 4097 1040 4129 omnibus
1059 4069 1119 4129 aliis
1137 4107 1252 4138 praeter-

1295 320 1424 357 trahatis,
1444 321 1550 351 ibidem
1563 323 1642 358 super
1656 321 1726 352 salva
1742 321 1880 352 Custodia
1903 323 2002 354 lnsulae
2026 324 2186 363 praedk‘stae,
2204 334 2237 354 ac
2252 324 2353 355 Terrae
2390 330 2475 360 1372·

1294 357 1394 388 vestrae
1407 359 1533 403 ibidem,
1550 369 1618 404 cum
1634 368 1691 405 tota
1703 359 1726 389 F
1727 360 1819 403 amilia
1838 362 1872 392 &
1895 361 1979 393 Posse
1999 363 2110 400 vestro,
2128 363 2240 393 fortiori
2263 363 2353 394 modo
2370 361 2438 387 ΕΜ)-
2454 368 2483 398 3-

1293 406 1353 434 quo
1368 404 1506 435 poteritis,
1525 407 1659 427 continue
1674 407 1826 436 moraturi,

1329 433 1371 464 Ita
1391 436 1470 477 quod
1492 436 1597 474 semper
1612 439 1738 476 prompti
1763 438 1817 467 sitis
1839 439 1872 468 &
1896 440 1979 476 parati
2003 438 2036 468 ad
2059 438 2276 477 Resistendum,
2298 440 2354 469 una

1292 481 1362 503 cum
1377 473 1434 502 aliis
1458 474 1596 504 Fidelibus
1613 474 1715 504 nostris
1732 473 1857 505 Partiurn
1879 477 2097 514 praedictarum,
2117 477 2237 507 Malitiae
2253 476 2352 507 Inimi-

1292 520 1396 541 corum
1411 511 1592 549 nostrorum,
1612 513 1629 541 li
1645 514 1693 549 qui
1710 512 1828 543 Insulam
1844 515 2009 553 praedistam
2022 515 2152 546 invadere
2173 515 2354 555 praesumpse-

1292 551 1365 587 rint,
1388 549 1424 616 lad
1441 551 1570 617 <ipsorum
1593 549 1735 581 Malitiam
1757 553 1789 582 δε
1814 551 2007 591 proterviam,
2026 563 2097 584 cum
2117 552 2175 584 Dei
2195 554 2354 592 adjutorio,

1292 595 1385 625 propu
1407 598 1439 617 an
1463 597 1527 617 um:

1327 625 1365 655 Et
1380 626 1454 663 hoc,
1472 626 1522 656 sub
1536 625 1722 657 Forisffietura
1737 627 1889 666 praediEta,
1907 629 2061 659 nullatenus
2072 631 2218 661 omittatis.

1319 664 1414 707 ‘Teste
1429 664 1509 704 Rege
1524 664 1597 702 apud
1612 664 1900 697 westmonasterium
1909 689 1919 705 ,
1934 668 2071 699 vicesimo
2092 669 2176 698 tertio
2191 669 2235 698 die
2256 667 2356 708 Augu-

1291 700 1335 732 sti.

1998 746 2052 773 Per
2068 743 2221 774 Concilium.

1309 825 1477 859 Consimilia
1495 827 1592 859 Brevia
1612 828 1776 897 diriguntuzi
1792 828 1965 897 ffbst‘criptis,
1988 829 2038 860 sub
2058 830 2155 862 eadem
2178 830 2273 871 Data,
2291 832 2337 864 viev

1777 878 1792 898 e
1812 877 1846 898 ce
1865 891 1875 905 ,

1328 942 1456 981 Johanni
1471 942 1638 972 Narmaund
1653 941 1797 975 Chivaler.

1329 982 1444 1011 Ricardo
1461 980 1572 1020 Cheyne.

1342 1104 1369 1132 ²¹<
1393 1108 1442 1139 De
1465 1105 1629 1139 ordinando
1646 1117 1703 1152 pro
1718 1107 1814 1152 stilva
1839 1105 1976 1149 Custodia
1999 1108 2104 1154 Insitlae
2126 1107 2163 1141 de
2185 1110 2307 1145 Tameto.
2392 1115 2471 1143 *Ἧι

1296 1190 1380 1245 RE
1390 1190 1421 1221 X
1437 1190 1546 1222 dileffis
1559 1192 1591 1222 δε
1606 1190 1732 1222 fidelibus
1748 1191 1815 1229 suis,
1833 1188 2010 1223 Custodlbus
2029 1192 2132 1223 Terrae
2154 1192 2314 1224 Maritimae
2327 1194 2357 1224 in
2377 1163 2452 1222 Kn7n.
2464 1190 2508 1222 D:

1375 1228 1527 1260 Comitatu
1543 1229 1672 1268 Kantiae,
1691 1231 1823 1261 Salutem.
2397 1238 2482 1269 1372.

1332 1265 1429 1310 Cum,
1447 1278 1500 1305 pro
1517 1268 1689 1300 Defeniione
1703 1270 1736 1300 &
1750 1267 1910 1299 Salvatione
1925 1267 2024 1306 Regni
2040 1269 2126 1299 nostri
2136 1269 2264 1310 Angilae,
2283 1270 2357 1301 &ad
2375 1273 2428 1296 An.
2441 1269 2490 1305 46.

1293 1303 1489 1348 Resistendum
1516 1306 1637 1337 Malitiae
1659 1307 1849 1338 Inimicorum
1873 1306 2056 1347 nostrorum,
2072 1309 2155 1339 simus
2175 1310 2253 1347 supra
2275 1308 2359 1340 Mare
2378 1313 2406 1335 E·
2432 1317 2457 1343 3-

1293 1353 1323 1373 in
1331 1348 1464 1413 erToximo
1479 1346 1655 1384 personaliter
1669 1347 1820 1386 profe&uri
1828 1369 1839 1384 ,
2404 1345 2468 1374 lbid.

1371 1394 1403 1413 os

1332 1407 1464 1453 voterites
1480 1421 1610 1452 Costeras
1624 1423 1658 1452 &
1680 1420 1821 1455 Marchias
1843 1424 1936 1465 Regni
1952 1425 2042 1457 nostri
2059 1424 2190 1464 Angli-2,
2208 1426 2278 1457 dum
2296 1427 2360 1459 Ab·

1294 1459 1381 1491 sentes
1397 1461 1547 1497 fuerimus,
1566 1462 1594 1490 in
1608 1470 1745 1500 quantum
1759 1465 1928 1503 poterimus,
1948 1464 2073 1496 Defendi
2087 1465 2120 1495 &
2136 1464 2224 1496 Tueri
2234 1484 2244 1504 >¹

1332 1499 1422 1529 Vobis
1439 1499 1617 1542 mandamus,
1636 1499 1754 1530 firmiter
1767 1502 1957 1541 injungentes,
1977 1504 2056 1541 quod
2072 1502 2181 1542 statim,
2204 1504 2267 1534 visis
2288 1513 2361 1544 prae-

1294 1536 1431 1576 sentibus,
1448 1537 1580 1567 omnibus
1598 1537 1654 1567 aliis
1670 1540 1870 1577 praetermiffis,
1892 1551 1959 1579 VOS,
1978 1543 2022 1572 vel
2042 1541 2139 1579 aliquis
2161 1541 2303 1581 vestrum,
2321 1543 2358 1575 ad

1295 1574 1417 1619 Insulam
1440 1575 1475 1606 de
1496 1575 1612 1619 'saneto
1633 1577 1809 1613 personaliter
1834 1580 2013 1616 accedente8‚
2028 1580 2073 1611 vel
2090 1581 2241 1620 accedens,
2259 1584 2359 1614 omnia

1296 1613 1404 1644 Littora
1420 1615 1452 1644 &
1470 1613 1558 1651 Ripas
1572 1613 1679 1651 Maris,
1697 1616 1731 1646 &
1749 1616 1799 1645 alia
1820 1616 1901 1647 Loca
1919 1628 2107 1657 quaecumque
2127 1619 2157 1647 in
2180 1619 2269 1650 insula
2287 1629 2361 1660 prae-

1295 1652 1369 1683 dieta
1384 1675 1394 1691 ,
1417 1653 1466 1683 ubi
1488 1653 1605 1690 Naves,
1622 1652 1737 1688 Galeae.
1754 1654 1799 1685 vel
1823 1654 1951 1694 Batellae,
1975 1656 2018 1687 seu
2038 1657 2088 1686 alia
2114 1655 2184 1686 Vasa
2205 1658 2360 1696 aliqualiter

1295 1691 2343 1766 apfficssissnffl‘s'iiffl?'TsssifisvffceaissssJssissssffeigi‘tiiiiaaiffffliaVfiffssssffe‘s

1565 1752 1575 1767 7

1295 1777 1394 1799 contra
1408 1768 1566 1799 Invasiones
1578 1766 1767 1799 Inimicorum
1781 1770 1959 1810 nostrorum,
1978 1772 2021 1803 seu
2043 1771 2105 1802 alias
2126 1772 2160 1802 ad
2177 1757 2361 1804 contribuen3

1294 1807 1367 1837 dum
1391 1807 1542 1846 Expenlis,
1560 1816 1615 1847 pro
1630 1806 1768 1839 Custodia
1786 1810 1957 1841 eorumdem
1979 1810 2124 1841 Littorum
2144 1812 2178 1842 &
2199 1811 2361 1851 Riparum,

1292 1846 1370 1883 juxta
1382 1847 1564 1885 quantitatem
1577 1845 1733 1877 Terrarum
1753 1848 1787 1878 ἃ
1803 1847 2054 1879 Tenementorum
2075 1849 2191 1879 suorum
2208 1850 2362 1889 praedieto-

1293 1894 1376 1954 Luni,
1398 1886 1450 1917 viis
1470 1885 1504 1916 &
1530 1883 1643 1923 modis,
1659 1885 1762 1924 quibus
1786 1885 1887 1917 melius
1912 1888 2040 1925 expedire
2064 1888 2205 1927 videritis,
2230 1889 2362 1928 compel-

1319 1932 1353 1954 tis

1334 1946 1374 1993 E’t
1387 1962 1408 1992 fi
1421 1961 1564 1993 Homines
1577 1961 1636 1999 illi,
1655 1960 1759 1993 Terras
1773 1962 1807 1993 &
1822 1961 2001 1995 Tenementa
2012 1964 2042 1994 in
2056 1964 2131 1996 dieta
2149 1964 2239 1996 Insula
2260 1966 2298 1997 fic
2314 1966 2364 1998 ha-

1295 2000 1409 2039 bentes,
1427 2011 1482 2039 pro
1497 2000 1658 2032 salvatione
1670 2001 1704 2031 &
1720 2000 1897 2033 Defensione
1909 2002 2010 2033 Terrae
2025 2002 2202 2043 Maritimae,
2219 2005 2249 2034 in
2272 2004 2364 2036 Insula

1295 2039 1448 2078 praedic‘ta,
1466 2039 1567 2078 absque
1588 2038 1705 2070 Auxilio
1726 2039 1857 2079 aliunde,
1875 2051 1935 2071 non
1957 2040 2111 2080 sufficiant,
2128 2051 2198 2073 tunc
2218 2044 2291 2074 inter
2309 2054 2364 2074 vos

1295 2078 1383 2109 taliter
1399 2088 1450 2116 pro
1462 2077 1531 2108 salva
1546 2077 1685 2109 Custodia
1698 2077 1796 2109 Insulae
1809 2079 1954 2117 praediCtae
1968 2079 2092 2110 ordinari
2106 2082 2228 2120 faciatis,
2244 2083 2281 2112 ne
2289 2105 2299 2121 ,
2308 2092 2362 2120 pro

1295 2116 1407 2147 defectu
1422 2117 1589 2147 Salvationis
1602 2117 1635 2149 δί
1652 2115 1833 2148 Defensionis
1845 2118 1966 2156 ejusdem
1987 2117 2103 2156 Insulae,
2126 2119 2295 2159 Dampnum
2316 2120 2362 2151 vel

1295 2154 1461 2186 Periculum
1483 2155 1589 2195 Regno
1608 2154 1708 2186 nostro
1731 2156 1872 2195 praedisto
1888 2180 1897 2195 ,
1924 2167 1973 2194 per
1992 2156 2151 2189 Invasiones
2172 2159 2364 2190 Inimicorum

1296 2193 1478 2239 nostrorum,
1495 2195 1606 2226 eveniat
1625 2193 1715 2232 (quod
1728 2194 1808 2230 absit)
1825 2195 1958 2234 aliquale,
1973 2195 2007 2226 &
2027 2196 2085 2228 hoc
2105 2197 2259 2229 nullatenus
2275 2199 2363 2229 omit-

1338 2243 1369 2262 is.

1298 2239 1419 2303 tatTeste
1431 2270 1511 2311 Rege
1526 2270 1601 2310 apud
1614 2269 1752 2310 Preston,
1770 2271 1905 2304 vicefimo
1922 2279 2023 2312 quarto
2036 2272 2084 2304 die
2099 2273 2227 2314 Augusti.

1976 2351 2031 2380 Per
2046 2349 2201 2381 concilium.

1452 2473 1503 2505 De
1524 2472 1631 2520 Vmgio
1653 2474 1744 2519 Regis
1763 2471 1808 2506 ad
1827 2476 1933 2507 Partes
1955 2474 2202 2519 Transmarinas.

1296 2553 1389 2615 ME
1397 2564 1423 2586 M
1433 2568 1453 2587 o
1462 2566 1485 2588 R
1497 2566 1516 2588 Α
1527 2566 1550 2588 N
1560 2566 1581 2587 D
1589 2566 1613 2588 u
1622 2565 1649 2587 M
1668 2556 1745 2598 quad
1758 2557 1902 2597 Johannes
1920 2561 2035 2599 Knyvet
2043 2583 2052 2598 ‚
2069 2561 2254 2592 cancellarius
2267 2565 2364 2593 Domi·
2383 2567 2461 2600 Αῃῃ,
2473 2567 2517 2601 Ι),-

1370 2598 1412 2638 ⁸ni
1432 2599 1533 2635 Regis,
1555 2597 1598 2627 die
1614 2599 1705 2626 Lunae
1722 2596 1872 2634 (videlicet)
1898 2597 2025 2639 tricesimo
2047 2600 2090 2629 die
2115 2600 2251 2640 Augusti,
2276 2604 2363 2631 Anno
2404 2618 2488 2648 1372,

1290 2632 1436 2672 praesenti,
1453 2638 1522 2663 circa
1541 2636 1650 2664 Horam
1664 2637 1794 2674 Nonam,
1811 2640 1841 2666 in
1860 2638 1946 2666 Portu
1963 2638 1995 2666 de
2010 2638 2189 2677 Sandewico,
2204 2643 2233 2670 in
2244 2640 2362 2680 quadam
2381 2652 2436 2675 An,
2450 2650 2496 2683 46,

1297 2673 1382 2701 Navi
1400 2672 1478 2711 ipfius
1494 2675 1608 2704 Domini
1624 2677 1721 2712 Regis,
1737 2675 1841 2705 vocata
1860 2673 1889 2704 la
1909 2677 1997 2706 Grace
2016 2677 2049 2706 de
2067 2679 2158 2716 Dieu,
2182 2680 2212 2708 in
2229 2678 2311 2709 Aula
2323 2682 2363 2718 ip-
2384 2691 2412 2713 E.
2435 2695 2461 2722 3,

1289 2708 1347 2750 fias
1362 2713 1443 2749 Regia·
1461 2714 1490 2741 in
1507 2713 1592 2742 Navi
1603 2713 1756 2752 praedista,
2382 2724 2472 2758 Claus.

2383 2765 2469 2797 46.13.
2487 2763 2515 2798 33

1724 2793 1761 2820 In
1772 2789 1937 2830 presentia,
2383 2811 2419 2832 m.
2439 2802 2515 2830 12.d.

1331 2863 1471 2904 Johannis
1483 2865 1573 2907 Regis
1583 2865 1714 2898 Castellae
1727 2867 1760 2898 &
1776 2866 1910 2906 Legionis
1944 2868 2029 2896 Ducis
2042 2869 2233 2909 Lancastriae,

1334 2903 1493 2936 Humfredi
1506 2907 1542 2937 de
1557 2906 1677 2943 Bohun‚
1695 2908 1806 2935 Comitis
1824 2906 1897 2934 Here
1912 2905 2011 2943 ordiae,

1334 2943 1505 2981 Willielmi,
1523 2944 1646 2975 Domini
1661 2944 1697 2974 de
1711 2943 1862 2984 Latymer,
1879 2946 2049 2984 Camerarii,

1336 2980 1476 3013 Ricliardi
1490 2982 1516 3012 le
1529 2983 1623 3021 Scrop
1630 3005 1641 3021 ,
1658 2981 1833 3021 Thesaurarii
1841 3004 1850 3020 ,

1336 3022 1380 3050 Et
1399 3021 1539 3089 ΝίεῑίἰοΙαί
1556 3020 1680 3059 Carreu,
1699 3019 1819 3061 Custodit
1836 3022 1952 3050 Privati
1969 3018 2073 3061 Sigilli,

1339 3062 1450 3090 Domini
1492 3071 1506 3089 e
1522 3063 1545 3089 is

1335 3098 1489 3130 Liberavit
1503 3072 1591 3128 geidz’m
1606 3101 1723 3128 Domino
1742 3096 1916 3167 Regi,[fiiper
1931 3100 2024 3136 Viagio
2034 3096 2085 3137 fito
2095 3096 2183 3139 fitpra
2197 3101 2280 3131 Mare
2294 3106 2359 3131 tune

1298 3137 1442 3178 existenti,
1466 3138 1600 3177 quoddam
1614 3140 1749 3175 Magnum
1766 3140 1822 3174 Sigi
1833 3136 1887 3166 lum
1903 3135 1979 3176 ipfius
1996 3139 2109 3167 Domini
2127 3140 2220 3176 Regis,
2239 3148 2290 3178 pro
2303 3142 2357 3169 Re-

1294 3179 1395 3246 {li-‚mine
1419 3178 1502 3213 Regni
1529 3174 1642 3214 Angliae
1656 3198 1667 3214 ,
1691 3175 1755 3206 ditm
1773 3177 1843 3205 idem
1860 3178 1921 3205 Rex
1939 3174 2018 3214 infra
2033 3177 2103 3206 idem
2121 3179 2240 3214 Regnum
2249 3176 2362 3218 fuerit,

1349 3221 1475 3244 utatum:

1326 3223 1424 3294 {Quod
1436 3254 1541 3293 quidem
1557 3251 1679 3291 Sigillum
1697 3253 1765 3284 idem
1785 3255 1917 3283 Dominus·
1933 3255 1994 3282 Rex
2009 3274 2018 3290 ,
2037 3256 2066 3283 in
2073 3253 2198 3293 'quadam
2214 3252 2304 3293 Bursa
2318 3257 2364 3284 in.

1298 3293 1415 3332 clusum,
1433 3291 1522 3330 Sigillo
1533 3290 1583 3330 suo
1600 3292 1632 3322 de
1649 3295 1756 3330 Signeto
1774 3290 1961 3332 consignavit,
1980 3290 2019 3326 ᾤ’
2037 3290 2158 3328 Sigillum
2173 3289 2244 3319 illud
2275 3292 2360 3331 raefa-

1298 3340 1326 3363 to
1345 3331 1524 3371 Thefizurario
1542 3329 1689 3370 liberavit,
1709 3334 1738 3361 in
1757 3330 1955 3370 Thesauraria,
1969 3328 2049 3369 usque
2066 3327 2193 3359 Reditum
2210 3332 2290 3367 ipius
2307 3334 2359 3361 Re<

1296 3382 1387 3439 gul-31?
1392 3368 1803 3449 ᾕῖῗνζῖἶῖηειῆἵῖιῖΐῗέκ
1818 3406 1948 3437 liberavit
1962 3405 2080 3445 praefato
2094 3403 2261 3436 cancellario
2275 3408 2359 3447 quod<

1297 3450 1362 3480 dam
1381 3447 1459 3477 aliud
1475 3449 1608 3483 Magnum
1625 3446 1763 3485 Sigillum,

1337 3487 1420 3526 Cujus
1438 3485 1646 3523 Circumslriptio
1670 3485 1707 3526 est
1725 3484 1792 3515 talis
1819 3482 1967 3522 (videlicet)
1992 3482 2018 3513 E
2027 3491 2112 3513 DWA
2122 3491 2208 3513 RDU
2217 3491 2230 3514 s
2239 3507 2249 3522 ,
2275 3483 2306 3514 D
2316 3493 2334 3514 Ε
2344 3492 2358 3518 ῐ

1300 3525 1497 3562 GRATIA,
1515 3523 1600 3554 Rsx
1618 3524 1822 3560 Anamis,
1840 3522 2042 3552 Donamus
2059 3520 2295 3553 HIBERNIAE
2314 3532 2361 3554 ET

1301 3565 1329 3595 A
1337 3572 1388 3602 Q]
1399 3573 1411 3594 1
1418 3572 1442 3594 τ
1452 3573 1472 3593 Α
1483 3571 1504 3593 N
1514 3571 1526 3592 1
1534 3570 1565 3592 [Ε
1573 3584 1583 3599 ,

1337 3605 1496 3640 Praecipiens
1516 3601 1599 3631 eidem
1623 3599 1808 3637 cancellario,
1830 3605 1860 3627 ut
1885 3608 1936 3635 ea,
1963 3609 2022 3638 quae
2040 3598 2080 3627 ad
2093 3598 2217 3637 Officium
2227 3598 2308 3638 filum
2328 3603 2359 3630 in

1300 3643 1373 3672 dicio
1390 3645 1478 3678 Regno
1491 3642 1647 3678 pertinent,
1665 3639 1742 3679 usque
1757 3638 1888 3675 Reditum,
1898 3636 1973 3676 ipfius
1988 3640 2065 3674 Regii
2079 3641 2108 3667 in
2115 3637 2267 3676 Angliam,
2275 3638 2358 3677 face-

1415 3685 1559 3708 exserss'ret
1571 3688 1576 3693 ⁵

1299 3678 1398 3758 7?thss
1413 3718 1517 3757 quidem
1540 3699 1722 3745 cancellarius
1745 3712 1867 3752 Sigillum
1890 3712 1959 3743 illud
1966 3711 2055 3752 fi‘cum
2070 3713 2169 3742 detulit
2186 3713 2264 3754 usque
2282 3719 2357 3745 Can-

1299 3761 1439 3794 tuariam,
1457 3757 1497 3785 ad
1508 3756 1662 3793 Hospitium
1667 3754 1747 3794 suum
1765 3754 1810 3783 ubi
1828 3752 2016 3792 hospitabatur
2034 3752 2182 3790 (videlicet)
2198 3754 2356 3783 adPriora-

1298 3802 1358 3825 tum
1384 3796 1476 3825 Sanffl
1499 3795 1618 3830 Gregorii
1638 3790 1838 3832 Cantuarienfis
1850 3813 1860 3829 ,
1885 3788 1924 3825 ὠ
1939 3794 2025 3829 primo
2043 3792 2085 3821 die
2103 3792 2276 3829 Septembris,
2291 3801 2355 3830 pro-

1296 3834 1371 3864 ximo
1396 3834 1536 3873 sequente,
1554 3835 1670 3870 cartas,
1696 3833 1809 3860 Literas
1834 3832 1983 3868 Patentef,
2002 3827 2040 3863 ὠ·
2064 3831 2172 3860 Brevia
2197 3830 2230 3861 de
2254 3830 2357 3871 Curfii,

1298 3884 1356 3904 cuin
1375 3874 1444 3904 dicto
1462 3870 1552 3911 sigillo
1568 3869 1664 3902 ibidem
1681 3868 1825 3910 confignari
1835 3867 1916 3909 fecit.

1743 4130 1834 4171 Cc3
2274 4128 2358 4160 'De
