2561 4251
43 616 108 637 Stat.
132 617 147 637 ς·

41 652 63 678 R
80 658 94 676 ι
110 657 136 676 m
149 656 175 684 3.

47 1074 126 1105 Ann.
139 1072 180 1103 D.

75 1113 159 1153 1382.

47 1155 103 1181 An.
119 1161 145 1187 5.

49 1195 79 1219 Β.
101 1200 127 1218 2.

48 1233 109 1258 Par.
131 1237 155 1263 5.

51 1272 81 1295 R.
94 1273 182 1303 2.p.2.

61 1981 198 2016 'Ann.D.

88 2022 172 2061 1382.

66 2065 119 2090 An.
138 2070 164 2096 5.

66 2104 96 2128 R.
118 2109 143 2127 2.

67 2142 155 2166 Franc.
173 2146 201 2172 5.

68 2181 96 2205 R.
118 2187 143 2204 2.
160 2185 195 2204 m.

80 2800 97 2817 ⁸
114 2799 182 2826 VH.

82 2846 146 2874 344-

80 2876 158 2906 Ann.
175 2873 215 2904 D.

102 2913 188 2952 1382.

81 2957 134 2981 An.
152 2962 179 2988 5.

82 2996 112 3020 R.
134 3001 161 3018 2.

83 3035 150 3057 Scot.
171 3038 195 3062 5.

83 3072 113 3096 R.
130 3076 199 3096 2.m.

197 112 279 156 134

234 222 386 254 Richardus
399 224 488 250 comcs
503 214 682 254 Arundellae,
700 214 739 246 de
753 213 882 244 Centum
897 211 1000 241 Libris.

543 351 603 382 Pro
623 348 798 380 Camerario
816 346 928 377 Scotiae.

43 454 175 491 Arm-D.
200 437 335 495 REX,
353 435 431 467 sexto
451 434 497 465 die
516 431 679 468 Februarii,
697 438 747 468 per
769 428 876 459 Literas
896 427 954 458 suas
975 424 1121 464 patentes,
1139 435 1154 456 a
1177 422 1264 455 Festo

65 495 150 534 1382.

43 538 86 562 An
113 543 129 568 5

276 475 390 506 Paschae
400 497 410 512 ,
425 473 560 512 proximo
575 471 689 507 futuro,
709 468 795 506 usque
809 467 843 497 ad
860 465 977 497 Festum
992 465 1089 509 Saneii
1105 463 1266 500 Michaelis,

194 522 263 545 tunc
279 515 414 552 proximo
431 513 561 549 sequenS,
579 508 738 544 duratum,
756 506 873 544 suscepit
886 506 916 535 in
931 504 1146 534 Proteehonem
1160 503 1191 532 &
1202 501 1265 531 De-

197 552 354 583 fenfionem
369 552 444 582 suam
455 573 464 587 ,
483 559 516 580 ac
531 550 559 578 in
576 547 682 577 salvum
697 546 731 576 &
745 545 873 576 securum
887 542 1079 574 Conductum
1094 543 1195 586 suum,
1209 537 1266 584 Jo-

196 591 313 622 bannem
333 593 429 630 Lyon,
448 587 648 618 Camerarium
667 584 792 621 Scotiae,
812 584 842 612 in
863 582 1004 619 Regnum
1026 580 1114 618 Regis
1136 579 1266 623 Angliae,

197 640 266 661 cum
325 629 483 666 uadraginta
497 625 648 663 Equitibus
656 647 666 662 ‚
682 624 711 653 in
727 621 876 653 Comitiva
891 621 952 657 sua,
970 629 1003 651 ac
1018 629 1120 665 eorum
1141 618 1266 648 Garcto-

197 670 298 707 nibus,
349 666 475 702 ernesiis,
491 665 525 696 &
549 663 655 701 Equis,
674 663 732 692 tarn
756 671 806 699 per
828 659 971 696 Terram,
990 667 1077 696 quarn
1093 666 1146 701 'per
1164 655 1265 694 Mare,

197 706 360 745 veniendo,
373 703 481 736 ibidem
505 702 662 741 morando,
679 701 713 733 ὅ(
732 698 835 730 exinde
855 698 890 730 ad
909 706 998 737 partes
1019 697 1125 728 Scotrae
1146 695 1267 726 redeun-

198 746 247 778 do.

273 821 447 854 Consimiles
461 820 568 852 Literas
581 817 669 850 habet
681 814 828 857 oswaldus
842 812 982 854 Eptstopus
995 812 1025 844 de
1040 810 1192 852 Galloway.

513 959 574 991 Pro
596 953 747 1000 Comitiffa
762 949 959 999 Herefhrdiae·

205 1044 325 1102 REX
340 1043 504 1082 Omnibus,
520 1040 555 1073 ad
568 1050 660 1080 quos,
676 1041 738 1073 &c.
757 1038 891 1070 Salutem.

303 1085 403 1115 Sciatis
414 1082 513 1122 quod,
614 1119 619 1125 ⁸
649 1119 654 1124 .
746 1118 752 1123 ⁹
845 1117 849 1121 Ι
864 1116 869 1122 .
1081 1113 1086 1120 ,
1132 1114 1138 1120 ι

243 1122 294 1154 De
315 1122 415 1153 Gratia
434 1119 530 1151 nostra
547 1119 673 1157 speciali,
690 1118 723 1148 &
744 1127 773 1147 in
789 1115 921 1146 auxilium
937 1110 1170 1152 Sustentatioms‚
1186 1109 1270 1159 Con-

207 1160 364 1198 sanguineae
380 1160 502 1196 nostrae,
529 1160 650 1195 Mariae,
671 1159 749 1185 unius
771 1154 905 1185 Filiarum
924 1154 957 1185 ὅτ
979 1153 1137 1184 Haeredum
1161 1155 1270 1182 Comitis

206 1196 376 1237 Herefhrdiae
390 1197 516 1229 defuncti
531 1199 538 1229 (
543 1197 591 1234 qui
607 1196 642 1226 de
656 1194 792 1224 Domino
805 1196 832 1223 E
838 1214 842 1218 -
863 1203 950 1238 nuper
962 1195 1031 1229 Rege
1053 1190 1183 1235 Angliae,
1204 1191 1271 1221 Avo

206 1237 322 1275 nostr0‚
339 1237 449 1269 Tenuit
471 1237 500 1266 in
520 1234 634 1273 Capite)
659 1233 745 1271 usque
765 1232 799 1262 ad
820 1232 973 1270 legitimam
997 1230 1129 1262 AEtatem
1149 1229 1272 1269 ejusdem

205 1275 324 1314 Mariae'
778 1313 782 1317 .
804 1312 808 1317 ι
913 1312 918 1317 ι
1031 1309 1036 1314 ο
1154 1308 1158 1313 ι
1188 1308 1193 1313 ο

247 1314 325 1352 Qiae
346 1312 569 1351 Consanguineo
591 1309 690 1341 nostro
707 1313 808 1340 comiti
828 1307 941 1338 Derbrae
961 1307 1093 1338 Marttata
1117 1307 1225 1351 existit,
1240 1308 1274 1339 &

208 1355 238 1385 in
258 1353 406 1384 Comitiva
426 1350 566 1390 Comitiffae
587 1348 773 1389 Herefordiae‚
790 1347 892 1379 Matris
910 1346 1056 1386 praedictae
1072 1345 1192 1385 Manae,
1209 1351 1275 1376 mo-

207 1400 469 1461 ratltgfflonavimus
491 1426 584 1458 eidem
605 1425 767 1458 Comitiffae
785 1425 842 1470 illas
863 1424 1054 1494 (ffiiadraginta
1075 1423 1277 1468 Libras,'quas

209 1462 1277 1545 &affl&3233‘laia{zssffiff‘ci‘idassssss'i’fflssffied‘ssmsszff

208 1548 330 1583 bruarfi,
351 1545 441 1576 Anno
456 1544 554 1582 Regni
567 1542 655 1574 nostri
670 1543 804 1581 Qarto,
822 1541 909 1580 usque
921 1541 955 1571 ad
971 1540 1129 1578 legitimam
1146 1539 1276 1571 AEtatem

210 1585 357 1624 praedictae
372 1583 482 1614 Mariae.

246 1623 282 1655 In
297 1625 392 1660 cujus,
410 1624 471 1654 &c.
1025 1658 1030 1662 ι
1189 1656 1204 1662 ..

290 1660 381 1693 Teste
399 1661 482 1701 Rege
495 1659 569 1702 apud
583 1656 894 1696 westmonasterium,
911 1657 988 1689 sexto
1003 1656 1049 1687 die
1064 1655 1215 1687 Februaru.

691 1739 744 1768 Per
762 1738 855 1766 Breve
868 1735 900 1766 de
915 1736 1036 1766 Privato
1048 1732 1146 1772 sigillo.

292 1886 350 1918 Pro
372 1883 568 1928 Imperatrice
584 1882 620 1919 &-
638 1889 693 1926 pro
711 1879 941 1927 Lantegravtffir
960 1878 998 1913 de
1013 1876 1209 1926 Lucemberg.

223 1968 343 2027 REX
389 1979 418 2000 er
441 1968 547 1999 Literas
566 1966 623 1996 suas
642 1965 772 1998 Parentes
785 1988 794 2003 ‚
816 1964 905 2004 usque
924 1965 958 1997 ad
980 1964 1096 1997 Festum
1118 1965 1285 1997 Nativitatis

304 1979 400 2039 sangi
421 2006 560 2045 Johannis
572 2004 719 2042 Baptistae,
737 2005 875 2042 proxime>
891 2004 1019 2035 futurum
1029 2027 1038 2043 ,
1051 2004 1210 2044 duraturas,
1230 2005 1286 2036 sus-

220 2048 294 2087 cepit
315 2048 344 2076 in
359 2046 573 2077 Protectionem
595 2044 628 2074 δε
650 2042 859 2074 Βεὶεῃῇοηειτι
879 2043 936 2074 suas
956 2043 1101 2081 speciales,
1118 2053 1234 2075 necnon
1256 2046 1287 2074 in

222 2086 328 2116 salvum
343 2085 376 2116 &
390 2085 517 2115 securum
533 2081 725 2113 Conductum
740 2081 838 2120 suum,
857 2081 1020 2113 Dominam
1038 2081 1288 2123 Lantegravrffam

222 2126 254 2154 de
270 2123 470 2161 Lucembergh,
487 2132 519 2152 ac
539 2121 677 2160 Baiones,
697 2119 823 2159 Milites,
842 2121 1022 2161 Armigeros‚
1040 2123 1074 2154 ὃς
1093 2121 1289 2162 Domiceuas‚

222 2173 254 2194 ac
268 2173 367 2193 eorum
383 2162 539 2193 servientes
554 2161 587 2191 &
604 2158 778 2197 Familiares,

297 2203 324 2231 ui
337 2211 426 2238 nuper
443 2200 514 2230 infra
527 2198 664 2237 Regnum
680 2197 761 2229 suum
776 2197 904 2238 Angliae,
919 2199 947 2229 in
963 2198 1130 2239 comitiva,
1145 2200 1290 2232 cariffimae

224 2240 294 2272 Con
306 2241 374 2271 ortis
389 2239 458 2276 suae,
478 2240 574 2269 Annae
589 2240 696 2276 Reginae
712 2237 824 2276 Angliae
837 2237 1028 2278 advenerunt,
1046 2241 1080 2271 &
1091 2241 1150 2278 jam
1165 2240 1199 2271 ad
1222 2240 1290 2273 Par-

223 2287 264 2310 tes
278 2279 402 2317 proprias
416 2278 477 2308 sunt
492 2276 628 2315 redituri,

260 2317 366 2348 Eundo
385 2316 475 2346 versus
496 2324 584 2353 partes
605 2313 751 2352 praedietas
772 2315 802 2345 in
825 2315 944 2353 quadam
966 2315 1047 2347 Navi
1061 2317 1163 2348 vocata
1179 2318 1290 2359 Fligut,

225 2356 303 2387 unde
319 2354 463 2394 Johannes
477 2357 581 2383 Mutun
596 2354 631 2383 de
647 2352 832 2384 Dunkirthen
846 2354 888 2384 est
904 2354 1001 2385 Nauta
1016 2355 1061 2386 seu
1083 2355 1119 2385 M
1159 2356 1238 2396 ister,
1256 2369 1289 2390 ac

225 2395 346 2426 Navem
363 2392 527 2431 praedictam
542 2394 575 2424 &
594 2391 761 2422 Marinarios
775 2392 916 2431 ejusdem,
934 2403 1049 2424 necnon
1065 2394 1124 2424 tarn
1169 2406 1213 2434 es,
1231 2396 1292 2428 Ca-

226 2442 336 2471 metas,
355 2433 547 2468 Ornamenra7
565 2432 598 2462 δε
616 2429 751 2460 Hernesia
766 2431 966 2470 praefatorum,
987 2435 1111 2462 Dominae
1132 2437 1292 2473 Lantegra-

227 2471 323 2511 viffae,
343 2471 483 2501 Baronurn
494 2493 502 2507 ,
523 2469 653 2500 Militum
680 2469 894 2509 Armigerorum
905 2471 953 2508 ,δε
969 2469 1197 2503 Domicellarum
1213 2485 1293 2513 quae-

228 2519 372 2547 cumque,
392 2510 478 2545 quam
492 2508 542 2538 alia
557 2508 634 2544 Rea,
653 2492 806 2545 (himerus,
825 2509 857 2539 &
875 2508 1052 2540 Ornamenra
1073 2510 1107 2540 ad
1130 2511 1226 2552 usum,
1243 2513 1293 2544 Se-

230 2548 380 2579 reniffimae
394 2547 551 2585 Dominae,
569 2550 766 2586 Imperatricis,
784 2545 884 2578 Matris
896 2547 951 2578 suae
964 2547 1131 2588 cariffimae,
1149 2560 1245 2590 empta
1258 2554 1292 2585 &

231 2587 263 2618 in
275 2586 355 2616 Navi
370 2585 503 2623 praedic‘ia
517 2586 661 2615 carcanda.

267 2623 359 2656 Teste
375 2623 457 2664 Rege
471 2623 544 2662 apud
559 2622 867 2662 Westmonasterium‚
885 2624 991 2657 οέὶανο
1005 2625 1051 2657 die
1066 2627 1218 2660 Februarii.

233 2762 261 2789 *ἓ
272 2765 320 2797 De
338 2763 465 2807 Treugis
480 2762 580 2793 Scotiae
593 2759 818 2806 proclamandis
828 2787 838 2802 ‚
848 2764 885 2799 ὠ·
905 2760 941 2794 de
956 2764 1297 2803 Imercommunicando.

241 2845 358 2905 REX
376 2847 492 2877 Locum
506 2846 587 2876 suum
602 2847 724 2885 tenenti,
743 2845 798 2877 five
808 2846 968 2885 Justiciario
977 2847 1077 2880 Terrae
1093 2849 1300 2892 Hiberniae‚ac

319 2886 497 2916 Cancellario
512 2885 612 2916 nostro
626 2885 751 2924 ibidem,
770 2888 817 2924 qui
831 2895 909 2917 nunc
922 2887 984 2918 sunt
991 2909 1002 2926 ,
1019 2888 1066 2919 vel
1080 2890 1130 2928 qui
1152 2900 1205 2928 pro
1227 2901 1300 2923 tem-

237 2934 308 2963 pore
322 2924 443 2961 fuerint,
461 2923 595 2954 Salutem.

275 2962 371 3001 Cum,
388 2963 459 2992 inter
474 2970 593 2992 caeteros
610 2961 750 2992 Articulos
765 2962 967 3004 Treugarum,

275 3001 355 3031 Tam
370 3003 458 3039 inter,
478 3000 596 3030 celebris
611 3001 776 3039 memoriae,
797 3001 960 3033 Dominum
976 3006 1013 3034 E.
1033 3014 1121 3042 nuper
1134 3007 1229 3043 Regem
1237 3009 1303 3038 An-

236 3038 298 3078 inae
337 3040 436 3070 Avum
451 3039 579 3069 nostrum
589 3062 597 3077 ,
637 3049 669 3069 ro
684 3038 721 3069 Se
735 3040 768 3071 &
784 3039 908 3071 Subditis
922 3042 992 3080 suis,
1007 3045 1040 3075 &
1056 3045 1158 3074 David
1169 3046 1201 3074 de
1215 3048 1304 3085 Bruys

240 3079 277 3109 de
300 3062 397 3109 {cotia
433 3077 579 3121 quondam
622 3086 728 3121 ¹ratrem
753 3078 832 3115 ipiius
856 3080 913 3111 Avi
929 3081 1018 3112 nostri
1032 3083 1088 3120 jam
1106 3082 1305 3125 Defunctum,

241 3127 296 3157 pro
310 3116 336 3147 se
351 3117 384 3148 &
400 3102 575 3146 Hominibus
590 3116 641 3145 suis
656 3115 692 3146 de
706 3116 801 3147 Scotia
816 3118 960 3156 primitus,

282 3156 381 3194 Quam
396 3154 583 3192 postmodum
596 3155 667 3184 inter
684 3154 770 3193 Nos,
789 3155 841 3194 &,
859 3156 1000 3188 Illustrem
1016 3158 1195 3199 Principem,
1207 3161 1307 3191 Rober-

242 3202 301 3225 tum
316 3193 568 3232 Consanguineum
583 3192 713 3222 nostrum
728 3194 760 3222 de
771 3197 877 3233 Scotia,
895 3205 962 3235 per,
978 3197 1148 3229 carissimum
1167 3198 1308 3230 Avuncu-

242 3234 302 3264 lum
318 3231 465 3270 nostrum,
484 3230 644 3270 Johannem
658 3234 754 3268 Regem
767 3231 887 3271 Castellae
899 3232 937 3268 &¹
948 3237 1076 3272 Legionis
1089 3236 1207 3268 Ducem
1230 3238 1308 3269 Lan—

243 3271 368 3309 castriae,
389 3271 486 3301 locum
501 3269 632 3313 nostrum
647 3278 791 3300 tenentem
809 3271 836 3300 in
852 3273 974 3308 partibus
990 3275 1214 3314 Angliae,versus
1227 3276 1308 3306 Mar-

242 3311 322 3341 chias
334 3310 459 3346 Scotiae‚
477 3318 529 3347 pro
546 3307 642 3337 Nobis
657 3308 690 3338 &
704 3308 827 3338 Subditis
840 3310 959 3350 nostris,
977 3312 1011 3343 &
1028 3313 1236 3345 Ambassatores
1252 3315 1309 3346 five

246 3348 297 3418 ξε
319 3358 409 3393 utatos
423 3348 505 3386 iplius
526 3345 739 3386 Consanguinei
758 3347 863 3387 nostri,
881 3358 934 3387 pro
955 3350 982 3381 se
1004 3352 1038 3383 &
1058 3351 1237 3384 Hominibus
1259 3353 1310 3385 suis

269 3397 284 3418 e
319 3397 408 3425 cotia,

284 3425 421 3456 lnitarum
434 3427 467 3458 ὃς
482 3424 653 3456 firmatarum
662 3448 672 3464 ,

285 3463 324 3495 Et
338 3464 530 3502 subsequenter
546 3474 595 3502 per
608 3473 661 3494 nos
674 3463 905 3496 confirmatarum
914 3489 923 3504 ,

287 3502 330 3534 Sit
345 3512 447 3534 mutuo
461 3502 683 3533 Concordatum
696 3503 776 3541 quod
790 3503 965 3536 Mercatores
979 3507 1012 3538 &
1026 3507 1073 3538 alii
1087 3507 1196 3539 Subditi
1211 3510 1313 3539 utrius-

249 3551 308 3580 que
332 3540 419 3571 Partis
440 3542 737 3572 Intercommunicare
756 3542 883 3581 poffim,
906 3543 1068 3577 durantibus
1089 3546 1171 3576 dietis
1192 3546 1315 3586 Treugis

250 3580 340 3610 libere
349 3602 359 3617 ‚
379 3579 515 3618 pacifice,
534 3580 567 3611 &
580 3579 685 3618 absque
697 3580 801 3611 Aresto
815 3581 861 3611 seu
874 3582 1087 3622 impedimento
1101 3584 1226 3624 aliquali,

288 3618 358 3648 Nos
373 3618 502 3657 Treugas
517 3618 678 3657 praedietas,

292 3656 371 3694 Qiae
398 3656 484 3694 usque
513 3656 547 3686 ad
578 3655 694 3687 Festum
721 3657 927 3688 Purificationis
955 3660 1045 3692 beatae
1071 3660 1172 3692 Mariae
1193 3660 1317 3700 Virginis

256 3693 347 3730 (quod
365 3696 416 3724 erit
432 3694 519 3724 Anno
535 3694 659 3725 Domini
678 3695 846 3735 Mssefimo,
863 3697 1110 3738 Trescentesimo,
1128 3700 1316 3738 OCtogelimo

255 3730 369 3767 Tertio)
386 3731 448 3763 sunt
460 3733 616 3771 duraturae,

292 3768 328 3798 Et
344 3770 462 3808 singulos
479 3771 621 3802 Articulos
633 3771 812 3809 earumdem,
828 3773 954 3804 volentes
969 3785 1018 3813 per
1032 3775 1119 3814 Nos,
1136 3777 1170 3807 &
1183 3775 1319 3808 Subditos

255 3806 367 3847 nostros
382 3809 576 3847 quoscumque
589 3810 803 3847 inviolabiliter,
823 3820 908 3847 prout
922 3815 1075 3854 convenit,
1094 3815 1248 3852 observari,
1265 3825 1320 3845 vo-

260 3843 304 3886 bis
325 3845 357 3873 &
378 3847 491 3877 cuilibet
512 3847 656 3885 vestrum,
675 3849 704 3877 in
724 3848 779 3878 fide
794 3850 827 3879 &
842 3849 1014 3891 dilectione,
1033 3854 1134 3890 quibus
1147 3853 1228 3882 nobis
1241 3861 1321 3883 tene-

259 3889 348 3918 mini,
374 3882 488 3914 firmiter
509 3887 701 3925 injungendo,
720 3885 891 3918 Mandamus
911 3890 991 3926 quod
1012 3893 1041 3922 in
1064 3891 1173 3928 singulis
1191 3890 1322 3922 Civitati-

260 3918 331 3956 bus,
358 3918 470 3958 Burgis,
488 3923 569 3954 Villis
590 3924 789 3961 Mercatoriis,
807 3926 841 3955 ὅ(
862 3926 1010 3962 aliislocis
1031 3930 1102 3960 infra
1122 3929 1246 3959 Terram
1268 3939 1323 3960 no-

262 3955 347 3986 stram
368 3959 529 3993 praedic‘tam
547 3984 556 3999 ,
577 3964 626 3992 ubi
646 3962 756 3993 neceffe
771 3963 870 4000 fuerit,
895 3964 1056 4002 hujusmodi
1075 3967 1207 4003 Treugas
1223 3968 1257 3997 &
1275 3967 1325 3998 In-

263 3998 596 4033 tercommunicationern
622 4000 825 4035 Mercatorum
848 4001 883 4036 &
897 4002 1090 4039 Subditorum
1106 4004 1273 4037 nostrorum
1289 4006 1324 4042 ὃς

665 76 1479 131 CONVENTIONE83
1533 75 1923 131 L1TERAE,

38 187 118 219 'Ann.
133 185 178 217 D.
234 186 369 214 Henricus
385 184 488 220 Roper,
508 178 545 208 de
558 175 701 216 Redyng,
720 176 757 206 de
772 175 885 212 Viginti
901 172 1003 202 Libris.

40 227 151 295 alfigi·

1299 162 1382 200 ipsius
1411 160 1626 199 Consanguinei
1654 161 1742 192 nostri
1766 161 1880 199 publice
1905 162 2095 204 proclamari,
2121 166 2177 203 &‚
2210 166 2374 203 durantibus
2388 169 2514 203 Ann.D.‘
2559 177 2561 192 ³

1302 201 1426 239 Treugis
1440 201 1598 239 praediffis,
1614 201 1690 237 quta
1704 201 1830 230 sormam
1846 202 2029 241 earumdem,
2048 207 2135 235 teneri
2152 205 2269 245 faciatis,
2405 211 2491 250 1382.

1339 238 1381 270 Ita
1396 239 1495 276 quod,
1511 238 1671 268 durantibus
1685 239 1809 276 Treugis
1824 239 1891 275 illis,
1910 237 2214 275 Intercommunicatio
2230 247 2302 276 inter
2316 256 2371 277 no-
2384 250 2435 278 Ric.
2455 259 2483 279 2.

1304 277 1378 309 stros
1391 278 1424 308 &
1438 277 1510 308 dieti
1526 275 1738 316 Oonsanguine'i
1750 276 1839 307 nostri
1853 277 1988 309 Subditos
1999 289 2060 311 non
2074 283 2106 314 fit
2119 283 2270 323 aliqualiter
2285 285 2374 317 dene-
2479 282 2484 284 ”
2536 288 2537 291 ’

1322 325 1364 347 ata

1303 324 1322 356 g
1343 339 1381 386 E}
1407 353 1522 385 ulteritis
1547 363 1649 384 omnes
1674 354 1708 385 &
1727 353 1850 393 singulos
1866 351 2044 387 Mei-catores
2063 360 2096 390 ὃς
2111 360 2245 393 Subditos
2265 363 2375 400 praefati

1305 392 1518 432 Consanguinei
1543 392 1633 423 nostri
1659 392 1699 430 (fi
1719 394 1767 430 qui
1790 394 1818 422 in
1837 392 1959 423 Terram
1976 396 2138 432 praedidtam
2156 400 2190 430 ad
2208 400 2372 433 Intercom-

1304 431 1511 462 municandum
1536 440 1672 462 venerant
1686 454 1696 469 ,
1729 433 1762 463 &
1787 441 1818 462 ea
1835 431 1871 462 de
1888 432 1968 463 causa
1987 436 2159 467 carceraliter
2174 438 2369 477 detineantur)

1304 469 1449 500 deliberari
1469 470 1575 501 faciatis
1596 469 1725 507 indilate,
1745 471 1798 509 δε,
1816 471 1948 508 quotiens
1968 471 2043 503 idem
2066 473 2298 515 consanguineus
2317 489 2370 510 no-

1306 508 1360 538 ster
1375 509 1476 546 vobis,
1494 508 1538 538 vel
1553 509 1635 538 alicui
1649 501 1776 539 vestrum
1787 531 1796 546 ,
1814 510 1843 539 in
1862 509 2024 548 hujusmodi
2043 510 2135 551 Casu,
2152 512 2302 557 scripserit,
2319 519 2372 550 de-

1305 547 1398 577 bitum
1413 547 1446 578 δε
1459 545 1594 577 festinum
1611 545 1669 576 fieri
1684 547 1788 577 faciatis
1797 546 1920 585 Justitiae
1934 545 2212 591 Complementum,

1345 584 1544 622 Arestatosque
1565 583 1699 615 Subditos
1718 585 1780 615 suos
1802 586 1834 623 (sl
1854 588 1903 625 qui
1916 588 2043 627 ibidem,
2061 590 2224 622 successuris
2235 596 2372 632 tempori-

1306 624 1376 662 bus,
1396 623 1476 662 quod
1489 623 1574 660 absit,
1588 623 1690 653 fuerint
1704 632 1738 652 ex
1754 624 1808 666 liae
1822 625 1912 662 causa)
1928 624 2040 665 penitus
2057 630 2091 660 &
2105 629 2210 668 absque
2222 630 2372 665 difficulta-

1308 671 1337 694 te
1351 671 1533 699 quacumque
1548 661 1694 692 deliberari
1707 661 1829 699 faciatis,

1344 701 1425 731 Tam
1438 700 1644 738 circumspecte
1659 701 1687 729 in
1710 701 1879 731 executione
1899 702 2039 739 praesentis
2061 703 2190 737 Mandati
2209 707 2300 739 nostri
2320 719 2373 741 vos

1307 740 1458 777 habentes,
1482 740 1519 769 ne
1538 748 1572 769 ex
1596 738 1678 776 culpa
1696 737 1787 769 vestra
1807 738 1949 771 dictarum
1963 740 2145 781 Treugarum
2158 745 2285 778 Violatio
2297 747 2375 780 Parti

1308 777 1415 810 nostrae
1429 778 1518 808 valeat
1534 778 1674 814 imputari.

1345 816 1438 848 Teste
1452 815 1535 856 Rege
1550 816 1625 854 apud
1639 814 1950 857 westmonasterium,
1967 817 2084 850 decimo
2095 819 2141 851 die
2153 821 2301 856 Februarii.

2029 898 2072 927 Et
2084 904 2147 928 erat
2161 900 2274 931 Parem.

1363 1022 1505 1071 Johanni
1521 1023 1747 1068 Hawleewode,
1774 1028 1811 1064 ῤ’
1833 1023 1970 1060 Subditis
1992 1030 2081 1076 Regis
2098 1032 2130 1062 in
2145 1031 2262 1074 Italia,
2286 1031 2325 1066 de

1663 1077 1848 1120 Imperatore
1869 1073 2026 1118 affistendo.

1365 1158 1443 1199 EX,
1461 1159 1583 1190 Dilee‘cis
1604 1161 1638 1192 ὃς
1660 1159 1804 1191 Fidelibus
1825 1159 1951 1193 Subditis
1972 1161 2039 1200 suis,
2057 1163 2191 1196 univerfis
2209 1167 2245 1198 ὃς
2264 1166 2303 1199 fin
2355 1170 2361 1176 ·
2395 1159 2473 1192 Ann.
2486 1161 2529 1195 D.

1350 1236 1355 1241 .
1382 1198 1560 1229 Hominibus
1572 1198 1606 1229 ad
1620 1199 1708 1230 Arma
1723 1199 1757 1230 &
1773 1198 1940 1239 Sagittariis,
1957 1201 1986 1230 in
2002 1200 2100 1241 Villis,
2117 1201 2239 1244 Castris,
2257 1206 2291 1238 δε
2329 1218 2376 1239 or-
2414 1201 2502 1240 1382·

1311 1235 1419 1275 talitiis‚
1437 1238 1464 1267 in
1480 1238 1602 1274 partibus
1616 1237 1704 1268 Italiae
1718 1237 1891 1276 constitutis,
1907 1238 2042 1271 Salutem.
2395 1244 2447 1268 An.
2464 1250 2494 1276 5.

1349 1273 1431 1306 Cum
1447 1276 1626 1314 Alligantiae,
1642 1275 1805 1315 Parentela,
1821 1275 1855 1308 ὃς
1868 1277 2011 1309 Amicitiae
2024 1277 2167 1320 speciales,
2393 1283 2423 1308 R·
2445 1289 2472 1307 ²·

1350 1313 1442 1352 Inter,
1463 1313 1677 1345 Sereniffimum
1699 1314 1882 1354 Principem,
1908 1315 2074 1349 Dominum
2097 1321 2302 1363 aneflaum‚
2323 1326 2379 1355 Ro·
2395 1321 2484 1346 Franc.
2501 1324 2532 1354 5³¹

1312 1352 1517 1423 manorungcss
1532 1355 1647 1384 Boemiae
1670 1355 1765 1392 Regem
1786 1353 1925 1386 illustrem
1939 1378 1950 1396 ,
1980 1356 2106 1390 Fratrem
2124 1359 2254 1392 nostrum
2273 1363 2379 1394 cariffi—
2397 1360 2506 1385 R·²·'”·

1314 1400 1416 1430 mum,
1519 1402 1568 1430 os,
2396 1403 2425 1431 7·

1353 1429 1479 1461 Ratione
1494 1454 1504 1469 ,
1527 1431 1668 1469 praeclarae
1688 1429 1838 1464 Consortis
1856 1431 1980 1473 nostrae,
2004 1437 2101 1466 Anna-³
2120 1438 2230 1476 Reginae
2249 1439 2381 1480 Angliae,

1314 1467 1425 1500 Sororis
1439 1469 1510 1507 suae,
1527 1480 1613 1508 quam
1629 1472 1657 1500 in
1675 1470 1813 1510 Sponsam
1829 1471 1957 1504 nostram
1968 1473 2154 1516 suscepimus,

1353 1506 1434 1538 Initae
1447 1508 1567 1539 existunt
1584 1510 1617 1539 &
1630 1508 1764 1548 firmatae,

1352 1545 1414 1577 Vos
1426 1547 1459 1578 &
1468 1548 1623 1584 quemlibet
1636 1547 1937 1592 vestrfimaffechose
1952 1560 2102 1591 rogamus,
2119 1553 2202 1585 vobis
2216 1556 2382 1588 nichilomi-

1315 1594 1388 1623 nus,
1407 1586 1435 1615 in
1454 1585 1522 1616 Fide
1537 1586 1570 1616 &
1587 1586 1748 1624 Ligeantia‚
1766 1596 1794 1617 tn
1811 1589 1913 1625 quibus
1934 1590 2018 1621 nobis
2038 1594 2174 1624 tenemini
2197 1593 2315 1626 firmiter
2336 1598 2381 1627 in-

1311 1624 1478 1663 jungentes,
1519 1625 1625 1654 uatinus
1647 1625 1800 1663 aliquibus,
1818 1626 1898 1657 dieto
1923 1626 2012 1660 Fratri
2032 1630 2132 1661 nostro
2147 1632 2381 1674 AdveriantibuS,

1315 1672 1418 1693 contra
1440 1672 1497 1700 prae
1512 1672 1587 1693 atum
1614 1662 1739 1693 Fratrem
1760 1663 1892 1695 nostrum
1915 1675 2006 1704 nequa
2028 1678 2092 1698 uam
2111 1670 2233 1702 affistatis
2247 1683 2382 1712 quoquo-

1317 1700 1424 1745 modo,
1443 1702 1480 1731 set
1494 1701 1587 1732 eidem
1603 1701 1691 1746 Fratri
1713 1700 1813 1732 nostro
1827 1702 1926 1740 Opem
1947 1705 1981 1735 &
2002 1677 2147 1747 gperam,
2167 1720 2252 1748 quam
2275 1713 2382 1749 poteri-

1317 1748 1367 1784 tis,
1384 1741 1412 1770 in
1434 1739 1559 1779 Agendis
1577 1739 1628 1784 suis
1634 1740 1779 1784 ,lquando
1799 1742 1833 1777 ἃς
1856 1742 1874 1760 *
1898 1751 1983 1785 prout
1997 1744 2052 1783 ipse
2067 1755 2118 1777 vos
2131 1750 2246 1786 requirit
2259 1751 2380 1782 rationa-
2398 1756 2419 1777 at
2431 1761 2500 1790 vn·

1319 1778 1432 1817 biliter,
1451 1778 1633 1817 impendatis,
1649 1787 1686 1810 ita
1701 1779 1783 1818 quod
1798 1780 1845 1810 has
1869 1779 1975 1812 Literas
1996 1781 2107 1815 nostras
2125 1784 2176 1816 fibi
2194 1786 2289 1820 sentiat
2310 1789 2378 1821 vali—
2402 1805 2468 1835 345,
2492 1781 2499 1788 ⁶

1359 1855 1397 1887 Et
1411 1857 1495 1887 etiarn
1506 1879 1516 1895 ,
1532 1855 1639 1888 dilecto
1653 1857 1687 1889 δε
1702 1856 1775 1888 fideli
1788 1857 1906 1897 nostro,
1919 1858 2047 1898 Johanm‘
2066 1863 2256 1896 Hawkewode
2277 1864 2385 1906 Militi,

1322 1897 1370 1933 qui
1381 1905 1467 1933 penes
1476 1894 1587 1926 dietum
1604 1895 1731 1927 Fratrem
1744 1895 1872 1928 nostrum
1891 1907 2012 1930 retentus
2033 1901 2140 1940 existit,
2157 1912 2188 1934 ut
2206 1905 2386 1945 accepimus,

1323 1943 1409 1972 prout
1421 1934 1500 1965 idem
1515 1933 1679 1973 Johanne5‚
1693 1934 1728 1965 ad
1742 1935 1822 1973 ipslus
1839 1935 1938 1967 Fratris
1952 1937 2042 1969 nostri
2053 1938 2256 1973 Commodum
2272 1944 2306 1974 &
2319 1943 2387 1975 Ho-

1324 1982 1445 2012 norem,
1464 1983 1516 2004 vos
1531 1973 1563 2004 &
1578 1975 1733 2011 quemlibet
1748 1972 1877 2005 vestram
1895 1977 2064 2016 requisierit,
2082 1979 2238 2012 intendatis.
2387 1992 2391 1995 “

1362 2011 1429 2056 Dat.
1450 2012 1478 2041 in
1499 2010 1604 2056 Palatio
1628 2012 1727 2057 nostro
1748 2011 1876 2058 Westrn.
1891 2014 1942 2045 sub
1964 2014 2071 2055 Magni
2082 2016 2170 2059 Sigilli
2184 2019 2273 2052 nostri
2291 2020 2390 2060 Testi2·

1326 2060 1447 2089 monio,
1463 2049 1639 2082 duodecimo
1650 2051 1697 2083 die
1711 2051 1864 2083 Februam.

1321 1825 1395 1848 turas
1403 1842 1413 1856 ‚

1822 2132 1875 2161 Per
1890 2131 2033 2164 Concilium
2046 2137 2076 2166 in
2090 2135 2285 2169 parliamento.

1330 2261 1381 2294 De
1396 2256 1667 2295 Pardonationibus
1679 2286 1690 2303 ‚
1715 2259 1760 2293 ad
1779 2260 2002 2307 Requist'tionem
2017 2264 2112 2298 Annae
2126 2267 2240 2314 Reginae
2251 2266 2391 2313 conceffis,

1746 2310 1983 2345 Proclamandis.

1331 2395 1444 2453 REX
1459 2372 1634 2428 Vicecomiti
1646 2395 1760 2429 Kantiae
1768 2419 1778 2435 ‚
1795 2394 1929 2430 Salutem.
2414 2399 2491 2433 Ann.
2500 2400 2545 2432 D:

1423 2434 1502 2465 Cum
1523 2435 1592 2466 Nos
1613 2445 1721 2475 nuper,
1746 2437 1787 2466 ob
1808 2435 2011 2469 Reverentiam
2032 2438 2113 2480 Dei,
2137 2440 2171 2472 &
2192 2441 2226 2473 ad
2246 2440 2394 2481 specialem
2432 2440 2518 2480 1382·

1332 2471 1559 2512 Requisitionem
1575 2476 1672 2505 Annae
1685 2477 1794 2513 Reginae
1810 2474 1922 2513 Angliae
1937 2475 2083 2509 Consortis
2099 2480 2205 2511 nostrae
2228 2482 2392 2521 cariffimae,
2411 2483 2464 2508 An.
2480 2488 2509 2515 5·

1332 2511 1365 2541 &
1382 2521 1411 2542 ut
1427 2512 1524 2551 singuli
1536 2512 1645 2543 Subditi
1660 2513 1748 2544 nostri
1763 2512 1862 2544 Corda
1874 2514 2045 2547 assumerent
2058 2518 2185 2549 hilariora
2198 2529 2262 2558 erga
2274 2520 2343 2551 Nos
2362 2523 2391 2551 in
2410 2522 2439 2546 R·
2457 2527 2484 2546 2·

1333 2548 1388 2580 fide
1403 2551 1435 2581 &
1450 2551 1604 2581 dileetione
1621 2551 1736 2582 fideliter
1752 2562 1933 2590 permanere,
1945 2554 1981 2584 de
1998 2554 2096 2586 Gratia
2109 2556 2208 2588 nostra
2218 2559 2326 2595 speciali
2363 2560 2392 2589 in
2410 2556 2498 2593 Claus·
2518 2559 2550 2590 5:

1333 2587 1526 2620 Parliamento
1540 2589 1656 2627 nostro,
1674 2599 1762 2620 certas
1775 2588 2308 2634 GRAT1AS,PARDONAT10NES‚&
2324 2581 2395 2628 1}ss-
2410 2599 2438 2622 R·
2456 2604 2482 2622 2-
2495 2603 2534 2623 m·

1335 2635 1508 2658 MissroNEs
1531 2635 1751 2666 GENERALES,
1769 2628 1882 2665 singulis
1902 2629 2088 2662 Subditorum
2108 2633 2271 2666 nostrorum
2293 2636 2396 2673 praedi-
2416 2643 2460 2662 ²1·
2473 2632 2503 2664 d·

1335 2667 1449 2697 &orum
1459 2689 1468 2704 ,
1488 2675 1735 2710 quarumcumque
1750 2665 1876 2698 Partium
1890 2667 1988 2708 Regni
1999 2669 2089 2701 nostri
2102 2671 2228 2712 Angliae,
2243 2684 2287 2704 eas
2301 2674 2401 2714 expos-

1336 2715 1402 2736 cere
1417 2705 1594 2743 volentibus,

1375 2743 1468 2774 Certis
1488 2743 1634 2782 Personis,
1652 2744 1682 2774 in
1705 2742 1793 2775 Curia
1810 2744 1906 2776 nostra
1927 2747 2096 2787 nominatis,
2113 2759 2146 2780 ac
2160 2751 2244 2781 etiam
2259 2751 2402 2783 Homini-

1337 2783 1390 2812 bus
1412 2780 1542 2813 Civitatis
1561 2782 1666 2813 nostrae
1688 2781 1846 2814 Cantuariae
1860 2807 1870 2822 ‚
1902 2795 1935 2816 ac
1959 2785 2097 2818 Villarum
2117 2788 2332 2830 Cantebrigiae,
2363 2791 2402 2822 de

1339 2819 1540 2860 Bruggewater
1553 2844 1563 2858 ,
1586 2820 1622 2851 de
1642 2820 1749 2852 Sancto
1768 2820 1924 2854 Edmundo
1937 2846 1946 2861 ,
1969 2824 2006 2856 de
2025 2825 2179 2858 Beverlaco
2189 2851 2200 2867 ‚
2224 2830 2258 2860 &
2281 2829 2400 2860 Scarde-

1339 2859 1379 2889 bu
1413 2861 1431 2890 h
1441 2883 1450 2898 ‚
1466 2861 1548 2890 certis
1562 2858 1599 2889 de
1612 2860 1714 2899 caufis,
1732 2859 1876 2892 dumtaxat
1889 2864 2012 2901 exceptis
2020 2886 2032 2902 ,

1402 2907 1482 2928 acere
1502 2896 1843 2930 ORDINASSEMUS
1861 2901 1895 2931 &
1912 2899 2297 2943 Concsssrsssmus,

1378 2936 1448 2966 Tibi
1463 2937 1646 2974 praecipimus
1660 2937 1757 2976 qu'od,
1776 2938 1804 2967 in
1820 2938 1935 2975 singulis
1959 2939 2052 2978 Villis,
2072 2941 2106 2971 δε
2129 2941 2217 2973 Locis
2238 2941 2404 2975 Comitatfis

1341 2975 1489 3014 praedicti,
1507 2976 1682 3013 ubicumque
1694 2975 1842 3013 expediens
1853 2976 1928 3007 foret
1941 2977 1974 3007 δε
1989 2979 2120 3017 necesse,
2137 2989 2171 3010 ex
2192 2990 2270 3018 parte
2289 2981 2404 3021 nostra,

1343 3014 1457 3051 publice
1471 3013 1639 3051 proclamari
1650 3013 1753 3044 faceres
1788 3014 1848 3044 uod
1858 3024 1961 3045 omnes
1973 3017 2007 3047 δε
2030 3016 2127 3055 singuli
2133 3039 2144 3055 ,
2162 3021 2211 3056 qui
2229 3019 2405 3051 Beneficium

1343 3052 1503 3090 hujusmodi
1516 3050 1680 3082 Gratiarum
1716 3024 1974 3092 Pardonationum,
1992 3055 2026 3086 &
2040 3054 2253 3088 Remiffionum
2275 3069 2295 3089 o
2316 3060 2407 3090 tinere

1343 3091 1448 3121 vellent
1465 3089 1610 3127 (Exceptis
1625 3075 1752 3120 Perfonis
1766 3091 1800 3121 &
1819 3088 1996 3122 Hominibus
2015 3096 2208 3134 praeexceptis)
2230 3097 2265 3127 ad
2317 3098 2408 3129 uriam

1345 3129 1470 3159 nostram
1485 3128 1651 3159 accederent
1665 3127 1722 3160 five
1737 3130 1881 3160 mitterent
1894 3128 1992 3161 Cartas
2005 3131 2090 3171 inde,
2109 3135 2177 3165 citra
2194 3134 2310 3166 Festum
2330 3136 2409 3166 Pen-

1344 3167 1482 3205 tecostee,
1502 3167 1637 3204 proximo
1658 3165 1801 3207 futurum,
1820 3177 1873 3206 pro
1894 3167 1993 3200 Feodo
2014 3168 2116 3210 Magni
2139 3172 2230 3211 sigilli
2243 3174 2332 3205 nostri
2347 3184 2410 3206 tan-

1346 3213 1410 3236 tum
1424 3205 1577 3243 solvendo,
1594 3204 1787 3245 prosecuturi,
1803 3206 1822 3236 fi
1838 3207 1888 3237 fibi
1901 3207 2029 3240 viderent
2040 3219 2075 3240 ex
2113 3211 2189 3250 dire,
2207 3213 2277 3244 ficut
2292 3222 2341 3252 per
2362 3214 2409 3245 in-

1346 3243 1522 3281 spectionem
1535 3243 1712 3274 Rotulorum
1726 3243 1910 3276 Cancellariae
1924 3246 2028 3278 nostrae
2079 3250 2142 3281 obis
2155 3251 2281 3283 constat:
2402 3247 2409 3251 ’

1387 3282 1432 3313 Ac
1444 3285 1519 3321 jam,
1538 3282 1574 3313 de
1591 3281 1690 3313 Gratia
1708 3283 1803 3314 nostra
1821 3284 1945 3324 speciali,
1961 3287 1990 3316 in
2009 3287 2136 3324 praesenti
2153 3288 2343 3322 Parliamento
2355 3300 2410 3322 no-

1350 3320 1427 3359 stro,
1441 3321 1569 3359 Gratias,
1585 3320 1824 3360 Pardonationes‚
1842 3323 1876 3354 &
1891 3323 2083 3357 Remiffiones
2095 3328 2254 3368 generales,
2266 3328 2413 3360 hu‘usmo-

1349 3359 1380 3390 di
1398 3360 1518 3398 praefatis
1535 3359 1712 3392 Hominibus
1731 3360 1860 3393 Civitatis
1880 3361 1985 3394 nostrae
2002 3363 2178 3406 Cantuariae‚
2203 3377 2264 3398 non
2280 3377 2300 3398 o
2322 3367 2413 3399 stante

1351 3397 1528 3437 Exceptione
1541 3399 1675 3438 praedieta
1683 3425 1692 3439 ,
1710 3399 1803 3432 facere
1816 3399 2052 3433 Ordinaverimus
2063 3405 2097 3435 ὅ(
2109 3404 2358 3444 Concesserimus3

1386 3438 1458 3468 Tibi
1481 3437 1666 3476 Praecipimus
1688 3439 1768 3478 quod
1805 3440 1834 3469 in
1853 3438 1978 3471 Civitate
1998 3443 2150 3482 praedicta,
2168 3446 2202 3476 &
2222 3445 2369 3476 Suburbiis
2384 3453 2416 3475 e-

1349 3475 1477 3515 jusdem,
1495 3487 1528 3508 ac
1546 3477 1603 3508 aliis
1623 3477 1693 3508 locis
1714 3478 1742 3507 in
1764 3462 1867 3508 &alliva
1886 3486 1949 3517 tua,
1969 3480 2017 3510 ubi
2039 3481 2141 3512 melitis
2153 3483 2285 3521 expedire
2297 3482 2415 3521 videris,

1354 3525 1389 3546 ex
1403 3525 1481 3553 parte
1495 3515 1589 3546 nostra
1605 3516 1720 3553 publice
1734 3516 1903 3553 proclamari
1922 3517 2023 3557 facias,
2040 3520 2121 3558 quod
2136 3531 2238 3552 omnes
2258 3521 2292 3552 &
2309 3520 2417 3558 singula

1355 3554 1441 3584 dietae
1459 3553 1590 3584 Civitatis
1608 3553 1788 3593 Cantuariae,
1806 3556 1855 3592 qui
1873 3555 2049 3588 Beneficium
2062 3559 2224 3598 hujusmodi
2239 3559 2416 3597 Gratiarum,

1355 3593 1599 3623 Pardonationum
1615 3615 1626 3631 ‚
1656 3593 1689 3623 &
1717 3592 1930 3625 Remiffionum
1957 3597 2088 3633 optinere
2105 3598 2246 3628 voluerint
2262 3596 2416 3635 (Exceptis

1356 3631 1484 3661 Personis
1502 3630 1702 3669 praeexceptis)
1721 3631 1755 3661 ad
1774 3629 1893 3663 Curiam
1913 3634 2039 3665 nostram
2057 3635 2192 3667 accedant
2211 3635 2268 3665 five
2286 3635 2417 3674 mittant,

1357 3669 1456 3700 Cartas
1471 3670 1556 3706 inde,
1574 3670 1643 3699 citra
1662 3669 1772 3699 mitum
1791 3670 1908 3701 Festum
1925 3671 2125 3712 Pentecostes,
2143 3684 2196 3711 pro
2212 3672 2313 3703 Feodo
2331 3672 2419 3712 Mag-

1357 3709 1386 3738 ni
1394 3708 1494 3776 dSigiui
1511 3707 1600 3738 nostri
1618 3716 1726 3738 tantum
1742 3708 1898 3748 solvendo,
1916 3711 2107 3750 prosecuturi,
2132 3712 2152 3742 fi
2169 3711 2220 3742 fibi
2235 3710 2355 3742 viderint
2370 3721 2419 3742 ex-

1356 3756 1392 3785 pe
1415 3756 1461 3776 ire.

1361 3784 1487 3854 brTaffie
1508 3783 1596 3823 Rege
1615 3783 1691 3823 apud
1710 3783 2000 3819 Westmonasterium
2014 3809 2025 3827 ,
2048 3787 2165 3819 decimo
2186 3794 2286 3826 quarto
2304 3787 2351 3820 die
2367 3787 2423 3825 Fe*

1398 3834 1415 3854 u
1468 3846 1475 3853 .

2378 4048 2436 4083 Pro
