2561 4251
28 255 104 288 Ann.
111 250 154 282 D.

45 292 128 340 3384.

0 365 1 372 ἵ
25 339 77 365 mc.
95 342 122 359 2.

722 154 834 197 ET
926 156 1199 198 ACTA

215 244 271 277 Per
283 243 363 284 quod
397 242 434 274 de
447 239 554 273 assensu
567 239 742 280 Magnarum
757 243 790 274 &
805 241 962 273 Procerum
977 241 1076 281 Regni
1090 243 1194 282 nostri,
1212 253 1246 275 ac

175 284 298 315 aliorum
311 283 348 314 de
362 267 499 312 Concilio
512 279 629 319 nostro,
649 282 679 311 in
705 280 897 311 Parliamento
919 281 1058 324 praedicto
1076 283 1161 312 nobis
1182 283 1244 313 affi-

176 323 330 360 stentium,
345 319 553 352 consideratum
570 320 660 350 exurit
673 319 753 358 quod
766 318 897 357 praefatus
911 319 1087 351 Willielmus
1102 320 1200 352 Nobis
1207 321 1243 352 de

175 362 300 392 Pecunia
314 358 467 398 praedieta,
484 367 618 396 tanquam
634 357 669 388 ad
684 367 735 388 nos
747 357 783 389 de
808 358 865 388 'ure
885 358 1058 395 pertinente,
1076 359 1184 398 integre
1202 360 1244 389 sa-

174 401 291 432 tisfaciat
307 397 443 435 indilate,
459 396 595 435 quodque
610 396 736 427 Prisonae
750 406 790 427 no
819 406 872 433 rae,
891 406 944 433 pro
953 395 1244 436 Mesprisionibussuis

174 436 559 477 praedi&is‚committatur,
575 436 609 466 &
624 434 692 465 inde
705 434 856 465 redimatur
868 437 902 464 ad
916 435 1092 465 voluntatem
1107 436 1243 474 nostram,

176 478 275 508 habito
289 474 417 514 respectu
438 473 473 505 ad
491 473 669 512 Qalitatem
689 474 723 505 &
744 473 944 511 Qantitatem
966 471 1092 511 Defieri,
1110 483 1197 512 prout
1215 476 1244 506 in

174 513 317 547 Recordo
330 514 365 546 &
378 513 536 551 Proceffu,
554 511 622 542 inde
641 512 673 541 in
694 511 775 542 dieto
796 510 986 541 Parliamento
1003 511 1120 552 habitis,
1136 513 1246 551 plenius

175 561 340 586 continetur

213 592 285 622 Tibi
306 576 498 629 Pr’aecipimus
519 587 601 626 quod
626 585 719 617 dictos
741 586 814 618 Tria
841 586 925 618 Milia
949 589 982 619 &
1009 588 1246 628 Qadringentos

178 631 305 662 Francos
320 629 392 661 Auri
407 629 443 660 de
455 627 555 657 Terris
566 626 601 657 ὃς
613 624 728 656 Catallis
740 625 822 663 ipsius
834 625 1004 665 Willielmi,
1024 629 1053 657 in
1067 627 1170 659 Balliva
1183 638 1246 668 tua,

177 669 236 700 sine
257 669 408 704 dilatione,
427 665 488 695 fieri
508 664 542 695 &
564 665 665 702 levari,
685 666 719 696 &
743 664 843 694 Nobis
863 665 931 695 inde
945 665 980 697 ad
996 665 1176 698 Scaccarium
1192 678 1246 698 no-

176 707 286 745 strum,
302 708 372 738 citra
386 702 573 741 Quindenam
580 703 713 742 Paschae,
731 703 865 740 proximo
880 704 1022 742 futuram,
1040 705 1086 736 vel
1101 706 1130 735 in
1145 705 1245 736 eadem

177 746 336 785 Qindena
351 743 386 774 ad
404 741 540 773 ultimum
554 765 565 781 ‚
586 743 694 782 integre
718 741 882 780 responderi
905 742 989 773 facias
1007 744 1038 772 in
1055 743 1148 774 forma
1174 754 1247 783 prae-

176 785 256 817 dieta

214 824 254 855 Et
263 809 468 854 ’nichilominus
483 819 636 858 praefatum
647 818 860 858 Willielmum,
878 820 1059 858 ubicumque
1073 820 1145 851 infra
1164 820 1246 852 Balli-

175 873 244 895 vam
257 869 335 892 tuam
350 860 482 890 inventus
495 859 596 897 fuerit,
612 857 704 895 Capi,
722 859 756 889 &
772 868 870 889 coram
887 859 970 888 nobis
983 859 1017 890 &
1031 858 1169 890 Concilio
1190 870 1247 890 no-

177 901 238 931 stro
253 898 331 930 salvo
347 898 381 929 &
395 898 492 929 secure
507 897 589 928 Duci
604 897 702 935 facias,
726 895 768 926 Ita
781 896 863 935 quod
878 896 978 927 habeas
992 898 1105 937 Corpus
1121 899 1179 936 ejus
1192 899 1247 929 ibi-

176 939 264 977 dem,
282 937 318 970 ad
331 936 518 974 Quindenam
533 934 697 974 praedic‘tarn
707 957 717 972 ,
734 935 836 966 exinde
850 934 973 966 Prisonae
988 935 1092 966 nostrae
1107 938 1246 968 commit-

176 977 315 1015 tendum,
332 977 362 1006 in
376 974 475 1005 eadem
492 982 669 1004 moraturum
684 973 831 1011 quousque
844 974 946 1005 Finem
960 974 1246 1013 &Redemptionem

178 1015 332 1048 nobiscum
347 1014 447 1045 fecerit
459 1013 490 1042 in
500 1012 596 1044 forma
606 1010 759 1051 praedicta,
778 1012 815 1044 Et
830 1012 931 1044 habeas
944 1013 985 1044 ibi
997 1021 1066 1045 tunc
1081 1014 1139 1046 hoc
1146 1013 1245 1046 Breve.

215 1091 310 1124 Teste
321 1090 406 1129 Rege
420 1089 494 1129 apud
507 1089 786 1130 westmonasterium,
804 1090 844 1122 vi.
859 1090 906 1121 die
920 1090 1028 1122 Martii.

164 1155 348 1211 ’Confimilia
359 1175 460 1208 Brevia
472 1175 631 1215 diriguntur
640 1174 869 1207 Vicecornitibus
882 1176 1041 1215 subscriptis
1054 1187 1109 1216 pro
1116 1177 1246 1210 Personis

377 1214 536 1254 subscriptis
546 1238 556 1254 ,
572 1215 606 1246 &
616 1213 667 1245 sub
681 1213 782 1244 eadem
795 1214 886 1254 Data,
902 1215 1050 1255 videlicet,

216 1305 450 1338 vicecomitibus
463 1304 628 1336 Londoniae
642 1314 697 1344 pro
712 1306 755 1335 W
755 1304 864 1336 illielmo
884 1305 916 1335 de
934 1306 1063 1337 Farndon
1080 1306 1178 1338 Milite
1196 1316 1250 1345 pro

177 1347 228 1377 'M.
244 1344 283 1380 &⁶
299 1356 361 1375 cccc.
377 1347 490 1374 Francis
508 1347 596 1374 Auri.

217 1383 395 1415 Vicecomiti
408 1383 594 1414 Somercetiae
609 1383 644 1414 &
658 1382 798 1415 Dorsetiae
817 1393 872 1422 pro
889 1382 992 1414 Thoma
1010 1386 1117 1425 Tryvet
1136 1383 1252 1423 Milite,

179 1433 235 1465 pro
255 1425 300 1452 M.
317 1421 356 1459 ό·
375 1433 435 1451 cccc.
454 1424 567 1452 Francis
584 1424 672 1452 Auri.

218 1461 448 1492 Vicecomitibus
466 1460 634 1491 Londoniae
655 1470 709 1498 pro
730 1462 848 1490 Henrico
867 1461 900 1490 de
919 1463 1028 1491 Ferrers
1046 1460 1145 1492 Milite
1161 1484 1172 1500 ,
1195 1470 1250 1500 pro

178 1503 234 1531 Sex'
254 1499 372 1530 Milibus
392 1499 431 1535 &
449 1498 668 1538 Qadringentis
685 1502 799 1529 Francis
817 1502 904 1528 Auri.

176 1577 184 1583 .
216 1538 396 1570 Vicecomiti
413 1537 536 1569 Effexiae
555 1547 611 1576 pro
639 1536 756 1568 Roberto
779 1540 848 1569 Fitz
868 1536 952 1576 Rauf
971 1548 1026 1577 pro
1052 1549 1114 1569 cccc.
1138 1541 1252 1570 Francis

179 1580 268 1609 Auri.

181 1652 311 1724 RH&
321 1652 499 1686 Vicecomiti
511 1652 602 1692 Buks,
620 1652 756 1686 Salutem
778 1694 784 1700 ι
1138 1695 1143 1700 Ι

312 1703 364 1724 um
378 1692 513 1724 Robertus
525 1693 557 1723 de
570 1691 691 1723 Foulmer
704 1693 855 1732 Clericus,
874 1702 913 1724 nu
935 1703 964 1724 er
976 1693 1176 1725 Thesaurarius
1190 1694 1251 1725 Ve-

114 1752 123 1769 2
179 1732 311 1764 nerabilis
322 1730 411 1763 Patris
424 1734 538 1763 Henrici
555 1729 678 1776 Epifiopi
696 1731 896 1771 Norwicenfis,
933 1742 983 1764 um
998 1733 1076 1764 idem
1090 1732 1253 1771 Episcopus

37 2363 55 2381 ὓ
65 2363 134 2392 vu.

38 2410 106 2440 425.

44 3296 123 3328 Ann.
133 3296 178 3327 D.

65 3337 150 3377 1384.

71 3386 97 3402 n.
117 3385 143 3411 7.

44 3434 122 3480 Scor..
133 3463 159 3488 7.

44 3494 73 3520 R.
81 3500 93 3518 a
102 3501 146 3520 .m.
153 3501 162 3518 1
170 3514 176 3522 .

178 1772 210 1802 in
223 1771 353 1802 Partibus
367 1770 574 1801 Tranfinarinis
587 1781 657 1802 cum
672 1770 808 1802 Exercitu
828 1770 929 1801 nostro
949 1772 1060 1810 extitit,
1077 1771 1114 1802 de
1135 1772 1250 1804 diversis

179 1808 255 1842 Mes
268 1810 418 1841 risionibus
453 1810 483 1840 in
497 1809 611 1840 Officio
624 1809 675 1840 suo
686 1809 845 1850 praedic‘to,
862 1809 970 1841 ibidem
985 1809 1084 1849 sactis,
1100 1811 1130 1841 in
1142 1809 1254 1849 speciali

179 1849 215 1880 de
263 1853 361 1890 uinque
372 1851 419 1878 Mi
430 1848 489 1878 ibus
504 1851 687 1888 Francorum,

248 1889 268 1918 b
283 1888 410 1919 Inimicis
426 1886 528 1918 nostris
543 1887 687 1926 Franciae,
704 1897 756 1926 per
767 1887 938 1919 Trad‘mtum
961 1888 1109 1927 illicitum,
1127 1888 1163 1920 &
1182 1887 1253 1918 No-

182 1926 227 1958 bis
237 1936 271 1958 ac
286 1926 432 1958 Exercitui
446 1925 547 1957 nostro
560 1925 701 1964 praedieto
714 1926 904 1964 dampnosum
917 1927 951 1958 δι’.
972 1928 1058 1958 nimis
1076 1926 1255 1966 praejudicia-

182 1965 243 1996 lem
252 1988 262 2004 ,
280 1966 383 2004 absque
399 1964 499 1996 nostro
512 1964 560 1995 vel
574 1964 689 1996 Locum
703 1966 823 1996 tenentis
835 1964 925 1996 nostri
936 1965 1043 1996 ibidem
1058 1966 1193 1997 mandato
1206 1965 1254 1996 vel

181 2004 338 2043 Licentiai,
356 2005 495 2044 receptis,
509 2003 543 2035 δεῖ
560 2013 610 2041 per
624 2004 748 2035 eundem
763 2003 931 2035 Robertum
948 2027 958 2042 ,
982 2012 1083 2043 praeter
1102 2006 1136 2036 &
1156 2013 1256 2036 contra

178 2043 361 2080 ‚voluntatem
375 2052 409 2073 ac
416 2042 589 2073 Mandatum
602 2043 686 2081 ipsius
700 2042 850 2082 Episcopi,
867 2042 987 2075 detentis
1000 2044 1035 2075 &
1049 2043 1220 2082 concelatis,

220 2082 258 2114 In
276 2082 380 2113 ultimo
391 2081 585 2112 Parliamento
599 2081 698 2112 nostro
714 2081 800 2112 fuerit
817 2081 972 2119 allocutus,

206 2120 418 2191 u1s³raefanisque
424 2119 570 2152 Robertus
583 2118 620 2151 de
628 2119 798 2158 Praemiffis,
815 2119 867 2151 fibi
881 2120 1019 2159 objectis,
1036 2121 1159 2152 minime
1173 2121 1201 2152 se
1207 2129 1256 2153 ex-

185 2169 205 2193 c
236 2168 324 2192 averit

223 2198 280 2230 Per
298 2182 396 2237 qu³od,
414 2197 451 2228 de
463 2197 570 2228 assensu
585 2197 744 2229 Procerum
759 2197 795 2229 ὃς
817 2197 1009 2237 Magnarum,
1027 2208 1062 2229 ac
1081 2199 1202 2230 aliorum
1221 2198 1258 2230 de

186 2236 329 2269 Concilio
346 2236 465 2275 nostro,
483 2236 584 2267 Nobis
604 2236 712 2267 ibidem
734 2244 805 2267 tunc
825 2236 1025 2275 affistentium,
1045 2238 1256 2269 consideratum

185 2278 276 2308 extitit
289 2276 373 2315 quod
388 2276 519 2314 praefatus
533 2274 679 2306 Robertus
691 2276 776 2306 nobis
787 2274 824 2306 de
838 2275 962 2307 Pecunia
980 2276 1024 2307 illa
1049 2277 1148 2314 (quam
1172 2286 1258 2314 penes

185 2315 232 2353 se,
249 2324 350 2354 praeter
363 2314 512 2346 modicam
527 2313 681 2344 Summam
695 2314 775 2353 inde,
791 2324 878 2353 quam
893 2316 922 2345 in
930 2314 1067 2354 Negotiis
1079 2314 1208 2353 praediffl
1217 2315 1257 2346 E-

185 2354 298 2393 piscopi
310 2353 491 2392 expendidit,
510 2352 580 2384 ficut
587 2352 671 2391 dixit,
689 2354 802 2391 integre
816 2353 914 2384 habuit
921 2353 942 2392 ,)
964 2353 982 2372 ²*
1001 2353 1146 2385 satisfaciat
1158 2353 1258 2385 indila-

186 2394 235 2431 te,
254 2392 391 2432 quodque
412 2391 538 2422 Prisonae
559 2391 682 2429 nostrae,
698 2401 752 2429 pro
775 2391 1009 2430 Mesprisionibus
1028 2392 1081 2423 suis
1096 2392 1256 2431 praedietis,

186 2432 400 2470 committatur,
417 2430 528 2461 ibidem
542 2438 703 2462 moraturus
716 2430 863 2469 quousque
875 2441 929 2469 pro
945 2430 1160 2462 Deliberatione
1172 2431 1219 2462 sua
1227 2441 1258 2462 a-

184 2470 247 2501 liter
260 2470 423 2501 duxerimus
435 2468 641 2507 ordinandum,
658 2477 745 2507 prout
759 2471 789 2499 in
802 2469 943 2501 Recordo
963 2470 996 2501 &
1017 2470 1173 2509 Proceffu,
1191 2471 1259 2502 inde

185 2510 217 2540 in
231 2508 424 2540 Parliamento
436 2507 577 2546 praedicto
592 2508 710 2545 habitis,
748 2507 840 2539 lenius
852 2509 1030 2547 continetur,

224 2547 280 2587 Et,
297 2547 363 2586 quia
374 2546 453 2578 idem
469 2546 602 2577 Robertus
618 2547 701 2577 nobis
737 2556 753 2577 e
768 2546 893 2578 Pecunia
908 2547 954 2578 illa
966 2547 1099 2578 nondum
1112 2547 1259 2587 satisfecit,

183 2585 258 2617 Tibi
273 2587 455 2625 praecipimus
469 2584 551 2624 quod
563 2584 640 2616 did‘ca
653 2585 794 2624 Qinque
808 2585 891 2616 Milia
905 2585 1083 2617 Francorum
1105 2587 1141 2616 de
1159 2587 1257 2617 Terris

186 2626 222 2656 &
236 2624 351 2656 Catallis
364 2624 447 2663 ipfius
459 2624 601 2663 Roberti,
621 2625 650 2654 in
658 2623 762 2654 Balliva
777 2631 841 2663 tua,
860 2624 919 2655 sine
932 2624 1083 2663 dilatione,
1103 2624 1162 2656 fieri
1176 2625 1259 2656 &le-

188 2664 272 2702 vari,
289 2666 324 2696 &
344 2663 446 2695 Nobis
465 2662 532 2693 inde
550 2662 586 2694 ad
604 2662 786 2694 Scaccarium
804 2662 935 2694 nostrum
947 2687 957 2701 ,
983 2665 1052 2694 citra
1072 2663 1259 2702 Qiindenam

185 2700 302 2733 Paschae
315 2703 452 2742 proximo
465 2701 590 2732 futuram
598 2724 608 2740 ,
625 2701 671 2732 vel
684 2702 715 2731 in
728 2701 827 2732 eadem
837 2701 993 2742 Qindena
1005 2702 1040 2733 ad
1056 2703 1189 2733 ultimum
1197 2704 1260 2742 ,in-

251 2741 268 2770 ὲ
282 2739 444 2778 responderi
457 2739 539 2771 facias
550 2741 580 2770 in
594 2740 689 2771 forma
706 2739 859 2779 praedicta,

192 2813 194 2815 ,
254 2787 266 2810 t
287 2778 490 2810 nichilominus
508 2778 656 2816 praefatum
678 2778 862 2818 Robertum,
880 2779 997 2810 ubicum
1020 2789 1056 2809 ue
1076 2779 1169 2818 ipsum
1188 2779 1259 2810 infra

187 2816 325 2848 Ballivam
337 2825 416 2848 tuam
429 2817 558 2847 invenire
572 2817 694 2855 poteris,
710 2816 802 2857 Capi,
816 2818 850 2849 &
865 2827 964 2848 coram
1015 2818 1079 2848 obis
1092 2818 1125 2849 &
1149 2817 1261 2850 Conci-

187 2856 229 2887 lio
243 2855 344 2887 nostro
357 2855 435 2886 salvo
448 2856 481 2886 &
496 2855 594 2886 secure
608 2854 675 2886 duci
688 2855 789 2894 facias,
807 2855 849 2886 Ita
867 2855 948 2893 quod
963 2856 1063 2887 habeas
1078 2856 1195 2896 Corpus
1203 2858 1260 2896 ejus

188 2893 299 2926 ibidem
330 2894 367 2926 ad
382 2892 567 2934 Qindenam
580 2893 761 2933 praeditStam,
779 2894 881 2925 exinde
901 2894 1029 2925 Prisonae
1049 2894 1154 2926 nostrce
1177 2905 1261 2926 com-

189 2934 291 2964 mitten
313 2943 380 2971 um,
398 2935 428 2964 in
441 2933 541 2964 eadem
558 2941 737 2964 moraturum
756 2932 902 2971 quousque
922 2932 959 2964 de
980 2932 1104 2964 Pecunia
1127 2934 1261 2972 praedista

190 2972 292 3004 Nobis
300 2971 480 3003 SatisfaCmm
492 2971 594 3010 fuerit,
614 2971 648 3002 &
661 2971 735 3002 aliud
751 2982 806 3010 pro
814 2971 1030 3003 Deliberatione
1040 2971 1087 3004 sui
1100 2972 1262 3006 duxerimus

189 3010 402 3049 ordinandum,
420 3009 459 3042 Et
471 3010 571 3042 habeas
584 3011 625 3041 ibi
639 3019 708 3042 tunc
721 3010 781 3042 hoc
794 3010 897 3044 Breve.

223 3049 317 3081 Teste
328 3058 360 3081 ut
370 3050 464 3088 supra.

298 3207 394 3252 Super
415 3205 547 3250 Praesidio
561 3209 598 3245 ὠ·
617 3209 773 3254 Regimine
791 3207 1017 3243 Marchiarum
1035 3212 1146 3245 Scotiae.

191 3298 274 3361 LE
292 3307 381 3329 xxm.
396 3298 475 3345 J.⁰⁰
486 3308 509 3329 R
532 3298 596 3329 D'A
605 3308 656 3330 PR
665 3309 755 3347 mn,
769 3302 824 3333 l’an
836 3303 872 3334 de
886 3304 990 3343 Regne
1009 3303 1033 3334 le
1047 3308 1104 3346 Roy
1119 3303 1258 3343 Richard,

266 3338 367 3368 Second
375 3345 437 3376 puts
455 3337 480 3368 le
498 3337 628 3379 conquest
640 3362 650 3377 ,
668 3340 794 3380 Sept1fme
805 3363 816 3380 ‚
834 3351 1023 3374 AccoRDE
1042 3353 1061 3374 E
1071 3353 1083 3374 s
1094 3351 1117 3373 ’r
1134 3366 1144 3382 ,
1161 3355 1180 3373 a
1199 3346 1264 3373 Du-

192 3375 323 3445 resffi,n
333 3424 351 3445 r.
361 3423 385 3446 N
395 3423 419 3444 'r
429 3424 451 3445 R
461 3424 480 3446 E
500 3415 527 3445 le
544 3415 665 3453 puiffant
685 3414 806 3455 Prince,
825 3420 882 3457 Roy
902 3418 935 3448 de
952 3422 992 3448 Ca
1016 3417 1061 3449 ille
1073 3418 1111 3455 &0
1126 3420 1159 3450 de
1172 3422 1266 3460 Leon,

193 3452 265 3484 Duc
279 3453 316 3483 de
332 3453 501 3492 Lancastre,
519 3455 554 3485 &
578 3453 749 3486 Lieutenant
770 3455 868 3486 nostre
890 3457 973 3488 tresre
992 3467 1061 3488 oute
1083 3457 1219 3497 Seigneur
1236 3460 1264 3490 le

193 3492 262 3530 Roy
276 3502 307 3523 es
320 3491 455 3522 Marches
467 3492 607 3523 d'Escoce
641 3493 726 3525 d'une
741 3494 827 3534 Part,
842 3495 876 3526 &
890 3497 982 3526 Henri
996 3497 1028 3526 de
1043 3498 1140 3536 Percy,
1160 3496 1262 3529 Count

191 3531 229 3562 de
243 3530 465 3569 Northumbre,
482 3530 588 3562 d’autre
602 3516 687 3573 Part,

227 3606 253 3638 P
263 3617 287 3638 R
296 3617 308 3638 1
318 3615 343 3637 M
355 3617 372 3639 E
385 3617 409 3639 R
418 3616 437 3638 E
448 3615 475 3636 M
486 3616 504 3637 r.
516 3615 539 3637 N
548 3615 572 3637 ἰ’
580 3632 590 3647 ,
605 3617 664 3646 que
677 3608 704 3639 le
715 3609 756 3641 dit
771 3609 874 3642 Count
881 3610 1056 3644 Demurrera
1069 3622 1098 3643 es
1111 3612 1150 3643 les
1159 3611 1263 3644 Coun-

192 3655 250 3678 tees
262 3647 299 3677 de
305 3646 529 3683 Northumbre,
547 3645 681 3678 Cumbre
694 3658 734 3679 ou
747 3649 790 3679 sur
806 3649 843 3680 les
849 3650 1003 3690 Marches,
1021 3651 1067 3682 del
1076 3651 1261 3690 primerJour

193 3686 231 3716 de
246 3685 335 3724 May,
351 3693 456 3723 tanque
469 3684 496 3714 le
510 3685 546 3714 xi.
560 3685 596 3715 de
606 3685 682 3725 Juyn
698 3687 856 3727 prochein,
872 3699 925 3729 pur
937 3690 1006 3720 faire
1020 3690 1047 3721 le
1056 3690 1124 3720 bien
1137 3690 1184 3728 q'il
1193 3700 1260 3728 poet

192 3733 230 3753 en
245 3723 378 3755 Defence
392 3724 425 3754 δε
439 3721 657 3767 Governaunce
670 3723 719 3755 des
734 3725 886 3765 Marches,
905 3727 951 3758 del
963 3728 1039 3760 Ville
1054 3728 1092 3759 de
1103 3728 1260 3769 Berwyck,

193 3761 241 3792 del
253 3762 379 3806 Chastell
391 3762 428 3794 de
443 3761 606 3806 Cardoille,
625 3763 659 3792 &
671 3762 708 3793 de
723 3763 838 3795 Grever
853 3766 892 3795 les
903 3766 1046 3807 Enemys,
1064 3766 1189 3798 Parnant
1207 3777 1260 3806 pur

194 3799 283 3842 ledit
303 3810 412 3839 temps,
430 3799 518 3845 sibren
549 3810 591 3845 ‘ur
610 3801 661 3830 son
683 3800 829 3841 Regarde,
847 3814 934 3835 come
955 3815 1009 3844 pur
1031 3804 1196 3846 Garnysons
1208 3806 1259 3838 des

193 3837 271 3868 Ville
284 3839 318 3870 ὃς
333 3838 460 3871 Chastell
474 3839 531 3869 suis
547 3847 586 3870 itz
601 3840 635 3871 &
652 3838 697 3870 del
712 3839 838 3872 Chastell
850 3842 887 3873 de
904 3843 1086 3883 Roxburgh,
1105 3844 1131 3874 la
1138 3844 1260 3876 Somme

195 3877 364 3944 esame
385 3877 605 3948 M1¹¹e⁵st1M
617 3877 1046 3952 ifrst÷1is2nr>sasan
1063 3882 1215 3928 &adse
1234 3884 1261 3914 ¹e

194 3953 232 4022 {Z
244 3925 488 4029 Qffeffirgrgagrgjl
501 3927 663 3995 serrgssaiez
675 3928 923 3989 ffiffoefehasten
933 3959 978 3990 sur
984 3919 1263 4000 Tydex'uiegvnifflr.

235 4028 281 4074 I'rj
290 4039 308 4060 E
317 4038 346 4060 M
357 4053 367 4069 ,
386 4031 412 4061 le
425 4031 466 4062 dit
478 4031 580 4065 Count
594 4043 677 4064 avera
691 4033 813 4065 Pouaire
827 4034 982 4075 sufficiant,
998 4047 1047 4075 par
1055 4037 1174 4070 Patente
1182 4062 1191 4077 ,
1210 4049 1264 4078 pur

195 4068 324 4102 Arraiere
345 4068 384 4101 ies
405 4068 507 4104 Gentz.
525 4072 574 4105 des
595 4071 732 4107 Countez
753 4072 790 4106 de
812 4073 1020 4109 Northumbre
1033 4099 1044 4115 ‚
1062 4075 1212 4117 Cumbre,
1229 4079 1264 4111 &

1280 157 1313 200 P
1353 157 1394 201 U
1436 159 1470 202 Β
1509 155 1542 201 1,
1580 155 1599 201 l
1637 157 1676 203 ‘C
1704 164 1754 205 A.
2272 176 2353 229 163

1283 244 1328 275 W
1330 245 1530 285 estmerlande,
1548 247 1582 278 &
1597 246 1634 278 de
1646 248 1686 279 les
1699 249 1856 287 compellet
1869 254 1884 283 a
1898 255 1979 285 venir
1990 255 2183 289 &chivacher
2190 267 2227 288 en
2235 258 2345 291 Defens
2367 252 2445 295 A'nn·⁴
2460 261 2501 297 Di

1281 285 1316 315 &
1330 283 1474 314 Salvation
1489 285 1537 315 des
1552 284 1702 325 Marches,
1722 295 1807 325 quant
1823 288 1927 321 Mestir
1943 292 1992 323 est.
2397 306 2481 343 1384,

1318 320 1446 365 Ire-M,
1464 323 1501 353 de
1516 324 1637 361 prendre
1651 325 1779 364 Trieux,
1797 325 1863 358 d’un
1877 332 1950 360 mois
1967 342 2006 363 ou
2020 332 2123 373 Deux,
2141 335 2197 366 oue'
2213 335 2252 366 les
2266 335 2343 368 Ene-
2366 344 2419 371 ωε.
2441 353 2467 371 2.

1281 369 1359 399 mys,
1379 364 1399 390 il
1416 360 1478 402 Luy
1493 361 1598 394 semble
1611 363 1769 402 profitable-

1322 398 1394 429 ITE
1404 408 1449 436 M,
1468 399 1517 437 q'il
1530 410 1598 444 poet
1614 410 1717 433 mettre
1731 402 1832 434 Gentz
1845 414 1882 434 en
1898 404 1936 436 les
1952 406 2087 440 Chastelx
2105 411 2140 442 de
2155 409 2291 444 Norbam
2309 415 2345 445 δε

1279 437 1375 482 Werk
1387 437 1486 468 solone
1502 438 1527 468 sa
1541 439 1708 478 discretion3
1729 441 1823 472 savant
1839 442 1864 473 la
1877 443 2024 484 Dungeon
2042 449 2066 477 al
2079 449 2293 483 Governaunce
2300 452 2347 484 del

1282 476 1319 507 Se
1350 486 1404 506 nur
1417 486 1456 507 ou
1470 476 1507 507 de
1521 475 1704 509 Conestable.

1340 523 1429 545 TEM
1445 538 1455 552 ,
1482 525 1538 553 que
1551 515 1589 545 les
1609 516 1791 560 Fraunchises
1810 519 1846 550 de
1866 520 2018 553 Lancastre
2039 525 2072 555 ὃς
2096 526 2235 559 Duresme
2256 529 2348 562 soient

1280 553 1417 598 chargez,
1436 563 1484 591 par
1500 554 1562 584 lour
1569 554 1724 599 Seigneur,
1744 556 1963 601 d'assembler&
1979 562 2015 592 de
2030 565 2111 594 venir
2124 575 2180 597 oue
2194 569 2346 600 toutelour

1281 591 1416 628 Povaire,
1436 602 1472 623 en
1487 590 1545 623 Cas
1558 593 1619 637 q‘ils
1632 593 1721 624 s01ent
1733 596 1875 635 certifiez,
1894 609 1941 636 par
1955 600 1981 630 le
2003 600 2044 632 dit
2065 602 2184 642 Count,
2202 608 2250 642 qui
2271 607 2346 647 Sege

1280 641 1329 668 par
1344 630 1382 661 les
1397 631 1522 671 Enemys
1536 631 1588 662 soit
1604 641 1665 671 mys
1680 643 1695 662 a
1708 633 1791 664 ascun
1809 634 1932 667 Chastell
1946 639 1983 668 du
2003 640 2147 677 Ligeance
2168 644 2266 674 nostre
2284 645 2347 676 Sei-

1280 669 1416 747 ginguglle
1438 669 1523 710 Roy,
1541 680 1581 701 ou
1601 672 1651 709 qui
1668 671 1764 702 Roiall
1786 673 1898 706 Povare
1911 676 1959 706 des
1973 677 2097 719 Enemys
2112 690 2194 712 entre
2210 683 2346 715 Roialme

1338 718 1356 737 n
1386 718 1402 738 e
1415 718 1484 738 erre.

1319 745 1334 776 I
1343 755 1365 775 τ
1376 756 1394 776 E
1405 754 1432 792 Μ
1442 771 1451 783 ,
1470 748 1519 791 qui
1534 746 1731 788 l'Arcevefiue
1743 750 1933 792 d'Everwyk,
1952 753 1989 784 les
2004 755 2141 796 Evesquer
2162 759 2194 788 de
2215 759 2347 799 Durefine

1280 784 1315 815 &
1329 784 1454 814 Cardozll
1456 823 1461 829 .
1467 785 1556 816 s01ent
1568 787 1817 831 sembleablement
1826 789 1960 830 Chargez
1971 792 2145 827 d’ass'embler
2153 798 2188 829 &
2201 800 2282 830 venir
2289 809 2348 831 oue

1281 822 1345 853 lour
1360 822 1480 861 Clergie
1493 825 1527 855 &
1541 823 1670 857 Povaire.

1318 860 1364 892 Ιτ
1375 869 1430 892 ΕΜ
1445 885 1455 901 ,
1480 872 1536 901 que
1557 863 1707 896 Monfieur
1726 865 1840 897 Thomas
1859 868 1891 897 de
1910 871 1992 909 Percy
2012 871 2064 902 soit
2082 871 2237 905 Reiidaunt
2255 886 2292 906 en
2309 876 2350 907 les

1282 899 1418 945 Marches
1427 924 1445 944 „
1455 911 1492 931 en
1508 901 1711 946 Afforcement
1725 904 1761 935 de
1775 905 1825 935 son
1843 906 1955 946 Friere,
1972 910 2070 945 durant
2083 911 2121 941 les
2135 912 2185 951 Sys
2197 914 2350 953 Semaigns

1282 938 1408 983 Susditz,
1428 942 1451 984 11¹
1464 949 1503 970 un
1510 939 1630 985 Seignur
1642 942 1766 975 d'Estate
1778 954 1814 974 ne
1828 944 1880 976 soit
1894 949 2031 987 envoiez,
2050 949 2077 979 el
2089 959 2173 982 meen
2187 959 2279 991 temps
2314 963 2352 985 en

1284 977 1356 1008 Eide
1371 978 1410 1009 du
1424 979 1465 1010 dit
1483 978 1602 1018 Count,
2286 976 2296 991 ³

1320 1016 1366 1047 IT
1375 1027 1393 1048 E
1403 1025 1430 1047 Μ
1440 1041 1449 1056 ,
1465 1017 1484 1048 si
1503 1017 1638 1050 Accorde
1652 1029 1689 1050 ne
1701 1020 1728 1051 se
1742 1022 1861 1060 preigne
1874 1032 2001 1060 parentre
2016 1026 2043 1056 16
2058 1026 2176 1058 Conseil
2187 1029 2284 1060 nostre
2290 1031 2352 1062 Sein⁴

1284 1065 1354 1087 neur
1367 1056 1394 1087 le
1409 1056 1468 1088 R01
1482 1057 1515 1088 &
1530 1067 1603 1088 ceux
1618 1059 1667 1102 qui
1682 1060 1845 1091 vendrount
1859 1062 1895 1092 de
1910 1073 1958 1100 par
1973 1064 2000 1094 le
2013 1064 2054 1096 dit
2071 1064 2191 1105 Count,
2210 1067 2313 1100 devant
2322 1071 2350 1101 le

1283 1095 1349 1134 fyne
1362 1095 1401 1126 du
1420 1094 1472 1126 Ma
1506 1097 1664 1140 prochem,
1683 1107 1736 1135 pur
1748 1100 1773 1130 la
1783 1099 1914 1131 Gardure
1929 1101 1984 1132 l’un
2002 1102 2124 1134 Marche
2138 1115 2178 1135 ou
2197 1105 2242 1136 del
2256 1116 2334 1138 autre

1285 1134 1633 1203 ξῐιὲέῑυῗὲῗὼξὲξιὲιοηε
1648 1136 1748 1167 susditz
1763 1140 1801 1168 ne
1814 1138 1854 1169 lui
1867 1139 1959 1171 soient
1975 1141 2103 1182 Tenuz,
2120 1143 2169 1182 q'il
2189 1144 2241 1175 soit
2260 1131 2354 1184 quite3

1322 1211 1368 1241 ΙΤ
1379 1219 1453 1250 ΕΜ,
1473 1198 1530 1249 ηυξ
1544 1212 1582 1254 les
1596 1213 1635 1243 vi.
1651 1214 1677 1243 d.
1694 1212 1732 1245 du
1747 1214 1853 1259 Liyre,
1871 1216 1905 1246 &
1924 1217 1951 1246 ii.
1961 1215 1992 1256 s?
2009 1218 2055 1249 del
2073 1218 2197 1258 Tonell,
2217 1222 2354 1261 grauntez

1286 1260 1338 1288 pur
1350 1250 1375 1280 la
1389 1249 1461 1281 Sauf
1471 1250 1569 1281 Garde
1583 1250 1620 1281 de
1629 1252 1729 1290 Mete,
1748 1253 1836 1284 sibien
1852 1264 1888 1285 en
1897 1255 2003 1287 Lound
2009 1267 2064 1296 res,
2083 1268 2169 1289 come
2180 1261 2291 1292 aillours
2316 1271 2353 1292 en

1284 1288 1468 1320 l’Admeralte
1484 1289 1522 1320 du
1535 1289 1672 1329 Northe,
1690 1291 1778 1323 soient
1792 1292 1967 1332 Despenduz
1982 1296 2025 1325 sur
2040 1296 2065 1327 le
2080 1296 2199 1329 Northe
2214 1285 2352 1331 Mere³en

1285 1326 1460 1359 Grevaunce
1471 1328 1507 1358 de
1519 1337 1578 1358 noz
1593 1327 1715 1368 Enemys
1728 1331 1761 1360 &
1778 1330 1911 1362 Defence
1927 1332 1965 1363 du
1982 1333 2124 1366 Roialme.

1322 1365 1337 1396 Ι
1346 1366 1370 1396 τ’
1379 1375 1396 1396 Ε
1405 1375 1431 1396 M
1440 1390 1449 1411 ,
1466 1377 1521 1405 que
1533 1366 1622 1399 cestes
1631 1367 1809 1400 Endentures
1826 1370 1918 1403 soient
1930 1371 2037 1403 ratifiez
2051 1384 2100 1413 par
2114 1375 2140 1405 le
2148 1374 2221 1407 Seall
2233 1375 2273 1407 du
2280 1376 2354 1417 ῙὶογΔ

1287 1403 1383 1435 nostre
1406 1405 1549 1444 Seigneur.

1323 1481 1370 1512 En
1387 1481 1622 1520 Tesmoignance
1641 1483 1688 1514 del
1709 1487 1803 1523 queux
1823 1486 1933 1518 Choses
1946 1487 1984 1518 les
2000 1488 2104 1520 Parties
2119 1490 2240 1523 suisdites
2258 1496 2356 1525 entre-⁴

1285 1520 1559 1590 filliiffilrgg'eablement
1576 1530 1630 1553 ont
1647 1532 1709 1562 mys
1727 1523 1791 1555 lour
1809 1524 1889 1556 Sealx
1901 1549 1912 1564 ,
1938 1526 1976 1556 les
1990 1526 2064 1565 Jour
2078 1550 2089 1566 ,
2115 1529 2189 1560 Lieu
2203 1552 2213 1568 ,
2231 1533 2265 1563 &
2283 1532 2354 1563 l'An

1483 1683 1511 1709 ᾖ
1538 1687 1588 1719 De
1603 1686 1676 1721 Voto
1690 1686 1782 1721 eundi
1797 1687 1842 1721 ad
1856 1691 1988 1723 Terram
2004 1691 2159 1726 Sanffam.

2377 1711 2398 1734 ⁸*
2409 1715 2479 1743 VII:

1291 1770 1560 1840 RElffietrixt‘iiverfis
1579 1771 1613 1803 δε
1631 1771 1759 1812 singulis,
1777 1772 1956 1813 Admirallis,
1973 1776 2035 1808 &c.
2053 1776 2087 1807 ad
2105 1787 2197 1817 quos,
2214 1778 2276 1811 &c.
2302 1777 2353 1810 Sa·
2376 1754 2512 1823 &gh-123

1324 1846 1543 1880 Considerantes
1556 1848 1707 1880 Grandem
1723 1849 1940 1890 Devotionem,
1958 1861 2063 1892 quam,
2082 1854 2199 1886 dilectus
2214 1856 2249 1887 ὃς
2269 1856 2357 1888 fidelis
2380 1830 2490 1897 ‘41384-

1289 1885 1402 1933 noster,
1420 1886 1536 1917 Thomas
1550 1888 1658 1918 deRoos
1672 1888 1710 1920 de
1722 1888 1865 1921 Hamelak
1878 1891 1961 1921 habet
1975 1892 2010 1922 ad
2023 1892 2261 1930 proficiscendum
2276 1905 2356 1933 pere-
2382 1912 2410 1935 R.
2435 1879 2478 1935 λ’

1290 1934 1344 1963 gre
1363 1926 1455 1957 versus
1470 1926 1636 1965 Jerusalem,

1293 1963 1426 2033 baQam
1439 1965 1557 2004 quidem
1565 1964 1844 2006 Peregrinationem,
1863 1978 1879 1998 a
1891 1967 1941 1999 diu
1954 1968 2011 2007 est,

1330 2011 1378 2072 ἰᾸς
1385 2041 1529 2082 Magnum
1537 2042 1713 2075 Remorsum
1721 2044 1933 2085 Conscientiae,
1948 2056 2038 2085 quem
2051 2047 2119 2080 inde
2132 2048 2237 2089 habet,
2254 2060 2362 2089 quous·
2382 2033 2411 2059 4'

1293 2089 1349 2119 que
1362 2079 1475 2112 Votum
1492 2082 1573 2113 suurn
1587 2082 1757 2121 praedictum
1775 2085 1939 2123 perfecerit,

1330 2119 1379 2150 De
1394 2119 1492 2151 Gratia
1509 2120 1604 2151 nostra
1618 2121 1745 2166 speciali,
1763 2124 1798 2155 &
1814 2124 1849 2153 ad
1864 2123 2015 2155 instantem
2023 2124 2267 2164 Supplicationem
2280 2127 2364 2166 ipsius

1292 2157 1440 2196 Thomae,
1455 2158 1659 2191 Conceffimus
1670 2170 1696 2191 ei
1710 2162 1791 2199 quod
1803 2163 1876 2200 ipse,
1894 2163 1986 2193 versus
1998 2173 2089 2203 partes
2096 2165 2260 2204 praedietas‚
2280 2175 2360 2204 pere-

1294 2198 1347 2234 gre
1359 2195 1500 2234 proficisci
1513 2197 1614 2236 poffit,
1631 2199 1734 2238 absque
1745 2199 1960 2242 Impedimento
1975 2202 2064 2234 nostri
2080 2204 2126 2236 vel
2134 2203 2297 2236 Haeredurn
2304 2215 2360 2243 no-¹

1296 2236 1429 2280 strorum¹
1439 2243 1699 2276 quorumcumque.
2212 2251 2216 2255 ⁴

1334 2274 1369 2305 In
1384 2285 1478 2314 cujus,
1496 2276 1557 2306 &c.

1369 2313 1460 2345 Teste
1475 2313 1558 2355 Rege
1571 2314 1645 2354 apud
1658 2316 1825 2357 clar-malon,
1845 2317 1958 2358 Qarto
1971 2317 2017 2349 die
2034 2317 2116 2350 Maii.

2033 1971 2039 1976 ·
2378 1948 2467 1974 Franc.
2489 1950 2516 1982 7¹ss

2029 1969 2109 2001 idem
2118 1971 2253 2003 Thomas
2265 1981 2358 2005 vove·
2381 1989 2410 2012 R.
2421 1995 2446 2014 2,
2457 1993 2494 2014 m,

1882 2397 1937 2425 Per
1952 2397 2081 2425 Literam
2096 2396 2128 2425 de
2142 2382 2261 2434 signetoi

1409 2527 1458 2558 De
1478 2523 1698 2558 Pardonatione
1707 2527 1800 2572 fhper
1821 2525 2068 2573 Mespristonibus
2081 2528 2250 2563 antedistis.

1297 2608 1413 2668 REX
1429 2609 1576 2640 Omnibus
1595 2608 1707 2642 Ballivis
1728 2610 1763 2641 &
1783 2610 1808 2641 F
1809 2611 1926 2643 idelibus
1944 2611 2014 2651 suis,
2031 2612 2066 2643 ad
2081 2623 2170 2653 quOS,
2187 2614 2248 2646 &c.
2287 2613 2366 2646 Salu-
2387 2620 2464 2658 Am,-
2477 2625 2520 2658 DJ

1369 2658 1439 2693 Pem·
1496 2688 1503 2695 i
2406 2666 2493 2706 1384.

1334 2686 1434 2718 Sciatis
1452 2685 1550 2724 quod,
2387 2708 2429 2733 An

1311 2764 1316 2769 ι
1333 2724 1431 2764 Cum,
1445 2725 1485 2769 'ad
1498 2725 1657 2755 instantiam
1674 2724 1899 2758 Communitatis
1913 2727 2010 2767 Regni
2024 2728 2114 2759 nostri
2131 2728 2260 2769 Angliae,
2279 2732 2309 2760 in
2325 2731 2367 2761 ul-
2386 2749 2416 2771 R.
2436 2715 2483 2770 '27‘

1296 2771 1370 2794 timo
1378 2764 1568 2795 Parliamento
1582 2763 1700 2803 nostr0,
1715 2765 1788 2803 apud
1796 2765 2088 2798 Westmonasterium
2103 2777 2200 2806 tento,
2218 2770 2364 2807 objectum
2386 2786 2435 2809 p„
2456 2791 2470 2817 7

1295 2802 1390 2833 fuisset
1409 2811 1509 2834 contra
1531 2801 1709 2832 Willielmum
1730 2803 1860 2833 Elmham
1883 2805 2026 2843 Militem,
2046 2807 2126 2844 quod
2148 2807 2220 2844 ipse,
2239 2807 2309 2838 dum
2333 2809 2360 2837 in
2385 2804 2413 2848 R!
2426 2805 2444 2847 2'
2476 2804 2507 2848 '2

1295 2842 1419 2880 partibus
1432 2841 1654 2879 Transmarinis,
1672 2842 1701 2872 in
1716 2841 1871 2873 Excercitu
1887 2842 2005 2882 nostro,
2025 2854 2111 2883 cum,
2131 2844 2295 2876 Venerabili
2311 2845 2364 2876 Pa·
2387 2868 2413 2887 m
2439 2827 2483 2884 ,p
2514 2836 2521 2850 ⁹

1297 2888 1340 2910 tre
1353 2903 1364 2918 ‚
1383 2883 1502 2911 Hernico
1524 2879 1649 2919 Episcopo
1667 2882 1796 2910 Norwici
1809 2903 1819 2918 ,
1838 2881 1872 2911 ad
1894 2880 1985 2912 Vadia
2006 2882 2101 2913 nostra
2117 2907 2126 2919 ,
2145 2891 2234 2920 nuper
2256 2886 2366 2924 extitit,
2418 2880 2423 2887 ”

1298 2918 1385 2959 Mille
1397 2920 1430 2951 &
1448 2918 1678 2958 Qadringentos
1692 2917 1817 2949 Francos
1833 2918 1904 2950 Auri
1917 2918 1954 2949 de
1968 2919 2096 2952 Inimicis
2108 2922 2212 2952 nostris
2226 2921 2365 2963 Franciae,

1296 2957 1395 2988 colore
1407 2955 1596 2997 quorumdam
1609 2955 1815 2995 TraCtatuum,

1333 2995 1412 3027 Cum
1432 2994 1559 3027 Inimicis
1578 2994 1681 3025 nostris
1698 2996 1838 3034 praedictis
1854 3019 1865 3035 ,
1889 3002 1940 3034 per
1959 2994 2067 3036 ipsum,
2087 2998 2120 3030 &
2141 2999 2277 3038 quosdam
2295 3000 2366 3033 alios

1295 3035 1404 3075 Ligeos
1419 3033 1547 3073 nostrOS,
1565 3032 1601 3064 de
1617 3032 1764 3066 Comitiva
1776 3035 1838 3073 sua,
1855 3034 1960 3073 absque
1974 3036 2103 3068 Licentia
2118 3037 2365 3070 &Mandatono-

1295 3073 1376 3112 stris,
1393 3074 1438 3106 vel
1457 3074 1574 3104 Locum
1594 3071 1725 3103 nostrum
1746 3074 1868 3104 tenentis
1884 3073 2008 3114 ibidem,
2022 3077 2133 3107 temere
2152 3078 2310 3116 initorum,
2328 3080 2363 3111 &

1295 3112 1475 3144 Austoritate
1489 3110 1602 3150 proprii
1616 3108 1794 3143 firmatorum
1803 3136 1812 3151 ,
1850 3146 1852 3149 7

1336 3151 1383 3183 Ac
1396 3152 1451 3182 alio
1466 3150 1558 3181 modo
1572 3149 1671 3180 illicito
1685 3151 1719 3182 ἃ
1733 3150 1886 3182 inhonesto
1901 3150 2000 3184 habuit
2012 3153 2046 3184 &
2060 3155 2180 3193 recepit,

1336 3190 1485 3230 Quodque
1498 3189 1554 3227 ipse
1566 3188 1629 3218 alias
1645 3187 1860 3228 Mesprisiones,
1879 3200 1945 3228 quae
1959 3192 1987 3221 in
2002 3190 2240 3223 Destructionem
2257 3194 2291 3224 δὲ
2305 3193 2362 3225 Di-

1297 3230 1467 3269 speriionem
1484 3224 1658 3271 Excercitfis·
1665 3227 1754 3258 nostri
1770 3228 1901 3267 praedicti
1915 3229 2039 3268 expresse
2047 3230 2202 3262 redundare
2208 3232 2362 3264 dinoscun-

1297 3277 1359 3306 tur,
1378 3268 1446 3299 fecit
1458 3268 1491 3298 ὅ(
1508 3274 1672 3304 procuravit
1678 3289 1689 3305 ,

1335 3306 1472 3338 Praefatus
1487 3304 1663 3335 Willielmus
1677 3313 1767 3337 certas
1780 3304 2004 3347 Responfiones,
2021 3307 2049 3337 in
2066 3307 2285 3340 Excusationern
2304 3310 2363 3348 sui,

1296 3345 1334 3376 de
1352 3343 1521 3382 Praemiffis,
1540 3343 1648 3373 ibidem
1663 3352 1733 3375 tunc
1747 3345 1842 3383 dedit,
1861 3347 1889 3375 in
1904 3347 2046 3382 praesentia
2060 3346 2170 3384 nostra,
2187 3357 2253 3385 quae
2266 3349 2363 3379 minus

1297 3384 1465 3416 sufficientes
1480 3383 1513 3414 &
1525 3383 1652 3412 omnino
1668 3383 1797 3414 invalidae
1813 3385 1842 3413 in
1859 3384 1940 3415 dieto
1954 3383 2141 3416 Parliamento
2159 3385 2259 3416 nostro
2279 3397 2363 3426 repu-

1299 3432 1364 3455 tatae
1380 3424 1493 3454 fuerunt
1508 3422 1541 3452 &
1555 3420 1735 3460 adjudicatae,

1337 3461 1393 3493 Per
1410 3459 1505 3500 quod,
1520 3459 1556 3489 de
1570 3459 1674 3491 assensu
1691 3459 1862 3500 Magnatum
1873 3460 1906 3491 &
1922 3460 2081 3491 Procerum
2096 3461 2191 3501 Regni
2205 3462 2308 3500 nostri,
2328 3474 2363 3495 ac

1295 3501 1416 3532 aliorum
1431 3501 1466 3530 de
1480 3496 1619 3529 Concilio
1631 3498 1749 3538 nostro,
1767 3501 1795 3528 in
1810 3498 2000 3530 Parliamento
2015 3500 2155 3537 praedieto
2165 3526 2174 3538 ,
2193 3503 2277 3532 nobis
2298 3503 2362 3533 affi-

1298 3539 1432 3570 stentium
1447 3563 1457 3576 ,
1480 3537 1689 3568 consideratum
1708 3539 1798 3569 extitit
1817 3538 1899 3574 quod
1920 3538 2070 3575 praedictus
2089 3539 2262 3570 willielmus
2279 3541 2364 3572 nobis

1295 3578 1332 3609 de
1346 3578 1469 3609 Pecunia
1481 3576 1633 3614 praedidta,
1651 3585 1786 3615 tanquam
1801 3577 1835 3606 ad
1842 3576 1912 3618 Nos
1927 3576 1963 3607 de
1973 3577 2036 3615 jure
2050 3579 2226 3617 pertinente,
2245 3581 2285 3609 int
2292 3582 2363 3618 egre

1298 3617 1461 3649 satisfaceret
1478 3616 1511 3646 &
1530 3614 1662 3653 indilate,

1334 3655 1482 3694 Qodque
1496 3652 1623 3684 Prisonae
1637 3653 1742 3684 nostrae
1756 3663 1809 3691 pro
1825 3650 2048 3690 Misprisxonibus
2063 3654 2114 3685 suis
2129 3656 2268 3693 praedietis
2276 3665 2361 3688 com-

1294 3696 1466 3730 mitteretur,
1485 3692 1519 3722 &
1533 3691 1601 3722 inde
1610 3693 1790 3722 redimeretur
1804 3691 1837 3721 ad
1847 3691 2032 3723 Voluntatem
2046 3693 2172 3723 nostram
2182 3717 2192 3732 ,
2210 3692 2308 3727 habito
2317 3705 2361 3727 re-

1294 3733 1389 3772 spectu
1405 3732 1438 3762 ad
1489 3730 1631 3761 ualitatem
1646 3730 1774 3769 Delicti,
1792 3738 1876 3768 prout
1893 3731 1920 3760 in
1935 3730 2075 3762 Recordo
2088 3733 2120 3763 &
2131 3732 2360 3773 Proceffu,inde

1295 3773 1326 3802 in
1341 3772 1421 3803 (116ὶο
1438 3770 1490 3801 Par
1502 3771 1628 3799 iamento
1642 3769 1759 3808 habitis,
1776 3770 1886 3809 plenius
1900 3771 2082 3808 continetur,

1333 3810 1402 3841 Nos
1411 3834 1420 3848 ,
1438 3808 1473 3838 de
1496 3806 1597 3838 Gratia
1620 3807 1715 3838 nostrii
1730 3808 1745 3838 s
1760 3809 1836 3839 eciali
1845 3831 1855 3846 ,
1871 3806 1894 3837 P
1904 3818 1922 3838 A
1934 3816 1956 3839 R
1968 3818 1988 3838 D
1997 3812 2017 3838 ό
2030 3817 2052 3838 N
2064 3819 2080 3839 A
2092 3819 2111 3838 ν
2122 3818 2133 3838 1
2143 3818 2169 3840 M
2178 3817 2201 3840 υ
2211 3820 2224 3842 s
2239 3811 2362 3851 praefato

1297 3849 1443 3880 IVillielmo
1463 3846 1660 3884 Mesprisiones
1673 3857 1731 3884 prae
1752 3847 1835 3884 ictas,
1854 3856 1887 3876 ac
1903 3846 2079 3885 Captionem
2094 3847 2236 3887 Corporis
2251 3851 2306 3889 sui,
2325 3853 2359 3883 &

1295 3887 1579 3926 Impriibnamentum
1588 3884 1757 3923 praeditstum
1765 3910 1775 3924 ,
1793 3894 1910 3916 necnon
1919 3885 2163 3924 Redemptionem
2172 3898 2237 3926 quae
2245 3889 2278 3919 ad
2289 3890 2360 3920 Nos

1296 3928 1332 3958 ab
1346 3926 1405 3965 ipso
1421 3925 1538 3963 pertinet
1553 3932 1587 3954 ex
1600 3923 1686 3954 causis
1701 3924 1875 3962 supradietis·
1897 3925 1933 3954 ita
1946 3925 2054 3962 semper
2069 3925 2148 3963 quod
2157 3926 2281 3958 dedistis
2290 3928 2362 3958 Mil-

1295 3965 1323 3996 le
1338 3967 1372 3997 ὃς
1389 3962 1614 4002 Qiadringentis
1628 3962 1741 3994 Francis
1758 3963 1829 3993 Auri
1843 3948 1942 3992 N⁷obis
1958 3963 2122 4000 respondeat
2136 3964 2169 3995 ad
2178 3966 2361 3997 Scaccarium

1297 4003 1447 4041 nostrum,
1464 4001 1498 4031 ad
1505 4001 1661 4032 Terminos
1676 4003 1747 4032 inter
1757 4000 1923 4031 Concilium
1938 4001 2068 4032 nostrum
2080 4003 2113 4033 &
2127 4005 2275 4041 praefatum
2283 4005 2362 4035 Wil-

1298 4043 1428 4075 lielmum
1443 4040 1651 4078 concordatus,
1668 4040 1771 4079 absque
1784 4039 1896 4070 defeetu
1913 4050 2115 4080 quocumque,

1335 4079 1456 4114 Proviso
1470 4078 1579 4118 semper
1592 4078 1675 4118 quod
1690 4078 1819 4148 praesen}
1826 4077 1998 4111 Pardonatio
2011 4079 2108 4112 nostra
2120 4080 2155 4113 ad
2165 4081 2363 4115 diritamSum-

1842 4125 1857 4155 3
2292 4126 2370 4151 mam
