2561 4251
0 4223 7 4251 ⁷-

795 218 905 260 ET
989 218 1248 261 ACTA

22 301 100 334 Ann.
113 301 154 332 D.
175 299 366 345 Barliamento
387 301 585 341 existentium,
609 312 643 334 eir
666 303 832 342 quibusdam
851 303 950 335 Caufis
967 305 1190 343 rationabilibus,
1208 305 1238 334 in

46 340 128 380 1398.
174 339 255 370 dicto
276 340 586 384 Parliamentoqnostro
606 342 764 381 declaratis,
780 343 909 381 quaedam
931 343 1047 373 Litterae
1062 344 1167 375 nostrae
1182 344 1237 374 Pa-

25 382 78 410 Ric.
96 390 122 408 2.
171 386 259 408 tentes
275 378 310 407 de
327 378 552 419 Pardonatione‚

212 417 328 459 Ricardo
348 421 445 447 Comiti
468 418 649 457 Arundellae,
673 419 709 450 de
727 419 840 450 diversis
863 419 1090 458 Proditionibus,
1116 421 1238 452 Insurre-

175 455 336 523 {itionibu}
346 457 387 524 ἐς
403 456 425 485 F
427 456 542 495 eloniis,
559 467 592 488 ac
605 458 663 488 aliis
676 458 853 496 Malefacstis,
871 459 901 488 in
915 458 1019 489 eudem
1033 459 1136 490 Literis
1149 460 1238 497 speci-

200 502 268 523 catis
279 516 288 530 ,
329 504 343 525 a
375 504 418 531 ae,

214 531 374 600 §evocatae
388 533 422 564 δε
437 532 598 565 Annullatae
610 533 741 572 fuissent,

250 581 282 600 os

215 594 322 640 Liter'as
340 609 414 649 suas,
436 611 465 640 in
487 609 662 640 Cancellaria
686 608 798 648 nostri,
822 619 856 640 ex
877 611 958 642 causa
977 611 1130 652 praediCia,
1154 619 1238 652 prout

174 647 281 686 justum
296 648 398 686 fuerit,
416 648 562 678 cancellari
576 649 609 679 ὃς
624 649 768 686 dampnari
781 649 921 688 volentes,

216 685 307 717 Vobis
326 686 529 725 Praecipimus,
547 686 665 717 firmiter
679 687 873 726 injungentes,
893 688 973 726 quod
988 689 1018 719 in
1031 689 1142 727 singulis
1155 689 1242 727 locis,

179 725 249 756 infra
265 725 397 756 Ballivam
410 723 549 763 vestram,
569 726 619 755 ubi
634 726 733 756 melius
747 726 879 765 expedire
893 727 1032 765 videritis,
1048 737 1084 758 ex
1098 736 1175 767 parte
1189 738 1242 758 no-

180 763 236 794 stra
249 764 362 802 publice
376 762 543 802 proclamari
555 764 676 802 faciatis,

221 802 313 840 Qiod
327 824 336 839 ,
356 801 376 831 fi
398 802 459 839 quis
482 802 602 832 Litteras
615 802 763 842 praedfflkas
783 802 832 833 sub
845 801 987 834 Custodia
1000 803 1046 835 sua
1060 804 1177 843 habeat,
1195 811 1242 835 aut

183 841 234 872 ubi
255 841 300 870 vel
321 840 348 869 in
372 850 496 878 quorum
509 840 553 870 seu
567 842 644 879 cujus
657 842 788 871 manibus
802 841 906 871 fuerint
920 841 1016 872 dicere
1030 843 1114 881 sciat,
1131 843 1241 873 easdem

184 879 304 909 Litteras
319 878 433 916 Nobis,
447 880 477 908 in
490 881 602 918 propria
616 879 738 910 Person&
751 879 845 909 nostra
854 902 863 917 ,
880 881 949 909 citra
960 880 1038 910 diem
1052 881 1241 912 Dominicam

181 918 212 947 iri
232 917 329 947 medio
350 917 577 956 Qadragefimae
593 920 727 956 proximo
747 918 842 948 futuro
854 939 865 954 ‚
888 919 1063 957 ubicumque
1082 919 1155 949 infra
1179 920 1241 950 Re-

47 954 156 982 *v11L
179 966 270 995 gnum
292 955 420 986 nostrum
445 956 594 993 fuerimus,
612 956 662 987 sub
681 955 867 986 Forisfaastura
880 956 899 976 *ἓ
913 958 1046 987 omnium
1063 967 1127 995 quae
1142 957 1241 988 Nobis

33 1003 46 1032 3
51 1002 78 1030 5·
181 995 340 1025 forisfacere
358 995 476 1032 poterit,
493 993 615 1033 deferat,
632 1003 677 1026 aut
699 994 767 1024 Nos
787 995 836 1025 ubi
859 994 903 1024 vel
919 996 946 1024 in
966 998 1044 1034 cujus
1058 996 1103 1026 seu
1117 1006 1240 1034 quorum

182 1034 312 1064 manibus
324 1032 460 1070 existunt,
476 1033 543 1062 citra
554 1033 631 1063 diem
647 1033 831 1072 praedietum,
849 1032 1001 1073 certificet,

217 1071 256 1104 Et
269 1071 337 1101 Nos
352 1071 388 1100 de
402 1070 630 1102 Proclamatione
644 1071 821 1110 hujusmodi,
832 1071 902 1102 curn
916 1071 988 1103 faeta
1003 1072 1102 1110 fuerit,
1115 1073 1145 1102 in
1159 1071 1239 1102 Can-

181 1109 288 1143 cellaria
299 1109 409 1147 nostra,
427 1109 476 1139 sub
490 1109 590 1148 Sigillis
604 1110 716 1149 vestris,
732 1110 873 1141 dietinete
888 1111 922 1141 &
934 1113 1044 1149 aperte,
1060 1111 1117 1141 sine
1132 1110 1242 1141 dilatio-

181 1161 219 1181 ne
233 1147 349 1179 reddatis
360 1148 508 1185 certiores,
527 1149 718 1180 Remittentes
731 1149 813 1179 nobis
824 1149 882 1179 hoc
897 1148 985 1180 Breve
1000 1159 1007 1178 :

220 1186 258 1217 Et
271 1187 330 1217 hoc
343 1186 395 1217 sub
407 1186 430 1216 F
431 1186 593 1218 orisfatstura
607 1188 747 1218 antedidffi
761 1187 915 1217 nullatenus
929 1188 1075 1218 omittatis.

218 1224 309 1257 Teste
322 1225 404 1265 Rege
417 1225 490 1265 apud
504 1225 592 1264 salop.
604 1226 681 1258 sexto
696 1227 743 1257 die
758 1226 909 1256 Februarii.

819 1305 874 1333 Per
886 1301 969 1342 ipfiaem
982 1305 1087 1341 Regem.

222 1378 373 1419 Confimilia
384 1382 493 1411 Brevia
506 1380 660 1418 diriguntur
667 1379 779 1420 fingulis
793 1382 822 1409 V
822 1378 997 1410 iere-mitibus
1008 1389 1055 1419 per
1068 1379 1213 1417 Angliam.

186 1511 237 1543 De
262 1503 400 1542 Ducibus
425 1506 609 1552 Herefhrdiae
623 1509 660 1545 ὠ·
681 1507 869 1551 Norffizlciae,
894 1509 926 1539 in
945 1504 1084 1549 Castrum
1103 1503 1140 1538 de
1158 1507 1246 1554 ern-

570 1556 657 1601 sore,
684 1554 865 1601 recipaena'is.

34 1650 114 1682 Ann-
127 1648 167 1679 1),
187 1638 303 1696 REX
314 1663 323 1678 ,
341 1639 560 1670 Constabulario
581 1638 675 1670 Castri
695 1638 733 1670 sui
745 1639 780 1670 de
796 1639 994 1680 Wyndesore,
1013 1640 1047 1671 &
1059 1640 1117 1678 ejus
1131 1639 1245 1670 Locum

59 1689 144 1729 1398-
263 1680 387 1716 tenenti,
404 1678 538 1708 Salutem.

35 1732 88 1758 An-
107 1737 150 1755 21,
228 1716 400 1746 Mandamus
414 1717 514 1754 vobis,
531 1716 646 1746 firmiter
660 1716 849 1755 injungentes,
867 1716 964 1756 quod,
982 1718 1130 1746 Henricum
1142 1719 1244 1746 Ducem

35 1772 66 1796 R.
86 1777 111 1794 Ζ,
191 1754 358 1793 Ησνζῇνναίὶε
378 1756 411 1786 &
433 1754 565 1784 Thomam
585 1758 687 1784 Ducem
708 1753 879 1793 Norffblciae,
897 1755 951 1785 sive
970 1755 1088 1786 alterum
1105 1756 1113 1784 i
1135 1756 1246 1793 sorum,

73 1804 137 1833 ibid.
189 1794 226 1824 ab
247 1804 302 1831 eo,
319 1794 366 1830 qui
388 1793 475 1830 ipsos,
493 1794 548 1824 sive
569 1802 672 1833 eorum
687 1793 821 1831 alterum,
835 1793 917 1824 vobis
931 1803 966 1823 ex
980 1804 1056 1831 parte
1065 1804 1104 1825 no
1132 1794 1163 1823 ra
1176 1794 1247 1824 libe-

36 1853 72 1873 m,
89 1843 131 1871 ιὃ,
187 1833 275 1869 rabit,
292 1831 443 1875 recipiatis,
462 1832 495 1862 &
517 1833 546 1861 in
569 1831 670 1862 Castro
690 1831 843 1870 praedisto,
858 1831 908 1862 sub
928 1833 1018 1863 modo
1031 1834 1064 1864 &
1079 1831 1173 1863 forma
1187 1833 1249 1871 qui-

189 1872 242 1901 bus
254 1870 325 1908 ipse,
342 1881 389 1909 qui
401 1871 473 1907 ipi‘os
487 1869 598 1907 Duces,
617 1871 673 1901 sive
686 1870 804 1901 alterum
820 1871 961 1909 ipsorum,
980 1872 1078 1910 vobis,
1098 1880 1129 1902 ut
1145 1870 1249 1909 praedi-

188 1909 272 1940 &iim
291 1910 348 1946 est,
366 1908 510 1947 liberabit,
527 1918 562 1939 ex
580 1918 656 1946 parte
677 1908 774 1939 nostra
791 1909 935 1949 injunget,
952 1909 1028 1940 salvo
1040 1910 1074 1940 &
1089 1909 1186 1940 secure
1197 1919 1250 1940 cu-

187 1947 336 1983 stodiatis3
364 1947 402 1977 Et
421 1947 479 1978 hoc
493 1970 504 1986 ,
527 1947 578 1978 sub
599 1947 786 1979 Forisfaetura
806 1946 881 1978 Vitae
903 1949 937 1979 &
961 1947 1186 1986 Membrorum,
1211 1949 1245 1979 &-

185 1987 319 2030 omnium
333 1986 452 2016 aliorum
474 1995 538 2024 quae
551 1985 651 2017 Nobis
666 1986 827 2017 forisfacere
839 1987 979 2027 poteritis,
994 1987 1150 2018 nullatenus
1163 1987 1251 2017 omit-

187 2033 317 2095 tatifeste
330 2062 413 2103 Rege
425 2062 498 2103 apud
511 2065 603 2095 oxon.
619 2062 757 2095 vicesimo
771 2062 847 2095 sexto
859 2063 907 2094 die
922 2063 1070 2095 Februarii.

874 2143 928 2171 Per
941 2140 1024 2181 ipsum
1039 2143 1144 2180 Regem.

460 2264 629 2301 Indentura
657 2267 850 2312 Ueugarum
877 2267 987 2298 Scotiae.

45 2355 172 2388 Ann.D.
194 2348 325 2408 CEST
352 2351 648 2390 lamminae,

64 2395 148 2434 1398.
296 2391 377 2429 Fait,
394 2402 430 2422 au
452 2390 718 2428 Hawdenestanke,
734 2390 761 2420 le
782 2390 829 2421 xvi
845 2390 910 2427 jour
931 2389 967 2434 de
987 2387 1107 2427 Marce,
1128 2387 1196 2419 l'An
1217 2385 1257 2418 du

41 2438 94 2462 An.
111 2444 156 2462 21.
195 2429 292 2460 Grace
305 2429 405 2468 Mille,
423 2429 612 2467 Troiscentz,
631 2429 830 2468 Qatrevyns,
846 2429 879 2459 &
892 2438 958 2466 xvii.

42 2477 71 2501 R.
92 2483 118 2502 2.
231 2467 364 2499 Parentre
378 2468 498 2506 David,
515 2468 608 2499 ainsne
624 2467 700 2498 Filtz
712 2467 747 2497 du
763 2469 817 2536 Εἴ]
831 2466 966 2512 d’Efhqoe,
983 2464 1082 2496 Conte
1095 2465 1131 2496 de
1146 2464 1258 2512 Carric,

40 2516 81 2539 Ex
96 2515 154 2539 Au-
192 2506 292 2545 Rohert
315 2510 396 2537 Frere
416 2506 451 2536 du
471 2509 542 2547 Roy,
566 2506 665 2537 Conte
687 2505 723 2536 de
742 2505 783 2544 Fy
803 2528 814 2543 ,
839 2504 956 2535 Waltzer
977 2503 1104 2544 Evesque
1124 2504 1156 2534 de
1175 2507 1255 2534 Saint

39 2557 104 2588 togr.
193 2545 329 2584 Andreu,
346 2545 380 2576 &
398 2548 501 2576 David
519 2548 643 2583 Seigneur
665 2545 697 2574 de
715 2543 883 2583 Lyndeffiiy,
897 2545 931 2576 &
950 2550 1039 2575 autres
1062 2541 1206 2585 Cpmmys
1221 2544 1255 2574 &

193 2584 329 2624 Deputez
347 2585 383 2615 de
402 2583 570 2615 l'Tressiauli
591 2585 624 2615 &
647 2582 772 2614 Puissant
788 2583 892 2613 Prince
907 2582 933 2612 le
946 2585 1000 2621 Roy
1015 2581 1154 2620 d'Escoce,
1171 2582 1257 2612 d'une

187 2631 285 2662 parte,
303 2624 337 2654 &
356 2621 457 2662 Jehan
475 2621 540 2652 Filz
559 2622 595 2652 du
617 2624 672 2659 Roy
690 2620 884 2659 d'Angleterre
903 2620 974 2652 Duc
987 2620 1023 2650 de
1037 2618 1160 2660 Guyene
1173 2620 1206 2651 δε
1219 2621 1257 2650 de

194 2661 365 2700 Laricaster3
391 2660 491 2699 Jehan
512 2659 640 2701 Evesque
661 2661 693 2691 de
711 2663 793 2691 Saint
809 2659 919 2699 Affaph
932 2682 942 2698 ‚
974 2658 1097 2688 Thomas
1121 2662 1205 2688 Conte
1225 2659 1257 2688 de

194 2699 341 2739 Wircester
355 2723 365 2738 ‚
389 2701 423 2731 &
443 2698 569 2730 William
589 2702 674 2729 Conte
691 2698 722 2728 de
746 2696 848 2738 Wj‘ltes
862 2721 872 2737 ,
896 2699 930 2729 &
951 2705 1039 2728 autres
1061 2696 1202 2736 Commys
1224 2698 1258 2730 δέ

194 2738 331 2777 Deputez
354 2738 390 2770 de
414 2737 583 2769 l’Tressiault
600 2738 634 2769 &
654 2737 781 2768 Puiffant
802 2736 905 2767 Prince
923 2735 948 2766 le
968 2738 1024 2776 qu
1043 2734 1258 2774 d'Angleterre5

193 2776 299 2813 d’autre
316 2786 393 2816 part,

231 2815 434 2846 TsssMoiG
446 2823 498 2845 NE
522 2825 578 2853 que
600 2814 639 2845 les
657 2813 740 2846 dittes
758 2813 870 2844 Comm
889 2823 900 2844 s
920 2813 954 2844 δε
975 2811 1111 2850 Deputez
1129 2812 1168 2843 du
1188 2812 1257 2852 Roy

194 2853 333 2886 d'Escoce
356 2863 419 2885 ont.
438 2853 577 2885 Ordenez
596 2854 659 2884 lour
682 2853 818 2891 Deputez
833 2875 844 2891 ‚
906 2851 1015 2882 onfieur
1036 2851 1165 2882 William
1181 2854 1260 2891 Lyn-

193 2891 297 2933 deffizy,
315 2892 444 2923 William
466 2890 627 2930 stemate,
644 2890 742 2930 Johan
763 2891 794 2921 de
813 2893 964 2931 Ramorgny
980 2889 1140 2927 Chivalers,
1158 2891 1191 2922 ὃς
1210 2894 1260 2920 A-

197 2933 261 2962 dam
279 2930 399 2971 Fotster,
417 2932 450 2962 ὃς
472 2931 509 2961 les
528 2931 597 2961 dites
615 2929 757 2970 Commys
780 2931 814 2962 ὅ(
834 2929 970 2967 Deputez
984 2928 1022 2959 du
1036 2928 1104 2969 Roy
1121 2928 1259 2968 d'Angle-

197 2979 270 3002 terre
284 2979 336 3000 ont
348 2971 474 3002 ordenez
485 2970 548 3001 lour
563 2969 716 3008 Deputez,
734 2967 894 2999 Monfieurs
907 2967 1019 2997 Gerard
1027 2969 1106 2997 Hern
1115 2990 1124 3006 ,
1137 2967 1260 2997 Thomas

198 3013 275 3048 Gray
290 3008 326 3039 de
339 3007 460 3039 Horton
469 3031 479 3047 ,
490 3006 590 3047 Johan
607 3008 639 3038 de
654 3007 777 3045 Fenwyk
791 3006 953 3045 Chivalers,
967 3006 1000 3037 δε
1012 3004 1112 3044 Jehan
1127 3006 1261 3045 Mitforde

199 3047 288 3085 (c’est
302 3046 419 3079 affiivoii
432 3047 486 3078 del'
499 3047 638 3078 chescune
654 3054 714 3084 part
730 3044 966 3084 Qatre,TroiS‚
981 3054 1020 3074 ou
1037 3044 1121 3075 Deux
1136 3045 1172 3075 de
1188 3046 1262 3075 lours

197 3086 335 3127 Deputez
353 3085 520 3122 avantdites)
536 3095 608 3124 pour
627 3084 784 3125 parfournir
807 3084 870 3114 lour
895 3083 1069 3115 Ordenance
1089 3093 1125 3114 en
1140 3085 1262 3115 maneier

216 3136 252 3155 ue
264 3126 378 3155 c'eniuit

195 3137 215 3165 q
236 3162 261 3194 P
270 3173 294 3194 R
303 3172 322 3193 E
331 3171 360 3193 M
369 3148 407 3194 i’iz
416 3172 439 3194 R
447 3172 465 3194 E
474 3171 502 3193 M
511 3171 530 3193 E
540 3169 597 3193 ΝΤ
605 3186 616 3202 ,
633 3162 757 3194 veullent
771 3171 826 3201 que
839 3160 877 3192 les
888 3160 998 3192 Treues
1006 3184 1016 3199 ,
1027 3161 1077 3201 qui
1090 3161 1152 3191 sont
1167 3171 1183 3191 a
1198 3171 1262 3200 pre-

197 3203 275 3241 sent,
292 3201 380 3232 soient
403 3209 508 3239 tenuz,
526 3211 563 3232 en
578 3200 828 3240 chescunePoynt
862 3208 965 3238 rarique
980 3200 1040 3230 ale
1053 3200 1133 3230 Saint
1150 3199 1262 3230 Michel

197 3241 482 3279 procheinvenant3
507 3240 541 3270 &
558 3249 612 3278 que
626 3261 638 3277 ,
659 3240 678 3269 si
698 3249 792 3270 aucun
813 3222 946 3278 dhastel,
970 3248 1010 3269 ou
1033 3238 1189 3275 Fortereffe
1211 3239 1263 3269 soit

199 3280 267 3322 fait,
284 3287 422 3310 encontre
442 3278 481 3308 ses
495 3276 637 3317 prestntez
653 3276 796 3315 Trieues,
813 3286 869 3316 que
882 3278 940 3307 {ans
953 3277 1033 3316 delay
1046 3277 1066 3307 il
1081 3277 1134 3307 soit
1149 3277 1262 3316 Abatu,

200 3317 235 3350 &
250 3318 347 3355 ceulx,
364 3317 394 3355 qi
408 3317 446 3347 les
457 3324 510 3346 ont
524 3315 589 3353 fait,
607 3315 689 3356 Puny
704 3315 800 3346 selonc
816 3315 843 3345 le
857 3323 976 3354 purport
990 3315 1039 3345 des
1048 3315 1176 3346 Trieues.

238 3356 283 3387 11·
294 3365 313 3387 E
323 3363 367 3395 M,
389 3355 491 3386 volont
504 3364 560 3393 que
575 3362 636 3384 rous
648 3354 746 3393 ceulx,
762 3363 799 3392 qe
810 3353 912 3384 volont
926 3354 1062 3392 occupier
1073 3353 1186 3384 Terrez
1195 3377 1204 3392 ,
1221 3365 1261 3386 ou

200 3396 354 3427 demourer
372 3402 473 3425 entour
487 3393 523 3423 les
537 3391 684 3431 Chastelx,
699 3391 734 3422 de
747 3392 821 3422 l'une
834 3393 922 3430 partie
934 3401 974 3422 ou
987 3391 1023 3422 de
1037 3393 1150 3430 l'autre,
1168 3393 1263 3424 facerit

202 3436 237 3466 &
260 3434 356 3474 paient
375 3432 449 3463 leurs
469 3431 582 3462 devoirs
604 3440 652 3469 par
671 3431 697 3460 le
717 3431 842 3469 manier,
859 3440 977 3461 comme
995 3430 1013 3460 il
1028 3430 1070 3460 est
1081 3431 1263 3471 playnetnent

201 3473 328 3511 compris
347 3481 384 3501 en
398 3480 449 3501 cez
462 3469 606 3508 presentez
619 3469 754 3507 Trieues,
771 3469 831 3499 sans
843 3478 954 3499 aucune
965 3468 1084 3499 subtilite
1096 3491 1106 3508 ,
1120 3480 1160 3500 ou
1175 3470 1263 3500 cavil-

201 3511 294 3542 lac'ion
312 3509 412 3541 allever
430 3520 446 3540 a
466 3509 637 3546 l’encomre,
653 3509 705 3547 &,
724 3518 760 3538 eri
779 3507 836 3538 Cas
856 3517 912 3545 que
929 3517 1022 3538 aucun
1039 3508 1135 3538 Debat
1154 3518 1172 3548 y
1192 3508 1263 3548 soit,

204 3557 284 3580 entre
299 3549 337 3579 les
349 3533 526 3587 &apii-aynez
539 3546 587 3577 des
598 3546 731 3577 Chastelx
737 3570 746 3586 ‚
765 3546 847 3577 &les
858 3546 1016 3584 Habitans,
1032 3546 1211 3584 Occupiors,
1222 3557 1262 3577 ou

204 3589 416 3626 Demouranrz,
434 3595 490 3627 que
509 3586 548 3616 ies
570 3584 791 3617 Conservatours
812 3584 851 3615 de
863 3585 901 3615 les
913 3583 1051 3623 Trieues,
1068 3595 1107 3615 ou
1120 3585 1183 3615 lour
1198 3585 1263 3615 De-

206 3636 294 3669 putez
302 3650 312 3665 ,
328 3636 365 3657 en
379 3633 496 3656 averont
509 3624 534 3654 la
548 3623 740 3676 Cognysance
750 3623 846 3654 reione
861 3623 887 3654 le
903 3623 1024 3654 Teneur
1034 3625 1082 3654 des
1095 3623 1165 3654 dites
1179 3624 1264 3654 Trie-

206 3676 267 3704 ues,
287 3667 321 3698 ὃς
336 3665 377 3695 les
388 3663 611 3695 Conservatours
622 3662 642 3693 d
651 3662 744 3694 icelles
756 3661 895 3701 Trieues,
909 3672 949 3692 ou
960 3663 1034 3693 lours
1049 3662 1204 3701 Deputez,
1222 3662 1264 3693 se-

203 3710 269 3735 ront
289 3711 376 3735 tenuz
394 3702 430 3733 de
448 3702 603 3732 Terminer
619 3701 646 3731 le
666 3700 708 3732 dit
728 3700 841 3738 Debat,
858 3700 962 3731 dedens
982 3701 1070 3731 Trois
1086 3700 1175 3740 Moys
1187 3711 1201 3730 a
1223 3711 1264 3732 res

284 3739 1206 3818 mame...

270 3805 280 3820 2
795 3800 806 3816 2

202 3818 324 3850 Trieues
338 3818 499 3850 avantdites.

243 3858 258 3874 '¹⁵
268 3857 313 3887 IT
323 3867 341 3887 E
350 3866 394 3894 M,
409 3857 513 3887 volo'nt
525 3865 580 3894 que
595 3863 658 3885 tous
672 3862 760 3885 autres
773 3853 905 3892 Chosez,
921 3853 1081 3891 comprisez
1095 3863 1129 3883 en
1145 3854 1183 3884 les
1195 3854 1264 3886 dites

54 3883 168 3960 ζὲῙῘῙ·
203 3894 340 3939 Trieues,
355 3896 443 3926 soient
461 3895 566 3926 Tenuz
581 3894 768 3934 pleinement,
784 3893 843 3923 sans
857 3902 950 3923 aucun
965 3892 1123 3931 Alegeance
1139 3893 1176 3922 du
1191 3903 1263 3924 con-

97 3944 104 3951 '
214 3944 225 3963 Υ
242 3943 289 3963 ire.

201 3942 212 3965 t
227 3944 285 4002 aI'i·
323 3979 349 4000 M
359 3994 369 4009 ,
387 3971 488 4001 volont
507 3980 562 4009 que
583 3978 646 4000 tous
659 3969 697 3999 les
711 3969 870 4007 Prisoners,
888 3968 923 3998 de
937 3968 1011 3999 l’une
1026 3976 1086 4005 part
1100 3969 1133 3999 ὃς
1147 3968 1182 3998 de
1195 3969 1261 4000 l'au-

204 4017 264 4048 tre,
290 4010 371 4044 oient
391 4009 563 4048 plainement
585 4009 703 4048 Qiytez
721 4007 777 4037 sans
799 4016 891 4038 aucun
907 4006 1003 4044 delaye
1023 4006 1108 4041 (c'est
1125 4006 1259 4044 affivoir)

203 4049 286 4079 ceulx
304 4057 340 4086 qe
362 4057 398 4077 ne
416 4055 468 4076 ont
482 4048 558 4077 riene
571 4049 631 4086 paie
644 4054 706 4076 tout
724 4053 825 4084 quyte,
842 4046 874 4075 δε
888 4045 970 4074 ceulx
985 4045 1082 4082 qu’ont
1096 4045 1156 4083 paie
1173 4047 1260 4087 partie

202 4087 238 4117 de
261 4086 321 4116 leui·
338 4084 479 4115 Ranceon
502 4095 541 4114 ou
563 4094 628 4116 tout
646 4084 734 4114 soient
748 4085 852 4122 quites,
868 4083 902 4113 &
917 4093 951 4112 ce
964 4082 1022 4119 q’ils
1037 4091 1089 4112 ont
1103 4083 1163 4121 paie
1176 4085 1228 4114 loit
1242 4093 1257 4113 a

200 4134 256 4182 eux
275 4123 388 4156 restitue
400 4123 459 4155 sans
470 4122 566 4161 delaye
580 4132 618 4154 ou
634 4122 775 4155 contredit
793 4120 878 4159 (c'est
891 4121 1025 4157 affavoir)
1043 4121 1078 4152 de
1091 4130 1161 4152 ceux
1177 4122 1257 4161 q'ont

1331 218 1798 262 PUBLICA.

1277 303 1335 334 este
1377 305 1412 335 ris
1466 305 1500 335 de
1522 306 1562 337 uis
1583 305 1608 337 le
1631 305 1895 339 Commencement
1913 307 1962 340 des
1978 307 2178 348 Endentures,
2201 309 2279 341 faites
2302 320 2337 341 au
2359 305 2488 339 Arm-D-

1278 341 1348 372 Duri
1363 328 1486 383 ermsyne
1517 355 1532 375 e
1551 345 1670 376 secunde
1690 345 1751 388 jour
1771 345 1931 377 d’Oetobre
1951 347 2156 379 darreinement
2176 348 2252 386 pasie
2303 350 2336 379 δε
2387 345 2471 385 1398.

1279 381 1344 420 ensy
1358 381 1464 413 serront
1480 391 1544 414 tous
1556 392 1646 414 autres
1661 384 1904 424 Prisoners,q'ont
1918 385 1976 416 este
1992 387 2081 425 prisez
2095 386 2193 427 depuis
2207 387 2232 418 la
2274 395 2338 417 orn-
2357 385 2409 412 Ric.
2425 394 2453 411 2·

1279 427 1463 451 mencement
1477 421 1526 451 des
1540 422 1667 452 Trieues.

1310 460 1330 501 ,1
1342 466 1443 498 TEM,
1461 460 1562 490 volont
1585 470 1642 498 que
1659 460 1696 491 de
1719 468 1781 491 tous
1800 469 1890 492 autres
1910 461 2104 500 Attemptatez
2121 473 2160 494 ou
2175 462 2340 502 Damagez,

1280 494 1357 526 faites
1378 506 1479 528 contre
1499 508 1546 527 ces
1567 498 1703 535 presentes
1720 499 1851 537 Trieues,
1865 510 1920 538 que
1941 500 2004 531 lour
2025 501 2157 540 Deputez
2178 502 2338 532 deffusdites

1280 534 1376 564 facem
1398 535 1545 566 Amendei·
1563 537 1597 566 ὃς
1609 536 1757 567 Redreffer
1775 539 1860 572 (c'est
1873 538 2008 576 asiavoir)
2028 550 2084 569 une
2096 540 2190 579 playnt
2201 540 2285 570 d'uiie
2297 548 2340 571 at-

1282 580 1399 612 temptat
1417 583 1490 611 pour
1512 583 1567 604 une
1587 583 1664 605 autre
1676 598 1686 613 ,
1703 577 1736 606 ὅ(
1758 585 1828 606 avec
1842 577 1868 606 le
1881 576 2001 608 Double
2012 577 2031 607 fi
2045 577 2097 608 soit
2111 579 2200 616 requis
2211 578 2247 608 de
2260 578 2335 609 l'une

1282 619 1361 678 ἕπε,
1383 621 1429 648 par
1443 612 1507 651 ensy
1528 621 1582 650 que
1602 613 1664 653 ensy
1685 613 1703 643 il
1725 613 1764 644 fet
1781 614 1816 644 de
1828 615 1923 645 l'autre
1937 624 2014 653 part,
2032 624 2047 645 a
2062 626 2247 647 commencer
2260 617 2337 647 ceste

1316 649 1437 688 edreffe,
1454 661 1470 681 a
1492 650 1616 688 present,
1633 661 1648 681 a
1668 651 1742 682 ceste
1759 653 1841 690 jour,
1856 654 1889 684 ὃς
1907 654 1989 692 ensy,
2005 654 2041 684 de
2062 662 2152 692 temps
2173 665 2209 684 en
2229 664 2287 685 tem
2307 665 2338 693 S,

1286 695 1388 725 tanque
1408 699 1451 732 au⁴
1464 688 1729 720 Commencement
1750 691 1798 721 des
1809 691 1879 720 dites
1890 691 2081 730 Endentures,
2097 692 2134 723 de
2152 702 2213 723 tous
2225 693 2262 723 les
2310 704 2339 724 a·

1287 735 1401 764 mages,
1417 726 1511 764 faites,
1525 727 1621 768 depuis
1635 728 1660 758 le
1669 727 1931 760 Commencement
1952 729 1988 760 de
2009 731 2046 761 les
2065 731 2134 761 dites
2147 730 2341 770 Endentures,

1284 771 1386 802 tanque
1400 775 1433 795 au
1448 765 1524 798 ceste
1532 775 1609 803 jour.

1320 801 1365 845 1⁵1·
1375 811 1392 832 i:
1401 811 1445 841 M,
1464 804 1566 834 volont
1579 804 1690 844 q’ensy‚
1708 805 1741 836 &
1756 815 1804 844 par
1819 804 1926 836 mesme
1937 806 1962 838 la
1975 816 2104 846 manere,
2119 807 2170 838 soit
2182 808 2230 838 fait
2242 806 2339 838 Resti-

1284 847 1383 871 tucion
1405 842 1442 871 de
1460 851 1524 872 tous
1543 842 1581 872 les
1603 842 1759 882 Damages,
1784 853 1823 874 ou
1843 845 2036 884 Attemptatz,
2052 846 2131 876 faites
2152 855 2290 877 encontre
2312 847 2339 876 le

1285 878 1402 910 Teneur
1422 880 1458 910 de
1479 890 1525 911 ces
1544 881 1687 919 presentez
1706 883 1844 919 Trieues,
1861 882 1955 920 depuis
1969 883 1993 914 la
2007 883 2270 915 Commencement
2285 885 2338 915 d‘i-

1284 917 1384 957 celles,
1400 926 1515 956 tantque
1534 928 1570 948 en
1586 929 1653 957 cea,
1670 929 1770 958 except
1787 920 1943 951 toutefoiez
1955 921 1993 951 les
2005 920 2118 960 Paynez
2129 933 2168 953 ou
2183 922 2208 953 le
2222 922 2341 953 Double

1283 956 1374 1024 gu'est
1393 957 1519 996 expresse
1540 967 1575 987 en
1597 957 1776 990 l’Endenture
1788 968 1837 998 par
1848 959 1915 999 soy,
1932 969 2017 991 come
2030 961 2100 1000 piert
2116 969 2162 1000 par
2177 962 2264 1000 ycelle
2279 961 2340 992 Eti-

1305 1004 1410 1025 enture.

1321 1032 1449 1070 ITEM,
1475 1033 1577 1065 volont
1595 1044 1651 1072 que
1671 1035 1742 1066 leurs
1763 1034 1834 1065 dites
1854 1035 1988 1074 Deputez
2007 1036 2101 1068 facerit
2121 1035 2214 1074 plaine
2232 1037 2265 1068 &
2286 1037 2342 1069 due

1284 1070 1450 1102 Execucion
1465 1072 1500 1103 de
1514 1081 1578 1104 tous
1590 1074 1628 1104 les
1642 1073 1757 1105 Chosez
1769 1074 1935 1105 deffusditez
1945 1075 2114 1106 briefement
2128 1076 2161 1105 &
2182 1075 2240 1105 sans
2254 1076 2344 1114 delay.

1321 1109 1447 1148 ITEM,
1470 1112 1570 1142 volont
1592 1113 1625 1143 &
1645 1113 1818 1151 accordont,
1839 1122 1887 1151 par
1909 1122 1989 1144 vertu
2006 1113 2044 1145 de
2064 1113 2196 1151 Pouairs,
2219 1123 2254 1143 au
2277 1118 2343 1145 eulx

1285 1147 1415 1187 donnez,
1432 1159 1480 1186 par
1499 1150 1575 1180 lours
1595 1150 1744 1189 Seignours
1762 1152 1801 1181 les
1822 1151 1902 1190 Roys
1921 1151 2062 1191 suysdites,
2082 1162 2138 1189 que
2158 1160 2211 1182 cez
2229 1152 2342 1191 presen-

1289 1194 1329 1217 tes
1344 1187 1464 1224 Treues,
1484 1189 1531 1226 qui
1552 1189 1615 1219 sont
1634 1189 1723 1226 prisez
1740 1202 1757 1222 a
1772 1190 1942 1228 present(les
1964 1191 2066 1229 quelles
2087 1191 2114 1221 se
2136 1190 2239 1221 faillent
2260 1201 2296 1221 au
2316 1191 2345 1221 le

1286 1225 1365 1256 Saint
1373 1226 1501 1257 Michiel
1515 1227 1663 1264 proschain
1674 1231 1792 1264 venant)
1809 1237 1890 1268 ayent
1902 1229 2010 1266 valeur,
2027 1230 2150 1267 vigour,
2168 1230 2202 1260 &
2216 1227 2344 1268 firmyte,

1286 1272 1390 1302 tanque
1408 1266 1433 1295 al
1446 1265 1524 1296 Saint
1540 1265 1679 1303 Michiel,
1702 1277 1756 1306 que
1776 1267 1852 1297 vient
1866 1277 1901 1296 en
1922 1277 1960 1297 un
1982 1267 2047 1305 An,
2066 1278 2114 1305 par
2129 1267 2235 1297 mesine
2246 1268 2272 1297 le
2285 1277 2347 1298 ma<

1288 1312 1356 1333 nere
1371 1313 1489 1334 comme
1501 1304 1533 1334 ils
1547 1303 1611 1335 sont
1630 1305 1718 1343 prisez
1733 1316 1748 1335 3
1767 1305 1890 1344 present,
1904 1315 1990 1344 corne
2010 1315 2046 1336 en
2067 1305 2159 1336 deffus
2180 1306 2238 1336 dite
2254 1328 2264 1344 ,
2287 1305 2347 1336 sans

1290 1350 1382 1372 aucun
1396 1342 1517 1373 subtilite
1527 1343 1639 1382 alegger
1651 1343 1676 1373 al
1688 1352 1831 1374 enconter.

1329 1379 1402 1411 ΙΤΕ
1413 1390 1458 1419 Μ,
1474 1390 1526 1412 ont
1547 1382 1673 1412 ordenez
1697 1383 1760 1420 q’en
1780 1384 1838 1412 cale
1858 1392 1914 1420 que
1931 1392 2022 1413 aucun
2037 1382 2170 1413 Homine
2181 1381 2231 1413 soit
2244 1381 2348 1420 Tuez,

1291 1418 1328 1448 de
1343 1419 1418 1449 l'une
1436 1421 1523 1458 partie
1536 1430 1575 1450 ou
1591 1420 1627 1450 de
1638 1420 1747 1459 l'autre,
1766 1430 1905 1452 encontre
1919 1420 1945 1451 le
1958 1421 2073 1451 Teneur
2086 1420 2121 1451 de
2136 1430 2188 1452 cez
2202 1421 2346 1459 presentez

1292 1456 1436 1496 Trieuez,
1453 1468 1507 1497 que
1527 1458 1621 1497 celuz,
1639 1468 1694 1497 que
1713 1460 1760 1499 luy
1777 1469 1794 1489 a
1814 1468 1893 1497 tuez,
1913 1458 1968 1489 sera
1982 1460 2080 1497 Mort,
2098 1469 2149 1498 pur
2163 1469 2198 1490 ce
2210 1459 2256 1498 q'il
2268 1469 2284 1489 a
2299 1460 2349 1490 fait:

1293 1494 1318 1524 la
1330 1495 1387 1525 dite
1402 1496 1501 1526 Morte
1511 1506 1649 1527 encontre
1662 1498 1688 1527 le
1702 1506 1798 1529 teneur
1813 1498 1848 1528 de
1859 1508 1906 1528 ces
1922 1497 2059 1536 Trieues,
2074 1499 2100 1528 le
2115 1498 2208 1536 quelle
2223 1498 2272 1528 son
2287 1498 2347 1528 Sei-

1292 1543 1361 1563 neur
1375 1534 1402 1564 le
1420 1534 1484 1573 Roy
1498 1535 1586 1574 Liege
1600 1546 1616 1566 a
1624 1538 1713 1574 jurez.

1330 1571 1375 1602 En
1396 1573 1572 1611 Tesmoigne
1586 1574 1622 1603 de
1637 1575 1728 1612 quelle
1741 1574 1836 1605 Chose
1849 1574 1887 1605 les
1901 1573 2045 1614 Commys
2058 1575 2090 1606 &
2107 1574 2240 1612 Deputez
2253 1579 2357 1604 avant-v·

1290 1609 1362 1641 dites
1376 1633 1386 1649 ,
1407 1622 1435 1641 as
1458 1611 1545 1642 cestes
1569 1611 1726 1642 Endenturs
1739 1635 1748 1650 ,
1772 1622 1824 1643 ont
1847 1613 2175 1652 enterchangeablement
2193 1623 2254 1653 mys
2274 1613 2351 1643 lours

1291 1650 1387 1687 Semi,
1399 1650 1489 1689 Jour,
1509 1650 1597 1688 Lieu,
1614 1651 1646 1681 ὃς
1661 1651 1728 1681 l'An
1741 1650 1909 1682 deffusdites.

2260 238 2337 280 143

1394 1726 1448 1757 Sub
1461 1728 1592 1766 Quatuor
1607 1727 1718 1764 Sigillis,
1735 1726 1818 1756 rubea}
1832 1724 1892 1755 certi
1909 1727 2047 1766 expreffi's,
2060 1727 2235 1765 pendentibus
2256 1737 2275 1755 a
2290 1738 2354 1757 cau-

1450 1767 1490 1796 dis
1502 1774 1686 1804 pergamenae5
1706 1776 1815 1806 quorum
1831 1768 1894 1794 Duo
1902 1765 1971 1803 sitnt
1986 1769 2089 1805 Papyro
2101 1765 2166 1795 albei
2178 1765 2301 1795 obducla.

1445 1917 1496 1948 De
1515 1913 1695 1958 custodiendo
1711 1913 1868 1948 Thomam
1884 1917 2002 1948 Ducem
2020 1915 2199 1961 Norffolciae.

1297 1999 1433 2057 REX,
1454 1999 1605 2038 Maiori&
1620 2000 1844 2031 vicecomitibus
1854 2000 2029 2039 Londoniae,
2048 2000 2182 2031 Salutem.
2379 2015 2446 2046 Am
2468 2014 2500 2046 D

1408 2039 1579 2070 Mandamus
1600 2040 1698 2078 vobis,
1717 2039 1836 2069 firmiter
1857 2040 2047 2078 injungentes,
2065 2040 2144 2079 quod
2166 2049 2218 2078 pro
2237 2038 2308 2070 fiiiva
2322 2040 2355 2071 &
2402 2064 2413 2084 Ι
2439 2040 2475 2093 9'3
2501 2037 2510 2046 ⁶

1298 2079 1393 2109 secura
1414 2077 1552 2109 Custodia
1570 2077 1684 2108 Thomae
1707 2080 1791 2107 Ducis
1812 2077 1987 2116 Norffolciae,
2002 2079 2076 2108 infra
2091 2078 2288 2108 Garderobam
2303 2089 2356 2109 no·
2379 2064 2434 2121 A}
2450 2076 2494 2120 21‘·

1301 2117 1414 2156 stram,
1437 2118 1510 2147 infra
1527 2116 1681 2147 Civitatem
1705 2116 1886 2155 praedictam,
1909 2118 1966 2146 tam
1985 2126 2034 2156 per
2052 2116 2183 2155 Aquam,
2209 2118 2294 2154 quam
2307 2127 2356 2157 per
2382 2137 2401 2159 R
2426 2117 2456 2158 '2'

1302 2156 1437 2194 Terram,
1456 2166 1505 2194 per
1527 2155 1565 2186 Vi
1586 2155 1642 2185 ilias
1662 2156 1696 2187 &
1716 2156 1772 2186 alio
1791 2155 1881 2185 modo
1901 2155 1990 2185 taliter
2008 2154 2158 2191 ordinetis,
2182 2156 2261 2195 quod
2281 2155 2355 2186 idem
2381 2155 2466 2207 Claus

1302 2195 1375 2226 Dux
1391 2196 1428 2225 ab
1448 2195 1547 2226 eadem
1561 2165 1727 2224 &arderoba
1739 2194 1892 2224 nullatenus
1905 2201 1999 2232 exeat,
2017 2194 2073 2224 sive
2086 2193 2218 2231 transeat,
2234 2202 2280 2224 aut
2295 2204 2359 2224 eva·
2384 2219 2397 2235 2
2407 2218 2428 2236 [ι
2445 2192 2471 2235 Κζ
2486 2217 2500 2234 2

1301 2234 1350 2264 dat
1371 2234 1427 2264 {ine
1442 2233 1582 2264 Mandato
1595 2232 1694 2262 nostro
1708 2232 1834 2271 speciali,
1853 2233 1887 2262 &
1900 2242 1953 2262 vos
1968 2232 1997 2261 in
2012 2232 2065 2262 hac
2077 2241 2155 2270 parte
2168 2233 2246 2262 aliter
2258 2243 2273 2262 a
2289 2232 2359 2262 No·
2379 2253 2404 2284 p-
2419 2257 2446 2274 ,υ
2505 2230 2513 2237 ’

1299 2273 1347 2303 bis
1359 2272 1508 2303 habueritis
1522 2273 1551 2302 in
1567 2270 1725 2309 Mandatis,

1339 2310 1376 2341 Et
1398 2311 1472 2349 hoc,
1490 2311 1540 2341 sub
1560 2310 1742 2341 Forisfatstura
1761 2309 1894 2340 omnium
1906 2318 1970 2348 quae
1982 2309 2066 2339 nobis
2080 2309 2241 2341 forisfacere
2254 2310 2361 2349 poteri·
2387 2295 2425 2313 m'
2443 2294 2484 2312 η’

1302 2350 1336 2381 tis
1371 2350 1524 2385 nullatenus
1539 2350 1682 2386 omitiatis.

1340 2373 1430 2419 'Teste
1445 2388 1528 2428 Rege
1540 2387 1613 2428 apud
1627 2384 1802 2427 bendefhre,
1822 2385 1959 2417 vicesimo
1973 2386 2057 2416 tertio
2070 2385 2117 2417 die
2132 2386 2244 2425 Aprilis.

1933 2464 1988 2492 Per
2004 2461 2085 2502 ipfian
2101 2465 2207 2500 Regem.

1358 2612 1418 2643 Pro
1446 2612 1574 2656 Ruperto
1603 2611 1690 2642 Duce
1706 2609 1843 2640 Bavariae
1860 2603 1994 2652 Juniore
2013 2605 2194 2653 Homagiali
2213 2608 2311 2653 Regis.

1306 2694 1432 2750 REX
1452 2695 1612 2732 Omnibus,
1629 2693 1663 2724 ad
1679 2703 1766 2733 quOS,
1782 2693 1842 2724 &c.
1861 2691 1995 2723 Salutem.
2016 2716 2018 2718 ,
2385 2711 2459 2742 Arm-
2476 2711 2519 2741 D.

1420 2734 1517 2765 Sciatis
1531 2734 1609 2772 quod
1916 2770 1920 2776 ,
2058 2768 2064 2774 .
2236 2769 2242 2775 .
2410 2759 2441 2780 12
2469 2750 2494 2778 8.

1342 2772 1422 2804 Cum
1439 2777 1571 2811 Rupertus
1589 2756 1693 2810 J’unior
1707 2770 1817 2801 Comes
1836 2768 1975 2800 Palatinus
1987 2768 2082 2806 Rem,
2100 2769 2132 2799 &
2147 2767 2270 2799 Bavanae
2283 2767 2364 2806 Dux,
2383 2760 2501 2816 Anff921.

1304 2811 1536 2851 Conlanguineus
1555 2811 1650 2841 noster
1668 2810 1822 2841 carissimus
1836 2831 1845 2846 ,
1869 2805 1913 2838 fiat
1928 2829 1937 2845 ,
1963 2806 2040 2837 effici
2058 2807 2143 2844 velit,
2168 2808 2201 2838 ὃς
2226 2807 2363 2837 efficiatur

1305 2850 1484 2889 Homagialis
1500 2848 1612 2887 noster,
1628 2850 1661 2880 &
1680 2848 1795 2885 Nobis,
1813 2854 1843 2876 ut
1859 2846 1962 2876 Homo
1980 2845 2174 2884 Homagialis‚
2195 2842 2211 2859 ⁴*
2225 2845 2364 2885 obligetur
2384 2831 2519 2895 gazan.

1306 2889 1439 2929 quamdiu
1455 2889 1551 2919 Vitam
1565 2888 1675 2918 duxerit
1689 2888 1717 2916 in
1732 2885 1876 2923 humanis,
2387 2909 2416 2931 R.
2439 2913 2464 2931 2.

1344 2928 1558 2966 Promiseritque
1576 2924 1651 2956 bon-i
1664 2926 1732 2963 fide,
1751 2924 1886 2962 quamdiu
1901 2922 2015 2960 vixerit,
2033 2922 2116 2951 nobis
2130 2921 2264 2953 sinceram
2281 2921 2363 2952 Fide·
2393 2952 2409 2967 n
2449 2952 2460 2963 ‚

1304 2966 1428 3002 litatem,
1444 2965 1575 2996 nostrum
1597 2963 1710 2997 Bonum
1730 2971 1866 3000 quantum
1883 2962 1985 3000 poterit
2000 2961 2196 3004 procurandO,
2212 2961 2244 2991 &
2259 2961 2294 2990 de
2309 2970 2363 2990 iio-
2384 2953 2489 3009 Q'Vfl'I

1307 3005 1366 3035 stro
1389 3005 1488 3042 Malo,
1506 3002 1622 3043 quando
1641 3003 1665 3032 ei
1687 3002 1755 3032 inde
1776 3000 1931 3031 constiterit
1965 2998 2095 3029 aVisando
2114 3009 2146 3029 ac
2161 2998 2277 3029 fideliter
2293 3009 2365 3036 prae-
2392 3029 2402 3037 q
2493 3000 2500 3008 ⁸

1306 3044 1480 3080 muniendo,
1497 3043 1566 3073 licut
1584 3041 1759 3081 Homagialis
1774 3039 1860 3070 fidelis
1873 3038 1923 3068 suo
1938 3022 2073 3068 Domino
2087 3036 2122 3068 de
2138 3037 2289 3068 Praemiffis
2303 3037 2366 3067 soli·
2392 3028 2440 3056 27‘

1339 3093 1350 3112 s
1363 3081 1403 3112 est
1418 3082 1535 3112 oblioari

1307 3091 1336 3113 tu
1346 3107 1506 3151 promiserit
1518 3105 1602 3150 etiarn
1618 3118 1643 3149 se
1655 3126 1755 3148 contra
1766 3115 1850 3156 Nos,
1860 3115 1995 3146 Domum
2009 3114 2134 3147 nostram
2144 3137 2153 3154 ,
2161 3122 2209 3145 aut
2225 3114 2363 3154 Regnum

1305 3159 1451 3196 nostrum,
1470 3167 1613 3198 nunquam
1625 3157 1784 3192 faeiurum,
2247 3191 2253 3196 ·

1345 3198 1383 3228 Et
1406 3200 1514 3235 iniuper
1535 3196 1695 3227 adunaverit
1705 3194 1732 3225 se
1746 3194 1844 3224 Nobis
1860 3191 1976 3223 fideliter
1988 3191 2074 3223 astare
2084 3192 2117 3222 ὃς
2131 3190 2187 3221 esse
2198 3190 2368 3228 Adiutorem

1307 3246 1404 3268 contra
1417 3239 1450 3267 &
1466 3234 1593 3266 adversus
1605 3233 1780 3273 injuriatores
1790 3231 1917 3269 nostros,
1932 3231 2059 3270 quotiens
2073 3240 2121 3270 per
2136 3229 2204 3260 Nos
2216 3230 2295 3266 super
2310 3229 2367 3260 hoc

1306 3276 1391 3306 fuerit
1404 3275 1526 3313 legitime
1538 3273 1678 3312 requisitus
1687 3294 1696 3310 ,
1714 3273 1760 3302 seii
1774 3270 1952 3313 admonitus,
2088 3306 2092 3311 ι
2198 3306 2203 3311 ¹
2279 3306 2284 3310 .

1346 3315 1390 3345 Ac
1405 3315 1487 3344 etiam
1501 3311 1658 3350 promiserit
1669 3310 1712 3348 se,
1729 3309 1794 3348 post
1808 3308 2032 3348 Requilitionem
2045 3306 2221 3351 hujusmodi,
2244 3304 2367 3349 Diffida-

1305 3361 1398 3384 turum
1411 3351 1524 3382 eosdem
1539 3350 1650 3380 nostros
1662 3349 1837 3387 Injuriatores
1847 3370 1856 3385 ,
1871 3348 1909 3377 eis
1924 3346 2017 3384 palam
2029 3346 2190 3413 Sffubxice
2205 3344 2363 3388 intimando

1306 3392 1399 3429 ipsum
1420 3391 1492 3421 velle
1512 3390 1596 3420 nobis
1615 3387 1735 3419 affistere
1756 3388 1788 3418 &
1804 3388 1913 3424 juvare,
1929 3393 2031 3415 eorum
2085 3383 2124 3414 ala
2139 3384 2173 3415 &
2188 3381 2288 3420 Iniqua
2306 3381 2368 3413 Vo-

1307 3431 1411 3461 luntate
1425 3427 1642 3468 quomodolibet
1657 3436 1717 3457 non
1731 3425 1860 3456 obstante
1869 3447 1878 3462 ,

1345 3469 1489 3507 Quodque
1503 3466 1577 3496 idem
1591 3465 1676 3503 Dux,
1807 3501 1817 3506 „
2262 3499 2267 3504 .
2322 3499 2328 3504 ο

1344 3501 1399 3537 Pe'r
1426 3506 1562 3537 Nuncios
1591 3503 1704 3534 nostros
1731 3503 1896 3533 certificatus
1914 3499 1950 3530 de
1970 3498 2109 3542 Numero
2125 3498 2159 3529 &
2180 3496 2366 3529 Multitudine

1306 3545 1474 3576 Hominum
1488 3544 1689 3580 Armatorum,
1706 3551 1792 3579 quem
1806 3539 1875 3572 Nos
1890 3539 1926 3569 ab
1939 3548 1976 3568 eo
1992 3537 2221 3581 delliderabimus,

1345 3585 1391 3615 Ac
1411 3581 1590 3613 concordato
1611 3582 1683 3610 inter
1703 3580 1796 3619 ipsum
1818 3578 1936 3608 Ducem
1956 3577 1990 3607 ὃς
2003 3575 2096 3606 ἀιᾶὶοε
2108 3575 2244 3605 Nuncios
2258 3573 2369 3604 nostros

1308 3631 1443 3661 quantum
1463 3630 1516 3659 pro
1536 3620 1644 3658 singulis
1668 3618 1788 3649 Lanceis
1807 3616 1973 3646 Hominum
1999 3613 2184 3644 Armatorutn
2197 3635 2207 3649 ,
2230 3622 2369 3656 quantum

1304 3671 1360 3699 pro
1376 3660 1533 3696 Militibus,
1552 3666 1689 3695 quantum
1705 3665 1758 3694 pro
1775 3654 1944 3690 Batonibus,
1963 3660 2100 3690 quantum
2116 3661 2169 3689 pro
2184 3651 2367 3695 Comitibus,

1307 3707 1445 3738 quantum
1467 3707 1519 3735 pro
1542 3696 1627 3726 Duce
1646 3694 1730 3731 Belli,
1748 3692 1944 3724 rationabiliter
1958 3700 2017 3733 ⁸pro
2040 3689 2140 3720 Mense
2161 3688 2311 3727 assignari,
2336 3690 2370 3722 ἃς

1309 3737 1460 3777 quomodo
1479 3736 1528 3765 illis
1543 3736 1578 3764 de
1593 3734 1672 3765 (11610
1686 3733 1831 3772 Stipendio
1846 3729 1967 3772 satisfieri
1977 3728 2094 3772 debeat,
2123 3766 2128 3771 ·
2154 3766 2158 3770 Ι
2332 3766 2338 3772 ι

1346 3777 1489 3807 Teneat-ur
1510 3773 1594 3803 nobis
1614 3771 1729 3802 fideliter
1749 3769 1898 3808 providere
1913 3767 1949 3798 de
1961 3770 2021 3805 iplis
2034 3765 2213 3796 Hominibus
2227 3765 2372 3805 Armans,

1307 3814 1489 3849 Comitibus,
1507 3811 1676 3847 Baronibus,
1698 3809 1856 3846 Militibus,
1875 3808 1908 3837 &
1925 3805 2104 3842 Clientibus,
2116 3804 2200 3842 usque
2215 3804 2250 3834 ad
2263 3805 2373 3835 exaita-

1307 3863 1372 3884 rum
1385 3853 1418 3883 &
1432 3853 1582 3889 petitarum
1595 3849 1766 3880 Numerum
1782 3847 1957 3877 Lancearum
1967 3867 1990 3887 ,ῃ
2113 3881 2118 3887 η
2223 3881 2228 3886 Ι

1347 3890 1475 3921 Voluerit
1491 3887 1599 3925 insuper
1612 3887 1689 3916 idem
1706 3886 1775 3916 Dux
1790 3885 1823 3915 &
1837 3884 2005 3914 concesserit
2019 3880 2099 3919 quod
2112 3879 2168 3917 ipse
2182 3879 2323 3912 universos
2338 3882 2383 3912 &·

1307 3929 1430 3968 fingulos
1449 3927 1583 3958 Subditos
1605 3925 1735 3962 nostros,
1754 3923 1879 3954 Nobiles
1892 3922 1925 3951 ὅ(
1939 3919 2097 3963 ignobiles,
2117 3919 2244 3963 Clericos
2260 3920 2292 3951 &
2309 3920 2376 3949 Lai-

1307 3979 1376 4005 cos,
1393 3977 1426 3997 ac
1446 3966 1514 3996 alios
1534 3963 1730 4003 quoscumque
1746 3961 1849 3992 nostrae
1864 3957 2159 4002 Dit‚i<?1¹¹,SubJ‘{&98‚
2176 3957 2377 3995 cuiuscumque

1307 4005 1479 4045 Dignitatis,
1497 4002 1600 4039 statim,
1625 4000 1746 4040 gradus,
1770 4002 1816 4030 {eii
1837 3998 2008 4028 conditionis
2028 4003 2185 4040 extiterint,
2207 4005 2256 4033 per
2276 3996 2377 4038 Terras

1305 4045 1339 4075 ὅσ
1361 4043 1499 4074 Dominia
1517 4041 1599 4078 ipfius
1621 4040 1716 4070 Ducis
1728 4040 1917 4073 transeuntes,
1934 4036 1978 4065 vel
1995 4043 2107 4077 moram
2123 4034 2271 4078 facientes,
2287 4033 2376 4063 fideli-

1305 4091 1345 4113 ter
1365 4081 1513 4117 defendet,
1531 4080 1564 4110 &
1587 4077 1694 4108 salvum
1718 4076 1909 4106 Conductum
1930 4075 1969 4103 eis
1981 4072 2138 4111 praestabit,
2156 4081 2284 4110 quotiens
2297 4070 2375 4108 super

1304 4121 1363 4152 hoc
1383 4129 1433 4158 per
1450 4119 1564 4149 eosdem
1577 4117 1663 4147 fuerit
1676 4116 1804 4154 congrue
1819 4112 1978 4153 requisitus,
1996 4112 2041 4143 vel
2057 4110 2157 4149 aliquis
2169 4109 2375 4184 Officiatigfflis
