2561 4251
64 263 139 296 Anti.
153 258 195 294 D.

88 303 178 348 '1385

64 347 116 370 th.
132 352 156 369 2.

65 381 84 400 ὃ*
107 382 172 409 vil.

65 428 130 454 471·

57 2553 135 2585 Arm.
150 2552 190 2584 D.

9 2614 13 2615 γ
80 2594 162 2631 1385.

56 2636 108 2660 An.
127 2632 154 2659 8.

56 2675 86 2698 R.
110 2680 135 2696 2.

55 2708 143 2744 Claus.
161 2707 187 2734 8.

58 2751 86 2774 R.
107 2756 132 2773 2.
153 2756 188 2775 m.

62 2794 90 2821 4.
107 2784 133 2811 d.

60 3300 154 3329 0v1i.

59 3348 124 3375 472-

762 170 874 214 ET
958 166 1226 214 ACTA

211 260 396 298 criminales,
414 265 478 290 ante
489 256 555 289 haec
565 258 731 297 Tempora,
748 258 819 289 infra
831 258 980 289 Ducatum
993 256 1161 295 praedictum
1177 281 1186 296 ,
1206 266 1270 296 per-

212 308 332 340 petratos
346 299 390 328 seu
403 297 615 336 perpetrandos,
632 298 701 327 dum
714 298 743 327 in
757 297 869 327 Officio
886 297 991 327 steterit
1005 296 1170 336 supradieto,

252 337 421 368 Revocandi
449 338 534 366 etiam
561 336 742 366 omnimodas
764 335 942 365 Donationoe
957 359 966 372 ,
988 335 1024 365 de
1041 334 1269 364 Reventionibus

213 377 331 413 nostris,
347 376 377 404 in
394 374 508 405 Ducatu
524 374 659 412 praedidio
669 399 677 411 ,
695 374 797 411 absque
812 373 956 404 Potestate
969 373 988 392 ²¹²
1002 373 1139 403 autentica
1152 397 1160 409 ,
1181 372 1267 412 quali-

211 423 381 450 tei-cumque
395 413 479 443 sacstas
488 435 497 451 ,
512 423 576 450 quae
591 422 640 452 per
654 413 758 442 Literas
772 413 857 450 regias
872 412 992 441 minime
1005 411 1207 441 confirmantur
1216 435 1224 447 ,

252 452 443 488 Similiterque
459 450 649 482 Concedendi
664 451 698 481 &
712 450 899 480 Permittendi
915 449 995 486 quod
1004 449 1078 478 Vina
1091 449 1154 479 altae
1167 449 1268 479 Patriae

215 489 348 522 Ducatfis
371 489 459 519 nostri
480 490 607 527 praedirsti
621 490 719 518 venire
730 490 763 519 &
777 489 880 518 cariare
895 487 1000 524 poffint
1014 486 1099 525 usque
1114 485 1267 517 Civitatem

212 528 341 560 nostram
364 527 534 567 Burdegaliae
548 549 558 564 ,
582 526 719 557 solvendo
732 550 741 563 ,
759 526 910 556 secundum
923 525 1126 556 avisamentuni
1143 524 1269 555 Concilii

213 566 302 598 nostri
338 567 443 596 ibidem
459 574 564 596 certam
578 564 794 603 Im‘polirionem
808 564 837 593 in
862 563 1006 593 Auxilium
1028 565 1062 595 δε
1076 564 1271 601 Supportatio-

214 614 283 636 nem
300 588 438 642 Cuerrae3
456 604 542 634 Salvis
556 603 665 640 semper
679 601 832 640 privilegiis
845 601 964 640 Patriae,
985 602 1004 632 fi
1018 611 1082 641 quae
1094 603 1123 632 iii
1139 604 1270 640 praemis-

213 643 246 675 fis
261 645 399 674 contraria
412 644 578 678 habeantur,

253 683 297 713 Ac
310 682 421 721 insuper
433 678 638 718 Supervidendi
651 678 784 709 Proficua
800 680 833 710 &
848 678 1041 710 Reventiones
1053 677 1148 709 nostra
1161 678 1269 708 ibidem

214 720 251 751 de
263 728 410 758 tempore,
428 725 486 748 tam
498 719 656 755 praeterito,
672 719 758 755 quam
774 717 870 748 futuro
880 740 889 756 ,

254 757 485 795 Officiariosque,
506 756 604 786 Nobis
617 756 651 786 de
673 755 811 786 Proficuis
831 757 864 786 ὃ(
887 755 1116 785 Reventionibus
1131 754 1270 796 praedietis

214 795 420 834 computabiles
435 819 444 833 ,
469 794 719 825 Contrarotulandi
735 817 744 833 ,
770 795 804 825 &
825 794 896 832 ipsos
917 792 1080 824 Officiarios
1097 793 1130 824 ad
1150 795 1207 824 hoc
1223 815 1232 831 ,
1251 795 1271 823 ii

212 834 325 866 necesse
339 834 422 864 fuerit
430 855 440 871 ,
454 833 654 871 Compellendi
662 856 671 871 ,

250 872 381 902 Necnon
397 871 528 902 Ponendi
544 873 573 902 ὃ(
592 870 760 908 Imponendi
776 869 853 906 supra
867 869 958 899 Pati-ia
973 869 1095 908 ibidem,
1113 879 1163 907 pei·
1175 868 1271 899 Avisa-

213 919 342 941 mentum
363 912 396 942 ὃ(
418 910 576 941 Consilium
601 909 800 939 Dominorum
821 908 853 938 ὃ(
867 907 1117 938 Communitatum
1135 907 1271 945 ejusdem,

213 949 339 1018 {anagia
354 950 387 980 &
402 948 601 989 Impofitiones
615 969 626 986 ,
651 957 704 985 pro
725 946 893 985 salvatione,
909 947 1044 984 tuitione,
1065 947 1098 977 δε
1111 946 1271 976 defensione

236 988 300 1018 ietae
338 989 416 1018 atriae

249 1009 479 1093 Hujusmo-dique
491 1023 614 1063 Tallagia
636 1024 669 1055 &
686 1022 882 1061 Impositiones
903 1021 1031 1054 Levandi
1051 1023 1085 1054 &
1100 1021 1270 1061 Recipiendi

210 1073 246 1095 ex
262 1065 313 1095 hac
326 1073 378 1094 cau
389 1073 404 1093 a

249 1102 287 1133 Et
316 1087 616 1132 etiam’Removendi
631 1100 665 1131 &
688 1099 862 1138 Deponendi
877 1123 886 1138 ,
912 1110 964 1137 pro
988 1099 1066 1130 causa
1087 1100 1269 1138 rationabili,

212 1141 410 1177 quoscumque
430 1139 593 1170 Officiarios
613 1138 726 1169 nostros
741 1139 957 1177 insufficientes,
976 1140 1023 1176 qui
1041 1139 1148 1168 Literas
1164 1138 1270 1169 nostras

213 1179 360 1216 Parentes,
379 1178 416 1208 de
428 1177 542 1209 Officiis
558 1178 610 1208 suis
621 1202 629 1215 ,
650 1178 684 1208 ad
699 1178 854 1207 terminum
870 1176 962 1215 Vitae,
982 1187 1040 1206 non
1058 1177 1220 1214 habuerint,
1234 1178 1268 1208 ec

213 1217 281 1248 alios
295 1217 471 1247 Sufficientes
492 1218 525 1248 &
546 1215 668 1246 Idoneos
689 1216 718 1245 in
741 1215 843 1246 eisdem
859 1215 987 1252 Officiis,
1007 1215 1141 1245 Nomine
1153 1215 1269 1253 nostro,

233 1266 262 1286 er
274 1256 475 1287 avisamentum
490 1255 676 1294 praediffitutr'i,
694 1253 824 1284 Ponendi
838 1255 871 1285 &
894 1253 1094 1284 Constituendi
1109 1266 1119 1292 3
1146 1253 1269 1284 Consta-

212 1266 324 1325 galano
339 1296 372 1326 &
390 1294 504 1332 Majore
516 1293 683 1332 Burdegaliae
697 1293 840 1323 dumtaxat
856 1292 1002 1330 Exceptis,

252 1332 397 1371 Insuperq,
412 1332 611 1363 Prosternendi
623 1333 656 1363 ὃς
674 1330 856 1361 Denioli'endi
869 1354 878 1369 ,
902 1341 951 1369 per
972 1331 1171 1361 avisamentum
1185 1329 1269 1360 Con-

213 1372 271 1402 cilii
286 1372 375 1402 nostri
390 1371 532 1409 praediffi,
550 1370 718 1401 omnimoda
730 1369 871 1400 Fortalitia
888 1379 951 1406 quae
966 1370 1055 1400 teneri
1069 1379 1127 1398 non
1143 1369 1269 1407 poffunt,

215 1410 291 1440 &in
312 1410 420 1449 speciali
443 1410 585 1440 Fortalitia
605 1409 633 1439 su
655 1418 684 1438 er
700 1408 832 1439 Rebelles
845 1408 958 1438 nostros
969 1407 1195 1446 conquestanda,
1212 1407 1270 1437 Ex-

213 1449 301 1486 ceptis
317 1457 408 1479 tamen
427 1448 575 1482 Fortalitiis
590 1447 624 1478 de
664 1447 815 1477 acrimonio
828 1445 927 1476 nostro
943 1446 1138 1483 existentibus,

250 1486 425 1518 Excercendi
439 1487 539 1525 etiam,
558 1486 732 1524 ubicumque
744 1484 819 1515 idem
828 1485 1009 1522 Senescallus,
1028 1484 1072 1514 seu
1088 1494 1143 1522 ejus
1153 1483 1268 1513 Locum

211 1532 327 1563 tenens,
344 1525 427 1556 fuerit
440 1526 468 1555 in
484 1525 605 1565 partibus
617 1524 685 1562 illis,
699 1523 842 1561 Justitiam
854 1523 936 1553 altam
949 1523 983 1554 &
997 1523 1102 1552 bassam
1112 1545 1121 1561 ,
1137 1533 1170 1553 ac
1185 1523 1268 1552 etiam

209 1572 321 1594 merum
336 1565 370 1594 &
385 1565 506 1594 mixtum
523 1563 695 1601 Imperium,
709 1561 933 1600 Justiciandique
953 1561 1147 1599 quoscumque
1162 1560 1270 1591 Rebel-

210 1601 249 1632 les
264 1602 297 1632 &
313 1601 493 1640 Proditores,
510 1610 568 1632 tam
583 1602 612 1630 in
627 1602 760 1630 omnibus
775 1599 893 1630 Casibus
908 1600 1042 1630 Criminis
1057 1601 1090 1631 ὃς
1104 1600 1193 1630 Laesae
1203 1600 1269 1630 Ma-

209 1639 328 1679 jestatis‚
346 1641 433 1679 quam
450 1640 543 1678 aliter,
558 1649 592 1670 ac
604 1640 690 1670 etiam
702 1638 855 1670 Praedones
869 1661 878 1676 ,
897 1638 1108 1677 Murdratores,
1128 1639 1269 1676 Raptores

213 1679 391 1717 Mulierum,
406 1677 566 1710 violatores
589 1677 778 1708 Sacrofiinelae
795 1677 929 1707 Ecclefiae
945 1700 954 1715 ‚
980 1676 1126 1715 Ruptores
1139 1677 1269 1717 Treuga-

212 1726 276 1748 rum
295 1719 329 1750 &
350 1718 490 1749 salvorum
510 1715 721 1748 Condueruum
738 1739 747 1753 ,
771 1717 806 1748 &
820 1716 888 1746 alios
904 1715 1103 1746 Malefa&ores
1118 1717 1268 1754 quoscum-

212 1765 288 1794 que,
305 1756 448 1794 cujuscum
472 1766 507 1786 ue
525 1753 610 1786 statiis
629 1755 675 1786 seu
694 1754 867 1786 conditionis
881 1754 1000 1792 fuerint,
1018 1754 1174 1786 secundum
1190 1756 1268 1794 quod

211 1793 297 1825 Casus
312 1796 395 1834 exigit
410 1796 443 1826 &
492 1794 625 1832 elicium,

250 1832 305 1871 Et,
323 1833 342 1863 fi
363 1834 437 1864 forte
455 1833 605 1870 contigerit
625 1832 746 1870 aliquam
767 1831 871 1862 Villam
885 1854 894 1869 ‚
911 1831 939 1861 in
955 1831 1081 1871 praesenti
1098 1841 1209 1871 captam
1224 1833 1269 1864 seu

211 1871 395 1910 capiendam,
415 1872 448 1901 &
469 1872 498 1901 in
518 1870 719 1905 Obedientiam
738 1870 863 1902 nostram
881 1870 1001 1908 positam
1024 1871 1068 1901 seu
1109 1871 1268 1909 onendam,

211 1909 256 1940 seu
270 1910 384 1947 aliquod
399 1910 558 1947 hujusmodi
572 1909 705 1940 Castrum
720 1908 897 1944 victualibus
909 1908 1034 1949 indigere
1045 1933 1055 1948 ,
1108 1910 1269 1950 istringeiidi

210 1949 245 1979 &
260 1947 461 1986 Compellendi
475 1947 723 1979 Constabularium
732 1947 919 1987 Burdegaliae,
937 1958 991 1985 pro
1005 1956 1136 1986 tempore
1149 1945 1269 1981 existen-

213 1994 290 2024 tem,
306 1987 341 2017 ad
360 1987 526 2017 solvendum
548 1997 601 2024 pro
623 1986 800 2018 vietualibus
814 2009 823 2025 ,
846 1987 1004 2017 neceflariis
1025 1997 1080 2025 pro
1103 1987 1270 2020 Munitione

211 2024 378 2055 Castrorum
393 2026 426 2056 δε
442 2025 579 2056 Villarum
594 2025 772 2064 hujusmodi,
797 2035 847 2063 per
862 2025 1061 2057 avisamentum
1077 2025 1203 2058 Concilii
1215 2038 1268 2059 no-

212 2062 261 2094 stri
276 2063 349 2101 apud
362 2063 554 2103 Burdegaliam
569 2074 623 2102 pro
635 2072 765 2103 ternpore
780 2063 936 2101 existentis,

250 2101 452 2132 Promittentes
472 2102 539 2133 Nos
581 2111 670 2133 ratum
685 2126 695 2141 ,
720 2109 811 2132 ratum
825 2125 835 2140 ,
851 2103 885 2133 &
898 2101 1014 2133 firmum
1029 2102 1175 2134 habituros
1187 2106 1268 2143 quic-

211 2140 281 2179 quid
294 2140 422 2179 praefatus
435 2140 560 2172 Senescal
572 2151 601 2172 us
638 2143 739 2172 virtute
753 2140 932 2171 Audloritatis
946 2140 980 2173 &
994 2139 1142 2174 Potestatis
1156 2143 1207 2174 sibi
1220 2154 1269 2183 per

211 2179 356 2249 peresentes
370 2179 584 2248 cogcceffarum,
601 2164 701 2211 fecerit
713 2181 742 2209 in
757 2178 918 2209 Praemiffis.

263 2228 281 2248 n
293 2228 329 2248 cu
340 2227 370 2247 us
440 2228 465 2247 c.

282 2228 467 2296 Te'ste'Rege
479 2256 551 2295 apud
567 2254 840 2297 Wstmonasterium,
859 2257 952 2288 xxviii.
970 2255 1017 2288 die
1033 2256 1145 2295 Aprilis.

677 2335 730 2363 Per
744 2331 827 2373 ipfitm
839 2335 936 2371 Regem
948 2331 987 2368 (ῤ’
1002 2333 1156 2366 Concilium.

256 2459 306 2491 De
324 2456 492 2501 Remiffione
510 2460 637 2492 Decimae
653 2460 689 2496 ὠ
705 2459 827 2506 Quinta
851 2456 967 2492 decimae
984 2460 1220 2495 Proclamanda.

213 2543 270 2599 R
279 2540 304 2572 E
314 2541 345 2572 X
354 2565 364 2581 ,
379 2542 605 2575 Vicecomitibus
619 2542 799 2581 Londoniae,
817 2542 950 2575 Salutem.

309 2581 462 2612 Audientes
476 2584 510 2614 &
524 2592 576 2621 pro
591 2591 671 2613 certo
684 2582 868 2619 intelligentes
887 2583 1068 2614 Adverfiirios
1080 2585 1114 2616 <Sc
1128 2584 1266 2617 Inimicos

211 2618 321 2649 nostros
344 2619 367 2649 F
368 2621 470 2650 ranciae
486 2643 496 2659 ,
519 2622 552 2652 ὃς
572 2621 657 2658 alibi,
674 2622 740 2651 totis
753 2621 858 2651 viribus
870 2621 1014 2652 intendere
1028 2624 1061 2654 &
1076 2623 1139 2653 fore
1156 2634 1266 2661 paratos

209 2656 243 2686 ad
264 2657 332 2688 Nos
355 2659 388 2689 ὅ(
402 2658 542 2697 Regnum
558 2659 688 2690 nostrum
711 2659 822 2698 Angliae
834 2659 867 2690 &
882 2660 989 2690 Fideles
1002 2661 1112 2692 nostros
1125 2663 1247 2700 ejusdem
1257 2687 1266 2701 ,

211 2695 305 2738 modo
323 2696 468 2728 Guerrino
480 2722 490 2736 ,
514 2697 720 2735 invadendum,
737 2706 886 2736 antequam
903 2700 1058 2736 poterimus
1073 2700 1164 2730 versus
1177 2711 1266 2739 partes

211 2733 433 2774 Tranimarinas‚
451 2736 485 2766 ad
499 2736 680 2768 resistendum
697 2745 796 2766 eorum
812 2746 1026 2775 praeconceptae
1040 2737 1177 2778 Malitiae,
1197 2750 1265 2770 cum

209 2771 356 2802 sufficienti
370 2772 533 2813 Comitiva,
552 2775 716 2813 poffibiliter
729 2774 797 2804 Nos
812 2774 966 2813 divertere,
985 2785 1016 2807 ut
1031 2776 1161 2816 deceret,

246 2810 292 2840 Ad
308 2809 537 2843 Custodiendum
551 2814 585 2844 &
606 2813 830 2843 Defendendum
853 2813 992 2850 Regnum
1013 2814 1143 2846 nostrum
1164 2817 1267 2854 praedi-

209 2848 291 2878 <stum
307 2849 528 2890 circumquaque
542 2874 551 2889 ,
575 2851 608 2882 ὅ(
631 2851 665 2882 ad
683 2850 883 2881 Resistendum
898 2852 1018 2885 Malitiae
1032 2852 1220 2886 Inimicorum
1233 2857 1267 2887 &

210 2886 440 2918 Adversariorum
469 2889 634 2920 nostrorum
655 2899 927 2929 quorumcumque,
957 2891 976 2921 fi
997 2890 1067 2922 Nos
1089 2901 1135 2922 aut
1156 2893 1266 2925 dictum

210 2925 345 2970 R-eonum
368 2926 498 2957 nostrum
515 2928 629 2967 aggredi
649 2927 870 2966 praesumpserint
886 2951 896 2967 ,
911 2930 978 2960 totis
992 2931 1099 2962 viribus
1114 2931 1216 2962 nostris
1232 2935 1266 2964 &

213 2963 245 2993 Fi
266 2964 351 2995 elium
368 2964 531 2997 nostrorum
546 2966 690 2996 intendere
709 2967 842 2997 volumus
858 2990 866 3004 ,
890 2968 924 2998 ὃ(
941 2969 1015 2998 circa
1028 2969 1056 2999 id
1070 2979 1189 3000 omnem
1204 2971 1271 3003 dili-,

208 3004 334 3071 ggssitgam
354 3003 480 3034 nostram
493 3027 504 3043 ,
527 3005 625 3036 divina
647 3005 731 3035 nobis
749 3005 927 3036 succurrente
944 3006 1121 3046 Clementia,
1144 3010 1267 3040 totaliter

208 3050 222 3070 a
264 3052 271 3070 1
293 3051 356 3080 ere,

225 3117 231 3123 .
248 3079 368 3118 Propter
388 3080 464 3119 quod
478 3104 488 3120 ,
511 3091 545 3112 ex
565 3081 672 3120 speciali
694 3082 728 3113 &
751 3092 830 3113 mero
853 3091 935 3115 motu
956 3084 1071 3123 nostro,
1089 3085 1190 3116 nullius
1201 3087 1267 3118 alte-

209 3127 265 3147 rius
279 3119 481 3151 interveniente
493 3119 647 3159 Concilio,
665 3121 706 3151 ob
719 3121 814 3151 zelum
831 3121 864 3152 &
879 3123 1090 3161 quietem-quos
1104 3124 1138 3155 ad
1153 3123 1266 3156 fidelem

208 3155 353 3193 Populum
375 3157 504 3189 nostrum
527 3159 624 3196 Regni
642 3159 731 3189 nostri
747 3160 874 3198 praediffi
888 3162 1081 3199 multipliciter
1094 3164 1218 3202 gerimus
1233 3166 1266 3197 &

209 3193 345 3224 habemus
360 3195 495 3233 (quorum
510 3198 594 3227 etiarn
607 3197 746 3228 transastis
759 3198 902 3230 Oneribus
914 3210 976 3231 non
992 3200 1140 3231 modicum
1153 3203 1267 3234 condo·—

210 3231 312 3276 lemus)
327 3234 476 3278 ‚quandam
497 3233 651 3265 Decimam
673 3236 706 3266 &
729 3236 1028 3275 Qintam-decimam
1042 3262 1052 3277 ,
1071 3239 1170 3270 Nobis
1184 3242 1266 3272 certis

212 3269 435 3302 Conditionibus
454 3282 484 3302 in
502 3273 603 3303 ultimo
624 3273 812 3305 Parliamento
831 3275 930 3307 nostro
953 3287 1001 3314 per
1021 3278 1040 3298 ²*
1062 3277 1209 3310 Dominos
1233 3281 1266 3312 &

212 3307 442 3352 Communitates
455 3310 675 3349 Comitatuum,
690 3310 847 3344 Civitatum
863 3315 897 3345 &
917 3315 1077 3354 Burgorum
1099 3317 1197 3355 Regni
1212 3330 1267 3349 no-

211 3346 259 3391 stri
272 3346 399 3391 praedidfti
414 3348 574 3387 conceffas,
588 3349 622 3379 ad
638 3349 754 3380 Festum
768 3351 931 3383 Nativitatis
944 3354 1038 3384 Sanffi
1049 3354 1186 3392 Johannis
1196 3356 1268 3394 Bap-

210 3385 282 3415 tistae
303 3388 436 3423 proximo
458 3386 585 3417 futurum
605 3387 756 3419 Solvendas
770 3411 783 3427 ,
804 3388 940 3421 Omnino
959 3391 1088 3422 duximus
1102 3393 1268 3425 Remitten-

210 3423 275 3460 das,
293 3423 434 3468 Nolentes
456 3425 536 3463 quod
558 3425 682 3457 Decima
699 3426 746 3458 seu
769 3427 989 3466 Qiintadecima
1002 3431 1136 3469 praedista
1151 3432 1184 3463 ad
1196 3443 1269 3472 opus

210 3461 342 3492 nostrum
354 3463 456 3493 alicubi
470 3465 591 3503 exigatur
604 3464 649 3495 seu
664 3464 786 3504 levetur,

248 3499 286 3530 Et
298 3499 363 3531 ideo
377 3501 459 3544 vobis
472 3501 644 3546 Mandamus
654 3503 735 3542 quod
749 3505 779 3535 in
792 3504 912 3545 Singulis
933 3505 1003 3537 locis
1014 3529 1024 3545 ,
1048 3507 1120 3538 infra
1134 3507 1268 3541 Ballivam

210 3538 352 3582 vestram,
368 3539 416 3570 ubi
431 3540 577 3578 expediens
590 3541 672 3573 fuerit
683 3542 718 3573 &
733 3543 845 3574 necess’e
862 3566 871 3581 ,
889 3554 940 3582 pro
956 3545 1055 3583 majori
1072 3546 1270 3579 Confortatio-

211 3585 249 3607 ne
270 3576 338 3620 dieti
362 3576 464 3614 Populi
484 3578 573 3622 nostri
588 3601 598 3616 ,
622 3579 772 3612 Tenorem
787 3582 928 3620 praesentis
942 3583 1037 3614 Brevis
1051 3584 1140 3615 nostri
1156 3587 1270 3623 publice

214 3614 302 3653 Legi,
320 3614 512 3660 Proclamari,
529 3618 562 3649 &
583 3616 738 3650 Notificari
760 3620 865 3652 faciatis
878 3622 1010 3662 indilate,
1029 3624 1062 3654 &
1078 3624 1136 3655 hoc
1152 3625 1270 3656 nullate-

213 3662 266 3683 nus
280 3663 423 3684 omittatis.

249 3692 340 3723 Teste
353 3691 435 3732 Rege
445 3692 520 3733 apud
533 3694 641 3734 Redyng
648 3717 658 3734 ‚
673 3694 804 3728 Decimo
819 3697 933 3736 Quinto
944 3698 1003 3730 Die
1020 3699 1102 3731 Maii.

900 3775 954 3803 Per
967 3775 1048 3814 ipsum
1061 3778 1167 3814 Regem.

250 3843 400 3885 Confimilia
414 3848 522 3877 Brevia

543 3847 698 3885 diriguntur
713 3847 831 3886 Singulis
844 3851 872 3878 V
875 3851 1048 3882 icecomitihus
1056 3860 1106 3891 per
1120 3853 1254 3892 Angliam
1263 3877 1273 3893 ,

203 3878 257 3918 fitb
270 3884 360 3915 eadem
375 3887 465 3916 Data.

1311 166 1796 211 PUssLlca.
2303 168 2378 224 1533

1954 269 1961 285 N

1468 345 1561 388 Super
1583 345 1721 388 Captionc
1738 340 1835 384 Castri
1852 341 1888 374 de
1908 343 2014 374 Saucia
2032 341 2204 374 Salvatore.

1309 427 1363 485 R
1375 428 1448 498 ESX·
1465 427 1628 477 Omnibus,
1647 430 1680 460 ad
1694 440 1781 469 quos,
1797 431 1856 462 δίε.
1876 430 2011 461 Salutem.

1424 477 1498 498 ciens
1533 469 1607 505 uod,

1343 504 1421 535 Cum
1432 528 1441 543 ,
1461 478 1588 536 Dil‘eltfftus
1602 507 1635 536 &
1651 506 1753 536 Fidelis
1771 506 1856 537 Miles
1869 506 1979 544 noster,
1994 506 2141 544 Johannes
2155 506 2289 546 Anefley,

1344 543 1404 582 Qi
1417 544 1589 582 desponsavit
1605 543 1765 583 Istzbellam,
1784 555 1870 576 uuam
1886 544 2043 575 Heredum
2057 544 2199 583 Johannfs
2222 545 2363 582 chandos,

1306 580 1440 612 Chivaler
1451 581 1578 612 defuncsti
1586 606 1595 618 ,

1345 620 1406 657 Qui
1420 622 1508 651 tenuit
1524 622 1551 650 in
1568 620 1667 651 Feodo
1683 619 1817 651 Castrum
1833 621 1868 651 de
1880 621 1986 651 Saneto
2007 621 2142 651 salvatore
2157 644 2166 659 ,
2195 631 2262 651 cum
2281 621 2366 659 perti-

1306 660 1406 688 nentiis
1420 682 1428 696 ,
1453 659 1480 688 in
1500 657 1588 689 Insula
1609 659 1644 688 de
1667 658 1855 690 Constantine
1869 683 1878 696 ,
1905 661 1932 688 in
1952 659 2153 696 Normannia,
2172 668 2207 689 ex
2223 659 2315 690 Dono
2330 662 2364 691 &

1306 696 1507 734 Feofanieiito,
1523 696 1653 727 cariffimi
1670 696 1792 727 Domini
1807 698 1839 728 δε
1855 700 1920 726 Avi
1933 697 2029 736 nrstr),
2045 700 2122 734 Regis
2135 697 2281 734 defunffi,

1345 735 1498 772 Qiandam
1519 736 1695 773 Qerelam,
1719 746 1767 773 per
1792 735 1947 773 Duellum,
1966 741 2061 766 coram
2078 736 2194 773 Nobis,
2210 738 2239 765 in
2258 735 2366 765 Palatio

1306 772 1405 802 nostro
1425 773 1674 803 &Vestmonasterii
1689 797 1698 810 ‚
1723 774 1814 804 versus
1837 773 1965 802 Tlaomam
1984 774 2016 803 de
2036 779 2166 804 Caterton
2179 798 2188 812 ‚
2214 774 2366 804 occasione

1307 809 1458 879 §aptionfis
1471 810 1563 855 Castri
1574 811 1720 850 praedicti,
1737 822 1785 849 per
1802 812 1824 841 F
1827 814 1986 849 rancigenas
1999 811 2134 842 inimicos
2147 812 2278 851 nostros,
2295 820 2363 849 pro-

1320 857 1416 879 ecutus
1443 858 1511 879 uerit

1345 886 1382 917 Et
1410 872 1597 924 postmo⁷dum
1612 911 1621 925 ,
1646 897 1715 918 cum
1737 887 1862 925 praediffi
1878 888 2022 926 Johannes
2048 889 2082 919 &
2101 888 2235 919 Thomas
2254 887 2368 918 insimul

1309 923 1514 964 Pugnaverint,
1532 927 1562 955 in
1578 926 1720 963 praesentia
1734 926 1828 956 nostra
1841 951 1850 963 ,
1878 928 1906 956 in
1921 929 2023 956 eodem
2039 925 2132 963 Bello,
2151 936 2203 963 pro
2219 937 2277 957 uno
2294 936 2368 957 tem⁴

1307 973 1394 1031 pope?
1412 964 1531 995 eandem
1546 964 1703 1002 Querelam
1718 965 1747 994 in
1762 974 1881 995 manum
1894 964 2018 995 nostram
2035 966 2211 1003 ceperimus,

1383 1012 1414 1032 os

1345 1025 1432 1071 Tam2
1445 1042 1476 1071 in
1494 1041 1805 1079 Recompensationem
1824 1041 1908 1071 totius
1923 1040 2046 1080 Regardi
2064 1040 2141 1079 quod
2157 1039 2368 1079 di&usJohan-

1308 1087 1374 1117 nes,
1390 1080 1541 1110 occasione
1563 1080 1697 1119 Qierelae
1717 1079 1878 1118 praedhffie,
1896 1081 1928 1110 St
1949 1080 2074 1117 praediffl
2095 1079 2240 1116 Johannes
2258 1079 2292 1110 &
2315 1078 2370 1108 Isa-

1307 1117 1394 1156 bella,
1414 1128 1600 1156 quocumque
1623 1119 1713 1148 modo
1729 1141 1738 1156 ‚
1762 1119 1869 1148 ratione
1890 1117 1981 1148 Casti-i
2004 1117 2146 1157 praedieti,
2164 1118 2200 1147 de
2213 1118 2296 1147 nobis
2310 1117 2369 1147 exi-

1305 1164 1370 1195 gere
1384 1165 1533 1195 poterunt,
1552 1159 1638 1194 quam
1653 1167 1705 1195 pro
1720 1166 1756 1187 eo
1771 1156 1850 1194 quod
1868 1157 2015 1193 praedifftus
2025 1155 2170 1194 Johannes
2186 1166 2270 1193 penes
2283 1155 2364 1193 Nos,

1305 1194 1341 1224 de
1362 1195 1524 1225 Retinentia
1545 1195 1640 1226 nostra
1654 1219 1663 1232 ,
1687 1195 1721 1225 ad
1735 1194 1803 1225 Nos
1825 1203 1882 1225 tam
1899 1195 1935 1224 de
1948 1194 2022 1225 Pace
2036 1195 2122 1232 quam
2138 1195 2174 1225 de
2189 1194 2302 1225 Guerra
2314 1194 2365 1224 de-

1303 1232 1479 1263 serviendum
1489 1256 1498 1271 ,
1516 1233 1557 1263 est
1570 1233 1711 1264 Retentus
1725 1243 1778 1272 pro
1794 1234 1918 1264 termino
1932 1235 1997 1264 vitae
2012 1234 2083 1270 stite,

1341 1270 1543 1302 Conceslimus
1556 1272 1676 1309 eisdem,
1694 1272 1823 1310 Johanni
1838 1272 1869 1301 &
1886 1269 2028 1310 Isbbellae,
2047 1271 2236 1311 Quadraginta
2252 1270 2364 1309 Libras,

1305 1310 1495 1347 percipiendas
1516 1310 1625 1349 singulis
1647 1310 1738 1340 Annis
1759 1310 1792 1340 ad
1812 1310 1994 1340 Scaccarium
2008 1310 2157 1348 nostrum,
2178 1311 2211 1340 ad
2226 1311 2362 1339 terminos

1305 1348 1399 1378 Santsti'
1416 1348 1563 1379 Michaelis
1577 1349 1609 1379 ὅτ
1624 1348 1737 1379 Paschae
1747 1371 1756 1386 ,
1771 1359 1819 1387 per
1833 1349 1951 1386 aequales
1966 1349 2114 1379 Portiones
2129 1373 2138 1384 ,
2156 1349 2190 1379 :td
2204 1357 2295 1379 totam
2312 1346 2365 1377 Vi-

1306 1395 1363 1416 tam
1378 1387 1540 1430 ·eorundem
1558 1387 1696 1426 Johannis
1715 1388 1749 1419 &
1770 1386 1905 1426 isabellae,
1921 1388 1952 1419 ὃς
1965 1397 2066 1418 eorum
2080 1388 2187 1417 alterius
2204 1386 2306 1416 diutius
2321 1387 2365 1416 vi-

1306 1434 1413 1462 ventis,

1343 1462 1380 1493 Et
1402 1463 1514 1495 ulterius
1534 1463 1756 1495 Pardonavimus
1778 1464 1894 1501 praefato
1903 1463 2025 1501 Johanni
2039 1463 2218 1494 omnimodas
2236 1463 2366 1493 Summas

1307 1499 1499 1531 Denariorutri
1512 1525 1521 1539 ,
1549 1513 1598 1540 per
1621 1503 1710 1540 ipsum
1726 1503 1922 1539 Receptorum
1938 1503 1973 1532 de
1987 1502 2134 1539 praestitis,
2153 1503 2186 1532 ad
2201 1500 2362 1538 Receptam

1307 1540 1446 1608 Sciit-carii
1459 1541 1548 1609 neggi
1562 1541 1607 1572 vel
1620 1542 1649 1571 in
1664 1540 1784 1571 camera
1799 1539 1910 1578 nostra,
1928 1540 1992 1580 post
2007 1540 2114 1572 Bellum
2129 1540 2326 1578 supradiCtum.

1357 1589 1376 1609 n
1389 1588 1425 1608 cu
1437 1587 1467 1609 us
1535 1589 1561 1609 c.

1381 1590 1568 1656 Te¹ste²Rege
1579 1616 1653 1656 apud
1666 1615 1939 1657 Wstneonasterium,
1955 1617 2028 1647 xxvi.
2047 1615 2091 1646 die
2106 1615 2188 1646 Maii.

1806 1695 1858 1723 Per
1875 1697 1966 1723 Breve
1979 1693 2010 1722 de
2026 1694 2146 1722 Privato
2161 1691 2260 1730 Sigillo.

1367 1822 1461 1866 Super
1480 1817 1666 1862 Arestasione
1686 1819 1828 1852 Navium
1844 1817 2036 1864 portugalie,
2059 1815 2095 1849 de
2111 1814 2302 1849 Intendendo.

1307 1903 1433 1962 REX
1447 1928 1457 1941 ,
1480 1903 1588 1935 dilectis
1610 1903 1681 1942 fibi,
1706 1903 1837 1942 Johanm'
1858 1901 2020 1941 Polymond,
2040 1901 2146 1939 Maiori
2159 1900 2242 1932 Villae
2258 1900 2363 1932 nostrae

1379 1943 1608 1981 Suthamptoniae
1623 1965 1634 1982 ‚
1649 1944 1683 1975 ὅτ.
1694 1942 1811 1972 Roberto
1822 1942 1975 1978 Bekerton,
1990 1940 2128 1971 Servienti
2141 1939 2242 1971 nostro
2256 1940 2291 1970 ad
2307 1940 2364 1971 Ar-

1306 1981 1537 2058 mzb’cisaeilsuiqetigd
1552 2019 1746 2059 affignavimus
1767 2028 1819 2050 vos
1854 2017 2033 2055 conjunfflm
2048 2042 2057 2055 ,
2077 2017 2110 2047 &
2120 2017 2252 2062 divisim,
2270 2015 2304 2047 ad
2319 2017 2362 2047 A-

1306 2057 1467 2089 restandum
1481 2059 1514 2089 &
1524 2057 1703 2099 Capiendum
1716 2067 1817 2101 omnes
1826 2041 1923 2101 Naves
1938 2056 1974 2086 de
1986 2056 2141 2099 portugalia
2151 2079 2159 2094 ,
2179 2066 2206 2085 in
2222 2063 2363 2100 quocum-

1307 2106 1363 2134 que
1383 2097 1472 2128 Portu
1485 2121 1495 2135 ,
1520 2097 1567 2127 seu
1586 2097 1664 2135 supra
1679 2088 1781 2133 Mare,
1799 2096 1870 2126 infra
1887 2095 2063 2138 Ligeantiam
2079 2095 2223 2138 nostram,
2241 2102 2364 2137 inventae

1305 2135 1411 2166 fuerint
1425 2159 1435 2174 ,
1455 2145 1488 2167 ac
1511 2144 1613 2166 omnes
1628 2134 1805 2165 Mercatores
1819 2134 1852 2165 &
1866 2133 2055 2164 Mercandisas
2069 2132 2202 2164 Navium
2218 2132 2365 2170 praedic‘ta-

1306 2184 1371 2204 ΝΠ,
1380 2196 1389 2212 ²
1872 2208 2014 2250 Magistro
2030 2209 2125 2240 Sariffl
2135 2209 2237 2248 Jacobi
2251 2208 2285 2239 de
2293 2202 2366 2239 Por-

1344 2211 1382 2244 Et
1395 2222 1445 2244 eos
1459 2211 1589 2252 Johanni
1603 2213 1635 2242 de
1652 2212 1835 2243 Ferdinandes

1307 2251 1407 2291 tugalia
1421 2274 1430 2289 ,
1454 2252 1502 2281 uni
1524 2250 1764 2282 Ambaffiatorum
1786 2251 1819 2280 &
1843 2233 2064 2279 Procuratorum
2081 2247 2169 2292 Regis
2181 2247 2366 2286 Portugaliae,

1308 2300 1360 2328 pro
1375 2289 1540 2328 quibusdam
1561 2291 1645 2321 certis
1659 2289 1762 2327 causis,
1781 2288 1917 2319 Concilio
1930 2286 2028 2317 nostro
2039 2297 2088 2326 per
2103 2286 2364 2325 ipsumJohannem

1307 2328 1419 2366 relatis,
1444 2328 1656 2359 deliberandum
1669 2351 1679 2367 ,
1703 2329 1753 2365 qui
1773 2327 1888 2365 quidem
1906 2325 2051 2363 johannes
2067 2327 2227 2363 manucepit
2248 2324 2282 2355 ad
2303 2324 2366 2354 Re-

1308 2366 1504 2405 spondendum
1520 2390 1531 2406 ,
1547 2367 1582 2397 de
1605 2367 1736 2397 Navibus
1747 2389 1756 2404 ,
1781 2364 2008 2401 Mercatoribus,
2026 2364 2059 2394 &
2075 2363 2260 2395 Mercandisis
2274 2363 2366 2401 supra-

1307 2406 1387 2436 dietis
1400 2428 1409 2442 ,
1432 2406 1603 2443 cuicumque
1621 2405 1648 2435 se
1669 2406 1808 2442 conqueri
1827 2404 1960 2440 volenti,
1985 2403 2018 2432 &
2041 2401 2077 2433 de
2091 2403 2193 2432 Aresto
2210 2402 2367 2442 praediolo,

1307 2453 1367 2475 tam
1387 2444 1462 2483 Regi
1483 2443 1652 2484 Portugaliae
1667 2467 1677 2483 ,
1703 2444 1790 2481 quam
1811 2442 2022 2473 Communitati
2034 2440 2154 2480 ejusdem
2169 2441 2281 2480 Regni,
2298 2441 2367 2472 Nos

1306 2484 1412 2514 servare
1426 2482 1614 2521 Indempnes;
2184 2517 2189 2523 .

1343 2521 1381 2552 Et
1399 2523 1464 2553 ideo
1479 2523 1575 2558 vobis,
1594 2522 1673 2559 super
1688 2519 1756 2550 Fide
1770 2520 1803 2550 &
1819 2518 1984 2557 Ligeantia,
2003 2518 2104 2560 quibus
2118 2517 2204 2548 nobis
2219 2519 2366 2556 tenemini,

1305 2560 1480 2599 Injungiinus
1494 2561 1528 2590 &
1545 2558 1730 2596 Mami-arnus,
1748 2558 1828 2596 quod
1845 2559 1919 2588 circa
1935 2556 2079 2587 Praemissa
2093 2556 2111 2575 '¹‘
2127 2566 2195 2585 cum
2212 2558 2294 2586 omni
2311 2557 2366 2586 Di-

1305 2599 1417 2636 ligentia
1438 2598 1586 2629 intendatis
1599 2621 1610 2637 ,
1635 2598 1669 2628 &
1690 2607 1723 2628 ea
1743 2597 1848 2627 faciatis
1872 2596 1905 2627 ὃ(
1920 2596 2097 2634 exequamini
2112 2595 2142 2624 in
2157 2595 2249 2625 forma
2262 2597 2365 2633 praedi-

1306 2638 1368 2668 eta·

1343 2661 1456 2707 fiamus
1473 2684 1567 2706 autem
1588 2673 1721 2705 universis
1743 2674 1775 2705 &
1789 2671 1900 2711 singulis
1913 2671 2091 2715 Admirallis,
2110 2671 2286 2710 Capitaneis,
2306 2671 2365 2702 Ca-

1306 2714 1441 2752 stellanis,
1461 2714 1495 2745 &
1515 2723 1615 2745 eorum
1639 2713 1721 2743 Loca
1739 2713 1898 2742 tenentibus
1912 2733 1922 2748 ,
1948 2709 2126 2741 Custodibus
2141 2708 2281 2741 Portuum
2298 2711 2366 2741 Ma-

1306 2754 1357 2792 ris,
1376 2753 1410 2784 &
1424 2752 1544 2783 aliorum
1563 2752 1712 2783 Locorum
1735 2750 1965 2788 Maritimorum‚
1985 2747 2228 2784 Vicecomitibus,
2247 2748 2367 2788 Majoria

1305 2792 1374 2829 bus,
1394 2788 1519 2829 Ballivis,
1538 2789 1696 2828 Ministris,
1714 2789 1747 2820 &
1762 2789 1821 2819 aliis
1837 2788 1977 2818 Fidelibus
1990 2789 2023 2819 &
2037 2786 2160 2830 Subditis
2172 2787 2289 2830 nostris,
2304 2797 2362 2818 tam

1306 2840 1356 2868 per
1373 2829 1456 2860 Mare
1470 2830 1558 2868 quam
1572 2839 1621 2867 per
1634 2827 1756 2859 Terram
1777 2827 1935 2857 constitutis
1949 2850 1958 2863 ,
1974 2824 2056 2863 quod
2075 2825 2172 2862 vobiS‚
2191 2835 2218 2854 in
2233 2825 2366 2856 Praeniis-

1307 2869 1338 2898 sis
1352 2868 1487 2899 omnibus
1510 2869 1542 2899 ὃς
1564 2867 1675 2907 singulis
1696 2865 1829 2897 faciendis
1850 2866 1883 2896 &
1898 2863 2083 2902 exequendis,
2101 2862 2281 2893 Intendentes
2295 2863 2364 2902 sint,

1307 2906 1510 2944 consulentes,
1527 2908 1561 2938 &
1575 2905 1734 2936 auxiliantes
1747 2904 1876 2942 quotiens
1891 2903 1924 2934 &
1938 2910 2024 2939 prout
2039 2911 2088 2939 per
2101 2911 2169 2939 νος,
2188 2901 2232 2931 seu
2245 2902 2365 2937 alterum

1306 2944 1450 2984 vestrum,
1468 2945 1547 2983 super
1561 2944 1630 2982 hiis,
1649 2953 1683 2973 ex
1696 2951 1772 2980 parte
1791 2940 1889 2972 nostra
1902 2965 1912 2978 ,
1938 2941 2041 2970 fuerint
2055 2940 2235 2978 praemuniti,
2252 2940 2366 2970 dumta-·

1307 2994 1374 3015 men
1388 2984 1464 3014 idem
1474 2983 1619 3021 Johannes
1633 2980 1801 3019 Custumas,
1817 2979 1962 3018 Subfidia,
1980 2980 2013 3010 &
2028 2978 2078 3008 alia
2087 2977 2226 3016 Deveria,
2243 2978 2278 3009 de
2285 2978 2367 3010 Mer-

1307 3022 1423 3055 candisis
1435 3020 1574 3090 praedgce‘tis
1588 3020 1698 3059 debita,
1712 3018 1830 3050 fideliter
1843 3018 1930 3049 solvat
1945 3025 2029 3055 prout
2042 3016 2133 3048 decet.

1443 3070 1472 3090 us
1537 3069 1562 3090 c.

1345 3060 1466 3130 In‘l'c'elljte
1477 3084 1567 3136 Rege
1579 3095 1654 3136 apud
1671 3093 1948 3136 Westmonasterium,
1966 3093 2104 3124 vicesimo
2115 3093 2192 3124 sexto
2204 3091 2249 3122 die
2266 3091 2348 3122 Maii.

1576 3223 1625 3254 De
1643 3217 1850 3265 Proficiftendo
1869 3228 1973 3251 contra
1989 3220 2098 3249 Scotos.

1312 3311 1367 3366 R
1379 3306 1403 3339 E
1413 3307 1461 3346 X,
1477 3304 1635 3337 Venerabili
1651 3307 1679 3336 in
1694 3303 1812 3335 Christo
1827 3303 1904 3334 Patri
1915 3326 1924 3341 ,
1941 3300 2102 3345 Wleadem
2119 3300 2204 3339 gratia
2217 3322 2227 3338 ,
2249 3299 2367 3330 Archio-

1384 3345 1484 3386 pifiopo
1495 3344 1686 3384 Cantuarienfi
1693 3367 1702 3382 ,
1719 3345 1805 3374 totius
1821 3342 1936 3379 Angliae
1950 3341 2082 3384 Primati,
2102 3339 2234 3369 Salutem.

1346 3385 1439 3423 Qiia,
1457 3384 1490 3414 ad
1513 3383 1695 3413 salvationem
1716 3382 1844 3412 Coronae
1867 3380 1971 3410 nostrae
1992 3386 2074 3421 regite
2089 3399 2098 3414 ,
2122 3387 2368 3421 communemque

1310 3424 1479 3463 Magnatum
1495 3423 1528 3453 δε
1541 3421 1697 3452 Procerum
1711 3430 1745 3451 ac
1761 3421 1845 3450 totius
1861 3417 1961 3455 Populi
1976 3416 2074 3459 Regni,
2081 3416 2166 3445 nostri
2181 3415 2297 3453 Angliae
2315 3424 2367 3446 uti-

1309 3463 1431 3499 litatem,
1449 3469 1563 3491 necnon
1577 3459 1611 3490 ad
1626 3459 1776 3497 Dampna,
1796 3457 1947 3491 Scaudala,
1965 3455 1997 3484 &
2013 3448 2153 3494 Pericula,
2175 3463 2239 3497 quae
2252 3463 2286 3484 ex
2295 3453 2368 3498 Sco-

1310 3510 1425 3538 torum,
1443 3499 1631 3530 Inimicorum
1652 3498 1686 3528 &
1708 3496 1872 3528 Rebellium
1887 3493 2066 3536 nostrorum,
2085 3491 2272 3530 Rebellione,
2290 3493 2309 3522 fi
2323 3502 2368 3530 ip-

1309 3541 1366 3571 sam
1381 3539 1482 3569 diutius
1495 3536 1619 3567 sustineri
1632 3537 1823 3574 contingeret,
1843 3532 1956 3570 poffent
1968 3531 2112 3574 accidere,
2132 3539 2217 3567 prout
2230 3539 2288 3561 tam
2296 3540 2368 3568 prae-

1311 3580 1426 3609 teritum
1445 3585 1555 3613 tempus
1574 3576 1662 3613 quam
1685 3573 1802 3612 praesens
1818 3572 1957 3608 edocent,
1976 3569 2117 3599 salubriter
2132 3569 2368 3608 praecavendum²

1313 3615 1517 3647 Ordimvimus
1539 3614 1572 3644 δε
1594 3611 1786 3650 proponimus
1800 3635 1809 3649 ,
1836 3610 1904 3640 Deo
1919 3606 2096 3651 concedente
2112 3607 2183 3651 effe,
2205 3607 2369 3652 Quartode-

1313 3657 1391 3685 cimo
1407 3654 1463 3683 Die
1474 3650 1556 3690 julii,
1575 3653 1712 3689 proximo
1733 3650 1829 3680 futuro
1841 3673 1851 3685 ,
1874 3647 1946 3685 apud
1962 3645 2067 3690 Villam
2084 3645 2172 3690 Novi·
2183 3644 2274 3689 Caitri
2288 3645 2368 3684 super

1312 3693 1444 3733 Tyriam,
1460 3700 1527 3721 cum
1543 3690 1632 3727 Equis
1647 3691 1680 3720 &
1696 3690 1807 3726 Armis,
1826 3688 1859 3718 ὃς
1872 3695 1935 3716 toto
1948 3684 2072 3714 Servmo
2087 3683 2187 3714 Nobis
2198 3683 2297 3714 debito

1350 3731 1397 3761 Ad
1412 3729 1647 3769 proficiscendum
1661 3727 1762 3758 exinde
1771 3751 1779 3763 ,
1798 3734 1896 3756 contra
1908 3722 2133 3767 diQosOScotOS,
2149 3721 2183 3752 ad
2197 3731 2298 3752 eorum
2305 3707 2371 3754 Re«

1312 3770 1466 3800 bellionem
1480 3790 1489 3804 ,
1512 3765 1663 3796 Perfidiam
1678 3789 1687 3803 ,
1711 3767 1744 3796 ὅ(
1765 3764 1933 3802 Nequitiam
1956 3761 2070 3793 viriliter
2084 3761 2118 3791 &
2133 3769 2282 3798 potenter,
2299 3771 2371 3792 cum

1315 3807 1373 3839 Dei
1391 3807 1538 3844 Adiutorio
1576 3803 1802 3842 Reprimendum
1814 3826 1824 3842 ‚
1930 3839 1935 3844 ¹
2075 3838 2080 3843 .
2211 3836 2217 3842 ὁ
2349 3839 2353 3843 ι

1354 3845 1445 3876 Vobis
1462 3828 1651 3881 Mandamus,
1669 3843 1697 3872 in
1713 3841 1767 3871 fide
1780 3842 1813 3872 &
1828 3839 2015 3882 Dilectione,
2034 3836 2135 3875 quibus
2148 3835 2231 3867 nobis
2247 3845 2370 3882 tenemi⁴

1316 3886 1361 3922 ni,
1377 3884 1494 3914 firmiter
1509 3881 1589 3919 Injun
1607 3890 1688 3911 entes
1701 3880 1783 3918 quod
1798 3887 1891 3910 totum
1903 3878 2055 3908 Servitium
2065 3899 2075 3913 ,
2092 3876 2171 3913 quod
2184 3876 2270 3906 nobis
2284 3877 2371 3920 debe-

1316 3925 1365 3961 tis,
1384 3922 1504 3952 habeatis
1517 3920 1552 3949 ad
1604 3929 1654 3956 os,
1672 3918 1706 3949 ad
1721 3917 1870 3956 praedieros
1890 3915 1979 3946 Diem
2000 3915 2032 3945 ἃ
2050 3914 2183 3958 Locum,
2201 3923 2271 3945 cum
2287 3914 2375 3958 Equis

1316 3963 1350 3992 &
1367 3961 1460 3991 Armis
1475 3959 1548 3989 bene
1565 3957 1715 3988 Munitum
1732 3958 1765 3988 &
1783 3956 1914 3987 Paratum
1931 3977 1940 3991 ,
1958 3953 1992 3983 ad
2008 3951 2248 3984 proficiscendum
2262 3952 2376 3983 Nobis-

1317 4009 1385 4030 cum
1400 4006 1498 4028 contra
1511 3997 1615 4027 &cotos
1628 3994 1780 4035 praedictos
1793 4017 1803 4032 ,
1826 3993 1859 4024 ad
1871 3991 2006 4023 induratas
2020 3990 2160 4022 Malitiam
2177 3992 2211 4022 &
2228 3991 2376 4021 RebelliOa

1315 4047 1383 4067 nem
1399 4036 1522 4073 ipsorum
1535 4043 1665 4073 potenter
1680 4036 1713 4065 &
1727 4033 1840 4064 viriliter
1849 4029 2086 4067 Conterendum3
2103 4028 2140 4060 Et
2152 4029 2211 4062 hoe
2222 4028 2377 4060 nullatenus

1315 4077 1458 4106 omittatis.
2290 4099 2379 4135 Teste

2385 251 2462 285 Ann.
2472 249 2514 287 D.

2402 293 2484 332 1385.

2380 334 2434 361 Ric.
2452 343 2481 362 a.

2379 440 2431 464 An.
2447 437 2474 466 8.

2382 481 2409 502 R.
2432 485 2457 502 2.

2383 514 2477 541 Pae.8.

2380 556 2400 579 R
2419 557 2477 590 2.p.

2386 600 2411 618 2.
2428 590 2497 618 m.8.

2384 1897 2503 1930 Ann.D

2413 1939 2494 1977 1385.

2383 1981 2434 2006 An.
2450 1978 2478 2006 8.

2379 2021 2400 2044 R
2429 2026 2456 2043 2.

2381 2055 2484 2082 Ibidem.

2379 2103 2413 2123 m.
2432 2101 2476 2121 12.

2385 2540 2482 2573 *vit

2380 2594 2447 2622 473·

2382 3301 2458 3333 Ann.
2474 3298 2516 3335 D.

2408 3343 2490 3381 1385.

2385 3384 2437 3408 An.
2452 3381 2480 3407 8.

2383 3423 2413 3447 R.
2433 3428 2458 3445 2.
2500 3452 2503 3453 V

2384 3457 2470 3493 Claus.
2488 3453 2516 3484 8<

2384 3500 2413 3523 R.
2438 3505 2463 3522 2.
2479 3503 2518 3523 m.

2386 3533 2413 3561 8.
2425 3533 2453 3562 d.
