2561 4251
219 114 299 150 116

68 198 145 230 Ann.
162 199 201 231 D.
218 197 290 235 bus,
309 204 355 227 aut
363 193 511 231 Deputatis
524 191 590 227 suis,
609 188 654 219 seu
669 187 779 218 causam
795 183 962 215 habentibus
978 181 1014 210 ab
1028 178 1130 209 eisdem
1141 200 1149 215 ,
1168 187 1183 207 a
1198 175 1283 206 Festo

97 240 180 278 1381.
217 237 314 266 Sancti
332 232 500 268 lxlic‘naelis,
519 229 656 267 proximo
672 226 786 262 futuro,
804 224 838 253 ad
853 231 940 252 unum
955 219 1072 262 Annum
1092 217 1284 260 continuum,

68 282 119 311 Ric.
140 290 166 308 2.
218 276 321 313 absque
341 270 520 303 dilationibus
540 267 587 298 seu
606 265 730 304 diffugiis
755 261 949 296 ulterioribus,
965 267 994 287 in
1012 256 1124 287 Caleiio
1143 254 1283 285 Resolva-

216 323 278 351 tur,

255 351 340 387 Nos,
1011 374 1016 379 ι
1205 370 1210 375 ι

255 390 339 427 Ipsius
363 387 464 417 Fratris
486 383 575 415 nostri
599 380 808 413 Liberalitatem
832 378 864 408 ὃς
888 376 1123 410 Humanitatem,
1141 371 1225 401 nobis
1246 369 1279 400 ὃς

217 430 318 461 eisdem
341 424 593 457 Ambaffiaroribus
614 419 717 450 nostris
738 417 873 448 exhibitas
887 438 896 454 ,
928 412 1173 453 quamplurimum
1194 418 1280 439 com-

237 467 319 497 ]enda
384 489 391 496 .

216 479 237 499 n
255 507 300 536 Ac
315 475 443 536 egigni&
457 499 602 542 propterea
617 496 711 528 eidem
727 496 817 526 Fratri
829 492 929 524 nostro
944 491 981 522 de
996 489 1149 521 Securitate
1162 486 1281 525 pleniori

213 543 381 583 providere,
1028 568 1032 572 ἡ

253 583 322 614 Nos
337 585 370 615 δε
382 582 480 612 omnia
491 578 572 609 Bona
586 574 697 613 nostra,
714 573 831 604 mobilia
846 572 878 603 &
892 567 1065 603 immobilia,
1086 564 1229 604 praesentia
1244 563 1278 594 ὃς

214 623 324 661 futura,
343 631 395 660 pro
418 618 494 649 dicta
516 615 656 653 Summa,
675 613 769 644 eidem
791 612 876 641 Fratri
891 608 1008 645 nostro,
1024 605 1213 640 l-iaeredibus,
1231 602 1277 633 seu

214 661 425 692 Executoribus
446 658 514 695 suis,
534 655 621 685 Loco
639 657 672 684 ὃς
693 652 844 688 Tempore
864 646 1042 686 praenotatis,
1062 644 1172 674 realiter
1194 642 1228 672 δε
1245 640 1278 670 fi-

213 700 312 731 deliter
328 697 471 729 Solvendi
481 720 491 734 ,
505 704 540 725 ex
553 692 630 724 certi
641 691 737 721 nostra
751 688 892 725 Scieniia,
912 696 942 718 ut
955 686 1080 716 Debitor
1095 680 1279 719 Principalis,

214 740 335 769 Tenore
358 736 540 767 Praesentium
556 757 565 770 ,
591 731 760 768 Obligamus
774 752 784 767 ,
810 724 1062 760 Promittimusque
1077 745 1086 760 ,
1110 720 1190 752 bona
1207 719 1280 756 side,

214 779 318 808 dieram
337 777 487 807 Summam
509 772 605 803 eidem
622 770 641 789 ⁴*
661 769 749 800 Fratri
768 766 887 805 nostro,
906 763 1094 800 Haered'ibus,
1111 759 1281 791 Executori-

215 818 285 855 bus,
301 816 346 847 seu
370 813 520 852 Deputatis
537 811 606 847 suis,
623 808 768 839 Termino
791 807 823 836 &
847 806 933 835 Loco
955 801 1096 841 praedictis
1131 799 1214 836 dare,
1233 807 1279 828 re-

214 856 340 893 solvere,
359 855 392 886 &
414 852 557 884 restituere
572 873 581 888 ,
599 858 654 879 nec
673 845 777 885 aliquid
796 853 897 876 contra
914 839 1076 881 hujusmodi
1097 823 1277 869 Solutionem

213 904 379 934 opponere,
398 892 442 923 seu
466 897 618 929 procurare
631 910 640 926 ,
660 896 709 925 per
730 884 800 915 Nos
814 908 824 921 ,
840 882 887 914 vel
908 891 957 919 per
982 877 1156 910 Submissam
1176 875 1279 907 Perso-

215 944 302 971 nam,
319 933 404 964 tacite
418 930 464 961 vel
479 927 622 966 expresse,
639 935 688 965 per
701 923 780 963 quod
797 921 947 953 Resolutio
966 918 1022 957 ipsa
1040 915 1171 956 impediri
1193 914 1279 954 poffit

215 971 440 1013 quomodolibet
452 969 496 998 vel
509 966 626 997 differri.

254 1012 374 1042 Tenore
396 1011 481 1039 etiam
503 1005 688 1037 Praesentium
709 1000 924 1032 Renunciamus
951 996 1086 1027 omnibus
1115 995 1149 1025 &
1170 994 1209 1024 sin
1231 992 1281 1023 ulis

216 1049 439 1088 Exceptionibus
451 1070 460 1085 ,
480 1043 713 1076 Cavillationibus
726 1064 736 1080 ,
757 1037 976 1070 Defensionibus
991 1059 1000 1074 ,
1025 1033 1189 1071 caeterisque
1207 1002 1283 1071 furis

216 1091 250 1121 &
265 1089 343 1119 Fasti
359 1085 523 1123 Remediis,
539 1093 590 1122 per
601 1092 666 1121 quae
682 1087 781 1111 contra
801 1078 980 1108 Solutionem
1004 1073 1187 1111 praedictam,
1205 1081 1278 1111 prae-

214 1129 299 1159 dic'tis
315 1128 398 1158 Loco
412 1126 444 1156 &
459 1123 604 1154 Termino
626 1118 802 1155 faciendam,
819 1115 964 1156 possemus
984 1110 1204 1150 quomodolibet
1224 1119 1279 1139 nos

214 1168 301 1204 tueri,
321 1167 353 1197 ὃς
366 1164 515 1202 specialiter
526 1161 606 1199 Juri,
621 1159 727 1189 dicenti
743 1155 916 1186 Generalem
932 1151 1196 1183 Renunciationem
1217 1158 1277 1179 non

214 1206 306 1238 valere
320 1204 368 1234 nisi
384 1203 458 1233 casus
472 1203 501 1231 in
517 1200 608 1237 specie
621 1198 828 1235 exprimantur,

251 1243 452 1280 Praesentium,
466 1240 517 1271 sub
533 1238 636 1278 Regiae
655 1234 762 1266 nostrae
779 1231 936 1270 Maiestatis
953 1229 1054 1269 sigillo
1065 1252 1075 1266 ,
1089 1227 1276 1258 Testimonio

213 1282 383 1316 Literarum.

65 797 82 813 ¹*
104 800 171 828 VII.

66 839 130 872 296.

254 1359 322 1391 Dat.
344 1357 531 1395 Nuremberg
545 1378 554 1394 ,
576 1353 664 1385 Anno
681 1350 807 1382 Domini
829 1347 987 1379 Millesimo
1003 1368 1014 1384 ,
1034 1343 1256 1375 Trecentesimo
1271 1367 1281 1381 ‚

216 1399 425 1435 Ocluagesimo
442 1397 537 1435 primo
551 1417 560 1431 ,
577 1390 701 1424 secunda
719 1390 766 1420 die
786 1387 895 1419 Mensis
914 1386 987 1416 Maii
1003 1408 1012 1423 ,
1035 1384 1209 1422 Regnorum
1227 1392 1282 1413 no-

215 1439 339 1469 strorum
357 1438 445 1468 Anno
464 1433 611 1465 Bohemiae
630 1431 705 1461 xviii.
725 1428 932 1460 Romanorum
950 1426 1021 1456 veto
1041 1423 1166 1462 Qiinto.

364 1517 405 1544 De
423 1512 563 1543 Mandata
578 1510 689 1540 Domini
703 1509 796 1544 Regis,
814 1503 926 1544 Consilio
941 1500 1090 1542 referente,
1109 1499 1241 1530 Conrado.

261 1658 309 1693 De
333 1649 501 1689 frustabus
526 1652 699 1684 Decanatus
725 1643 860 1679 Eborum
885 1640 1048 1676 liberandis
1072 1638 1232 1675 Cardinali

663 1700 834 1730 Ravennas.
863 1724 866 1725 ⁷

61 1817 137 1849 Am,
153 1815 195 1846 D·
218 1800 340 1858 REX*
351 1798 528 1830 Vicecomiti
542 1795 673 1826 Eborum
689 1791 825 1823 Salutem.

60 1856 168 1926 Alrffgx.
255 1844 705 1910 Corisidtdiariiiigserbiffeffionem,
743 1878 825 1906 uam,
842 1864 1031 1897 Reverendus
1046 1865 1076 1894 in
1091 1863 1209 1895 Christo
1227 1862 1281 1893 Pa-

60 1940 90 1964 Β.
110 1906 144 1961 24
216 1926 274 1956 ter,
292 1914 447 1947 Cardinalis
460 1917 612 1944 Ravennas
631 1919 694 1949 erga
745 1918 778 1938 os
792 1907 825 1938 δε
848 1905 992 1943 Regnum
1011 1903 1143 1934 nostrum
1168 1902 1280 1941 Angliae

58 1974 92 2001 C]
112 1975 148 2008 „s
216 1959 303 1996 gerit,
321 1957 354 1987 δε
370 1953 450 1994 quod
465 1953 521 1991 ipse
534 1959 623 1988 nuper
638 1948 674 1979 de
689 1947 775 1978 Bonis
788 1945 856 1984 suis,
871 1943 1032 1984 Jocalibus.
1051 1942 1084 1973 &
1098 1942 1173 1979 aliis,
1193 1942 1280 1979 usque

93 1985 109 2001 a
144 1996 150 2001 ’
169 1982 199 2009 4⁰
212 1995 246 2026 ad
263 1995 401 2026 Valorem
423 1993 556 2035 Qatuor
576 1987 693 2033 Milium
710 1986 898 2029 Florenorum
913 2008 923 2021 ,
948 1980 1092 2012 cardinali
1110 1980 1280 2019 AIbammfi,

212 2044 365 2073 antequam
381 2035 497 2071 praelens
512 2028 617 2061 Scisma
634 2037 662 2057 in
675 2024 800 2056 Ecclesia
813 2023 955 2054 oriebatur
988 2029 1023 2051 ex
1038 2019 1210 2051 confidentia
1217 2020 1280 2057 spe-

211 2073 458 2144 dialid'AVimone
470 2068 582 2101 tradidit
595 2066 630 2097 ad
641 2075 714 2104 opus
730 2063 812 2102 ipsius
833 2045 987 2092 Cardinalis
1008 2062 1159 2090 Ravennas
1180 2058 1278 2090 custo-

241 2123 278 2144 en
301 2123 320 2143 is

249 2135 399 2190 Qii'x'ique
421 2147 574 2188 praedictus
595 2142 751 2175 cardinalis
770 2137 957 2180 Albanenfis,
974 2137 1170 2176 postmodum.
1186 2139 1279 2166 Antip

206 2200 286 2231 papae
300 2190 444 2220 adhaerens
453 2213 463 2226 ,
481 2186 561 2218 Bona
573 2184 709 2224 praedicta
725 2181 820 2212 eidem
833 2182 987 2216 Antipapae
1001 2177 1183 2222 liberavit,in
1196 2175 1279 2216 ipsius

211 2228 367 2260 cardinalis
380 2230 530 2258 Ravennas
546 2234 634 2262 grave
649 2222 838 2260 Dampnum,
857 2227 889 2249 ut
901 2226 1106 2255 concepimus,

247 2268 295 2299 De
309 2267 412 2299 Gratia
424 2265 521 2296 nostra
534 2262 641 2301 speciali
656 2260 879 2292 concesserimus
895 2255 987 2287 eidem
1002 2253 1146 2285 cardinali
1165 2255 1280 2284 Raven-

212 2314 279 2347 καῖ’,
297 2315 433 2345 quantum
455 2306 483 2335 in
503 2303 588 2334 nobis
607 2301 666 2339 est,
684 2299 764 2338 quod
783 2297 860 2337 ipse,
879 2304 915 2326 ex
928 2294 981 2325 hac
994 2293 1091 2331 causa,
1108 2293 1144 2323 de
1160 2292 1280 2324 Frutilu-

212 2347 265 2378 bus
285 2345 494 2377 Beneficiorum
516 2342 586 2372 dieti
607 2337 764 2370 Cardinalis
782 2333 949 2403 Albaneffs
963 2357 972 2372 ‚
997 2334 1028 2363 in
1050 2332 1155 2376 Regno
1177 2332 1277 2363 nostro

212 2385 344 2424 Angliae,
363 2384 408 2415 seu
430 2382 466 2413 de
488 2380 639 2417 Pecuniis,
657 2378 693 2408 de
716 2376 820 2408 eisdem
842 2374 897 2404 Fru
929 2372 1000 2402 ubus
1023 2371 1279 2410 Provenientibus,

212 2425 331 2464 praefato
354 2420 499 2453 cardinali
520 2417 677 2457 Albanenfi
694 2416 794 2447 debitis
810 2415 843 2445 &
857 2411 1011 2449 debendiS,
1027 2412 1055 2440 in
1071 2418 1279 2448 quorumcum-

213 2473 271 2500 que
283 2464 412 2493 manibus
426 2461 547 2497 fuerint,
566 2459 666 2488 habeat
680 2456 714 2487 δε
729 2460 874 2492 recuperet
886 2450 1038 2481 Summam
1060 2449 1194 2518 Qtuor
1216 2448 1279 2479 Mi-

213 2502 285 2532 lium
300 2501 489 2531 Florenorum
504 2497 695 2533 antedictam,
713 2502 798 2532 prout
809 2493 839 2522 in
853 2490 953 2522 Literis
972 2487 1075 2519 nostris
1123 2488 1279 2527 arentibus,

214 2539 288 2608 indli-Y
296 2539 452 2577 confec‘lis,
470 2537 579 2576 plenius
593 2535 774 2571 continetur,

291 2588 339 2616 os,

256 2617 341 2648 Licet
361 2613 566 2654 postmodum,
581 2614 665 2643 certis
685 2611 721 2641 de
744 2608 841 2640 Caufis
856 2632 866 2646 ,
885 2606 955 2637 Nos
977 2606 1010 2637 &
1034 2604 1205 2636 Concilium
1226 2614 1281 2635 no-

216 2655 306 2686 strum
331 2653 530 2690 moventibus,
548 2652 683 2687 Fruc‘stus,
702 2648 860 2682 Redditus,
878 2647 911 2677 δε
934 2644 1094 2674 Proventus
1116 2642 1282 2674 Decanatsis

216 2694 368 2732 Eborum,
383 2703 433 2732 per
455 2692 604 2730 praefatum
626 2686 798 2718 cardinalem
819 2683 1006 2722 Albanensem
1026 2693 1116 2720 nuper
1129 2683 1285 2722 occupati,

215 2733 255 2764 de
274 2733 379 2764 eodem
403 2731 568 2765 Decanatu,
586 2739 601 2758 a
622 2725 709 2758 Festo
731 2724 862 2761 Paschae,
881 2723 1014 2760 proximo
1035 2722 1192 2758 praeterito,
1213 2731 1280 2759 pro-

214 2773 378 2809 venientss,
398 2771 431 2802 &
453 2769 489 2799 de
509 2775 616 2798 caetero
635 2773 840 2805 proventurOS,
860 2771 909 2800 per
929 2759 976 2790 Te
989 2761 1051 2797 capi
1064 2761 1282 2799 praeceperimus

215 2812 246 2841 in
261 2810 385 2841 Manum
400 2807 527 2839 nostram
536 2830 545 2843 ,

256 2848 395 2879 Volentes
408 2856 501 2878 tamen
515 2842 743 2876 concessionem
757 2840 903 2876 nostram,
921 2836 1037 2875 praefato
1060 2835 1202 2865 Cardinali
1224 2838 1281 2865 Ra-

219 2899 341 2926 vennas,
360 2896 390 2917 ut
403 2886 596 2924 praemittitur,
614 2882 735 2918 faciam,
754 2878 925 2910 Executioni
936 2875 1042 2906 debitae
1058 2873 1235 2912 demandari,

256 2926 329 2956 Tibi
344 2925 526 2963 praecipimus
539 2921 621 2960 quod
642 2929 743 2950 omnes
764 2918 900 2953 Fructus,
920 2914 1080 2953 Redditus,
1097 2914 1131 2944 &
1154 2912 1283 2943 Proven-

218 2971 263 2995 tus
278 2963 441 2994 Decanatus
456 2961 600 2999 praediffl,
619 2970 667 2998 per
681 2967 709 2989 te
723 2957 759 2988 sic
775 2966 873 2994 captos
895 2955 924 2984 in
948 2962 1067 2983 manum
1081 2951 1226 2989 nostram,
1243 2953 1283 2982 ei-

216 3003 285 3034 dem
303 3002 444 3032 Cardinali
461 3003 612 3030 Ravennas
626 3021 637 3037 ,
661 3006 708 3028 aut
728 2993 965 3026 Procuratoribus
983 2991 1034 3022 suis
1045 3015 1055 3030 ‚
1087 2991 1195 3030 integre
1214 2990 1284 3021 libe-

59 2016 88 2039 R.
114 2021 139 2041 2.
157 2022 196 2043 m,

66 2060 106 2078 10.

216 3053 258 3073 res

257 3064 296 3111 ssjt
316 3080 405 3118 ipsum
427 3076 601 3109 cardinalem
622 3078 772 3104 Ravennas
793 3082 841 3111 per
863 3071 889 3102 se
903 3095 913 3109 ,
929 3069 976 3101 vel
999 3069 1201 3100 Procuratores
1218 3067 1281 3098 suos

220 3119 391 3158 praediclos,
409 3116 568 3156 hujusmodi
585 3114 720 3151 Fructus,
740 3111 898 3148 Redditus,
916 3110 949 3140 &
971 3107 1132 3138 Proventus
1151 3105 1283 3137 Decana-

222 3158 269 3189 tus
286 3158 412 3196 praedidli
428 3157 571 3195 percipere
585 3155 619 3185 δε
633 3153 738 3182 habere
754 3150 908 3188 permittas,
927 3147 1073 3186 quousque
1086 3145 1190 3176 dictam
1198 3145 1283 3175 Sum-

220 3207 300 3227 mam
315 3198 450 3235 Qiatuor
466 3194 584 3224 Milium
606 3192 796 3221 Florenorum
818 3187 886 3218 inde
905 3187 1057 3224 levaverit,
1071 3185 1148 3223 juxta
1170 3185 1231 3214 vim
1251 3184 1284 3214 &

220 3236 361 3266 effeerum
376 3231 574 3265 Conceffionis
589 3230 694 3261 nostrae
707 3227 887 3268 supradictae,
906 3224 1049 3255 Volumus
1063 3223 1141 3254 enim
1157 3221 1204 3253 Te
1218 3222 1286 3253 inde

222 3284 287 3312 erga
301 3274 370 3304 Nos
384 3272 538 3303 exonerari.

261 3312 349 3343 Teste
364 3312 450 3350 Rege
463 3309 537 3349 apud
551 3304 842 3339 Westmonasterium
852 3326 861 3342 ,
879 3303 963 3334 tertio
978 3301 1024 3333 die
1038 3300 1122 3332 Maii.

961 3381 1014 3409 Per
1030 3376 1184 3409 concilium.

269 3516 423 3566 obligatio
444 3513 701 3558 Ambaffiatorum
721 3510 757 3543 de
780 3512 911 3542 Summa
940 3509 1013 3553 Regi
1040 3509 1243 3540 Romanorum

683 3569 837 3593 mutuata.

75 3646 151 3678 Am·
164 3646 206 3676 D·
230 3653 427 3713 UNiversis
442 3650 555 3682 Sanciae
570 3647 672 3678 Matris
685 3644 822 3676 Ecclesia:
837 3643 928 3681 Filiis,
946 3643 1095 3681 praesentes
1115 3639 1222 3670 Literas
1246 3638 1291 3667 in-

105 3687 190 3723 1381·
318 3691 466 3729 spec'hnis,
485 3688 553 3719 Nos
569 3710 579 3725 ,
597 3684 777 3724 Przemzflaus
792 3707 801 3721 ,
818 3681 876 3712 Dei
895 3682 983 3721 gratia
999 3704 1008 3719 ,
1027 3684 1097 3710 Dux
1117 3676 1293 3716 Thefthinen-

76 3728 118 3752 ²¹³²
145 3735 172 3759 4·
231 3728 279 3766 fis,
296 3730 433 3759 Conradus
456 3727 487 3757 de
509 3728 626 3765 Kreyger
645 3721 787 3761 Magister
807 3720 923 3758 Curiae,
943 3722 976 3752 ὃς
997 3722 1095 3748 Petrus
1116 3717 1148 3747 de
1164 3717 1293 3745 Wartm-

76 3767 106 3791 R·
129 3774 155 3790 2·
233 3766 310 3809 berg,
331 3767 466 3806 Magister
480 3763 654 3800 Camerae,*
674 3758 847 3792 serenissimi
862 3759 1000 3796 Principis
1015 3758 1048 3788 ὅ(
1067 3755 1208 3790 Domini,
1228 3752 1295 3782 Do-

77 3806 118 3828 Ex
133 3805 193 3828 Au-
235 3806 304 3834 mini
326 3805 486 3845 VVenceflai,
505 3803 565 3833 Dei
584 3799 685 3840 gratia,
704 3802 884 3828 Romanorum
905 3795 943 3831 (ξφ
965 3796 1101 3826 Bohemiae
1124 3795 1202 3830 Regis
1223 3791 1293 3821 Illu-

77 3847 144 3875 rogr.
236 3841 376 3884 strillimi,
394 3843 518 3872 Salutem
533 3842 562 3870 in
575 3839 710 3870 omnium
726 3836 877 3866 Salvatore.

80 3877 101 3895 ²*
123 3880 189 3907 VII.
273 3879 423 3910 Noveritis
436 3881 579 3917 N0s‚per
595 3874 864 3908 Metuendiffimum
879 3873 1046 3903 Dominum
1059 3870 1189 3902 nostrum
1202 3868 1296 3906 supra-

83 3925 146 3951 297·
236 3917 347 3950 dietum
357 3940 374 3962 ξ,
385 3928 437 3954 pro
455 3919 560 3955 magnis
576 3918 609 3949 &
624 3914 787 3954 urgentibus
801 3912 953 3950 Negotiis,

278 3955 401 3986 Nedum
422 3955 532 3985 Statum

239 3995 367 4027 Romani
383 3993 497 4030 Imperii
510 4003 543 4023 ac
559 3992 685 4022 Domini
698 3991 788 4021 nostri
800 3987 950 4026 supradicti
965 3987 1158 4027 tangentibus,

277 4032 324 4063 Ad
345 4030 484 4069 Regnum
506 4030 634 4068 Angli-ae,
651 4040 684 4061 ac
704 4029 738 4061 ad
753 4027 946 4068 praesentiam,
965 4024 1143 4058 Illustriffimi
1157 4022 1298 4060 Principis
1338 4020 1491 4057 Articulis,
1510 4019 1560 4056 qui
1571 4017 1737 4053 Amicitias,

667 88 1476 139 CONVENTIONE83
1535 89 1926 143 LITERAE,

1321 175 1355 219 ὃς
1371 173 1513 213 Domini,
1532 174 1657 205 Domini
1673 174 1802 204 aichardi
1837 175 1897 206 Dei
1943 177 1996 208 aaa
2032 179 2099 207 Rei
2209 181 2214 186 ·
2284 179 2290 186 ·
2410 183 2412 187 ’
2511 198 2514 200 -
2555 158 2561 194 3⁴

1315 213 1431 258 stinatos
1444 215 1611 258 nuperime,
1631 214 1679 243 ubi
1693 199 1842 250 praedie't’us
1861 185 2060 254 RegrAng’liae
2070 178 2238 255 gproqnc‘igilgi
2249 178 2390 252 guig-tedii?
2406 194 2482 229 Ann'
2491 201 2532 236 D·

1319 253 1410 283 nostri
1427 252 1699 297 Regi's'peragendis
1710 251 1864 296 Negotiis,
1881 263 1914 283 ac
1929 241 2151 288 Neceffitaitibus
2172 233 2387 296 supportandis¹
2424 241 2508 286 -1381‘
2557 277 2561 282 -

1320 291 1451 336 Novem·
1463 291 1546 336 Milia
1563 290 1721 336 Nobilium
1736 290 1823 328 Auri,
1839 293 1874 323 &
1889 290 1979 321 Cunii
1991 293 2142 332 Anglicani
2160 297 2238 335 (quae
2251 297 2286 328 ad
2295 285 2383 330 Sum²
2399 283 2453 308 ὡς’
2473 292 2500 310 ²·

1316 331 1525 376 marri'V'iginti
1549 329 1667 375 Milium
1690 329 1883 360 Florenorum
1903 330 1931 360 se
1950 333 2121 371 extendunt)
2145 345 2179 366 ex
2198 336 2278 368 caula
2321 348 2338 368 e
2355 318 2382 345 ’ῃ
2413 336 2415 338 ’

1316 368 1461 415 legittimi,
1479 371 1512 401 &
1528 380 1589 414 puri
1607 368 1721 414 Mutui,
1742 369 1841 408 nobis,
1857 377 1893 399 ex
1904 368 1950 398 sua
1970 369 2149 411 liberalitate,
2166 374 2202 405 ad
2219 386 2291 414 opus
2300 349 2381 410 ‘dieii

1316 407 1444 476 gomirn
1458 408 1548 439 nostri
1562 409 1650 448 Regis
1665 407 1822 447 conceffit,
1839 408 1874 439 &
1887 407 1955 438 fecit
1969 409 2078 440 realiter
2091 411 2125 442 ὃς
2135 412 2320 447 effeetualser
2326 427 2365 448 nu

1351 457 1437 486 erari,
2280 436 2288 448 ⁸
2366 436 2380 442 “

1354 484 1476 530 Propter
1490 496 1578 524 quam
1593 486 1761 524 Summam,
1778 485 1874 517 eidem
1887 489 2005 516 Domino
2027 489 2067 517 Re
2084 490 2094 517 i
2112 491 2148 518 A
2194 494 2200 500 ‘

1316 523 1413 555 Sancti
1430 525 1596 569 M.¹0h.³e¹³.⁵³
1613 527 1751 563 proximo
1765 525 1880 563 futuro,
1898 526 1934 558 ad
1948 536 2037 557 unum
2053 490 2380 564 Agnnussglg'ffinpesto

1312 563 1415 608 absque
1430 563 1623 594 Dilationibus
1634 563 1678 595 seu
1695 563 1782 595 Diffu
1803 565 1834 595 iis
1845 565 2062 604 quibuscunque
2077 566 2255 600 ulterioribus
2292 545 2379 603 Ἕω,

1313 603 1422 647 tualiter
1437 602 1652 648 resolvendam,
1669 612 1757 634 certas
1773 573 1882 634 litteras
1903 604 2098 643 obligatorias
2119 606 2204 644 ipsius
2236 582 2381 645 segniti}-

1315 651 1355 671 mi
1378 640 1503 673 Domini
1522 642 1611 686 nostri
1626 664 1636 680 ,
1653 644 1834 671 Romanorum
1856 640 1895 676 ό·
1916 646 2035 673 Boemiae
2057 646 2136 682 Regis
2177 630 2227 684 pe'r
2248 657 2314 687 quas
2344 633 2380 684 agl

1313 679 1657 725 Resolvendamdietam
1679 680 1849 718 Summam,
1865 681 1896 710 in
1916 680 2045 719 Calefio,
2061 684 2091 713 in
2111 668 2257 716 Termino
2300 675 2366 721 med·

1314 719 1380 758 eto,
1399 720 1584 765 effectualiter
1606 719 1756 759 Obligatus
1778 718 1871 750 existit
1884 743 1893 757 ,
1907 719 2002 751 eidem
2021 720 2157 754 Domino
2178 724 2255 764 Regi
2275 698 2309 758 gc
2331 728 2348 758 s
2358 701 2383 721 ¹-

1316 758 1456 803 Concilio
1477 760 1675 796 liberaimvus,
1691 757 1873 795 tradidimus,
1886 758 1920 789 &
1943 758 2139 800 affignavimus
2168 762 2266 803 Sigillo
2285 740 2382 798 Mape?

1316 798 1389 829 statis
1403 798 1525 837 ejusdem
1542 798 1667 830 Domini
1680 797 1769 828 nostri
1782 796 1873 836 Regis
1886 797 1986 829 debite
1998 785 2173 839 consignat’as
2336 777 2347 806 '¹

1353 836 1404 882 De
1415 839 1534 885 quibus,
1552 838 1617 883 licet
1632 837 1690 867 satis
1703 836 1798 867 fuiffet
1810 844 1981 875 contentus,
1999 835 2128 869 volentes
2148 823 2243 871 tar'nen
2274 844 2381 876 ²usdem

1315 876 1405 921 Regis
1418 877 1563 921 Securitati
1578 878 1611 908 &
1625 875 1991 915 Indempnitati,quantum
2005 875 2047 907 est
2060 878 2144 908 nobis
2159 879 2260 916 poffibi
2272 892 2289 912 e
2312 893 2381 922 pro-

1314 915 1427 954 videre,
1446 916 1614 960 praedictam
1628 914 1778 945 Summam
1792 913 1918 946 Novem
1934 914 2054 946 Milium
2069 915 2227 948 Nobilium
2251 907 2327 958 (qu'ae
2346 923 2381 955 ad

1314 955 1465 999 Summam
1488 954 1656 993 praedictam
1676 953 1704 984 se
1723 952 1891 991 extendunt)
1913 953 2007 984 eidem
2027 957 2110 985 Domi
2163 958 2229 994 Regi
2251 961 2305 990 An
2321 960 2364 991 [Ἀ

1315 993 1504 1039 Haeredibus,
1520 993 1746 1036 Executoribus,
1763 992 1797 1022 &
1812 991 1962 1030 Deputatis
1977 993 2049 1032 suis,
2065 966 2253 1027 seunssausam
2275 972 2382 1030 hagbien³

1315 1033 1389 1076 tibus
1402 1033 1438 1063 ab
1451 1032 1571 1071 eisdem,
1591 1030 1707 1076 Caleno
1713 1055 1722 1069 ,
1738 1031 1772 1062 &
1785 1040 1815 1061 in
1829 1031 1977 1062 Termino
1987 1032 2143 1073 praedidio,
2158 1033 2371 1068 Resolvendam

1313 1072 1422 1118 realiter
1443 1080 1592 1102 numerare
1613 1077 1823 1108 promittimuS,
1842 1070 1876 1101 &
1889 1070 2009 1107 quilibet
2021 1071 2156 1103 nostrum
2171 1076 2313 1112 promittit
2328 1061 2383 1108 bo3

1314 1120 1351 1140 na
1364 1109 1438 1148 side,
1458 1109 1600 1148 Nosque,
1620 1110 1654 1141 &
1669 1109 1824 1148 quemlibet
1846 1107 1994 1147 nostrsim,
2012 1120 2062 1148 per
2081 1111 2118 1142 Se
2139 1112 2172 1143 &
2192 1114 2221 1143 in
2242 1113 2364 1146 solidum

1314 1159 1348 1180 ac
1361 1148 1518 1193 HaeredeS,
1535 1150 1567 1180 &
1582 1148 1756 1179 Executores
1768 1146 1898 1186 nostros,
1912 1157 2028 1179 necnon
2047 1151 2146 1180 omnia
2167 1150 2248 1183 Bona
2267 1139 2382 1185 nostra²

1315 1188 1433 1218 mobilia
1452 1189 1485 1218 &
1508 1187 1670 1218 immobilia
1683 1212 1693 1225 ,
1709 1187 1887 1225 ubicumque
1908 1186 2010 1217 fuerint
2032 1187 2146 1219 inventa
2157 1213 2168 1226 ,
2183 1191 2328 1228 praesentia
2347 1180 2383 1226 δῖ

1312 1227 1420 1265 futura,
1436 1226 1531 1272 eidem
1544 1229 1660 1256 Domino
1673 1229 1739 1265 Regi
1754 1225 2063 1264 Angliae,l-laeredibus
2071 1251 2080 1265 ,
2096 1235 2144 1258 aut
2155 1227 2364 1263 Exeeutoribus

1314 1275 1362 1297 aut
1384 1265 1534 1304 Deputatis
1555 1266 1623 1310 suis,
1639 1265 1684 1296 seu
1707 1265 1817 1297 causam
1838 1265 2006 1296 habentibus
2028 1266 2065 1296 ab
2084 1265 2188 1297 eisdem
2230 1278 2283 1307 pro
2304 1256 2386 1308 ipsiu}

1315 1305 1445 1350 Summae
1460 1303 1667 1350 Resolutione,
1686 1314 1716 1335 ut
1736 1303 1908 1342 Principales
1925 1303 2099 1344 Debitores,
2117 1290 2254 1339 omnibus
2275 1309 2328 1340 viis
2347 1310 2382 1341 &

1317 1345 1409 1389 modis
1430 1345 1536 1388 quibus
1552 1343 1728 1388 effectualiiis
1747 1342 1893 1381 possumus
1906 1365 1916 1381 ,
1935 1343 2081 1381 praediclae
2100 1343 2233 1376 Summae
2255 1346 2382 1379 Novem

1317 1382 1436 1414 Milium
1452 1383 1609 1428 Nobilium
1623 1383 1690 1413 vera
1703 1384 1737 1414 δε
1749 1381 1878 1419 efficaci,
1896 1381 1926 1411 in
1941 1381 2082 1420 praedietis
2099 1382 2182 1415 Loco
2205 1387 2240 1416 &
2262 1385 2385 1418 Termi-

1315 1432 1374 1460 no,
1393 1421 1774 1466 Resolutiorie,Obligamus
1787 1421 1821 1452 &
1835 1420 2090 1461 Astringimus,&
2105 1423 2224 1461 quilibet
2236 1424 2372 1456 nostrfim

1316 1470 1365 1499 per
1380 1460 1416 1505 Se
1431 1462 1465 1492 &
1480 1471 1510 1491 in
1524 1461 1661 1498 solidum,
1680 1460 1715 1491 ad
1734 1460 1842 1491 dictam
1863 1459 2015 1490 Summam
2035 1460 2128 1492 eidem
2147 1461 2286 1494 Domino
2307 1449 2384 1504 Regi

1317 1500 1450 1543 Angliae,
1463 1510 1499 1544 'ut
1514 1501 1712 1539 praemittitur,
1727 1498 1846 1530 fideliter
1868 1497 2098 1539 Resolvendam,
2114 1509 2149 1531 ex
2171 1510 2248 1533 certa
2269 1502 2363 1534 nostra

1314 1539 1355 1617 get
1371 1538 1519 1577 cujussibet
1543 1537 1676 1570 nostrum
1690 1562 1701 1577 ,
1719 1537 1854 1576 scientia,
1879 1536 2033 1569 efficaciter
2052 1538 2081 1569 se
2101 1538 2211 1578 obligat
2229 1541 2263 1572 &
2284 1527 2385 1573 astrin3

1335 1588 1341 1607 l
1357 1600 1363 1605 .

1353 1616 1625 1662 Renunciamusque
1640 1639 1658 1660 ,·
1676 1617 1710 1661 βε
1739 1615 1857 1654 quilibet
1876 1614 2008 1646 nostrum
2036 1625 2087 1654 per
2106 1616 2144 1648 Se
2156 1640 2166 1656 ,
2191 1619 2225 1650 &
2252 1629 2287 1650 ex
2309 1628 2386 1652 cei-ta

1315 1656 1455 1701 Scientia,
1474 1665 1533 1700 non
1547 1655 1660 1693 decepti
1675 1665 1705 1684 in
1715 1653 1785 1693 Jure
1797 1663 1845 1685 aut
1859 1653 1963 1692 Facto,
1981 1656 2107 1693 expresse
2120 1655 2286 1689 Renunciat
2299 1661 2385 1691 omni

1316 1693 1489 1734 Exceptioni
1503 1693 1707 1732 Deceptionis,
1725 1692 1796 1723 Doli
1810 1693 1894 1731 mali,
1910 1691 2026 1732 Mettis,
2046 1703 2108 1725 non
2119 1705 2244 1734 receptae
2262 1698 2296 1729 δε
2319 1708 2382 1729 non

1314 1742 1471 1780 numeratae
1487 1732 1640 1773 Pecuniae,
1658 1743 1692 1763 ac
1706 1731 1763 1770 spei
1775 1731 1879 1763 futurae
1891 1731 1925 1761 N
1929 1732 2129 1772 umerationis,
2143 1735 2176 1764 in
2196 1734 2326 1767 futurum
2340 1736 2384 1767 Α-

1316 1773 1433 1819 ctioni',
1452 1770 1623 1803 Conditioni
1646 1771 1763 1802 indebiti
1778 1793 1788 1809 ,
1813 1770 1872 1801 fine
1894 1768 2008 1809 Causa,
2031 1771 2078 1802 vel
2099 1780 2134 1801 eit
2156 1773 2253 1812 injusta
2275 1774 2365 1806 Causa

1316 1811 1415 1857 Errori
1435 1811 1570 1850 Calculi,
1590 1809 1844 1843 Circumventioni
1859 1833 1869 1848 ,
1885 1808 1985 1840 Fraudi
1997 1834 2007 1848 ,
2025 1809 2151 1841 Laesioni
2195 1799 2384 1846 Restitutioni

1315 1861 1344 1881 in
1356 1860 1518 1900 integrum,
1538 1850 1562 1881 F
1563 1860 1618 1882 oro
1632 1848 1810 1894 Clericatfis,
1828 1858 1861 1879 ac
1876 1848 2048 1892 Exceptioni
2062 1849 2140 1880 aliter
2152 1833 2214 1882 ὧτε
2235 1851 2383 1893 Scriptum

1316 1900 1403 1929 quam
1424 1889 1536 1920 dicium
1550 1913 1559 1929 ,
1585 1890 1631 1920 seu
1652 1889 1718 1919 alibi
1739 1887 1801 1919 fore
1823 1887 1965 1925 Scriptum
1988 1897 2074 1926 quam
2094 1888 2252 1928 Sigillatum
2309 1891 2344 1921 &
2366 1901 2386 1922 e

1313 1939 1429 1974 contra,
1449 1938 1565 1974 necnon
1585 1928 1722 1959 omnibus
1741 1927 1799 1957 aliis
1820 1926 1943 1965 Gratiis,
1962 1925 2115 1967 privilegiis
2129 1951 2140 1965 ,
2158 1914 2278 1960 statutis’
2314 1929 2386 1960 Dis-

1314 1968 1521 2013 pensatiombus
1536 1966 1717 2012 'Apostolicis
1730 1989 1740 2004 ,
1766 1964 1962 2004 Imperialibus
1980 1966 2015 1997 &
2034 1965 2191 2006 Regalibus
2203 1992 2214 2006 ,
2232 1952 2388 2006 imp’etrati's

1315 2009 1348 2038 &
1370 2006 1555 2052 impetrandis
1569 2031 1578 2044 ,
1601 2004 1739 2037 conceffis
1757 2004 1803 2035 vel
1822 2004 2014 2036 concedendis
2026 2029 2036 2044 ,
2062 2006 2096 2037 &
2115 2005 2279 2045 generaliter
2300 2007 2386 2038 omni

1315 2045 1525 2078 Consuetudini
1540 2045 1574 2076 &
1588 2045 1701 2076 Statuto
1715 2043 1837 2084 generali
1849 2043 1896 2076 vel
1908 2044 2085 2083 particulari,
2100 2054 2134 2075 ac
2153 2044 2210 2076 aliis
2232 2046 2292 2076 tam
2309 2046 2387 2084 Juris

1314 2085 1457 2131 Canonici
1478 2086 1512 2116 &
1534 2083 1638 2116 Civilis
1659 2084 1747 2122 quam
1771 2082 1852 2114 Facti
1873 2082 2078 2122 cujuscumque
2104 2083 2328 2122 Exceptionibus
2348 2085 2386 2117 δε

1315 2123 1480 2162 Remediis,
1497 2133 1547 2162 per
1567 2134 1632 2168 quae
1651 2122 1697 2154 seu
1717 2131 1768 2160 per
1784 2131 1858 2166 *quas
1877 2129 1977 2153 contra
2000 2122 2181 2154 Solutionem
2197 2122 2365 2162 praedictam

1314 2164 1401 2195 Loco
1420 2166 1454 2196 ὃς
1475 2164 1620 2207 Termino
1641 2169 1826 2200 praenotatis,
1843 2169 1873 2192 ut
1915 2162 2073 2192 raemittitnr
2116 2161 2239 2193 fiendam
2284 2148 2385 2194 defen:

1315 2203 1384 2249 dere
1397 2203 1466 2234 Nos
1482 2210 1640 2246 poterimus
1672 2200 1719 2246 seii
1732 2199 1885 2245 aliquisne
1913 2199 1980 2231 rsim
1993 2199 2020 2231 se
2042 2185 2197 2231 defendere
2213 2185 2316 2239 poierit
2335 2210 2385 2233 aut

1312 2250 1404 2280 tueri,
1422 2243 1454 2288 ὃς
1468 2241 1621 2279 specialiter
1657 2250 1717 2278 uri,
1735 2238 1843 2270 dicenti
1858 2238 2033 2271 Generalem
2046 2238 2309 2271 Renunciationem
2322 2250 2386 2272 non

1313 2282 1406 2313 valere
1420 2281 1470 2312 nisi
1486 2280 1573 2311 Casus
1587 2281 1616 2310 in
1630 2280 1720 2320 specie
1735 2279 1934 2316 exprimantur.

1350 2320 1470 2366 Broviso
1484 2319 1564 2365 quod
1579 2318 1750 2365 postquam,
1766 2316 1943 2362 Sereniffima
1959 2316 2091 2348 Domina
2104 2321 2197 2349 Anna
2218 2320 2314 2357 Soror,
2332 2317 2385 2349 Se-

1313 2359 1449 2391 reniffimi
1463 2360 1603 2397 Principis
1619 2359 1653 2390 &
1670 2357 1813 2395 Domini,
1832 2356 1956 2387 Domini
1971 2358 2066 2387 VVence
2088 2361 2134 2396 ai,
2153 2356 2383 2392 Romanorum&

1314 2402 1432 2429 Boemile
1453 2401 1551 2438 Regis,
1571 2397 1695 2442 Domini
1719 2395 1806 2426 nostri
1831 2395 1978 2435 praedicri,
1996 2395 2031 2426 ad
2083 2405 2189 2436 egnum
2210 2395 2322 2435 Angliae
2337 2395 2385 2427 seu

1315 2438 1397 2483 Cales
1411 2438 1538 2469 traducta
1552 2437 1635 2468 fuerit
1669 2436 1703 2467 &
1718 2437 1784 2473 Regi
1791 2434 1905 2472 Angliae
1918 2434 2102 2466 effectualiter
2118 2435 2231 2466 liberata
2264 2434 2385 2473 praesens

1314 2478 1466 2521 Obligatio
1481 2476 1583 2508 nullius
1598 2476 1629 2506 fit
1642 2459 1774 2505 Roboris
1786 2474 1832 2506 vel
1848 2473 2008 2504 Momenti.
2238 2458 2249 2474 ²

1351 2515 1385 2546 In
1409 2525 1488 2554 cujus
1509 2516 1548 2546 rei
1570 2513 1789 2557 Testimonium
1809 2513 1958 2551 praesentes
1979 2512 2087 2544 Literas
2099 2512 2208 2544 nostras
2223 2511 2389 2551 Sigillorum

1316 2554 1484 2586 nostrorum
1500 2553 1672 2592 appensione
1690 2553 1811 2583 fecimus
1826 2552 2010 2582 communiri.

1353 2630 1465 2662 Datum
1483 2629 1647 2674 Londoniae
1659 2652 1669 2668 ,
1694 2628 1784 2660 Anno
1802 2626 1928 2658 Domini
1946 2626 2104 2658 Millesimo
2119 2649 2130 2666 ,
2152 2625 2366 2657 Tricentefimo
2385 2628 2388 2631 ⁴

1318 2669 1524 2711 octuagesimo
1540 2668 1658 2713 Primo,
1676 2669 1779 2707 quinto
1797 2665 1843 2697 die
1863 2665 1973 2697 Mensis
1993 2665 2075 2696 Maii.
2377 2650 2389 2665 ⁹

1524 2811 1552 2838 ²⁸⁵
1578 2814 1624 2846 De
1642 2807 1827 2844 Procedendo
1844 2818 1949 2842 contra
1966 2807 2166 2853 Scismaticos.
2405 2834 2426 2855 ³¹
2436 2837 2505 2865 VII*

2408 2874 2474 2907 298.

1318 2898 1459 2959 NOS
1476 2897 1624 2935 Ricardus,
1643 2896 1704 2928 Dei
1725 2895 1831 2935 gratia,
1847 2897 1910 2924 Rex
1934 2892 2049 2930 Angliae
2071 2890 2110 2926 ό·
2130 2892 2255 2920 Franciae
2270 2889 2305 2920 &
2319 2888 2389 2921 Do·
2407 2911 2486 2942 Anu·
2499 2911 2542 2944 D·

1318 2939 1506 3008 nivers'rsninus
1526 2936 1679 2967 Hiberniae
1693 2959 1703 2974 ,
1722 2935 1843 2966 Tenore
1861 2932 2047 2963 Praesentium
2064 2954 2075 2968 ,
2094 2939 2197 2961 notum
2215 2928 2336 2959 facimus
2356 2939 2389 2960 u-
2429 2951 2516 2991 1381.

1358 2999 1453 3055 Qiod
1473 3014 1543 3045 Nos
1567 3011 1792 3051 (Tribulationes
1812 3010 1846 3041 &
1867 3009 2001 3040 Scismata
2014 3029 2025 3046 ,
2043 3016 2111 3045 quas
2133 3005 2182 3036 diii
2204 3004 2332 3037 sustinuit
2353 3006 2388 3038 &
2406 2993 2461 3017 Aa.
2476 3000 2505 3025 4·

1317 3054 1411 3085 adhuc
1434 3052 1549 3084 sustinet
1571 3050 1753 3082 Sacrosancra
1773 3048 1909 3079 Romana
1930 3045 2074 3083 Ecclesia,
2094 3043 2190 3075 Mater
2203 3043 2301 3075 nostra
2336 3044 2388 3075 fle-
2406 3032 2436 3055 R.
2455 3037 2482 3055 ²·
2539 3070 2541 3073 ,

1318 3094 1367 3124 bili
1390 3100 1538 3137 cernentes
1557 3089 1673 3135 intuitu)
1695 3088 1729 3133 ad
1747 3084 1964 3132 Reprimendos
1983 3083 2066 3122 ipsius
2089 3084 2123 3114 &
2147 3082 2261 3113 nostros
2282 3068 2388 3114 H'ostes
2406 3070 2494 3108 Franc3
2510 3077 2541 3105 4·

1318 3128 1659 3201 gieipiliiscpgglficngaedicti
1675 3126 1815 3158 Scismatis
1836 3132 1996 3164 praecipuos
2020 3121 2210 3160 Defensores,
2229 3123 2295 3153 totis
2315 3122 2388 3153 defi-
2405 3108 2515 3179 ἷζε-,πη

1359 3208 1588 3285 EI§epiicssgiizliiatictje’,
1605 3243 1763 3284 probitate,
1778 3240 1914 3272 industria
1927 3264 1937 3280 ,
1955 3241 1988 3272 &
2010 3237 2267 3271 circumsoetstione
2290 3238 2391 3275 provi-

1325 3286 1368 3317 dis
1385 3309 1394 3325 ,
1419 3285 1591 3315 dilectorum
1612 3284 1645 3315 &
1670 3281 1799 3313 fidelium
1826 3279 1992 3311 nostrorum
2007 3301 2017 3317 ,
2047 3278 2204 3315 Nobilium
2219 3299 2230 3315 ,
2247 3276 2390 3315 Johanm's

1329 3324 1525 3362 Haukewode,
1544 3324 1577 3354 &
1600 3320 1730 3352 Nirholai
1749 3318 1929 3364 ¹Dagworth,
1949 3316 2080 3348 Militum
2114 3325 2148 3346 ac
2171 3314 2289 3345 Walteri
2310 3314 2393 3355 Skyr-

1328 3364 1614 3410 Iawe‘Decretorum
1628 3360 1800 3406 ‘Doctorisn
1833 3357 1947 3402 Decani
1969 3356 2065 3400 Sancti
2089 3339 2210 3385 lvlartini
2229 3352 2393 3384 Londoniae

1331 3399 1683 3472 Offic'i'rr‘i‘ass‘s'i‘iffimg
1695 3391 2362 3468 ῧὲἕξζῖἀῗιῖἒῗωὲξὲὲὲἱῗὲἷὲἓῗιῗοὸξῗὲἓὲῗὶη
2392 3433 2395 3436 -

1327 3482 1362 3550 ξ(
1386 3481 1521 3550 Βίᾳωέξο
1540 3477 1642 3547 ἰξοίὶτο
1657 3500 1667 3516 ,
1682 3475 1822 3543 Βοωῧιο,
1836 3457 2095 3542 Uffgcfnoficqigna
2117 3470 2178 3501 Dei
2194 3439 2396 3515 Provide-nug}

1326 3529 1471 3604 uiisgnssssa
1485 3523 1813 3602 ξῑῐοςςὲἱὲἒῖῗξὲῐᾶἒ
1815 3521 1964 3589 {2112ssae
1977 3505 2396 3591 Ezsslzraeissfflstfssrsssssiss

1327 3588 1966 3665 ⁶⁰⁵-1fn¹P¹⁶0ssalffit¹53¹¹s³3sffi535drS2aai
1980 3585 2175 3658 geniata&
2197 3582 2395 3652 fflfffigcffg

1330 3644 1644 3718 {gireiiifiaeeffebelleffi
1659 3669 1884 3714 pronuncientur
1899 3677 1932 3697 ac
1954 3666 2039 3696 etiam
2060 3645 2251 3707 declarentur,
2268 3630 2396 3690 ultenqui-

1331 3713 1507 3758 que-Poenis
1526 3711 1626 3741 debins
1645 3715 1795 3748 pumantur
1808 3730 1819 3746 ,
1850 3714 1936 3744 prout
1952 3704 2024 3743 jura
2050 3709 2119 3734 tanti
2140 3699 2248 3731 sceleris
2266 3697 2397 3729 auctores

1332 3751 1617 3829 pugffiidgtlieeraliipats'
1629 3785 1765 3816 Trastata
1783 3784 1817 3815 &
1840 3780 2026 3813 Concordata
2040 3780 2128 3814 inter,
2144 3774 2233 3806 felicis
2247 3773 2397 3806 Recorda-

1331 3830 1433 3866 tionis,
1450 3831 1607 3865 Gregorium
1622 3827 1726 3863 Papam
1740 3823 1928 3858 Undecimum,
1951 3819 2070 3849 nomine
2089 3813 2234 3853 praedietae
2252 3813 2398 3845 Romana».

1334 3867 1485 3905 Ecclefiae,
1504 3866 1556 3903 δε,
1573 3864 1655 3894 clarae
1677 3863 1844 3898 memoriae,
1860 3863 1897 3890 E.
1918 3867 2009 3897 nuper
2029 3858 2124 3891 Regem
2144 3852 2257 3889 Angliae
2269 3875 2279 3890 ,
2296 3848 2404 3883 Avum‘

1333 3907 1481 3943 nostrum,
1500 3905 1529 3934 in
1541 3902 1678 3933 omnibus
1690 3901 1742 3932 suis
1757 3899 1890 3931 Articulis
1903 3902 2049 3928 teneantur
2063 3894 2096 3924 &
2121 3891 2319 3922 inviolabiliter
2343 3891 2398 3922 ob-

555 3954 743 3984 sacrosanctae
765 3951 908 3980 Romanae
929 3949 1065 3980 Ecclefiae
1079 3973 1089 3986 ,
1118 3947 1163 3978 sed
1184 3945 1295 3977 Statum
1335 3944 1487 3974 serventur.

1373 3982 1503 4012 Necnon
1527 3978 1562 4011 ad
1583 3976 1830 4009 Consentiendum
1852 3974 1887 4004 &
1907 3968 2155 4002 Concordandum
2176 3969 2256 4007 super
2265 3966 2403 3998 omnibus

1754 4011 2042 4046 confoederationes,
2057 4009 2091 4041 ὃς
2105 4007 2229 4040 Amores
2248 4013 2400 4045 perpetuos

2363 4051 2397 4072 ac
