2561 4251
5 219 92 278 Anti.
106 243 148 276 D.

36 285 122 325 1383.

14 326 67 354 nic.
87 332 113 352 2.

18 1460 36 1478 0
47 1459 117 1490 vn.

18 1507 87 1538 39¹·

19 1582 98 1617 Ami.
113 1582 153 1614 D.

50 1623 136 1663 1383.

19 1666 73 1692 An.
90 1664 117 1689 6.

22 1706 52 1730 R.
73 1710 98 1728 2.

21 1738 86 1776 Infr.

20 1777 153 1807 nihl-Cot.

22 1818 116 1846 DLA.
126 1824 152 1852 3.

34 3012 111 3043 Ann.
126 3011 166 3042 D.

55 3052 142 3092 1383-

32 3095 87 3121 An.
104 3094 132 3117 6.

34 3171 121 3195 trane.
141 3167 170 3195 6.

36 3210 144 3234 R.2.m.

43 3252 83 3271 η.

168 170 244 210 152

165 243 181 276 s
196 243 317 275 ecialiter
330 239 466 278 deputatis
498 234 576 275 super
589 233 694 265 eisdem
710 229 837 263 Materiis
851 229 887 259 de
906 225 1004 257 Novo
1023 222 1222 254 Comumcan-

163 252 209 322 di,
227 280 398 315 TraCtandi,
417 277 451 308 &
492 273 686 308 oncordandi,
907 304 912 310 ῃ
1177 297 1183 302 ἠ

205 321 243 351 Et
257 331 289 350 ea
324 326 387 356 quae
400 317 438 347 sic
451 314 587 344 Traetata
601 312 634 343 &
649 306 833 341 Concordata
844 305 948 335 fuerint
981 296 1185 332 Concludendi
1194 297 1227 328 &

169 344 312 391 Firmandi
326 379 335 394 ,
360 356 393 386 &
416 352 644 392 quibuscumque
664 344 894 392 Stipulationibus
911 367 920 381 ‚
946 346 1175 386 'uramentorum
1200 344 1229 378 e-

171 400 240 430 tiam
253 398 282 426 in
298 393 434 424 Animam
446 390 572 422 nostram
590 383 836 420 Praestatiombus,
854 391 887 412 ac
908 381 966 411 aliis
984 378 1084 409 Poenis
1097 377 1129 408 &
1146 372 1230 404 Obli-

168 434 327 481 gationibus
342 454 354 470 ,
376 430 457 462 licitis
475 431 509 461 ὃς
529 426 655 458 honestis
669 447 680 463 ,
706 421 834 455 Vallandi
848 443 859 460 ‚
881 417 1054 451 Roborandi
1067 440 1078 454 ,
1101 415 1136 446 &
1158 411 1230 444 Mu-

237 473 265 502 di

167 484 429 547 mec¹j¹0nhmilesque
451 504 647 542 obligationes
661 524 672 540 ,
688 498 886 540 stipulationes
922 493 1145 539 Submiffiones,
1159 489 1231 521 1³oe-

168 559 267 582 narum
279 547 449 587 adjeetiones
461 555 475 575 a
488 543 606 582 praefiuo
619 539 740 572 Comite
755 548 808 577 pro
820 522 1084 581 ‘SeJ-Iae-re‘dibus,
1102 532 1135 563 ὅ(
1157 529 1230 561 Suc-

168 588 325 621 cefforibus
339 586 404 623 suis,
424 583 559 615 Nomine
570 579 688 617 nostro,
707 575 826 608 Petendi
840 577 872 610 ὃς
890 571 1080 616 Recipiendi‚

207 625 376 664 Caeteraque
397 623 493 653 omnia
513 620 547 652 &
569 619 609 649 sin
631 618 674 649 ula
695 614 829 647 Faciendi
865 610 1060 656 Excereendi‚
1077 608 1112 640 &
1135 605 1231 649 Expe-

167 664 264 696 diendi
277 674 341 703 quae
354 664 431 694 circa
445 657 590 692 Praerniffa
602 628 635 689 ἓ(
650 664 754 687 eorum
767 637 914 697 quodlibet
929 652 1026 689 (etiarn
1047 656 1116 679 cum
1127 654 1232 690 ‘omm-

164 702 221 735 bus
236 701 440 738 incidentibus,
456 696 698 736 dependentibus,
716 692 924 732 emergentibus
934 712 943 728 ,
957 690 991 721 ὃ(
1011 684 1168 728 connexis).
1182 692 1234 713 ne-

169 742 283 774 ceflaria
302 740 406 770 fuerint
429 737 475 768 vel
495 744 637 774 oportuna
650 756 660 772 ,
692 743 726 763 ac
749 733 834 763 etiam
855 730 875 761 si
897 727 1071 773 Mandatum
1091 728 1234 767 requirant

169 786 435 821 quantumcumque
449 775 582 814 speciale,
599 774 633 805 ὃ(
647 772 753 809 majora
768 770 872 802 fuerint
887 767 1009 806 superuis
1018 762 1204 809 eifpreffatisffi

208 819 411 851 Promittentes
426 824 479 854 pro
498 813 614 851 Nobis,
635 809 821 847 Haeredibus,
838 808 871 839 &
886 804 1102 838 Succefforibus
1115 799 1219 846 ¹¹9stfl?

169 857 239 890 Nos
254 856 380 893 Rarum,
401 854 547 891 Firmum,
565 852 598 882 &
612 849 738 881 Gratum
757 856 894 886 perpetuo
914 845 1060 876 habituros
1082 820 1236 879 Qicquid

166 906 219 937 per
239 895 332 926 dictos
354 893 492 926 Nuncios
515 891 549 922 &
573 889 774 920 Procuratores
788 885 918 923 nostros,
935 883 1012 914 Tres
1025 887 1071 911 aut
1085 879 1172 910 Duos
1184 886 1237 907 eo-

167 935 303 968 rumdem
320 935 458 972 (quorum
475 929 625 968 praefatum
640 925 785 957 Robertum
807 927 878 955 Roas
897 931 987 953 unum
1008 918 1073 962 effe·
1085 914 1232 962 volumus)

169 974 300 1010 Actum,
319 971 461 1008 Gestum,
479 967 678 1004 Conclusum,
696 964 743 996 seu
763 962 984 995 concordatum
1004 958 1087 989 fuerit
1107 966 1137 987 m
1158 954 1235 986 Prae-

167 1012 259 1045 miffis
274 1013 308 1044 &
322 1010 451 1050 quolibet
469 1005 701 1044 Praemissbrurn,

209 1051 249 1082 Et
264 1051 340 1088 hoc,
360 1049 409 1079 sub
423 1047 553 1084 Ypoteca
566 1046 600 1076 &
616 1042 800 1082 obligatione
813 1040 948 1072 omnium
954 1036 1106 1068 Bonorum
1120 1030 1236 1065 nostro·

172 1099 237 1123 rum
245 1112 256 1128 ,
274 1088 475 1121 promittimus
487 1094 539 1124 per
550 1082 713 1116 Praesentes.

209 1165 280 1198 Dat.
299 1165 348 1196 sub
369 1162 473 1202 Magni
494 1161 522 1193 S·
544 1161 583 1193 illi
603 1159 693 1192 nostri
709 1156 895 1190 Testimonio
914 1153 988 1194 apud
1002 1149 1117 1190 ‘Westrm
1132 1148 1236 1192 Primo

170 1204 217 1236 die
241 1202 349 1235 Mensis
371 1201 495 1239 Aprilis,
551 1209 611 1230 nno
637 1198 762 1229 Domini
784 1194 943 1226 Millesimo
957 1216 966 1231 ,
991 1191 1210 1222 Trecentelirno
1226 1210 1238 1225 ,

169 1241 366 1282 onogefimo
382 1240 504 1278 Tertio,
520 1238 610 1271 Anno
624 1238 697 1269 veri>
711 1235 808 1276 Regni
822 1232 911 1266 nostri
921 1232 1017 1263 Sexto.

860 1312 914 1341 Per
930 1307 1013 1350 ipfhm
1028 1309 1134 1344 Regem.

194 1446 215 1467 ⁴¹
242 1447 292 1481 De
309 1441 500 1490 obfirvandis
518 1437 824 1489 Confoederationibus
842 1439 962 1479 Scotiae,
987 1433 1213 1482 Juramemum

582 1495 672 1539 Regis
690 1491 832 1524 Franciae.

178 1577 355 1642 CHarles,
373 1587 422 1616 par
444 1578 468 1608 la
491 1577 587 1611 Gracc
601 1577 637 1608 de
651 1574 745 1614 Dieu,
763 1576 819 1613 Roy
833 1572 865 1602 de
878 1574 1000 1609 France,
1016 1578 1032 1599 a
1043 1574 1115 1600 touz
1126 1564 1237 1603 Ceulx,

255 1618 303 1656 qui
315 1627 362 1647 ces
376 1617 488 1648 Lettres
503 1624 638 1654 verront,
656 1614 743 1646 Salut.

213 1655 362 1693 Comme,
379 1654 476 1686 nostre
488 1655 640 1686 Treschier
652 1654 686 1684 δε
699 1651 835 1683 Tresame
849 1648 958 1693 Couiin
969 1670 979 1686 ,
995 1645 1019 1676 Ie
1032 1647 1088 1685 Roy
1094 1642 1237 1689 d‘Escoce‚

172 1693 261 1725 Nous
274 1696 311 1726 ait
324 1695 373 1725 fait
388 1693 468 1724 Prier
482 1693 516 1724 &
530 1692 689 1730 Requerir,
706 1700 754 1731 par
771 1689 867 1720 nostre
879 1687 947 1719 Bien
962 1686 1038 1730 Arne
1050 1682 1234 1727 lEveJquede

171 1732 282 1773 Glasco,
301 1733 334 1764 &
347 1741 437 1763 autres
453 1731 492 1762 ses
505 1730 693 1768 Meffagiers,
711 1739 767 1768 que
786 1728 923 1759 certaines
944 1725 1064 1767 Aminea
1086 1723 1118 1754 ὃ(
1139 1722 1233 1766 Alian-

171 1769 768 1841 {5⁸{1313{Lediffissfiifi‘es‘hssessuissigiffis
775 1760 1234 1838 ggcg’ffigfgiu‘glssffgyffiffl}

669 1831 678 1844 ἱ
1226 1822 1237 1836 2

171 1849 268 1882 fatiores
279 1848 314 1879 &
326 1848 473 1885 acordees,
489 1819 647 1877 v'offissbns
660 1846 694 1876 &
709 1845 870 1875 Promettre
882 1844 917 1875 ὃ(
926 1825 1011 1879 Ju’rer
1026 1839 1102 1870 selon
1117 1839 1144 1882 le
1152 1837 1237 1868 Con-

174 1895 241 1919 tenu
256 1886 377 1917 d’icelles
387 1907 398 1924 ,
416 1887 449 1916 &
465 1895 520 1923 que
534 1895 583 1922 par
598 1883 696 1915 nostre
706 1883 748 1914 dit
756 1882 892 1921 Seigneur
902 1878 1014 1912 &pere
1027 1879 1060 1910 &
1075 1877 1102 1908 le
1117 1876 1157 1908 dit
1166 1875 1235 1916 Roy

175 1925 312 1958 d'Escoce
324 1934 378 1955 ont
390 1924 446 1955 este
459 1923 557 1962 Jurees
570 1924 604 1954 δε
617 1922 772 1954 Promises:

212 1964 312 1995 Savoir
333 1961 433 1993 faisons
454 1972 524 2001 que,
541 1961 630 1993 Nous
649 1959 839 1991 Considerans
859 1958 896 1990 de
916 1964 980 1989 tout
995 1954 1092 1988 nostre
1104 1952 1184 1985 Ceur
1197 1953 1236 1984 les

176 2002 266 2035 dictes
279 2002 408 2035 Aliances
423 2002 457 2034 &
471 2001 591 2032 Amities
602 2000 696 2033 Tenir
712 1999 747 2033 ὃς
767 1998 896 2036 Garder,
914 1996 1004 2029 Nous
1026 1993 1124 2026 Icelles
1141 1993 1238 2024 Alian-

174 2051 224 2074 ces

215 2066 306 2119 A’prec
318 2089 354 2111 ce
367 2089 422 2117 que
436 2079 475 2110 les
488 2088 577 2111 avons
591 2078 640 2110 fait
654 2077 721 2110 Lire
730 2100 740 2116 ,
757 2076 793 2107 de
806 2074 877 2107 Mor
887 2084 904 2105 a
918 2073 1006 2113 Mot,
1025 2082 1061 2104 en
1074 2071 1101 2103 le
1109 2069 1242 2110 presence

175 2118 215 2150 de
230 2127 290 2150 noz
304 2117 502 2158 Conseiuiers,
519 2119 553 2150 &
568 2118 632 2148 auxi
646 2117 685 2148 du
698 2116 739 2147 dit
752 2115 830 2148 Eves
845 2124 882 2145 ue
894 2113 931 2145 de
949 2112 1056 2144 Glasco
1094 2111 1127 2142 &
1149 2118 1242 2141 autres

179 2157 330 2196 Messagez
348 2156 384 2187 de
404 2156 501 2189 nostre
523 2156 564 2189 dit
577 2155 706 2193 Coufin,
723 2156 821 2192 aujour
843 2154 871 2184 ui
886 2162 922 2184 en
936 2150 1032 2183 nostre
1046 2133 1186 2189 Chapelle
1204 2148 1240 2179 de

179 2195 277 2227 nostre
286 2194 411 2227 Chastell
427 2195 465 2226 du
482 2195 549 2227 Bois
560 2194 596 2226 de
609 2194 789 2231 Vincemes,

216 2233 286 2272 Pas,
306 2236 392 2266 notre
403 2234 557 2266 Treschier
570 2235 603 2265 &
614 2233 679 2265 Feal
694 2232 818 2269 Coufin,
838 2230 862 2260 le
872 2232 998 2269 seigneur
1013 2228 1153 2269 deCoucy,
1170 2236 1240 2258 nos-

177 2281 221 2306 tre
236 2271 398 2306 Procureur
411 2282 426 2302 a
441 2283 476 2304 ce
489 2283 539 2313 par
553 2272 642 2304 Nous
652 2271 779 2308 Establi,
795 2280 886 2302 avons
900 2269 948 2300 fait
965 2268 1128 2300 Promettre
1145 2267 1177 2298 ὅ(
1186 2266 1241 2306 Ju-

177 2321 223 2343 rer
239 2321 274 2342 en
290 2311 387 2344 nostre
402 2311 496 2350 Arne,
511 2311 544 2343 &
564 2311 608 2342 sur
630 2311 669 2342 les
683 2309 808 2342 Sainetoe
823 2308 1015 2347 Euvangilles,
1034 2316 1108 2345 pour
1127 2315 1161 2337 ce
1174 2314 1242 2336 cor-

176 2350 363 2389 porellement
382 2351 519 2382 touchees
534 2372 544 2387 ‚
569 2358 628 2381 tant
650 2348 781 2380 Comme
803 2347 893 2378 Nous
913 2347 948 2378 &
968 2344 1064 2377 nostre
1078 2343 1241 2384 Royaulrne

178 2389 333 2457 toucgieff&
344 2389 424 2458 3335st
436 2388 567 2420 touchier
575 2388 626 2427 ,&
642 2387 719 2420 selon
735 2387 761 2418 la
774 2385 798 2419 F
797 2395 901 2417 ourme
915 2386 948 2417 &
960 2385 1079 2417 Teneur
1092 2383 1140 2414 des
1148 2382 1245 2413 Alian-

179 2436 227 2459 cec
260 2437 276 2458 e
301 2438 332 2459 us
365 2438 373 2458 1
404 2436 441 2459 es.

219 2464 263 2495 En
276 2465 435 2506 Tesmoing
449 2465 496 2497 des
510 2465 614 2504 quelles
628 2463 737 2496 choses
751 2463 841 2496 Nous
853 2472 943 2495 avons
958 2462 1006 2493 fait
1025 2469 1127 2492 mettre
1149 2458 1247 2492 nostre

180 2503 244 2536 seel
258 2503 418 2544 Ordonne,
433 2515 468 2535 en
481 2505 632 2536 l‘Absence
645 2503 683 2535 du
698 2503 812 2542 Orant,
829 2513 844 2533 a
856 2512 902 2533 ces
918 2501 1056 2540 presentes
1069 2501 1186 2532 Lettres.

221 2540 334 2574 Donne
350 2553 386 2573 en
401 2542 498 2574 nostre
511 2542 636 2573 Chastell
652 2542 690 2573 du
713 2541 788 2581 Boys
802 2541 839 2573 de
853 2541 1035 2577 Vincennes,
1051 2539 1077 2570 le
1098 2540 1156 2569 viii.
1173 2537 1246 2577 Jour

180 2579 330 2651 &Affigg
338 2581 470 2659 ἕιέἓὶέε
489 2581 588 2613 Gracc
610 2580 676 2612 Mil.
696 2579 794 2612 CCC.
817 2578 938 2611 IVXX.
956 2581 991 2612 ὅ(
1004 2577 1057 2610 111.
1069 2579 1103 2610 &
1118 2577 1146 2609 le
1160 2576 1246 2609 Tiers

184 2694 307 2764 BAiuJi
327 2697 406 2732 Signe
422 2703 477 2735 par
498 2695 523 2725 le
543 2698 598 2735 Roy
611 2717 621 2734 ,
639 2706 658 2724 a
681 2694 709 2725 la
728 2694 855 2725 Relation
875 2695 907 2724 de
926 2694 1064 2735 Monfieur
1085 2692 1111 2724 Ie
1134 2694 1196 2723 Duc
1215 2691 1248 2722 de

213 2745 343 2772 ourgome.

183 2875 233 2909 De
255 2872 399 2907 Navibus
416 2877 453 2913 τῇ·
474 2877 666 2908 Marinariis
677 2873 886 2955 prodPaffitgio
902 2872 1037 2919 Epiftopi
1054 2872 1250 2915 Mrwiceffis

635 2935 735 2969 capll’n
758 2935 794 2955 Is.

190 3013 326 3071 REX,
345 3013 467 3046 Dilectis
487 3015 520 3046 &
539 3015 680 3046 Fidelibus
697 3016 767 3054 suis,
784 3014 917 3054 Johanm·
938 3014 1057 3054 Philipot
1096 3013 1252 3053 Chivakr,

268 3054 302 3099 βε
321 3053 451 3092 Johanni
471 3053 612 3098 Haytftld
630 3053 767 3092 Clerico,
784 3064 818 3085 ac
841 3053 964 3084 Waltero
978 3039 1133 3095 Leycestre,
1149 3054 1182 3085 &
1195 3053 1253 3092 Jo—

188 3088 275 3122 loanni
290 3091 427 3130 Orewell,
447 3093 638 3123 Servientibus
651 3094 702 3124 suis
715 3093 750 3124 ad
766 3093 872 3130 Agma,
891 3092 1027 3123 Salutem.

212 3129 324 3174 ‘Sciatis
338 3131 417 3168 quod
431 3130 625 3170 assignavimus
639 3142 710 3169 vos,
727 3131 922 3169 conjunffim,
940 3132 974 3162 &
987 3130 1096 3162 divisim
1106 3153 1116 3169 ‚
1133 3129 1168 3161 ad
1189 3139 1257 3160 om-

190 3178 234 3198 nia
249 3169 395 3213 Navesr&
411 3168 498 3207 Vasa,
518 3169 643 3207 Portagii
663 3170 814 3200 Sexdecim
835 3169 991 3200 Doliorum
1011 3170 1045 3201 &
1067 3169 1151 3207 ultra,
1169 3169 1256 3206 usque

190 3207 224 3237 ad
239 3207 403 3247 Portagium
416 3207 545 3238 Centum
559 3207 738 3247 Doliorum,
756 3208 789 3238 &
811 3208 847 3238 de
866 3209 971 3239 eodem
994 3207 1146 3246 portagio,
1164 3207 1198 3238 δε
1218 3207 1254 3237 ad

190 3253 233 3275 tot
251 3246 436 3291 Marinarios,
454 3246 491 3276 de
506 3247 671 3290 melioribus
685 3248 718 3278 &
737 3247 900 3277 fortioribus
917 3247 1076 3277 Marinariis
1090 3269 1099 3284 ,
1118 3254 1187 3284 quot
1202 3254 1254 3283 pro

189 3283 415 3328 Eskippamento
430 3284 569 3327 ‘Navium
591 3285 624 3315 &
647 3284 785 3315 Vasorum
806 3285 1012 3322 praedictorum
1033 3283 1161 3315 sufficere
1175 3293 1256 3321 pote-

191 3322 761 3399 33³2iiississ¹¹⁵1fffsszfflfflffisss⁰35
774 3324 1033 3395 2¹}{53m322ss‘332
1045 3322 1185 3392 {iffi
1200 3331 1258 3398 ¹13ss'ss

190 3398 339 3443 Paliagio,
358 3386 529 3431 Venerabilis
546 3400 648 3438 Patris,
667 3399 787 3441 Episcopi
802 3386 998 3441 Norivicenfis,
1016 3372 1256 3432 agDominc’irum

190 3438 225 3469 &
240 3438 359 3469 aliorum
377 3439 517 3469 Fidelium
530 3438 714 3477 nostrorum,
732 3440 761 3469 in
780 3436 927 3468 Comitiva
943 3440 1008 3478 sua,
1027 3441 1056 3469 in
1074 3437 1255 3475 Obsequium

191 3476 340 3514 nostrum,
361 3478 394 3508 ad
416 3477 513 3508 Partes
532 3477 744 3508 Transmarinas
763 3477 996 3515 profecturorum
1013 3500 1024 3516 ,
1041 3477 1099 3508 fine
1120 3475 1256 3507 dilatione

192 3514 382 3546 Arestandum
397 3517 429 3547 &
446 3515 642 3554 Capiendum,

231 3552 269 3583 Et
282 3553 400 3598 Naves,
419 3553 506 3591 Vasa,
522 3555 556 3585 &
575 3554 744 3585 Marinarios
755 3554 915 3592 hujusmodi
931 3554 1016 3592 usque
1035 3553 1157 3585 Portum
1169 3551 1257 3583 Villae

194 3590 230 3621 de
250 3591 420 3623 Sandewico
433 3615 443 3630 ‚
470 3592 505 3622 ad
533 3592 621 3624 Vadia
648 3593 743 3623 nostra
755 3616 765 3629 ,
795 3592 900 3622 eisdem
932 3592 1092 3624 Marinariis
1121 3601 1169 3630 per
1189 3590 1259 3621 Nos

197 3632 330 3674 prompte
351 3630 497 3668 solvenda,
515 3640 584 3660 cum
604 3632 685 3662 omni
704 3630 882 3662 festinatione
902 3630 967 3662 duci
994 3632 1028 3662 &
1048 3631 1142 3662 venire
1154 3629 1259 3660 facien-

198 3667 284 3706 dum,
302 3678 338 3699 ita
351 3669 431 3706 quod
447 3669 498 3699 sint
514 3669 638 3705 ibidem,
657 3669 775 3699 adcitius
797 3679 856 3707 quo
880 3671 1039 3700 commode
1057 3669 1115 3699 fieri
1138 3669 1259 3706 poterit,

199 3704 335 3751 Prompta
357 3708 390 3737 δε
412 3707 508 3751 Parata
529 3707 564 3737 ad
588 3707 813 3738 Deserviendum
827 3708 928 3745 nobis,
945 3718 998 3745 pro
1013 3707 1140 3746 passagio
1154 3706 1262 3744 praefati

200 3741 347 3785 Epiicop1,
366 3746 399 3775 &
414 3745 532 3776 aliorum
555 3744 696 3775 Fidelium
719 3745 886 3775 nostrorum
906 3747 1130 3784 praedictorum,
1148 3745 1183 3774 ad
1205 3744 1262 3775 Va-

199 3779 245 3810 dia
258 3782 368 3819 nostra,
388 3792 472 3820 prout
487 3785 525 3813 eis
538 3793 571 3813 ex
586 3792 665 3821 parte
675 3784 772 3814 nostra
786 3785 945 3819 iniuncretur
962 3785 1087 3822 ibidem,

237 3817 273 3847 Et
287 3820 320 3849 ad
336 3831 438 3852 omnes
452 3822 525 3858 illos,
547 3831 620 3859 quos
632 3823 661 3851 in
683 3823 832 3865 bacrpaste
846 3808 1016 3853 (fonrrarios
1035 3820 1198 3852 inveneritis
1217 3819 1264 3850 seu

199 3855 352 3895 Rebelles,
373 3859 578 3897 Arestandum,
596 3860 628 3890 ὃ(
644 3859 766 3889 Ρτιῖοηις
778 3859 880 3890 nostris
896 3861 1144 3900 Mancipandum,
1162 3859 1191 3887 in
1213 3860 1265 3888 eis-

199 3893 267 3924 dem
289 3894 453 3937 Moraturos
473 3897 620 3936 quousque
640 3908 694 3936 pro
713 3908 813 3928 eorum
836 3897 1053 3931 Deliberatione
1064 3899 1143 3929 aliter
1155 3896 1268 3927 duxeri-

202 3941 266 3962 mus
283 3933 490 3971 ordinandum;

241 3969 277 3999 Et
292 3970 357 3999 ideo
374 3971 463 4001 Vobis
478 3974 511 4003 &
527 3974 642 4005 cuilibet
657 3973 805 4011 vesti-iim,
825 3973 1001 4006 Mandamus
1013 3974 1093 4013 quod
1106 3974 1181 4004 circa
1191 3972 1271 4003 Prae-

204 4008 291 4086 {313AE
294 4008 446 4078 gigigenter
464 4009 632 4051 Intendatis‚
650 4013 684 4044 ὃς
699 4023 730 4044 ea
746 4012 863 4044 faciatis
875 4012 910 4044 &
923 4013 1116 4053 Exequarnini
1129 4014 1159 4043 in
1177 4011 1273 4044 forma

594 129 1404 190 CONVENTIONES‚
1459 124 1853 174 LITERAE,

1299 215 1410 246 Damus
1438 223 1531 245 autem
1554 210 1777 244 Constabulario
1806 208 1906 241 nostro
1936 207 2115 248 Dovorriae,
2143 209 2180 243 &
2203 206 2328 241 Custodi
2349 202 2484 243 Ann.D‚

1266 254 1408 293 Qinque
1424 253 1563 284 Portuum
1587 251 1768 287 nostrorum,
1786 247 1989 292 ac'Univetfis
2007 250 2042 280 &
2063 249 2114 280 Sin
2138 249 2188 280 ulis
2201 247 2329 279 Viceco·
2369 245 2454 286 1383.

1267 294 1402 330 mitibus,
1418 292 1595 329 Ma'oribus,
1615 289 1723 320 Ballivis
1755 286 1901 331 'Mu-nstris
1916 309 1926 324 ,
1943 285 2096 325 Dominis,
2115 258 2276 326 ffiagifflis,
2295 287 2328 317 ὃς
2347 285 2401 312 Ric.
2419 294 2448 313 2.

1269 329 1428 374 Marinariis
1479 331 1592 367 avium,
1610 337 1642 359 ac
1658 328 1715 358 aliis
1729 310 1871 356 fidelibus
1884 325 1918 355 &
1934 325 2059 356 Subditis
2071 325 2190 365 nostris,
2208 328 2267 357 ram
2283 326 2328 356 in-

1267 373 1310 400 ira
1332 369 1501 407 Libertatec,
1521 369 1539 388 ²*
1559 368 1646 406 quam
1669 374 1762 402 ema,
1778 364 1898 394 Tenore
1917 360 2118 403 praesentium,
2134 366 2164 396 in
2184 365 2330 396 Mmdaris
2348 357 2368 377 '¹‘
2387 360 2456 390 VII.

1269 408 1351 445 quod
1372 408 1480 451 Vobis,
1499 409 1533 439 &
1554 406 1673 437 cuilibet
1692 401 1821 436 vestrum
1847 402 1896 446 ‘in
1915 399 2094 432 Executione
2114 402 2330 436 Praemifforum
2351 405 2417 434 39²·

1268 445 1448 478 Intendentes
1464 452 1529 484 imt,
1547 425 1948 481 Consulentes,Obedientes‚
1963 440 1997 471 &
2011 441 2184 473 Auxiliantae
2197 445 2330 482 quotiens

1269 485 1304 516 &
1315 493 1400 522 prout
1414 494 1464 525 per
1478 484 1556 522 Vos,
1575 483 1620 514 seu
1633 482 1759 522 aliquem
1773 477 1921 517 vestrum,
1939 477 2021 518 super
2040 479 2117 518 hoc,
2132 480 2237 514 fuerint
2256 493 2331 522 ρης.

1270 524 1372 555 muniti
1385 532 1420 553 ex
1435 532 1511 561 parte
1526 521 1631 553 nostra.
1926 532 1957 539 -

1308 560 1342 592 In
1358 562 1452 599 cujus,
1471 561 1532 592 &c.

1308 599 1398 632 Teste
1410 599 1498 638 Rege
1508 598 1584 638 apud
1596 595 1874 639 Wsbnonasterium,
1891 595 2011 629 oecavo
2021 595 2068 627 die
2082 594 2196 635 Aprilis.

1997 675 2051 704 Per
2070 672 2225 704 Concilium.

1476 806 1526 839 De
1543 805 1687 838 Denariis
1714 800 1793 835 dista
1811 800 1952 848 Epistopo
1959 800 2128 847 sblvendis.

1276 890 1407 947 REX,
1426 889 1640 922 Collectoribus
1653 886 1866 925 Denariorum,
1883 886 2047 918 Venerabili
2059 885 2154 927 Patri,
2164 890 2282 920 Henrt‘co
2294 892 2339 921 Ε-
2358 887 2487 921 Ann.D.

1277 965 1311 996 ει
1353 925 2342 999 ‚Kfflpf'tissssiifi‘cfffis'ci’ag'¹¹533²i³31⁶⁰s=⁰2¹31¹122212u⁸1ss1¹b'issnb’ss'ss‘ff
2359 928 2470 996 2³3?-

1275 1012 1334 1037 tatu
1348 1007 1373 1038 E
1416 1016 1487 1049 rum⁴
1495 1006 1629 1038 Salutem.
1713 988 1723 1004 ³
2157 989 2168 1006 ³
2317 979 2326 999 ¹
2357 980 2436 1036 ιζῖιί.
2447 990 2454 997 ’

1314 1045 1392 1084 Qia
1413 1051 1542 1085 praetatus
1561 1043 1716 1088 Episcopus
1736 1040 1770 1086 ad
1792 1040 1888 1072 Partes
1907 1041 2136 1082 Transmarinas,
2152 1044 2182 1075 in
2204 1042 2340 1084 Viagiurn
2360 1049 2417 1074 Par.
2444 1047 2472 1075 6.

1275 1080 1700 1153 CRfUsfMTAEstP‘aessstQ
1717 1080 1751 1112 &
1762 1088 1792 1110 m
1805 1079 1976 1119 obsequium
1996 1080 2143 1120 nostrum,
2160 1083 2232 1114 insta
2252 1084 2341 1117 breve
2360 1087 2387 1112 R.
2405 1094 2420 1112 2
2445 1091 2471 1122 p.

1275 1131 1329 1159 pro
1342 1133 1378 1154 e„
1392 1133 1457 1154 urus
1469 1132 1512 1153 exi
1540 1130 1559 1153 it
2380 1143 2388 1152 .
2425 1144 2433 1152 .
2485 1128 2494 1153 ,’

1314 1160 1407 1192 Vobis
1421 1184 1431 1200 ,
1461 1144 1616 1192 districtius
1637 1169 1697 1198 quo
1717 1156 1864 1197 possumus
1876 1179 1886 1196 ‚
1911 1155 2089 1197 In'ungimus
2108 1160 2142 1191 &
2167 1159 2341 1194 Mandamus
2361 1131 2375 1161 3
2395 1131 2422 1151 m
2450 1129 2487 1168 15

1299 1199 1358 1230 und
1378 1210 1479 1231 omnes
1504 1199 1662 1236 Denarios,
1681 1199 1730 1237 qui
1749 1196 1861 1227 levandi
1882 1197 1925 1226 exi
1974 1205 2020 1234 nt,
2038 1197 2073 1228 &
2096 1200 2144 1236 qui
2163 1200 2193 1229 in
2213 1202 2343 1234 manibus

1301 1239 1529 1270 ubcollec‘tozum
1541 1237 1706 1270 vestrorum
1722 1236 1755 1268 &
1770 1243 1964 1273 quorumcurn
1988 1245 2023 1266 ue
2042 1234 2218 1269 Curatorum
2236 1239 2345 1271 haben-

1278 1284 1342 1316 tur,
1361 1278 1419 1308 line
1432 1278 1566 1308 dilatione
1576 1277 1681 1315 levari,
1697 1276 1730 1307 &
1747 1284 1799 1305 vos
1813 1274 1870 1304 unzi
1881 1283 1950 1305 curn
2000 1276 2114 1314 enariis,
2129 1277 2190 1314 jam
2202 1278 2233 1307 in
2254 1287 2342 1312 manu

1277 1315 1372 1347 vestra
1392 1317 1526 1355 prompte
1548 1316 1670 1353 habitis,
1694 1314 1794 1345 venire
1823 1312 1926 1343 faciatis
1953 1313 2026 1351 apud
2050 1313 2251 1347 Sandewicum
2270 1317 2343 1349 infra

1279 1353 1396 1385 Decem
1413 1354 1484 1386 Dies
1497 1365 1512 1385 a
1527 1354 1600 1384 Data
1616 1352 1810 1392 praesentium,
1828 1350 1864 1381 ad
1879 1350 1995 1381 eosdem
2010 1350 2153 1384 Denarios
2166 1354 2285 1392 praefato
2300 1355 2342 1387 E-

1278 1392 1415 1432 piscopo,
1433 1394 1478 1425 seu
1501 1394 1558 1431 ejus
1579 1392 1816 1434 Deputatisxpro
1839 1389 2013 1421 Neceffariis
2033 1389 2188 1431 Expenfis,
2207 1392 2343 1435 Viagium

1277 1432 1448 1470 praedieium
1463 1431 1701 1464 concernentibus
1711 1453 1721 1469 ,
1737 1428 1913 1466 liberandos,

1292 1509 1297 1514 .
1313 1469 1352 1514 Et
1368 1472 1444 1514 hoc„
1459 1472 1509 1503 sub
1526 1469 1711 1501 Forisfastura
1723 1469 1858 1499 omnium
1873 1477 1938 1505 quae
1955 1465 2056 1499 Nobis
2076 1468 2240 1502 forisfficere
2260 1480 2343 1510 pote-

1275 1518 1351 1548 ritiS,
1368 1511 1401 1542 &
1416 1513 1491 1555 sicut
1500 1517 1619 1547 gravem
1633 1505 1783 1538 Offensam
1804 1505 1929 1537 nostram
1949 1507 2094 1538 volueritis
2113 1509 2236 1549 evitare,
2253 1511 2344 1543 nulla-

1276 1556 1359 1578 tenus
1371 1557 1519 1580 omittatis·

1314 1585 1383 1630 Nos
1397 1587 1433 1618 de
1447 1571 1626 1618 Nominibus
1638 1585 1771 1616 omnium
1785 1585 1819 1615 ὅτ
1834 1582 2025 1623 singulorum,
2043 1585 2092 1623 qui
2105 1584 2267 1624 hujusmodi
2277 1587 2343 1620 De·

1275 1634 1367 1656 uarios
1390 1625 1498 1656 solvere
1517 1634 1648 1656 tenentur
1663 1646 1674 1661 ,
1698 1624 1731 1653 ὅ(
1751 1633 1802 1654 eos
1821 1622 1905 1653 vobis
1923 1622 2040 1653 liberare
2060 1624 2203 1655 noluerint
2227 1627 2342 1663 (contra

1276 1674 1348 1707 quos
1363 1674 1430 1695 cum
1445 1665 1528 1694 omni
1543 1664 1636 1702 rigore
1644 1660 1766 1702 justitiae
1782 1661 1935 1698 procedere
1947 1662 2130 1701 intendimus)
2148 1664 2177 1694 in
2190 1662 2341 1697 Cancella-

1275 1712 1315 1733 rm
1339 1703 1452 1741 nostra,
1471 1703 1521 1734 sub
1543 1701 1643 1741 Sigillis
1663 1699 1777 1738 vestris,
1795 1699 1929 1730 distinete
1949 1700 1983 1730 &
2003 1708 2115 1740 aperte,
2134 1702 2193 1733 sine
2205 1702 2341 1735 dilatione

1276 1741 1424 1772 reddentes
1438 1743 1580 1772 certiores.

1312 1780 1401 1811 Teste
1415 1779 1499 1818 Rege
1512 1779 1587 1819 apud
1602 1774 1877 1819 Wstmonasterium,
1892 1774 2010 1807 Oftavo
2021 1775 2067 1807 die
2082 1777 2195 1816 Aprilis.

1314 1853 1482 1887 Consimilia
1497 1856 1595 1888 Brevia
1608 1855 1766 1894 diriguntur
1780 1852 1891 1893 singulis
1901 1852 2062 1891 hujusmodi
2077 1852 2292 1889 concistoribus
2309 1858 2342 1888 in

1273 1896 1500 1937 quibuscumque
1514 1894 1707 1927 comitatibus
1720 1892 1842 1933 Angliae.

1377 2035 1460 2080 Papa
1474 2031 1519 2066 ad
1533 2034 1750 2079 Imperatorem
1761 2040 1864 2063 contra
1882 2030 1976 2077 Lxgas
1994 2040 2063 2062 cum
2082 2031 2247 2067 Haereticis.

1278 2119 1460 2182 URbanus
1474 2117 1628 2160 Epifiopus‚
1648 2117 1751 2149 Servus
1764 2116 1921 2148 Servorum
1937 2114 2014 2154 Dei,
2032 2113 2185 2149 Carissimo
2200 2119 2233 2149 in
2254 2117 2342 2152 Chri·
2360 2114 2439 2148 Ann.
2454 2112 2500 2154 D}

1367 2159 1412 2190 sto
1430 2158 1502 2189 Filio
1536 2157 1689 2197 Wenceflao
1701 2158 1882 2186 Rornanorum
1895 2153 1934 2190 ό·
1948 2156 2065 2186 Boemtae
2079 2157 2145 2195 Regi
2165 2156 2269 2189 Illustri
2291 2159 2341 2190 Sa·
2383 2153 2470 2194 1383.
2495 2188 2499 2190 Y

2364 2198 2415 2223 An.
2431 2195 2459 2220 6.

1318 2237 1423 2278 Nuper
1436 2259 1447 2275 ,
1469 2245 1538 2267 cum
1558 2235 1594 2267 ad
1614 2234 1746 2266 nostrum
1766 2232 1935 2273 perveniffet
1956 2232 2096 2265 Auditum
2119 2234 2201 2273 quod
2217 2258 2228 2275 ,
2251 2237 2343 2276 olim,
2362 2237 2392 2262 R·
2414 2242 2441 2260 ²·

1279 2279 1339 2309 tam
1354 2285 1400 2307 tua
1421 2275 1576 2314 serenitas,
1590 2274 1677 2314 quam
1695 2274 1781 2305 etiam
1794 2297 1804 2311 ,
1822 2272 1905 2303 clarae
1928 2274 2092 2310 memoriae,
2111 2273 2222 2304 carolus
2242 2278 2343 2306 Rma-
2360 2271 2449 2308 claus.
2469 2269 2500 2297 ⁶2

1279 2326 1375 2347 norum
1388 2317 1538 2353 Imperator
1558 2316 1591 2346 &
1609 2312 1734 2344 Genitor
1745 2321 1825 2349 tuus,
1845 2311 1926 2342 fimul
1944 2311 1990 2342 vel
2004 2311 2158 2343 succeffive
2194 2317 2342 2346 nonnullas
2362 2316 2391 2339 R.
2403 2316 2456 2347 ιφ.
2469 2317 2496 2344 r,

1282 2353 1571 2396 Confoederarbnes,
1587 2351 1633 2382 vel
1653 2351 1873 2394 Colligationes,
1889 2350 1937 2394 seu
1960 2349 2047 2387 Ligas
2061 2373 2073 2389 ,
2090 2360 2136 2382 aut
2157 2337 2342 2385 Conventio-
2360 2359 2398 2378 m·
2417 2356 2463 2383 ²9·

1281 2404 1332 2425 nes
1356 2402 1426 2424 cum
1445 2393 1558 2423 diverlis
1571 2414 1582 2430 ,
1601 2389 1729 2435 Regibus
1741 2415 1751 2428 ,
1769 2389 1967 2429 Principibus,
1986 2387 2136 2427 Ducibus,
2155 2390 2321 2423 Comitibus
2333 2417 2344 2431 ,

1282 2443 1315 2464 ac
1334 2431 1534 2470 Magnatibus,
1552 2429 1729 2467 Nobilibus,
1747 2429 1781 2460 &
1797 2429 1879 2459 certis
1894 2429 1952 2458 aliis
1965 2428 2085 2459 inieratis
2097 2428 2143 2459 seu
2157 2432 2302 2470 feceratis,
2345 2455 2348 2458 ,

1321 2470 1360 2501 Et
1375 2470 1456 2508 quod
1472 2469 1574 2507 aliqui,
1593 2477 1628 2499 ex
1643 2467 1802 2506 hujusmodi
1817 2466 1961 2506 Regibus,
1981 2464 2179 2506 Principibus,
2201 2468 2349 2510 Ducibus,

1283 2508 1468 2547 Comitibus,
1487 2508 1687 2547 Magnatibus,
1704 2507 1750 2537 seu
1763 2506 1940 2543 Nobilibus,
1957 2514 2004 2535 aut
2018 2506 2091 2543 aliis,
2110 2515 2179 2537 tunc
2193 2518 2288 2546 erant,
2302 2510 2349 2540 seu

1283 2547 1379 2587 postea
1391 2547 1469 2586 sunt,
1489 2546 1585 2577 effecti
1597 2545 1806 2576 Scismaticiseu
1825 2543 1964 2574 Haeretici
1985 2543 2139 2581 manifesti,
2156 2546 2190 2575 ὃς
2208 2547 2246 2576 ιδ
2270 2547 2349 2578 Uni.

1282 2597 1338 2618 tate
1361 2585 1474 2617 saneta:
1498 2586 1642 2615 Romanae
1663 2584 1697 2615 &
1719 2581 1898 2613 Universaiis
1919 2580 2056 2612 Eccleiiae
2069 2583 2180 2620 reparati
2187 2606 2199 2622 ,
2215 2587 2349 2623 quamvis

1283 2636 1359 2695 pei-N
1348 2624 1382 2655 N
1385 2634 1416 2655 os
1430 2625 1494 2655 alias
1505 2623 1634 2654 declarati
1648 2631 1709 2652 non
1722 2622 1811 2652 essent
1820 2645 1830 2658 ,

1361 2673 1395 2695 os

1324 2686 1511 2734 Aneiidenres
1526 2699 1606 2740 quod
1619 2698 1780 2738 hujusmodi
1788 2696 2060 2729 Confoederationes
2069 2722 2078 2736 ,
2090 2697 2354 2742 Colligationes‚&

1286 2742 1322 2773 Li
1344 2752 1386 2780 ae,
1404 2741 1450 2772 seu
1463 2739 1698 2774 Conventiones,

1348 2781 1420 2811 11&ae
1436 2789 1504 2811 curn
1521 2777 1680 2817 hujusmodi
1693 2776 1845 2808 Haereticis
1857 2785 1905 2807 aut
1919 2774 2105 2815 scismaticis,

1283 2859 1300 2898 J
1321 2819 1480 2887 Postqfiiam
1495 2817 1561 2849 tales
1573 2815 1673 2848 effecti
1685 2816 1811 2854 fuerant,
1829 2824 1907 2847 erant
1922 2817 2097 2854 temerariae,
2114 2815 2238 2856 illicitae,
2253 2817 2355 2856 &ipio

1304 2868 1353 2889 ure
1367 2867 1406 2888 nu
1427 2867 1452 2888 ae

1326 2896 1364 2926 Et
1379 2896 1398 2926 si
1413 2880 1506 2927 forsan
1521 2903 1586 2926 ante
1599 2894 1724 2932 ipibrum
1741 2893 1865 2931 Lapsum
1878 2894 1908 2923 in
1923 2892 2031 2924 Scisma
2045 2893 2090 2923 seu
2110 2892 2252 2923 Haerefim
2275 2895 2354 2925 initae

1287 2935 1333 2966 seu
1346 2934 1429 2966 factae
1443 2934 1574 2971 fuissent,
1593 2933 1699 2964 eriamfi
1713 2932 1807 2962 forent
1817 2931 1986 2969 Juramento
1999 2930 2045 2961 vel
2061 2929 2129 2961 Fide
2143 2930 2208 2961 data
2219 2930 2355 2971 firmatae,

1287 2982 1334 3005 aut
1349 2971 1579 3003 confirmatione
1586 2969 1754 3011 Apostolicfi
1767 2970 1812 3000 vel
1827 2978 2009 3007 quacumque
2025 2967 2155 2999 firmitate
2167 2968 2218 3000 alifi
2233 2970 2356 3002 robora—

1289 3022 1345 3049 tae,
1363 3010 1515 3050 postquam
1529 3010 1613 3048 tales,
1631 3017 1662 3039 ut
1677 3009 1872 3046 praemittitur,
1890 3007 2001 3038 fuerant
2013 3006 2128 3046 effeffi,

1328 3049 1374 3081 Eo
1387 3050 1447 3087 ipso
1461 3050 1521 3079 tam
1536 3047 1604 3087 Tu,
1623 3047 1709 3086 quim
1725 3046 1786 3084 alii,

1330 3089 1393 3127 Qui
1408 3087 1519 3125 forsan,
1539 3087 1595 3117 un‘a
1609 3094 1724 3122 tecum,
1741 3083 1899 3122 hujusmodi
1915 3081 2207 3123 confoederationes,
2227 3083 2356 3126 Colliga-

1289 3128 1400 3165 tiones,
1419 3126 1520 3165 Ligas,
1537 3125 1583 3155 seu
1597 3122 1666 3154 Con
1672 3123 1816 3152 ventiones
1830 3131 1899 3153 cum
1911 3122 2013 3153 mlibus
2027 3123 2146 3154 inierant
2160 3124 2206 3154 seu
2220 3124 2355 3165 fecerant,

1290 3167 1324 3196 &
1338 3165 1371 3195 ad
1387 3174 1459 3202 quos
1474 3163 1633 3202 hujusmodi
1649 3160 1939 3198 confoederationes,
1959 3159 2182 3200 Colligationes,
2201 3162 2355 3202 Ligae,seu

1291 3203 1510 3234 Convenriones
1525 3200 1747 3239 quomodolibet
1758 3200 1871 3230 extendi
1884 3208 2030 3239 poterant,
2046 3201 2080 3232 &
2093 3210 2220 3238 quorum
2241 3202 2357 3233 interest

1291 3241 1336 3273 vel
1353 3240 1484 3271 interesie
1497 3249 1625 3278 poterat,

1331 3280 1379 3310 Ab
1391 3288 1487 3310 earum
1504 3278 1701 3310 observatione
1714 3276 1834 3307 absoluti
1849 3278 1946 3316 eratis,
1963 3276 2076 3315 illasque
2090 3277 2152 3316 ipsis
2166 3277 2274 3310 servare
2296 3289 2358 3310 non

1290 3317 1451 3355 debebatis,
1466 3319 1598 3355 quinimo
1611 3315 1661 3347 Tu
1685 3315 1849 3355 hujusmodi
1864 3315 2043 3346 scismaticos
2064 3317 2098 3347 ὅ(
2122 3315 2298 3357 Haereticos,
2314 3328 2357 3348 ra-

1292 3358 1371 3387 tione
1384 3355 1516 3395 Imperii,
1535 3356 1570 3387 ad
1589 3355 1667 3394 quod
1683 3355 1800 3386 Electus
1814 3354 1847 3385 δε
1882 3364 1912 3384 er
1925 3352 1995 3384 Nos
2015 3364 2050 3392 ap
2072 3355 2185 3385 robatus
2206 3355 2358 3394 existebas,

1292 3405 1377 3438 prout
1391 3395 1499 3433 existis,
1518 3396 1548 3424 in
1562 3395 1691 3425 savorem
1705 3394 1817 3425 Sanc‘tae
1885 3402 1998 3422 omanae
2012 3402 2045 3422 ac
2097 3393 2235 3424 niversalis
2254 3393 2360 3426 Eccle-

1293 3437 1357 3479 ηπ,
1373 3436 1452 3472 cujus
1467 3443 1496 3464 es
1515 3434 1534 3452 ²*
1555 3433 1740 3470 Advocatus,
1759 3441 1812 3475 pro
1825 3417 1915 3461 Poste
1929 3430 2058 3469 prosequi
2073 3431 2212 3462 tenebaris
2225 3443 2258 3463 ac
2279 3443 2359 3464 tene-

1293 3483 1345 3510 ris,
1366 3472 1503 3511 quodque
1526 3473 1620 3502 omnis
1641 3469 1827 3502 communio
1849 3478 1919 3499 curn
1941 3469 2043 3500 talibus
2063 3468 2206 3501 Herericis
2220 3471 2266 3501 seu
2282 3472 2360 3503 Scis-

1295 3512 1405 3542 maticis
1421 3512 1505 3541 nimis
1519 3510 1674 3548 periculosa
1688 3508 1798 3546 existit,
1817 3517 1885 3538 cum
1900 3509 1976 3539 nulla
1991 3509 2021 3538 iit
2037 3510 2147 3546 prorsus
2162 3518 2216 3540 nec
2237 3510 2292 3540 efle
2311 3509 2361 3540 de-

1295 3550 1360 3581 beat
1373 3548 1556 3588 Participatio
1572 3549 1660 3579 Lucis
1673 3548 1708 3577 ad
1723 3545 1890 3585 Tenebras,
1908 3556 1954 3577 aut
1970 3545 2079 3578 Christi
2092 3547 2126 3577 ad
2140 3546 2242 3585 Belial,

1332 3587 1372 3619 Et
1386 3589 1531 3627 cupientes
1546 3587 1626 3624 super
1639 3587 1691 3616 hiis
1706 3594 1762 3615 tuae
1775 3586 1809 3616 &
1823 3585 1942 3616 aliorum
1959 3585 2129 3616 Animarum
2145 3585 2231 3616 Saluti
2244 3585 2278 3616 &
2291 3583 2361 3616 Ho-

1295 3629 1361 3657 nori
1376 3637 1408 3658 ac
1423 3627 1505 3657 statui
1520 3634 1570 3656 tuo
1581 3625 1614 3656 &
1628 3625 1765 3660 aliorum,
1784 3633 1908 3661 quorum
1923 3623 2056 3661 interest,
2075 3632 2106 3654 ut
2115 3624 2274 3660 praefertur,
2292 3624 2360 3654 salu-

1296 3666 1383 3695 briter
1398 3663 1565 3703 providere,
1583 3672 1616 3693 ac
1630 3661 1767 3693 Periculis
1781 3663 1815 3692 ὃς
1829 3662 1991 3700 Scandalis,
2009 3672 2074 3701 quae
2089 3661 2159 3692 Tibi
2173 3662 2208 3692 δί
2231 3660 2292 3698 ipsis
2310 3670 2360 3692 ex-

1298 3705 1365 3734 inde
1378 3704 1530 3744 provenire
1541 3710 1671 3741 poterant
1680 3724 1689 3740 ,
1708 3701 1812 3732 utiliter
1826 3710 2003 3738 praecavere,

1336 3742 1374 3773 Et
1394 3743 1459 3779 Te,
1476 3743 1509 3772 ὅτ
1531 3741 1599 3771 alios
1621 3749 1742 3778 omnes,
1757 3748 1882 3777 quorum
1904 3739 2018 3770 interest
2037 3739 2072 3770 &
2090 3736 2221 3768 intereffe
2236 3746 2364 3778 poterat,

1300 3780 1480 3811 Austoritate
1499 3778 1686 3817 Apostolici,
1706 3787 1755 3816 per
1777 3777 1885 3807 nostras
1909 3776 2019 3808 Literas
2058 3775 2260 3806 declaravimus
2282 3777 2366 3808 ruisse

1300 3820 1334 3849 &
1356 3818 1412 3849 effe
1433 3820 1469 3848 ab
1491 3816 1656 3847 eurumdem
1679 3815 1973 3847 Confoederarionum
1989 3838 1999 3852 ,
2017 3798 2262 3853 Colligationum,
2280 3815 2366 3855 Liga-

1302 3867 1367 3887 rum
1382 3882 1392 3895 ,
1410 3857 1444 3887 &
1464 3855 1704 3886 Conventionum
1727 3854 1924 3885 obierit-atione
1946 3851 2056 3890 penittis
2080 3850 2233 3883 Abiolutos
2245 3875 2256 3891 ,
2274 3855 2308 3885 &
2332 3853 2369 3884 ad

1303 3905 1400 3925 earum
1416 3894 1653 3924 observationem
1666 3894 1838 3932 aliquatenus
1851 3900 1910 3921 non
1923 3890 2024 3927 teneri,
2041 3888 2155 3927 illasque
2189 3891 2368 3928 quatenus-de

1304 3933 1382 4001 {arcto
1399 3931 1607 3977 processerant,
1624 3931 1939 3968 caffimus,irritamus‚
1953 3927 1987 3958 &
2002 3926 2104 3958 nullius
2119 3913 2176 3961 effe
2190 3930 2370 3961 decrevimus

1342 3981 1458 4001 mitat182

1346 4008 1383 4039 Et
1406 4009 1532 4046 insuper,
1550 4006 1707 4046 Cupientes
1727 4006 1897 4037 Animarum
1921 4000 2057 4034 Periculis
2074 4004 2193 4035 obviare
2224 4006 2283 4035 tam
2303 4006 2355 4036 tibi
2374 4010 2375 4013 ’

1311 4048 1400 4086 quam
1411 4048 1547 4078 omnibus
1560 4047 1645 4078 etiam
1661 4042 1824 4084 hujusmodi
1838 4042 2044 4081 aliis‚quorum
2057 4042 2172 4075 interest
2185 4027 2231 4074 seu
2245 4027 2374 4076 interes?

1280 2200 1372 2231 lutem
1385 2198 1418 2229 δέ
1434 2182 1632 2236 Αροῖὶοὶίεετη
1649 2195 1894 2227 Benedic'tionem.
