2561 4251
17 277 116 317 nnn·

15 332 98 399 *3⁷²4

8 1101 105 1159 φ.

11 1162 47 1186 in.
62 1157 109 1191 46.

4 1219 80 1262 franc.

0 1274 42 1301 ’.6.
53 1275 82 1298 Ε.
99 1277 125 1305 3.

0 1317 32 1382 ‚m
46 1318 92 1346 49.

9 1947 75 1980 nnn.
88 1946 130 1977 D.

8 1995 110 2062 4¹32}

5 2073 113 2131 rim

9 2335 21 2360 Ι
39 2340 91 2370 VI.

8 2387 66 2447 111111
85 2415 116 2446 D

8 2439 128 2496 '1352ss

0 2498 50 2523 idn.
63 2496 112 2530 46.

7 2555 83 2608 Sinus.

8 2612 46 2645 ..6.
59 2613 90 2638 Ε.
101 2618 125 2646 3.

8 2657 81 2684 n.29.
100 2649 127 2677 d.

0 1081 67 1113 rinn¹
85 1070 128 1107 D.

703 182 815 225 ET
899 183 1172 225 ACTA

129 278 213 309 nium
231 285 295 315 quae
311 273 394 305 nobis
411 271 569 303 forisfacere
588 272 727 309 poterint,
746 271 785 301 set
801 271 832 301 in
849 271 968 308 propriis
983 269 1111 302 Partibus
1122 270 1194 307 suis,

133 327 186 357 pro
204 314 363 346 defensione
383 310 524 342 Marchiae
543 311 665 348 ibidem,
681 310 819 341 continue
838 318 1002 346 morentur,

171 354 209 386 Et
227 349 399 383 Custodibus
420 349 616 379 Marchiarum
636 348 835 386 praedictarum
850 370 860 385 ,
886 348 1014 385 quotiens
1031 357 1080 388 per
1099 347 1169 386 ipsos
1185 370 1194 386 ,

132 394 180 425 seu
198 400 298 423 eorum
315 389 457 427 aliquem,
476 397 509 417 ex
529 397 605 426 parte
623 386 719 417 nostra
735 386 895 426 praemuniti
912 387 1033 424 fuerint,
1047 386 1195 422 diligenter

133 431 278 464 intendant
291 451 301 466 ‚
327 434 438 466 pareant
455 450 464 464 ,
487 427 521 457 ὅ(
544 425 727 463 respondeant
745 424 796 455 sub
820 423 1006 455 Forisfac‘tura
1026 424 1196 461 supradiet23

136 471 174 502 Et
194 471 268 506 hoc,
287 467 355 497 ficut
376 465 458 503 Nos,
474 465 508 496 &
526 464 682 495 Honorem
698 462 842 499 nostrum,
857 472 890 492 ac
905 463 1084 493 salvationem
1097 463 1130 493 ὃ(
1147 462 1198 493 de-

132 509 285 542 fensionem
304 504 402 543 Regni
419 503 508 533 nostri
529 502 640 540 Angliae
652 501 780 539 diligitis,
798 500 950 530 nullatenus
965 502 1107 531 omittatis.

169 544 259 577 Teste
283 542 370 581 Rege
393 541 467 581 apud
491 538 786 572 Westmonasterium
799 560 810 577 ,
831 539 967 570 vicesimo
986 538 1062 570 sexto
1079 540 1124 570 die
1143 539 1198 570 Fe-

131 584 242 618 bruarii.

156 658 326 692 Confimilia
343 657 443 689 Brevia
461 655 623 693 diriguntur
639 653 872 686 vicecomitibus
888 653 1063 693 subscriptis,
1084 654 1134 685 sub
1152 664 1198 684 ea-
1255 652 1260 655 ”

487 694 555 725 dem
575 693 649 725 Data
658 705 668 731 3
691 693 823 724 videlicet
831 714 841 731 ,

174 779 203 807 V
204 779 302 806 icecom.
322 770 503 803 Northumbr.

176 819 205 845 V
206 819 306 844 icecom.
322 811 430 841 Cumbr.
459 843 461 845 ¹

176 856 302 883 Vicecom.
325 849 470 890 Wstmerl.

404 977 463 1008 Pro
484 972 607 1005 Nuncio
630 970 674 1004 ad
690 981 793 1018 partes
817 974 940 1005 Pruciae.

145 1061 296 1120 REX,
310 1062 373 1093 &c.
391 1059 522 1091 Salutem.

259 1100 358 1130 Sciatis
375 1097 472 1137 quod,
927 1131 936 1142 Α

180 1139 260 1171 Cum
288 1139 431 1168 mittamus
446 1135 610 1174 Johannein
625 1133 732 1165 Roche
748 1133 784 1165 de
803 1133 958 1171 zelandia,
978 1132 1132 1164 Nuncium
1152 1144 1207 1164 no·-

146 1178 233 1209 strum
249 1177 266 1207 s
280 1176 414 1213 ecialem,
440 1174 531 1204 versus
548 1182 636 1213 partes
654 1173 783 1210 Pruciae,
801 1177 869 1202 cum
889 1172 996 1215 Tribus
1014 1172 1090 1212 Pipis
1108 1174 1141 1204 &
1162 1173 1207 1203 di—

145 1217 227 1249 versis
278 1215 346 1246 ebus
362 1214 396 1245 &
412 1212 551 1244 Hernesiis
568 1212 685 1250 nostris,
710 1211 740 1242 in
758 1211 862 1242 eisdem
878 1209 958 1249 Pipis
973 1211 1085 1242 inclusis
1106 1213 1140 1243 &
1160 1211 1206 1241 fir-

144 1256 240 1293 maris,

180 1294 266 1332 Nos,
734 1326 739 1332 ,
824 1327 830 1332 .

179 1332 316 1364 Volentes
340 1339 392 1368 pro
414 1328 567 1360 Securitate
586 1327 621 1358 &
639 1326 798 1371 Salvatione
821 1325 904 1364 ipsius
917 1325 1056 1365 Johannis
1072 1335 1106 1358 ac
1123 1326 1209 1365 Pipa-

144 1382 211 1404 rum
228 1369 428 1409 praedictarum
445 1369 474 1398 in
493 1367 546 1396 hac
567 1374 643 1404 parte
661 1365 830 1403 prowdere,

184 1409 363 1448 Suscepimus
382 1406 473 1444 ipsum
489 1405 652 1444 johannem
671 1403 762 1434 versus
781 1413 871 1442 partes
890 1404 1053 1440 praedictas,
1073 1413 1140 1434 cum
1160 1403 1210 1434 Pi-

144 1451 188 1489 pis
212 1449 245 1479 &
263 1447 320 1477 aliis
340 1442 490 1475 'Hernefiis
503 1467 512 1482 ,
536 1443 596 1479 &a
621 1450 652 1472 ut
677 1446 707 1472 in
725 1441 857 1482 fimilibus
877 1442 910 1470 de
931 1443 1068 1472 Conduffu
1087 1445 1211 1480 Litoris,

148 1499 207 1519 cum
222 1486 272 1516 hac
292 1481 439 1523 Claufida,
455 1481 600 1519 videlicet,

182 1525 253 1556 Nec
269 1523 447 1554 scrutinium
465 1520 500 1550 de
518 1519 622 1550 eisdem
640 1518 738 1557 Pipis,
762 1525 810 1549 aut
826 1517 862 1548 de
879 1517 979 1549 Rebus
996 1519 1027 1549 in
1046 1519 1149 1551 eisdem
1168 1519 1213 1550 in-

146 1565 242 1601 clusis,
259 1561 410 1599 aliqualirer
428 1559 542 1589 faciatis.

189 1602 224 1633 In
241 1600 337 1636 cu'us‚
353 1599 414 1628 &c.
434 1606 483 1636 per
500 1605 588 1626 unum
606 1604 712 1626 annum
726 1594 873 1627 duraturas.

217 1639 265 1671 Te
292 1648 307 1669 e
322 1636 405 1676 Rege
421 1634 497 1674 apud
514 1632 820 1672 westmonasterium,
839 1635 924 1666 tertio
940 1634 988 1666 die
1005 1634 1113 1667 Martii.

863 1714 917 1742 Per
934 1711 1088 1743 Concilium.

410 1832 471 1873 Pro
493 1839 642 1871 Financia
664 1834 818 1884 Johannis
841 1836 954 1870 Blome.

146 1931 275 1990 PEtrus
290 1928 355 1958 Van
372 1923 485 1962 Campe
501 1923 585 1954 habet
601 1922 709 1953 Literas
724 1921 814 1961 Regis
829 1922 865 1952 de
881 1922 957 1954 salvo
975 1922 1134 1955 Condustu
1150 1935 1215 1956 ver-

204 1969 246 2000 sus
263 1967 359 1998 Partes
377 1962 516 1994 Flandriae
533 1985 543 2000 ‚
568 1971 622 2000 pro
638 1961 771 1992 Financia
785 1960 923 1997 Johaniiis
942 1961 1046 1993 Blome
1065 1963 1213 1995 Prisonarii

147 2007 271 2040 Roberti
285 2003 415 2041 Haulee,
433 2010 501 2032 cum
513 2010 569 2030 una
584 1999 702 2038 Marca,
720 2009 773 2038 pro
785 1999 920 2039 Expenfis
931 2001 999 2039 suis,
1017 2001 1077 2037 &a
1091 2009 1123 2031 ut
1136 2005 1165 2032 in
1172 2003 1215 2043 fi-

148 2046 255 2078 milibus
270 2044 301 2074 de
316 2041 452 2073 Conduelu
466 2042 579 2069 Literis.

184 2084 241 2115 Per
295 2081 437 2113 uindecim
456 2077 545 2115 Dies,
560 2077 695 2115 proximo
713 2075 872 2115 sequentes,
890 2077 1040 2109 duraturas.

183 2083 371 2160 Testfflege
383 2116 457 2157 apud
470 2114 915 2154 Westmonasterium‚vices1mo
929 2126 1030 2154 quarto
1043 2117 1090 2149 die
1103 2117 1214 2151 Martii·

561 2195 614 2224 Per
631 2194 759 2223 Literam
777 2192 810 2223 de
827 2194 948 2223 Privato
964 2193 1066 2232 Sigillo.

147 2330 176 2358 ³5ss
188 2336 238 2367 De
262 2335 340 2366 Pace
361 2325 578 2378 proclamanda
604 2327 684 2358 inter
710 2329 819 2374 Regem
835 2329 872 2366 ω’·
889 2329 1035 2362 Comitem
1051 2329 1210 2366 Flandriae.

146 2416 266 2476 REX
286 2415 395 2456 Majori
409 2416 442 2447 &
460 2413 688 2446 Vicecomitibus
706 2412 887 2452 Londoniae‚
904 2414 1040 2446 Salutem.

258 2454 340 2486 Cum
357 2454 415 2485 Pax
432 2455 466 2486 δε
486 2452 654 2484 Concordia
688 2453 768 2491 super
784 2451 904 2484 Debatis
921 2454 955 2485 ὃς
969 2453 1139 2493 Discordiis,
1157 2465 1212 2487 nu-

145 2502 195 2533 per
215 2495 286 2525 inter
307 2493 443 2524 subditos
459 2492 588 2529 nostros,
606 2493 639 2523 sc
655 2476 808 2530 subditos,
826 2491 944 2523 Nobilis
959 2491 1036 2531 viri,
1058 2493 1213 2525 Lodowici

145 2532 272 2564 Comitis
290 2531 428 2563 Flandriae
450 2531 552 2568 motis,
572 2529 668 2561 Faciae
692 2529 726 2561 ὃς
749 2530 874 2560 Locutae
892 2532 950 2570 jam
967 2532 1040 2562 inter
1053 2531 1139 2572 Nos,
1158 2544 1212 2571 pro

147 2571 265 2610 Nobis,
282 2571 316 2602 &
336 2569 462 2601 Subditis
477 2568 596 2607 nostris,
612 2568 747 2607 &ipsum
762 2565 931 2608 Comitem,
945 2580 999 2610 pro
1014 2570 1069 2609 Se,
1088 2572 1121 2603 &
1137 2572 1212 2603 Sub-

145 2611 211 2642 ditis
225 2610 292 2648 suis,
310 2609 346 2640 de
359 2608 456 2639 Novo
471 2607 577 2638 fuerint
590 2607 612 2638 F
614 2609 737 2645 irmatae,

181 2648 217 2679 Iri
234 2649 335 2687 quibus
350 2670 359 2686 ,
382 2648 455 2677 inter
477 2655 577 2690 caetera
591 2668 602 2684 ,
626 2647 788 2676 continetur
811 2646 890 2684 quod
913 2645 1062 2687 Domini,
1087 2648 1215 2688 Gentes,

145 2687 261 2718 Subditi
274 2710 284 2725 ,
308 2685 438 2724 Magistri
460 2684 616 2721 Navium,
641 2683 808 2722 Marinarii‚
830 2685 863 2716 &
886 2684 1079 2725 Mercatores,
1104 2697 1138 2718 ex
1160 2689 1216 2719 un&⁴

146 2734 224 2764 parte
245 2727 278 2756 &
300 2725 385 2755 altera
397 2747 407 2762 ,
424 2724 482 2753 tam
502 2724 533 2753 in
555 2721 733 2761 Cismarinis,
749 2723 836 2760 quam
853 2723 1057 2755 Transmarinis
1075 2727 1215 2766 partibus,

149 2765 184 2796 &
200 2773 300 2794 omnes
318 2763 364 2793 alii
387 2762 457 2792 boni
479 2761 675 2798 Mercatores,
689 2762 738 2801 qui
751 2760 865 2792 Inimici
878 2771 911 2792 ex
925 2772 980 2792 una
996 2763 1040 2793 vel
1053 2764 1137 2795 altera
1154 2775 1215 2805 par-

148 2811 178 2834 te
192 2812 251 2832 non
266 2801 388 2832 existunt
397 2823 407 2839 ,
422 2801 509 2830 libere
524 2800 557 2829 &
573 2798 707 2836 pacifice,
716 2800 882 2830 mercatorie
894 2802 1081 2832 comunicare
1095 2803 1129 2832 &
1143 2813 1216 2834 con-

148 2841 274 2878 versare,
290 2841 322 2871 &
336 2838 449 2869 insimul
460 2837 580 2877 quilibet
592 2847 663 2868 cum
677 2838 733 2868 alio
748 2838 966 2876 mercandisare,
986 2840 1019 2870 &
1032 2843 1143 2880 propria
1161 2842 1216 2872 Βο-

148 2890 184 2910 na
200 2879 244 2909 sua
259 2880 292 2910 &
309 2877 388 2908 Bona
401 2876 521 2906 aliorum
534 2876 683 2906 bonorum
698 2875 955 2914 Mercatorum,de
971 2876 1119 2910 inimicitia
1133 2881 1216 2911 unius

148 2919 207 2949 five
225 2917 335 2948 alterius
359 2914 447 2946 Partis
466 2924 527 2945 non
541 2913 735 2952 existentium,
752 2913 825 2944 adeo
840 2915 1041 2955 amicabiliter,
1061 2917 1165 2956 libere,
1180 2921 1215 2951 &

147 2956 267 2995 pacifice
304 2955 374 2985 sicut
395 2954 490 2992 aliquo
504 2961 634 2990 tempore
650 2952 740 2983 Bonae
752 2952 831 2982 Pacis
841 2951 935 2983 facere
945 2954 1086 2994 solebant,
1105 2956 1214 2989 solven-

149 2994 246 3026 vendo
264 2978 434 3031 Custumas,
450 2991 591 3029 Subsidia,
607 2991 640 3021 &
656 2991 706 3022 alia
722 2990 846 3022 Deveria
859 2991 924 3030 sua,
942 2993 1000 3023 tam
1015 3003 1064 3034 per
1076 2995 1215 3036 Terram,

150 3034 240 3072 quam
256 3043 305 3071 per
318 3030 419 3069 Mare,
433 3030 536 3060 ducere
550 3028 673 3068 possint,

190 3071 227 3102 Et
252 3071 333 3110 quod
355 3080 457 3100 omnes
481 3068 657 3099 Mercatores
683 3069 718 3099 &
740 3068 786 3098 alii
812 3069 987 3108 quicumque
1012 3071 1192 3104 Flandrenses
1206 3097 1217 3113 ,

151 3111 256 3142 virtute
272 3110 385 3140 alieu'us
404 3108 536 3139 Mandati
554 3106 657 3144 nostri,
675 3109 719 3137 seu
734 3107 790 3138 alio
809 3108 915 3146 modo,
931 3109 1080 3141 occasione
1097 3111 1216 3143 Diffen-

152 3149 266 3179 fionum
287 3149 321 3179 ὅ(
378 3147 525 3177 ebatorum
544 3145 763 3184 praedictorum,
787 3156 836 3183 per
858 3157 910 3177 vos
927 3146 1052 3186 arestari,
1070 3152 1125 3180 una
1148 3161 1216 3182 cum

152 3186 239 3217 Bonis
259 3186 293 3216 &
314 3184 498 3215 Mercandisis
510 3185 581 3223 suis,
598 3184 803 3223 deliberentur,
821 3193 905 3224 prout
919 3185 949 3216 in
964 3185 1128 3219 Concordia
1141 3199 1217 3230 prae-

151 3225 228 3255 dicta
240 3223 347 3261 plenius
360 3223 541 3261 continetur,

192 3262 277 3300 Nos,
291 3261 418 3291 volentes
436 3260 545 3291 &itam
566 3260 763 3293 Concordiam
785 3264 977 3303 manuteneri,
993 3265 1027 3296 &
1040 3266 1069 3296 in
1083 3267 1217 3299 omnibus

152 3301 266 3333 illaesam
285 3299 443 3337 observari,
461 3299 543 3329 vobis
556 3299 719 3330 mandamus
752 3302 812 3331 uod
826 3303 855 3331 in
871 3302 995 3333 Civitate
1009 3304 1160 3343 praedicta,
1180 3308 1214 3338 &

143 3339 301 3371 'Suburbiis
322 3338 463 3376 ejusdem,
481 3338 510 3367 in
531 3337 602 3367 locis
625 3338 674 3368 ubi
695 3348 743 3368 me
755 3340 794 3369 ius
809 3341 939 3379 expedire
951 3341 1093 3381 videritis,
1108 3344 1214 3375 dietam

152 3377 355 3409 Concordiam
375 3376 490 3414 publice
507 3375 672 3415 proclamari
685 3398 695 3414 ,
721 3377 754 3407 &
770 3386 804 3407 ex
815 3387 900 3423 parte
919 3379 1014 3410 nostra
1033 3381 1151 3412 firmiter
1170 3384 1216 3412 in-

152 3416 244 3449 hiberi
263 3414 365 3445 faciatis
383 3425 419 3445 ne
440 3415 514 3454 quis,
529 3415 729 3452 cujuscumque
751 3415 846 3446 Status
857 3416 901 3446 seu
917 3415 1101 3450 Conditionis
1115 3420 1215 3459 Fuerit,

154 3456 206 3486 sub
235 3453 423 3484 Forisfaecura
447 3453 579 3482 omnium
598 3462 662 3491 quae
684 3454 768 3483 nobis
786 3453 948 3485 forisfacere
964 3458 1091 3496 poterit,
1112 3459 1216 3490 eisdem

155 3492 370 3525 Mercatoribus
389 3491 424 3522 de
445 3490 593 3528 Flandria,
609 3500 655 3522 aut
675 3491 809 3522 Navibus
822 3490 868 3522 seu
886 3492 1072 3525 Mercandifis
1084 3496 1152 3535 suis,
1170 3507 1218 3529 aut

152 3533 212 3565 aliis
233 3530 377 3562 Gentibus
395 3529 620 3568 quibuscumque
637 3530 672 3559 de
694 3529 835 3568 Flandria,
851 3531 1010 3570 veniendo,
1027 3543 1077 3571 per
1095 3534 1217 3566 Terram

154 3571 201 3603 vel
240 3579 270 3600 er
290 3567 388 3604 Mare,
405 3577 453 3608 per
474 3566 648 3598 Dominium
667 3568 701 3599 δε
720 3568 894 3600 Potestatem
917 3570 1028 3608 nostra,
1047 3573 1128 3603 causa
1142 3584 1217 3604 mer-

156 3619 210 3641 can
233 3606 339 3645 isandi,
363 3606 410 3636 seu
429 3605 480 3637 alia
505 3605 579 3636 licita
600 3606 682 3637 causa
703 3617 884 3645 quacumque
899 3631 908 3646 ,
931 3608 1038 3639 ibidem
1058 3613 1199 3642 morando

158 3644 349 3678 Mercandisas
368 3645 426 3674 suas
438 3644 632 3681 excercend0,
651 3645 685 3675 ὃς
699 3646 800 3676 exinde
813 3647 848 3676 ad
862 3648 975 3685 propria
991 3648 1134 3679 redeundo
1147 3673 1156 3688 ,
1173 3652 1202 3680 in

156 3686 244 3725 ferat,
261 3685 323 3722 seu,
340 3692 488 3727 quantum·
499 3683 528 3712 in
549 3692 586 3712 eo
605 3681 664 3726 es’t,
683 3684 720 3713 ab
735 3684 792 3714 aliis
805 3685 900 3715 inferri
916 3688 1057 3723 permittat
1071 3689 1100 3717 in
1116 3688 1217 3719 Perso-

156 3725 199 3755 nis
213 3747 224 3763 ,
241 3723 377 3755 Navibus
390 3745 399 3760 ,
418 3720 503 3751 Bonis
518 3743 528 3758 ,
542 3730 589 3750 aut
610 3721 666 3751 aliis
684 3720 785 3754 Rebus
804 3722 855 3753 suis
875 3725 1117 3763 quibuscumque,
1138 3725 1216 3764 Inju-

155 3764 226 3792 riam
238 3785 248 3801 ,
268 3760 432 3792 Molestiam
450 3782 460 3797 ,
482 3758 668 3802 Dampnum,
689 3759 859 3790 Violentiam
877 3783 887 3798 ,
910 3761 1150 3800 impedimentum
1168 3766 1217 3795 ali-

155 3800 235 3839 quod
255 3801 300 3831 seu
322 3798 504 3836 Gravamen,
521 3800 558 3828 set
579 3807 626 3827 eos
639 3797 671 3827 &
684 3807 786 3828 eorum
800 3799 971 3838 quemlibet,
989 3809 1121 3840 tanquam
1134 3803 1216 3834 Ami-

155 3848 207 3870 cos
222 3838 255 3868 &
269 3837 418 3868 Benivolos
431 3835 558 3873 nostrOS,
575 3836 755 3866 amicabiliter
764 3837 860 3867 foveat
873 3840 906 3867 δε
920 3839 1085 3879 pe1·tra6tet,

195 3875 235 3906 Et
255 3885 308 3906 vos
321 3876 372 3915 ipsi
388 3885 490 3907 omnes
503 3874 645 3905 Homines
660 3874 856 3913 Flandrenses,
870 3886 902 3905 ac
920 3876 1014 3915 Bona,
1032 3879 1064 3909 &
1081 3879 1217 3911 Mercari-

158 3914 228 3945 diiiis
239 3911 298 3943 suas
308 3913 666 3953 quaecumque‚0ccafione
679 3912 856 3943 Debatorum
873 3914 907 3944 &
921 3914 1132 3947 Diffenfionum
1147 3929 1219 3955 prae-

160 3952 325 3989 dictorum,
343 3953 373 3982 in
388 3951 513 3983 Civitate
525 3951 662 3992 praedicta
673 3951 822 3990 arestatos,
840 3953 896 3983 sine
908 3953 1041 3985 dilatione
1057 3956 1219 3996 dearestari,

160 3991 196 4023 &
216 3999 283 4027 eos,
300 3990 357 4020 una
378 3999 447 4020 cum
461 3991 565 4021 eisdem
581 3989 666 4020 Bonis
681 3991 714 4021 &
734 3989 935 4030 Mercandiiis,
953 3993 1058 4023 ibidem
1072 3996 1220 4026 conversa-

161 4039 193 4060 re
210 4029 244 4059 &
263 4027 477 4066 mercandisare,
495 4029 541 4060 vel
559 4028 660 4059 abinde
680 4029 769 4059 libere
785 4029 916 4061 recedere
929 4031 962 4063 &
978 4032 1090 4064 transire
1102 4035 1220 4072 permit-

160 4068 240 4105 tatis,
252 4067 330 4104 juxta
351 4063 551 4099 Concordiam
566 4066 752 4107 supradictam
766 4077 773 4099 :

212 4108 285 4136 Zona.
300 4106 359 4134 ΙΙΙ.
376 4106 412 4135 Ρ.
428 4106 471 4142 11,

1206 3635 1216 3650 2

1255 180 1731 222 PUBLICA.

2228 194 2304 235 193

1276 265 1315 297 Et
1333 266 1391 296 hoc
1409 266 1564 297 nullatenus
1580 266 1724 296 omittatis.
2326 264 2404 296 Ann.
2420 266 2459 297 D-

1306 304 1397 335 Teste
1411 304 1493 344 Rege
1507 305 1581 343 apud
1599 302 1713 335 Eltham
1722 327 1732 342 ,
1746 301 1887 335 vicesimo
1899 304 2007 336 oecavo
2020 305 2066 335 die
2081 302 2192 334 Martii.
2325 313 2438 380 123723'

1640 383 1694 411 Per
1713 379 1797 420 ipfiam
1814 379 1911 419 Regem
1931 379 1969 416 ό·
1989 380 2144 411 Concilium.

1278 456 1447 488 Confimilia
1464 457 1562 489 Brevia
1577 458 1734 527 diriguntt‘ijr
1747 457 1921 526 lsubscriptis,
1937 457 1988 488 sub
2006 457 2102 488 eadem
2116 457 2210 496 Data,
2225 456 2270 489 vi-

1731 507 1746 526 e
1757 505 1811 527 icet
1827 520 1838 535 ,

1281 574 1388 608 hlaiori
1406 569 1444 607 ὠ
1464 571 1587 602 Ballivis
1604 576 1633 603 V
1634 571 1690 602 illae
1708 573 1740 602 de
1757 575 1856 611 Lenn,
1871 571 1933 608 &c.

1374 698 1425 730 De
1455 698 1642 728 M‘arinariis
1663 693 1826 738 uastandis
1849 707 1902 742 pro
1932 696 2062 742 Paffizgio
2083 699 2178 742 Regis.

1249 778 1392 833 REX,
1409 779 1514 810 dileero
1529 780 1562 810 &
1576 779 1649 809 fideli
1665 778 1731 816 su0,
1748 780 1880 819 Philippo
1895 779 1930 810 de
1953 779 2133 821 Conrrenay,
2154 782 2311 813 Admirallo
2335 781 2411 812 Ann.
2424 771 2466 812 D.

1326 817 1416 848 Flotae
1436 818 1541 848 nostrae
1560 817 1691 848 Navium
1709 819 1745 847 ab
1762 818 1823 848 Ore
1842 819 1936 856 Aquae
1954 818 2096 849 Thamifis
2115 821 2207 851 versus
2225 830 2313 859 partes
2355 829 2440 860 1372.

1247 852 1465 897 occidentales,
1482 856 1526 886 vel
1541 858 1597 893 ejus
1619 856 1734 885 Locum
1748 858 1923 894 tenentibus,
1943 857 1972 886 in
1992 856 2184 889 Comitatibus
2199 859 2316 889 Somer-
2337 864 2391 886 An.
2405 861 2453 894 46-

1247 892 1341 931 senae,
1368 893 1509 925 Dorsetiae
1523 917 1534 932 ,
1556 894 1797 932 Suthamptoniae,
1821 894 1985 931 Devoniae,
2001 895 2034 925 ὃ(
2049 896 2222 934 Cornum-ae,
2237 898 2316 929 Salu-
2336 902 2367 925 E·
2389 907 2415 933 3-

1250 939 1318 961 tem.
2337 936 2405 963 clau
2419 956 2426 962 .

1288 969 1366 1009 Qia
1386 970 1482 1001 datum
1505 969 1546 1001 est
1565 970 1647 1001 nobis
1660 970 1779 1009 intelligi
1794 971 1875 1009 quod
1890 971 2069 1009 quamplures
2084 971 2248 1012 Marinarii,
2265 975 2315 1012 qui
2335 975 2382 1009 46·
2397 937 2426 1000 ἑζ-
2443 981 2470 1009 3-

1249 1017 1303 1046 pro
1330 1008 1496 1040 Munitione
1522 1010 1554 1040 ὃς
1576 1009 1800 1048 Eskippamenro
1824 1009 1955 1040 Navium
1969 1033 1978 1047 ,
2009 1011 2038 1039 in
2063 1010 2242 1049 Obsequium
2264 1022 2317 1041 no·
2336 1011 2432 1040 m.28.

1250 1046 1340 1077 strum
1351 1070 1360 1085 ,
1373 1056 1425 1086 pro
1446 1047 1575 1087 Paffagio
1598 1049 1714 1085 nostro,
1733 1047 1824 1078 versus
1845 1056 1934 1085 partes
1947 1048 2156 1079 Transmarinas
2170 1050 2316 1089 profeC'tu-

1250 1096 1359 1124 rarum,
1376 1085 1505 1117 Ordinati
1520 1085 1657 1124 existunt,
1674 1087 1710 1116 ab
1724 1085 1869 1124 Obsequio
1884 1086 1981 1116 nostro
1994 1087 2149 1125 praedisto,
2162 1087 2244 1118 causa
2260 1087 2319 1118 Pis-

1251 1125 1352 1163 candi,
1371 1125 1404 1155 &
1426 1125 1484 1155 aliis
1507 1125 1593 1154 causis
1614 1125 1742 1162 diversis,
1757 1125 1783 1155 se
1803 1124 1945 1164 retrahunt
1966 1125 1999 1155 ὃς
2014 1125 2207 1164 elongant,in
2229 1125 2319 1156 nostri

1251 1172 1472 1201 contemptum,
1489 1164 1522 1194 &
1543 1162 1659 1202 passagii
1680 1163 1766 1193 nostri
1788 1163 1918 1200 praedicti
1939 1161 2174 1195 Retardationem
2197 1164 2318 1195 manife-

1252 1202 1343 1240 stam,
1357 1201 1432 1231 unde
1447 1202 1602 1238 plurimum
1618 1202 1840 1240 conturbamur,

1291 1241 1375 1278 Nos,
1389 1240 1515 1271 volentes
1535 1239 1692 1278 Paffagium
1716 1240 1845 1271 nostrum
1864 1239 2050 1278 praedictum,
2069 1241 2097 1270 in
2112 1250 2250 1279 quantum
2264 1251 2319 1282 po-

1254 1280 1383 1316 terimus,
1403 1279 1573 1316 accelerare,
1591 1280 1671 1308 vobis
1685 1278 1811 1309 districte
1826 1280 1902 1316 injun
1922 1279 1995 1308 imus
2009 1280 2041 1309 &
2059 1281 2223 1310 mandamus
2237 1280 2320 1318 quod

1254 1327 1353 1347 omnes
1367 1316 1550 1353 Marinarios,
1565 1319 1594 1346 in
1609 1317 1721 1355 singulis
1736 1317 1876 1348 Portubus
1918 1318 2089 1348 omitatuum
2105 1318 2320 1357 praediCtorum,

1255 1356 1312 1386 sirie
1325 1355 1460 1385 dilatione
1473 1355 1598 1393 arestari,
1616 1356 1648 1386 ὃς
1665 1365 1712 1385 eos
1723 1357 1772 1385 sub
1789 1356 1890 1386 Aresto
1906 1356 2085 1393 hujusmodi,
2105 1358 2249 1396 quousque
2263 1357 2317 1387 suf-

1256 1393 1399 1424 ficientem
1426 1396 1437 1410 ’
1456 1394 1639 1424 Securitatem
1659 1395 1729 1433 (pro
1749 1404 1802 1433 qua
1824 1405 1874 1424 vos
1897 1395 1945 1432 ipsi
1967 1395 2134 1431 respondere
2158 1396 2318 1431 volueritis)
2338 1395 2358 1416 ’Β
2378 1399 2429 1424 Vl.

1256 1432 1335 1471 quod
1359 1433 1408 1469 ipsi
1431 1432 1465 1462 ad
1486 1432 1723 1469 proficiscendum
1747 1434 1776 1462 in
1797 1433 1975 1471 Obsequium
1989 1433 2118 1462 nostrum
2132 1434 2320 1473 praedictum,
2340 1436 2406 1472 716.

1257 1472 1285 1501 in
1307 1472 1466 1500 munitione
1489 1471 1619 1500 Navium
1640 1471 1840 1509 praedidtarum
1856 1495 1865 1509 ,
1896 1481 1964 1501 cum
1988 1472 2053 1501 inde
2074 1481 2108 1501 ex
2129 1481 2203 1509 parte
2224 1472 2322 1504 nostra

1258 1510 1420 1547 praemuniti
1439 1509 1560 1546 fuerint,
1578 1509 1701 1547 prompti
1723 1518 1803 1539 erunt
1825 1510 1858 1539 ὃς
1873 1510 1977 1547 parati,
1993 1509 2111 1540 detineri
2124 1511 2247 1548 faciatis,
2265 1514 2322 1549 ne,

1257 1551 1286 1578 in
1309 1547 1394 1578 vestri
1411 1556 1458 1577 aut
1480 1547 1604 1585 ipsorum
1626 1546 1849 1578 Marinariorum
1870 1547 2004 1586 defectu,
2022 1546 2180 1588 Paffiigium
2192 1549 2323 1580 nostrum

1259 1586 1429 1625 praedierum
1444 1586 1595 1625 aliqualiter
1610 1585 1761 1616 retardetur
1777 1596 1782 1615 :

1299 1625 1337 1655 Et
1348 1624 1405 1654 hoc
1417 1625 1570 1654 nullatenus
1583 1625 1726 1654 omittatis.

1295 1662 1384 1694 Teste
1397 1662 1479 1702 Rege
1493 1662 1565 1702 apud
1577 1661 1869 1694 westmonasterium
1878 1687 1887 1702 ,
1902 1643 2000 1704 quarto
2013 1663 2059 1694 die
2075 1663 2188 1703 Aprilis.

1879 1742 1934 1770 Per
1946 1740 2028 1780 ipspm
2044 1743 2149 1777 Regem.

1260 1817 1426 1852 Coufimilia
1442 1819 1542 1851 Brevia
1558 1820 1715 1858 diriguntur
1728 1819 1887 1858 subscriptis
1900 1818 1949 1848 sub
1961 1816 2058 1848 eadem
2068 1816 2162 1856 Data,
2180 1817 2328 1858 videlicet,

1298 1896 1422 1928 lValtero
1444 1898 1475 1927 de
1498 1897 1589 1927 Haule
1603 1919 1613 1933 ,
1638 1896 1779 1927 Servienti
1798 1894 1890 1933 Regis
1909 1894 1944 1925 ad
1965 1893 2054 1925 Arma
2067 1917 2078 1933 ,
2100 1894 2198 1926 locum
2219 1897 2328 1926 tenenti

1258 1936 1387 1976 praedidti
1404 1936 1565 1974 Admiralli,
1583 1936 1644 1966 &c-

1532 2062 1581 2095 De
1608 2059 1773 2093 Concordia
1798 2058 2054 2103 Flandriaefafz‘aa

1259 2147 1342 2206 LE
1361 2148 1424 2178 Roi
1441 2147 1476 2178 de
1495 2145 1604 2178 France
1621 2146 1655 2178 &
1672 2145 1919 2185 d'Engleterre,&
1935 2145 2053 2185 Seignur
2069 2144 2208 2185 d'Irland,
2224 2156 2240 2178 a
2255 2154 2326 2178 touz
2347 2157 2422 2189 Arm,
2437 2157 2469 2189 D

1334 2187 1432 2224 ceulx‚
1450 2187 1478 2226 qi
1497 2184 1585 2216 cestes
1605 2184 1715 2216 Lettres
1733 2194 1848 2215 verront
1881 2184 1986 2215 Salutz.
2367 2207 2379 2228 1
2425 2205 2443 2227 2
2472 2184 2479 2191 ‘

1295 2225 1396 2256 Savoir
1417 2234 1487 2255 vous
1501 2223 1602 2255 faisons
1615 2225 1670 2268 que
1687 2229 1790 2266 come,
1808 2224 1834 2253 le
1847 2207 1919 2253 <sint
1931 2224 1965 2254 &
1980 2223 2071 2262 Qiart
2080 2224 2146 2261 jour
2159 2224 2195 2255 de
2205 2223 2327 2264 Juyllet,
2345 2205 2461 2273 ‘12746'’

1258 2273 1295 2294 en
1311 2264 1378 2295 l’An
1399 2262 1435 2293 de
1455 2263 1552 2293 Grace
1575 2262 1659 2301 Mill,
1683 2263 1872 2300 Troiicentz,
1898 2261 2038 2292 Soiffante
2059 2263 2093 2293 ὃς
2114 2261 2186 2301 Dis,
2204 2265 2328 2294 certeine
2346 2280 2367 2302 Ε
2397 2285 2424 2313 3,

1257 2302 1367 2339 Traitie
1386 2301 1446 2332 eust
1466 2301 1540 2332 estee
1553 2301 1610 2332 Pur
1630 2301 1701 2339 arle,
1722 2300 1798 2338 Fait,
1817 2301 1850 2331 ὅτ.
1862 2300 2015 2331 Accordee
2027 2309 2157 2338 parentre
2170 2301 2273 2340 Nous,
2291 2299 2481 2349 &‚f}anc,46‚

1257 2342 1296 2371 les
1316 2340 1416 2372 Gentz
1431 2340 1467 2370 de
1482 2340 1576 2370 nostre
1625 2346 1685 2370 rant
1701 2337 1845 2369 Counseill
1856 2362 1865 2375 ,
1885 2338 1969 2369 d'une
1984 2339 2051 2369 Part
2086 2340 2133 2375 ὃς,
2150 2339 2246 2370 nostre
2260 2339 2324 2371 Co-
2346 2357 2367 2380 E

1256 2380 1305 2418 syn
1315 2404 1324 2418 ‚
1341 2380 1419 2418 Loys
1441 2377 1540 2409 Conte
1559 2378 1594 2408 de
1609 2378 1758 2416 Flandres,
1778 2377 1829 2407 son
1846 2376 1991 2416 Coniaill,
2007 2378 2040 2408 ὅ(
2054 2362 2091 2407 ses
2104 2377 2204 2409 Gentz
2217 2378 2270 2418 de,
2286 2379 2325 2410 ses
2344 2374 2376 2420 ,η’
2384 2362 2434 2426 435]

1255 2417 1352 2487 'g‘roys
1367 2419 1457 2488 blqnes
1471 2417 1572 2456 Villes,
1588 2416 1693 2455 Gand,
1707 2415 1826 2455 Bruges,
1841 2418 1875 2448 &
1887 2415 1966 2455 Ipre,
1986 2416 2020 2446 &
2032 2415 2067 2446 de
2081 2425 2152 2447 ceux
2165 2417 2204 2448 du
2219 2417 2242 2448 F
2244 2427 2324 2457 rane,
2431 2425 2433 2427 '

1278 2458 1364 2488 'autre
1406 2464 1445 2487 art

1296 2496 1345 2527 De
1367 2479 1578 2535 quele'Trairie
1599 2494 1688 2525 Nous
1709 2494 1865 2525 receusmes
1888 2494 1912 2524 la
1932 2493 2054 2524 Tenour
2075 2495 2109 2526 &
2131 2494 2257 2526 Fourme
2276 2504 2327 2534 par

1262 2535 1371 2567 Lettres
1385 2534 1424 2565 du
1440 2534 1480 2564 dit
1493 2533 1590 2563 Conte
1612 2533 1702 2564 (ealles
1722 2533 1758 2563 de
1777 2533 1826 2562 son
1843 2533 1922 2571 Seal,

1298 2573 1338 2604 Et
1353 2574 1393 2604 lui
1409 2573 1490 2611 quele
1505 2572 1632 2610 Traitie,
1649 2573 1682 2602 &
1696 2581 1827 2609 quanque
1841 2572 1966 2611 compris
1980 2570 2063 2601 estoit
2075 2581 2112 2602 en
2125 2571 2245 2612 ycellui,
2257 2571 2326 2602 fuist

1260 2614 1356 2652 depuis
1371 2613 1507 2654 Approve
1519 2611 1552 2641 δε
1568 2610 1788 2678 Confermegar
1804 2610 1908 2640 mesme
1922 2610 1946 2640 le
1964 2609 2212 2648 Counte,sicome
2227 2611 2245 2639 il
2261 2620 2327 2647 pur-

1268 2663 1298 2682 ra
1312 2652 1376 2680 bien
1391 2658 1518 2688 apparoir
1535 2658 1583 2686 par
1598 2648 1707 2678 Lettres
1762 2657 1887 2686 uverteS,
1900 2648 2006 2678 seallees
2022 2648 2059 2678 de
2074 2648 2124 2678 son
2137 2647 2233 2679 Grant
2245 2648 2306 2679 Seal
2316 2671 2327 2686 ,

1261 2690 1401 2720 Doriiiees
1425 2698 1439 2718 a
1462 2687 1567 2725 Gand,
1587 2686 1613 2716 le
1634 2688 1718 2724 xxviij
1737 2687 1803 2724 jour
1823 2686 1976 2726 d'Averill,
1994 2687 2059 2717 l'An
2075 2687 2111 2718 de
2126 2687 2222 2718 Grace
2239 2687 2328 2726 Mill,

1259 2728 1449 2764 Troiscentz,
1467 2726 1573 2756 Soisant
1589 2727 1622 2757 &
1637 2724 1742 2756 Unze·

1296 2766 1381 2797 Dont
1396 2766 1421 2796 la
1434 2764 1554 2802 Tenur,
1574 2765 1601 2795 ci
1613 2774 1706 2803 apres,
1725 2749 1760 2794 de
1774 2771 1836 2794 mot
1851 2774 1867 2794 a
1880 2771 1961 2803 mot,
1980 2763 2125 2802 s'ensuist,

1260 2842 1426 2901 NOUS
1444 2842 1536 2882 Luys,
1552 2840 1663 2872 Contes
1682 2841 1717 2872 de
1736 2840 1883 2877 Flandres,
1902 2840 1971 2870 Duc
1996 2839 2031 2870 de
2052 2839 2189 2878 Brabant,
2218 2839 2330 2872 Contes

1337 2882 1373 2912 de
1395 2881 1507 2912 Nevers
1521 2880 1557 2910 de
1756 2878 1849 2916 Reth,
1870 2881 1904 2909 &
1920 2878 1993 2908 Sires
2012 2878 2047 2907 de
2070 2878 2207 2916 Malines,
2229 2878 2331 2909 faisons

1260 2922 1349 2952 ssvoir
1369 2931 1385 2950 a
1404 2929 1490 2957 touz,
1508 2929 1563 2957 que
1585 2927 1655 2947 nous
1667 2926 1754 2947 avons
1767 2926 1849 2946 receu
1864 2918 1998 2946 cert-aines
2012 2916 2137 2954 Lettres,
2156 2924 2329 2947 conteiiantz

1259 2961 1286 2992 16
1304 2959 1414 2991 Traitie
1435 2959 1481 2988 fait
1500 2958 1532 2988 &
1555 2956 1675 2986 accorde
1700 2964 1779 2985 entre
1800 2955 1826 2984 le
1847 2954 1916 2994 Roy
1937 2954 2144 2994 d’Engleterre,
2162 2955 2200 2985 ses
2212 2954 2330 2993 Genrz,

1260 3000 1294 3030 &
1318 2997 1433 3029 Consail
1452 2996 1535 3026 d'uiie
1556 2994 1637 3030 Part,
1655 2995 1688 3024 &
1709 2993 1813 3031 Nous,
1833 2993 1930 3023 nostre
1951 2992 2085 3030 Consilii,
2102 2994 2135 3024 &
2152 3003 2205 3023 nos
2229 2992 2328 3031 Gens,

1259 3038 1312 3077 de,
1330 3047 1382 3067 nos
1404 3035 1579 3066 trois-bones
1602 3032 1707 3069 Villes,
1724 3031 1827 3070 Gand,
1846 3032 1950 3068 Bruges
1970 3032 2004 3062 &
2024 3031 2122 3069 Ypre,
2141 3033 2174 3062 &
2197 3032 2233 3062 de
2247 3032 2329 3062 ceulx

1260 3077 1298 3107 du
1319 3076 1425 3112 Franc,
1443 3074 1547 3104 d’autre
1568 3079 1644 3108 part,
1661 3070 1766 3100 seellees
1779 3070 1818 3100 du
1834 3069 1928 3100 Grant
1943 3069 2007 3101 Seel
2021 3069 2080 3100 dou
2094 3070 2138 3100 dit
2154 3069 2240 3109 Roy,
2258 3080 2329 3101 con-

1262 3124 1358 3147 tenans
1371 3114 1396 3145 la
1411 3113 1524 3143 fourme
1537 3110 1586 3150 qui
1598 3108 1752 3146 s’ensuent,

1262 3189 1436 3248 EDward,
1452 3199 1500 3227 par
1517 3187 1541 3217 la
1557 3195 1641 3222 grace
1655 3185 1690 3215 de
1705 3184 1801 3223 Dieu,
1819 3184 1888 3225 Roy
1901 3185 1936 3216 de
1951 3185 2058 3216 France
2073 3186 2107 3217 &
2120 3184 2327 3224 d’Engleterre,

1326 3231 1359 3261 ὃς
1381 3230 1514 3266 Seigneur
1537 3224 1692 3262 d’Irlaund,
1710 3235 1725 3255 a
1745 3232 1816 3254 touz
1829 3225 1928 3262 ceulx,
1944 3226 1991 3263 qui
2006 3234 2052 3255 ces
2066 3224 2203 3262 presentes
2216 3223 2328 3254 Lettres

1263 3277 1381 3299 verront
1395 3277 1433 3297 ou
1447 3273 1546 3296 orront
1558 3287 1567 3301 ,
1589 3263 1673 3293 Salut.

1301 3307 1400 3338 Savoir
1414 3314 1484 3335 vous
1498 3302 1597 3333 faisons
1610 3311 1665 3341 que
1673 3311 1744 3332 nous
1758 3310 1844 3332 avons
1857 3301 1923 3331 bien
1936 3300 1985 3331 fait
2000 3300 2146 3338 Regarder
2160 3301 2193 3331 &
2208 3298 2326 3331 Examia

1263 3356 1314 3376 ner
1329 3346 1353 3375 le
1368 3344 1473 3374 Tretee

1301 3365 1518 3413 Nouveleme’nt
1538 3379 1585 3409 fait
1608 3386 1735 3418 parentre
1751 3377 1840 3408 Nous
1853 3379 1885 3409 ὃς
1901 3375 1995 3406 nostre
2013 3375 2130 3406 Conseil
2142 3376 2227 3406 d’une
2241 3376 2325 3414 Part,

1259 3425 1294 3455 &
1317 3423 1355 3452 les
1376 3419 1512 3457 Meffiges
1525 3418 1576 3454 de,
1594 3416 1690 3446 nostre
1706 3417 1833 3447 trechere
1852 3418 1885 3446 ὅ(
1900 3415 2016 3445 trelame
2032 3414 2146 3453 Cosyn,
2165 3414 2191 3444 le
2206 3413 2324 3453 Conte,

1260 3463 1293 3492 ὃς
1307 3461 1373 3498 des,
1387 3460 1455 3489 trois
1470 3460 1578 3488 bonnes
1590 3455 1693 3492 Villes,
1713 3454 1801 3485 Gaiid
1810 3477 1821 3492 ,
1840 3454 1958 3492 Bruges,
1978 3454 2011 3484 &
2028 3451 2123 3493 Ypre,
2142 3453 2175 3484 ὃς
2189 3453 2226 3484 de
2241 3453 2325 3485 ceulx

1259 3500 1296 3530 de
1312 3500 1420 3535 Franc,
1437 3497 1469 3527 &
1484 3496 1522 3526 les
1534 3494 1605 3524 Paiis
1619 3493 1655 3525 de
1671 3493 1816 3529 Flandres‚
1842 3493 1947 3522 d'autre
1960 3498 2036 3530 part,

1296 3537 1481 3568 Contenantz
1496 3534 1522 3564 le
1537 3532 1659 3563 Tenour
1675 3533 1723 3571 qui
1736 3532 1853 3562 s’ensuit.

1298 3613 1322 3644 P
1332 3623 1353 3644 R
1365 3624 1382 3645 E
1395 3620 1419 3642 Μ
1429 3621 1441 3641 i
1452 3621 1469 3642 Ε
1479 3620 1500 3641 R
1512 3617 1538 3640 M
1548 3619 1565 3639 Ε
1577 3617 1598 3639 Ν
1608 3617 1648 3647 τ,
1662 3619 1719 3648 que
1732 3608 1769 3638 les
1784 3608 1935 3644 Seigneurs
1947 3606 1986 3636 les
2002 3605 2100 3644 Gens,
2109 3606 2322 3646 Subgis‚Ma{s.'

1259 3661 1314 3683 tres
1336 3653 1372 3683 de
1388 3651 1490 3687 Neifs,
1510 3647 1685 3685 Maroiners,
1702 3648 1735 3677 &
1752 3646 1923 3676 Marchantz
1937 3645 1985 3675 des
1999 3644 2060 3675 ditz
2073 3645 2243 3683 Seigneurs,
2260 3646 2322 3676 d’u-

1259 3701 1296 3722 ne
1319 3700 1377 3729 part
1401 3690 1433 3720 ὃ(
1455 3689 1576 3725 d’autre,
1593 3694 1652 3716 tant
1675 3685 1763 3715 decha
1783 3686 1806 3714 la
1824 3684 1906 3721 Mer,
1923 3693 2010 3714 come
2024 3683 2099 3719 dela,
2119 3693 2165 3723 par
2180 3684 2272 3715 Terre
2284 3685 2320 3715 δε

1258 3740 1308 3768 par
1331 3729 1433 3765 Meer,
1452 3728 1484 3757 ἃ
1507 3734 1588 3756 toutz
1603 3733 1692 3754 autres
1709 3724 1780 3753 bons
1795 3721 1964 3758 Maximus,
1982 3732 2041 3751 non
2059 3721 2181 3752 esteantz
2195 3722 2321 3762 Enemys

1258 3769 1295 3798 de
1318 3769 1374 3798 l'un
1397 3768 1434 3796 les
1455 3776 1490 3794 ne
1504 3764 1541 3794 de
1554 3764 1646 3793 l'autre
1663 3761 1769 3800 Partie,
1788 3761 1909 3801 puiffent
1926 3760 2134 3789 Francliement
2147 3761 2181 3790 &
2195 3761 2320 3799 paifible-

1259 3815 1338 3836 ment
1356 3803 1519 3840 converser,
1543 3799 1603 3836 ὅγε.
1621 3801 1653 3829 de
1674 3806 1728 3828 mot
1749 3812 1766 3830 a
1789 3806 1861 3838 mot,
1881 3809 1974 3829 comme
1994 3796 2078 3837 deffls
2097 3801 2172 3829 Don.
2190 3807 2211 3839 4
2230 3798 2320 3840 Aoast

1263 3854 1348 3885 1370.
1366 3843 1404 3878 ό
1420 3846 1443 3872 ci
1457 3850 1548 3880 apres,
1567 3837 1764 3878 c'estaffavoir,

1298 3920 1388 3951 Nous
1402 3919 1494 3958 Loys,
1507 3916 1616 3946 Contes
1627 3914 1770 3952 deffusdis,
1788 3914 1814 3944 le
1827 3914 1867 3945 dit
1884 3913 2006 3951 Traitie,
2023 3913 2056 3944 &
2081 3922 2224 3953 (luantque
2236 3925 2320 3945 com-

1261 3961 1323 3998 priz
1346 3959 1385 3989 est
1409 3967 1444 3987 en
1465 3955 1562 3995 ycelli,
1580 3963 1628 3991 par
1647 3953 1754 3983 l’Advis
1774 3954 1806 3983 &
1831 3952 2055 3982 Consentement
2075 3952 2112 3982 de
2132 3952 2220 3984 Nous
2234 3954 2268 3984 &
2283 3954 2319 3985 de

1262 3998 1357 4028 nostre
1377 3994 1508 4031 Conseil,
1526 4003 1580 4031 pur
1601 3999 1661 4021 noz
1681 3991 1751 4022 dites
1770 3993 1880 4021 bonnes
1904 3989 2006 4027 Villes,
2024 3988 2127 4028 Gand,
2146 3990 2265 4031 Bruges,
2284 3992 2319 4021 δε

1262 4037 1357 4074 Ypre,
1376 4035 1409 4065 δε
1433 4033 1468 4063 de
1489 4031 1570 4062 ceulx
1589 4030 1628 4061 du
1648 4030 1738 4060 Franc
1748 4053 1757 4068 ,
1771 4030 1804 4060 &
1818 4038 1876 4058 noz
1892 4027 1980 4059 Villes
1994 4028 2030 4058 de
2046 4029 2168 4060 Malines
2181 4031 2214 4061 &
2228 4029 2320 4059 d'An-

1262 4084 1350 4112 wers,
1367 4074 1401 4104 &
1424 4071 1460 4102 de
1479 4080 1532 4101 nos
1549 4077 1637 4100 autres
1658 4068 1766 4107 Subges
1785 4067 1835 4135 deB
1843 4067 1990 4137 glandres,
2005 4066 2186 4108 Acceptons,
2209 4067 2324 4134 Agcor·

2257 4113 2324 4142 ons,
