2561 4251
195 180 272 208 110

39 252 119 285 'Ann.
133 250 176 283 D.

42 296 150 366 2335?

525 250 529 255 .
646 251 650 255 .
800 250 806 256 .
941 251 955 256 ..
1145 249 1155 269 Τ
1250 265 1259 270 ·

195 249 575 332 ssfiffiss?35;³,¹¹3r55¹3353352;
585 251 626 320 ἒξ
633 248 1262 331 3313255032215553023”escilssssssssssgssvii

196 330 227 358 in
241 329 288 359 tali
304 327 436 358 D⁴²riculo
451 326 619 358 constitutus
633 328 715 357 fuerit
729 327 808 364 quod
824 327 901 357 aliter
918 326 1046 356 Mortem
1066 327 1143 358 suam
1160 334 1262 357 evrtare

195 377 329 405 nequeat,
349 366 447 403 quovis
464 366 551 395 modo
566 376 626 396 non
641 366 752 402 reddet,
771 375 825 395 nec
841 365 984 403 liberabit,

235 405 392 442 Dicstusque
412 404 602 442 willielmus,
621 414 672 441 pro
693 403 811 441 praefato
832 403 980 442 Hugone,
1000 403 1078 441 quod
1094 404 1149 441 ipse
1165 403 1262 433 omnia

196 445 229 475 &
243 443 364 480 fingula,
383 452 429 479 per
442 442 530 480 ipsum
548 443 584 473 sic
597 443 700 480 jurata,
718 441 837 471 firmiter
849 442 882 472 ὃς
896 442 1011 472 fideliter
1035 443 1139 472 tenebit
1155 443 1187 472 δε
1209 441 1262 470 ob-

194 483 329 519 servabit,
347 490 444 511 coram
466 481 563 511 Nobis
582 481 615 511 &
631 479 767 510 Concilio
782 479 879 511 nostro
901 483 1081 518 manucepit,
1097 481 1129 510 ὃς
1146 480 1181 510 ad
1204 480 1261 509 hoc

197 521 233 551 Se
248 521 281 550 &
296 520 350 550 Sua
368 519 725 557 quaecumque‘obligavit,
1007 532 1012 535 ¹

232 559 370 596 Cepimus
387 557 570 594 Homagium
589 558 622 587 &
638 557 814 587 Fidelitatem
832 557 912 596 ipsius
936 557 1071 594 Hugonis
1088 567 1140 594 pro
1159 555 1262 586 Castro

194 599 228 629 ὃς
248 598 326 627 Valle
343 596 501 635 praedietis,
519 596 551 626 &
569 595 666 625 eadem
704 594 838 626 Castrum
864 596 896 626 &
918 596 1045 633 Vallem,
1075 606 1145 625 cum
1171 594 1261 624 Perti-

195 637 312 676 nentiis,
330 636 466 674 praefatis,
484 633 606 671 Hugoni
623 634 655 665 &
675 618 866 673 lilizabethae‚
885 634 1025 664 Dedimus
1050 634 1083 664 δε
1110 632 1261 664 Concessi-

193 685 373 744 tutissabenda
399 712 431 743 &
455 710 596 756 Tenenda-
609 710 686 749 Sibi,
704 710 738 742 ὅ(
753 710 938 755 Ηειζῑεάίϋυε,
963 711 999 740 de
1016 709 1193 749 Corporibus
1211 719 1259 753 eo-

194 752 324 783 rumdem
342 750 478 786 Hugoms
497 750 530 780 ὃ(
554 748 726 780 Elizabethae
752 749 878 787 legitime
904 750 1073 787 procreatis,
1091 749 1127 779 de
1145 748 1258 785 Nobis,

193 791 228 822 &
246 789 412 820 Haeredibus
429 788 542 826 nostris,
561 797 609 825 per
627 788 728 818 Homa
750 789 809 818 ium
825 789 858 819 &
878 788 1072 825 Fidelitatem,
1097 788 1166 819 slCUt
1191 797 1262 824 prae-

193 830 306 859 diftum
322 827 377 863 est,
395 828 429 857 ita
444 827 532 864 quod,
551 827 569 856 li
586 826 684 864 iidem,
738 837 796 864 ugo
812 828 845 858 &
860 826 1033 864 Elizabetha,
1054 828 1109 856 sine
1124 825 1260 863 Hoerede,

194 868 230 897 de
245 866 422 904 Corporibus
434 865 485 896 suis
501 865 630 902 legitime
646 874 811 903 procreato,
829 865 969 903 obierint,
989 874 1057 895 tunc
1075 864 1209 895 Castrum
1225 865 1259 896 &-

193 905 280 950 Vallis
288 904 441 951 praedicta,
462 914 531 934 cum
545 903 737 943 Pertinentiis,
755 904 789 934 ad
814 903 900 943 Nos,
919 906 953 936 &
972 902 1111 935 Haeredes
1134 903 1260 941 nostro&

190 953 301 982 integre
315 951 492 974 revertantur.

225 981 260 1013 In
274 983 369 1020 cujus,
385 982 444 1012 δῖε.

260 1020 349 1052 Teste
366 1020 450 1058 Rege
467 1018 540 1058 apud
559 1018 865 1059 westmonasterium,
883 1019 980 1057 primo
996 1019 1042 1048 die
1056 1018 1130 1058 Julii,

716 1104 768 1132 Per
787 1104 879 1130 Breve
898 1101 929 1130 de
946 1102 1066 1130 Privato
1083 1099 1181 1138 sigillo.

234 1232 292 1264 Pro
316 1227 459 1274 Johanne
482 1226 517 1261 de
545 1228 687 1278 Greylcy,
727 1228 857 1274 Capirali
880 1226 917 1260 de
940 1229 1048 1274 303⁰>
1075 1226 1110 1261 de
1136 1230 1210 1260 Con-

630 1273 802 1318 ceffi'onibus.

162 1398 169 1404 ‚
190 1362 314 1425 REX
333 1363 481 1400 omnibus,
499 1362 532 1393 ad
546 1371 634 1400 quos,
651 1361 709 1392 &c.
748 1361 881 1392 Salutem.
1168 1397 1172 1401 ¹

143 1437 149 1442 .
284 1402 411 1439 Regiam
427 1402 508 1431 decet
524 1400 701 1437 Majestatem
716 1400 766 1429 illis
787 1400 925 1431 Favorem
947 1401 980 1431 &
1001 1401 1129 1432 Gratiam
1151 1402 1255 1440 imper-

143 1472 148 1478 ,
186 1442 247 1485 tiri,
265 1451 334 1479 quos
353 1441 543 1471 Benemeritos
551 1437 967 1478 noverit&RegiisObsequiis
976 1441 1115 1471 invenerit
1129 1439 1254 1477 Promp-

187 1488 271 1510 tiores

157 1549 163 1555 ,
221 1515 353 1548 Volentes
371 1517 473 1555 igitur,
490 1515 634 1546 Nobilem
653 1515 756 1545 Virum
775 1517 807 1547 &
828 1515 975 1547 Dilec'tum
1000 1516 1033 1547 δε
1056 1517 1181 1547 Fidelem
1200 1527 1253 1547 no-

183 1556 458 1594 strum,Johannem
475 1554 509 1584 de
529 1554 652 1596 Greyly,
671 1553 826 1591 Capitalem
845 1555 881 1585 de
900 1555 1011 1593 Bogio,
1031 1565 1164 1592 praetextu
1181 1556 1253 1585 boni

182 1596 215 1626 &
241 1594 380 1625 laudabilis
405 1592 511 1623 Gestus
528 1593 583 1631 sui,
599 1603 664 1630 erga
687 1593 753 1623 Nos
770 1594 796 1622 in
816 1592 933 1623 Guerris
960 1593 1058 1623 nostris
1085 1594 1253 1632 vasconiae,

183 1635 216 1665 &
235 1635 307 1670 grati
328 1632 465 1670 Obsequii
480 1631 534 1669 sui,
553 1632 634 1661 nobis
652 1633 680 1661 in
698 1631 801 1661 eisdem
820 1631 936 1662 Guerris
951 1633 1078 1670 impenfi,
1095 1633 1128 1663 ὃς
1142 1642 1252 1663 exnunc

182 1674 221 1702 im
244 1672 379 1708 cudendi,
398 1671 496 1707 Regiis
512 1670 598 1699 attossli
618 1670 789 1708 Favoribus,

249 1711 372 1748 edimus,
391 1707 605 1745 Conceffimus,
624 1709 655 1738 δε
672 1717 768 1739 tenore
788 1707 966 1746 praesentium
986 1708 1178 1747 Remilimus,
1200 1719 1251 1747 pro

181 1749 297 1786 Nobis,
321 1750 353 1779 &
376 1747 541 1778 i-iaeredibus
569 1747 684 1784 nostris,
708 1747 801 1776 eidem
824 1746 948 1784 Johanni
973 1757 1060 1778 omne
1080 1748 1146 1786 Jus,
1174 1749 1249 1785 quod

181 1789 264 1818 nobis
283 1787 431 1824 competit,
451 1785 495 1815 seu
515 1794 680 1822 competere
697 1786 807 1823 poterit,
825 1786 854 1814 in
875 1785 1019 1823 Benangio
1034 1796 1101 1816 cum
1119 1785 1169 1816 suis
1185 1786 1252 1817 Per-

181 1827 320 1862 tinentiis,
339 1826 371 1856 ὃ(
393 1824 466 1855 Villa
483 1823 518 1853 de
537 1822 595 1853 llaz
614 1834 681 1854 cum
699 1824 750 1854 suis
768 1823 960 1861 Pertinentiis,
981 1825 1014 1855 ὃ(
1033 1824 1128 1854 Salino
1154 1825 1251 1855 nostro

182 1864 366 1902 Burdegaliae,
384 1874 416 1893 ac
436 1864 519 1892 etiam
540 1861 642 1892 Castro
661 1862 697 1892 de
714 1862 888 1892 Castellione
907 1872 994 1900 prope
1013 1862 1149 1893 Sanctum
1167 1863 1249 1893 Emi-

182 1903 306 1941 lianurn,
318 1904 354 1971 sin
377 1901 508 1932 Dioecese
527 1899 716 1939 Burdegaliae,
733 1901 766 1932 &
784 1900 927 1931 Gourzon
947 1911 1013 1932 cum
1032 1903 1166 1933 omnibus
1183 1901 1250 1933 Per-

181 1949 302 1973 tinentus
329 1951 368 1972 uis

215 1979 345 2018 Excepta
364 1964 440 2010 villa
454 1978 490 2008 de
509 1977 676 2016 Leybourn,
696 1979 728 2009 &
748 1978 893 2009 Parochiis
918 1978 954 2008 de
981 1977 1155 2017 Pomeroth,
1174 1978 1249 2010 Fou-

177 2027 258 2058 zere‚
279 2021 312 2051 &
331 2018 460 2055 Varnan,
476 2017 507 2046 &
528 2017 579 2046 hiis
599 2027 662 2054 quae
685 2017 719 2047 ad
749 2017 900 2047 Parochias
926 2017 981 2047 illas
1005 2019 1159 2056 pertinent,
1178 2028 1246 2050 cum

179 2058 231 2091 suis
250 2057 441 2094 PertinentiiS,
460 2055 527 2085 licut
547 2054 693 2086 Parochiae
711 2056 764 2086 illae
781 2056 807 2086 se
826 2055 996 2094 extendunt,

212 2097 289 2135 Qae
309 2095 424 2134 quidem
445 2094 523 2124 Loca
540 2093 574 2123 de
596 2093 757 2133 Benangio,
783 2093 856 2133 Ilaz,
876 2094 1019 2133 Salinum,
1044 2094 1197 2134 Castrum,
1215 2096 1248 2127 &

180 2135 339 2172 Gourzon,
365 2143 433 2164 cum
452 2132 505 2162 suis
524 2131 716 2172 Pertinentiis,
741 2143 775 2164 ex
794 2134 874 2163 certis
892 2133 992 2171 causis,
1019 2142 1148 2173 tanquam
1165 2136 1248 2165 nobis

181 2173 379 2218 Forisfae'ra&
395 2170 569 2209 Confiscata,
589 2170 623 2202 ad
644 2171 710 2202 Nos
729 2173 879 2210 pertinent,
897 2173 929 2203 &
947 2172 1067 2211 debent,
1089 2181 1118 2204 ut
1135 2175 1248 2212 accepi-

180 2222 259 2250 muS,
273 2221 423 2250 pernnere,

214 2250 370 2288 Habenda,
387 2248 540 2287 Tenenda‚
558 2248 591 2280 &
608 2247 776 2279 Poffidenda
795 2249 886 2280 eidem
902 2249 1041 2289 Johanni,
1060 2251 1093 2282 ὃς
1111 2251 1245 2282 Haeredi-

177 2290 229 2320 bus
245 2289 309 2327 suis,
327 2289 362 2319 de
379 2288 477 2318 Nobis
489 2311 499 2326 ,
518 2288 551 2318 δε
571 2287 740 2318 Haeredibus
759 2288 875 2327 nostris,
894 2299 943 2326 per
960 2290 1097 2329 Servitia,
1117 2289 1182 2322 inde
1197 2291 1246 2322 de-

177 2328 236 2358 bita
254 2328 286 2359 δέ
306 2325 435 2358 consueta
470 2325 563 2363 Imper
584 2326 698 2356 etuum:

213 2366 352 2396 Nolentes
371 2349 451 2403 quod
468 2364 545 2393 idem
579 2363 721 2400 ohannes,
738 2363 783 2393 vel
802 2363 938 2396 Haeredes
956 2366 1006 2404 sui,
1023 2366 1104 2405 super
1123 2368 1244 2406 praesen—

176 2405 269 2442 tibus,
289 2404 472 2440 Donatione,
488 2401 682 2432 Conceffione
694 2424 703 2439 ,
730 2402 763 2432 &
791 2402 981 2442 Remiffione,
1000 2415 1049 2443 per
1068 2405 1152 2445 Nos,
1177 2407 1246 2438 Hae-

178 2443 264 2480 redes,
271 2443 316 2473 vel
325 2442 473 2472 Ministros
489 2439 611 2478 nostros,
626 2439 671 2470 seu
688 2439 846 2471 Haeredum
866 2442 1028 2473 nostrorum
1043 2444 1246 2485 quoscumque,

180 2483 286 2511 ratione
293 2480 373 2517 alicui
378 2478 533 2518 usJuriS,ad
542 2478 609 2509 Nos
618 2479 645 2508 in
656 2478 708 2509 hac
718 2487 793 2516 parte
802 2481 970 2519 pertinentis,
989 2482 1032 2512 seu
1042 2492 1247 2524 competentes,

182 2520 340 2587 deIcaetero
358 2519 586 2588 oggafionentur,
604 2517 783 2548 molestentur
802 2520 829 2548 in
845 2519 954 2558 aliquo,
971 2520 1015 2551 seu
1034 2530 1183 2558 graventur

232 2568 249 2587 n
269 2567 348 2595 cujus
412 2568 437 2587 c.

250 2596 338 2627 Teste
350 2581 444 2634 'Rege
458 2593 530 2633 apud
551 2593 836 2627 Vls'estmonasterium
844 2618 854 2635 a
873 2596 947 2627 sexto
967 2597 1014 2628 die
1025 2597 1101 2636 Julii.

939 2680 992 2707 Per
1010 2677 1091 2717 ipftm
1099 2682 1203 2718 Regem.

33 2755 295 2817 *V.820.³¹¹ET
315 2754 485 2786 Mandatum
503 2754 543 2786 est
560 2753 714 2796 Senescallo
731 2754 1158 2793 Vasconiae,&Constabulario
1173 2758 1243 2788 Bur-

278 2795 411 2832 degaiiae,
430 2795 477 2832 qui
495 2803 571 2824 nunc
589 2796 666 2830 lunt,
685 2794 729 2823 vel
747 2795 793 2833 qui
813 2804 862 2830 pro
883 2803 1011 2831 tempore
1029 2804 1118 2833 erunt,
1131 2805 1176 2826 aut
1194 2807 1245 2826 eo-

178 2846 243 2873 rum
271 2835 351 2864 Loca
376 2834 552 2869 tenentibus,
580 2833 612 2862 &
638 2842 737 2862 eorum
757 2833 888 2870 cuilibet,
913 2832 993 2869 quod
1011 2832 1105 2863 eidem
1121 2834 1244 2872 johanni

178 2874 258 2904 Loca
279 2873 427 2910 praedieta,
446 2881 514 2901 cum
534 2871 728 2907 Pertinentiis,
744 2871 819 2907 juxta
839 2871 899 2900 vim
917 2872 950 2901 &
969 2870 1109 2901 effectum
1137 2873 1245 2904 Litera-

168 2923 234 2943 rum
254 2911 344 2981 Ιῇεςίε
362 2910 576 2952 praedietarum,
594 2918 675 2947 prout
690 2908 799 2946 justum
819 2909 921 2947 fuerit,
939 2910 1065 2940 liberent.

212 2952 259 2983 Te
285 2961 300 2980 e
317 2958 346 2980 ut
364 2955 448 2987 iupm.

200 3079 258 3111 Pro
282 3077 394 3108 Comite
415 3076 527 3106 Sarum
541 3099 550 3110 ,
584 3071 620 3105 de
643 3072 796 3105 Dilatione
821 3072 943 3117 conceffa
959 3073 1050 3118 sitper
1071 3073 1220 3106 Solutione

505 3119 683 3154 Debitorum
708 3124 738 3153 in
763 3121 917 3164 Vasconia.

33 3200 165 3277 Afffst·
180 3209 309 3280 RFiX
330 3207 483 3279 Sgcnescaglq
496 3207 543 3237 suo
555 3206 722 3244 Vasconiae,
740 3206 774 3236 &
795 3204 1017 3236 Constabulario
1035 3206 1084 3237 suo
1099 3206 1243 3246 Burdega-

31 3262 150 3343 :Half-29·
218 3255 641 3331 Sufiffii’cavict'nobaisffiffifflus
657 3282 690 3312 &
704 3281 789 3312 fidelis
803 3281 909 3322 noster,
916 3282 1091 3313 willielmus
1105 3283 1142 3314 de
1152 3282 1243 3314 Mon-

35 3337 146 3382 lbiss'm.
181 3323 814 3404 teggffiospfioffsgffstggufuiii³nostrum,
839 3359 873 3389 ad
900 3359 992 3389 Partes
1010 3359 1161 3389 Vasconiae
1183 3361 1242 3404 jam

36 3400 65 3427 5·
180 3401 212 3432 sit
229 3401 421 3439 profecturus,
440 3408 598 3439 metuatque
617 3397 725 3436 ipsum,
742 3398 891 3428 occasione
909 3397 1096 3436 quorumdam
1120 3397 1244 3429 Debito-

180 3449 263 3476 rum,
280 3450 341 3478 quze
357 3441 393 3470 ab
410 3439 469 3477 ipso
488 3440 517 3468 in
536 3438 618 3468 dietis
636 3436 762 3466 Partibus
779 3438 857 3473 exigi
876 3444 1021 3474 poterunt,
1040 3437 1172 3474 impetiri,

221 3477 350 3507 Velimus
371 3478 545 3507 Dilationem
564 3476 642 3514 super
663 3474 809 3505 Solutione
830 3475 958 3504 omnium
973 3473 1147 3504 Debitorum
1182 3484 1245 3512 quae

183 3517 220 3547 ab
239 3515 342 3546 eodem
359 3516 476 3545 Comite
491 3517 519 3544 in
534 3515 617 3545 dietis
632 3513 757 3543 Partibus
771 3513 847 3550 exigi
862 3520 1009 3551 poterunt,
1028 3513 1112 3550 usque
1126 3524 1141 3543 a
1183 3523 1245 3543 cer-

186 3563 248 3585 tum
265 3562 373 3592 tempus
389 3554 548 3583 concedere
563 3553 698 3591 gratiose,

221 3592 305 3631 Nos,

223 3631 269 3661 Ad
286 3627 423 3670 praemissa
437 3628 698 3659 Considerationem
711 3629 858 3670 habentes,
877 3636 911 3656 ac
927 3627 1061 3665 volentes,
1078 3635 1113 3656 eo
1126 3634 1245 3663 praetex-
1283 3635 1321 3663 po

184 3678 234 3704 tn,
252 3679 319 3698 cum
336 3667 471 3706 proedicto
487 3667 604 3697 Comite
615 3668 732 3704 gratiose
745 3675 828 3700 agere
841 3675 870 3694 m
885 3665 938 3694 hac
954 3674 1028 3702 parte
1038 3687 1047 3703 ,

226 3706 394 3744 l-lujusmodi
417 3705 611 3745 Dilationem,
633 3704 709 3741 super
729 3704 876 3734 Solutione
895 3705 1028 3733 omnium
1056 3701 1246 3740 Debitorum,

194 3754 257 3782 quae
271 3745 307 3773 ab
321 3745 378 3781 ipso
392 3743 511 3773 Comite
526 3744 554 3771 in
570 3742 671 3771 eildem
687 3741 832 3779 Partibus,
850 3751 883 3771 ex
896 3751 1072 3779 quacumque
1088 3740 1185 3778 causa,
1202 3750 1250 3776 pe-

188 3784 212 3852 ἓὶ
231 3790 378 3850 Ρὲῑεωηῑ,
402 3792 449 3819 per
466 3781 612 3812 Biennium
624 3801 633 3816 ‚
650 3790 665 3809 a
688 3779 762 3810 Data
784 3780 978 3818 praesentium,
996 3779 1124 3810 duximus
1143 3788 1250 3809 conce-

211 3831 245 3851 en
266 3830 310 3850 am

227 3842 365 3889 Nolen'tes
381 3857 458 3894 quod
473 3856 548 3886 idem
564 3854 688 3891 Comes,
708 3864 759 3891 pro
772 3855 906 3896 aliquibus
920 3856 1049 3894 Debitis,
1068 3865 1131 3893 quae
1153 3855 1188 3885 ab
1204 3855 1249 3892 ip-

191 3897 240 3935 so,
256 3906 309 3933 pro
323 3895 432 3925 Debitis
446 3895 578 3932 propriis,
597 3893 642 3923 vel
660 3893 873 3923 Antecessorum
888 3894 999 3925 suorum
1009 3917 1018 3931 ‚
1037 3895 1093 3931 peti
1109 3901 1248 3930 poterunt,

189 3937 236 3966 seu
251 3933 470 3970 Contraffibus,
488 3933 564 3970 super
579 3932 630 3961 hiis
641 3931 685 3961 vel
700 3931 756 3960 aliis
770 3932 859 3967 initis,
876 3933 905 3961 in
930 3933 963 3962 ali
986 3933 1064 3962 uibus
1086 3931 1178 3961 Curiis
1190 3931 1249 3961 Va-

181 3975 199 4005 s
199 3974 290 4005 coniae
304 3971 507 4008 implacitetur‚
525 3971 723 4007 conveniatur,
743 3978 790 3999 aut
809 3968 871 3999 alias
890 3943 1066 4006 molestetur,
1084 3969 1129 4000 seu
1152 3979 1249 4007 grave-

191 4022 253 4049 tur,
272 4011 387 4042 durante
406 4009 525 4039 Biennio
541 4008 715 4045 supradicto,

227 4050 276 4082 Set
294 4048 419 4080 volentes
434 4046 513 4086 quod
531 4056 630 4078 omnes
648 4045 816 4084 Processus,
842 4053 940 4077 contra
965 4046 1056 4085 ipsum
1081 4047 1250 4084 Comitem,

676 159 1473 213 CONVENTIONES,
1528 161 1917 211 LITERAE,

1300 246 1450 291 occasione
1469 246 1647 279 Debitorum
1662 249 1696 280 &
1715 246 1925 280 Contractuum
1942 248 2164 289 praedictorum,
2182 249 2252 282 fausti
2269 250 2314 282 vel
2332 250 2374 282 fa-
2393 242 2471 283 Ann-
2485 250 2528 287 D.

1301 286 1416 324 ciendi,
1435 285 1519 324 usque
1539 286 1574 317 ad
1593 286 1679 317 finem
1699 287 1770 318 dieti
1789 286 1899 317 Biennii
1918 296 2059 326 ponantur
2076 290 2106 319 in
2123 288 2269 329 suspenso,
2412 298 2496 330 1335.

1337 323 1375 368 Et
1389 326 1457 355 ideo
1473 325 1574 363 vobis,
1592 326 1624 356 &
1640 326 1755 357 cuilibet
1769 323 1913 363 vestrum,
1932 327 2097 357 mandamus
2111 328 2191 366 quod
2206 329 2297 366 ipsum
2310 328 2373 359 Co·
2393 331 2459 358 Ἐάν.
2482 340 2508 368 3.

1301 372 1402 392 mitem
1412 386 1422 402 ,
1438 371 1536 394 contra
1547 364 1624 394 hanc
1639 364 1864 395 Conceffionem
1879 364 2019 403 nostram,
2038 375 2097 395 non
2110 366 2261 398 molestetis
2279 368 2309 397 in
2323 368 2374 398 ali-

1301 411 1359 444 quo
1374 401 1418 432 seu
1434 403 1570 440 gravetis,
1589 413 1641 433 nec
1656 404 1691 434 ab
1707 403 1766 434 aliis
1781 400 1941 442 molestari,
1960 405 2123 442 inquietari,
2140 413 2185 436 aut
2196 407 2302 445 gravari
2309 416 2372 444 per-

1301 441 1435 479 mittatis,
1452 440 1490 483 set
1505 439 1618 480 Ipsum,
1635 443 1706 480 juxta
1723 442 1847 473 formam
1863 442 2062 473 Conceffionis
2084 442 2186 473 nostrae
2208 444 2373 484 praedicstae,

1300 488 1502 509 manuteneatis
1508 501 1519 516 ,
1539 480 1590 517 &,
1607 489 1740 518 quantum
1755 481 1789 511 ad
1805 491 1856 511 vos
1872 482 2006 520 pertinet,
2024 490 2092 518 erga
2115 482 2183 511 alios
2202 482 2374 522 defendatis,

1301 516 1535 560 Obligationibus
1551 526 1596 548 aut
1613 518 1946 559 Condempnationibus,
1964 521 1992 550 in
2013 521 2188 551 contrarium
2211 520 2308 560 factis,
2325 522 2370 552 seu

1300 555 1454 594 faciendis,
1474 565 1535 585 non
1549 555 1731 589 obstantibus.
2012 573 2016 578 ²

1334 593 1367 623 In
1383 595 1461 633 cujus
1470 617 1479 632 ,
1498 594 1557 624 δεε-
1577 604 1625 632 per
1637 596 1749 627 dictum
1763 596 1912 627 Biennium
1926 596 2075 628 duraturas.

1336 632 1404 663 Dat.
1417 633 1489 673 apud
1507 633 1547 663 W
1550 632 1791 665 estmonasterium
1800 657 1810 673 ,
1825 636 1930 667 o&avo
1943 636 1988 666 die
1998 636 2074 675 Julii.

1299 758 1347 792 De
1370 758 1514 807 Treugis,
1541 763 1572 792 in
1596 757 1738 792 Partibus
1762 758 1860 793 caleti
1884 759 2033 802 ineundis,
2058 772 2115 806 quo
2138 760 2300 793 Traflatus
2309 757 2367 806 stc-

1339 819 1393 854 per
1410 807 1585 854 ·l<equestis‚
1606 819 1660 854 per
1684 806 1942 854 Archiepifiopum
1977 806 2153 856 Rothomagi
2177 812 2213 848 (ῥ’
2247 812 2366 843 Ducem

1343 858 1379 890 de
1402 856 1515 890 Borbon
1540 869 1631 903 nuper
1646 857 1762 902 fabiis,
1780 859 1917 902 securius
1932 855 2004 901 fiat.
2149 860 2154 864 '

1297 942 1416 1013 RE}
1431 938 1605 1012 'Univemds'
1620 941 1765 982 praesentes
1783 941 1888 972 Literas
1903 941 2083 982 inspedturis,
2101 942 2233 974 Salutem.

1409 992 1487 1013 cratis
1521 992 1558 1012 uo

1335 1021 1417 1051 Cum
1434 993 1579 1051 mittaqmus
1588 1004 1627 1049 ²ad
1639 1026 1727 1057 partes
1741 1017 1852 1057 Calefii,
1868 1015 2073 1050 Reverendum
2091 1018 2218 1058 Patrem,
2227 1018 2362 1052 Michae-

1295 1060 1353 1090 lem
1378 1059 1554 1098 Episcopum
1578 1058 1823 1096 Londoniensem,
1849 1067 1881 1088 ac
1907 1056 2030 1088 Nobiles
2059 1057 2159 1097 Viros,
2183 1059 2362 1090 Franconem

1293 1099 1330 1128 de
1345 1098 1431 1137 Hale,
1451 1100 1484 1130 ὃς
1505 1097 1656 1135 Rogerum
1672 1096 1708 1126 de
1722 1095 1797 1126 Bello
1812 1095 1944 1133 Campo,
1963 1095 2151 1136 Capitaneum
2161 1097 2244 1128 Villae
2259 1098 2364 1129 nostrae
2381 1115 2447 1139 Fran
2467 1122 2481 1139 2

1295 1136 1414 1175 Calelii,
1430 1147 1463 1168 ac
1488 1136 1659 1174 Magistrum
1684 1135 1828 1165 Andream
1852 1134 1887 1164 de
1902 1133 2026 1172 Offord,
2045 1135 2159 1175 Legum
2180 1135 2364 1176 Dostorem,
2381 1153 2402 1177 Ε
2433 1136 2455 1187 3'
2485 1121 2513 1148 ⁹⁸

1295 1176 1540 1206 Archidiaconum
1572 1173 1765 1204 Middlesexiae
1782 1196 1792 1211 ,
1820 1173 1854 1203 ad
1881 1173 2058 1204 tractandum
2082 1184 2150 1205 cum
2191 1174 2362 1206 Reverendo
2381 1198 2408 1216 m
2452 1172 2458 1178 '

1296 1213 1394 1252 Patre,
1412 1213 1499 1245 Petro
1515 1211 1740 1250 Archiepiscopo
1754 1211 1989 1249 Rothomagensi,
2009 1211 2041 1242 &
2055 1210 2156 1243 Illustri
2170 1211 2257 1244 Petro
2272 1213 2360 1246 Duce
2411 1211 2416 1218 ’
2433 1198 2460 1224 7'

1296 1252 1469 1291 Borboniae,
1488 1252 1531 1282 seu
1560 1251 1734 1288 Deputandis
1755 1251 1792 1280 ab
1813 1251 1868 1288 eis,
1888 1250 1965 1288 super
1986 1251 2137 1289 aliquibus,
2157 1250 2362 1292 Requestibus,

1295 1301 1345 1329 per
1363 1291 1454 1322 dictos
1481 1290 1734 1327 Archiepiscopum
1748 1289 1781 1319 &
1807 1288 1947 1332 Ducem,
1960 1287 2187 1326 Conlanguineis
2201 1290 2302 1321 nostris
2314 1302 2363 1323 ca—

1294 1330 1418 1367 riffimis,
1437 1329 1566 1360 Henrico
1580 1329 1659 1360 Duci
1676 1326 1845 1358 Lancastriae
1858 1327 1891 1358 &
1907 1326 2054 1358 Richardo
2070 1328 2181 1359 Comiti
2201 1328 2363 1361 Arundellae

1294 1379 1383 1438 muger
1399 1369 1498 1407 factis,

1368 1419 1400 1438 os

1312 1446 1380 1513 ΙΠΕ1
1400 1430 1652 1515 ε’ἰτςυῇῐὲᾢεᾶἰοηε
1674 1444 1794 1483 provida
1823 1444 1970 1476 dictorum
1991 1444 2178 1476 Nunciorurn
2200 1444 2362 1477 nostrorum

1321 1494 1468 1516 eniuscon
1509 1495 1586 1516 entes

1292 1495 1310 1523 p
1330 1524 1375 1554 Ad
1394 1508 1642 1555 Tractandum'&
1657 1521 1907 1553 Concordandum
1923 1532 1993 1553 cum
2016 1522 2116 1560 dicus,
2134 1522 2360 1562 Archiepiscopo

1291 1564 1325 1593 &
1349 1562 1434 1593 Duce
1458 1562 1628 1600 Borboniae,
1642 1561 1687 1592 seu
1709 1561 1929 1599 quibuscumque
1953 1560 2127 1599 Deputandis
2150 1562 2187 1592 ab
2208 1563 2263 1600 eis,
2280 1562 2359 1602 super

1291 1602 1433 1639 Treugis,
1451 1601 1495 1631 seu
1517 1601 1639 1637 Guerrae
1659 1599 1844 1638 Sufferentia,
1863 1601 1891 1630 in
1915 1599 1997 1630 dietis
2021 1599 2164 1639 Partibus,
2188 1600 2223 1630 ad
2247 1609 2359 1632 certum

1291 1645 1306 1657 *
1327 1640 1472 1678 Tempus,
1492 1639 1527 1669 de
1543 1649 1600 1678 quo
1613 1638 1778 1669 concordari
1793 1639 1914 1676 poterit,
1928 1648 1982 1675 pro
1995 1638 2094 1668 Nobis
2109 1640 2143 1670 &
2158 1638 2256 1669 nostro
2265 1640 2360 1670 nomi-

1291 1689 1327 1708 ne
1347 1679 1487 1716 ineundis,
1507 1679 1540 1709 ὃς
1559 1677 1702 1715 tenendis,
1721 1678 1754 1708 &
1777 1686 1955 1715 quacumque
1978 1676 2130 1708 Securitate
2152 1677 2312 1716 firmandis,
2330 1687 2361 1710 ut

1290 1718 1379 1748 dietus
1392 1717 1541 1747 TraCtatus
1557 1716 1656 1747 melius
1669 1716 1702 1746 δε
1721 1715 1843 1746 securius
1858 1714 1915 1745 fieri
1932 1715 2020 1746 valeat
2049 1714 2186 1754 praefa‘tis,
2202 1716 2361 1756 Episcopo,

1290 1756 1447 1794 Franconi,
1467 1754 1601 1794 Rogero,
1617 1755 1649 1784 δε
1674 1753 1813 1791 Andreae,
1831 1753 1940 1784 Tribus
1959 1754 1992 1784 δί
2016 1738 2142 1784 Duobus
2164 1764 2284 1794 eorum,
2302 1755 2361 1794 ple-

1290 1805 1356 1825 nam
1371 1794 1559 1825 concedimus
1572 1795 1605 1825 ὃς
1620 1793 1830 1822 committimus
1845 1790 2035 1828 Potestatem,·

1326 1833 1525 1863 Promittentes
1541 1832 1608 1862 Nos
1628 1831 1734 1861 Ratum
1752 1831 1784 1861 δε
1803 1829 1927 1860 Gratum
1942 1830 2085 1861 habituros
2103 1831 2236 1870 quicquid
2252 1841 2301 1869 per
2315 1832 2360 1863 di-

1290 1872 1352 1902 Ctos
1370 1872 1508 1902 Nuncios
1531 1869 1656 1908 nostros,
1683 1869 1774 1908 Tres,
1800 1868 1845 1901 vel
1863 1868 1947 1900 Duos
1972 1878 2090 1908 eorum,
2116 1869 2215 1901 aetum
2232 1868 2315 1901 fuerit
2330 1871 2362 1901 in

1290 1910 1446 1949 praemissis.

1327 1949 1361 1979 In
1379 1951 1475 1987 cujus,
1493 1949 1553 1979 &c.

1358 1988 1425 2018 Dat.
1444 1989 1474 2017 in
1496 1986 1602 2017 Palatio
1615 1985 1708 2021 Regis
1722 1985 1849 2016 XVestm.
1864 1986 1968 2017 oe‘tavo
1986 1985 2032 2016 die
2044 1985 2128 2025 Julii,
2153 1986 2240 2017 Anno
2258 1986 2359 2024 Regni

1290 2026 1375 2057 nostri
1397 2025 1626 2067 FranciaejSexto
1641 2025 1775 2064 decime,
1797 2024 1898 2064 Regni
1920 2027 1990 2057 vero
2008 2024 2099 2055 nostri
2116 2024 2230 2063 Angliae
2249 2025 2358 2056 Vicesi-

1291 2076 1342 2097 mo
1358 2075 1446 2097 nono.

2383 956 2461 988 Ann.
2474 957 2514 989 D.

2379 1003 2502 1071 ‘4253'
2527 1011 2530 1014 '

2381 1077 2408 1100 Ε.
2422 1083 2447 1110 3.
2468 1080 2471 1083 ·
2526 1081 2529 1085 ·

2382 1641 2513 1676 ·V,821.

1467 2192 1574 2226 Litera
1596 2187 1820 2235 Excustztoria,
1844 2188 1928 2235 miffiz
1954 2191 2028 2235 Regi
2054 2186 2189 2232 Castellae.

1291 2277 1497 2334 SErenissrmo
1518 2276 1663 2315 Principi,
1686 2274 1822 2306 Domino
1845 2272 1981 2318 Alfonso,
1999 2273 2058 2305 Dei
2079 2274 2184 2313 gratia,
2210 2274 2358 2315 Castellae,
2377 2281 2453 2315 Arm,
2467 2280 2508 2313 D,
2525 2313 2528 2315 ‚

1348 2318 1499 2357 Legionis,
1517 2316 1640 2353 Sibiliae,
1657 2314 1772 2357 Toleti,
1792 2313 1920 2344 Galeciae
1948 2312 2356 2360 Cordubae,Murciae,Gyen-
2398 2328 2484 2362 1355·

1289 2355 1579 2427 &afflasset
1591 2335 2036 2424 assumsistis?
2049 2350 2358 2423 {amath
2546 2382 2552 2391 ·

1290 2406 1575 2468 adoggtrggSucceffus.
1664 2471 1669 2476 .
1745 2416 1755 2430 ³
1932 2413 1943 2429 ³
1996 2469 2001 2474 .
2108 2469 2113 2474 ι
2181 2414 2191 2429 ²
2311 2470 2316 2475 ⁶
2340 2470 2342 2473 ι
2378 2403 2510 2474 &film-

1322 2474 1422 2511 Cum,
1439 2473 1489 2503 sub
1503 2469 1687 2502 Confidentra
1700 2468 1799 2500 vestrae
1820 2467 2045 2506 Benevolentiae,
2064 2476 2274 2508 retinuerimus,
2289 2468 2359 2500 dile·
2375 2479 2406 2503 Ε.
2425 2486 2449 2512 3·
2475 2485 2511 2502 m.

1289 2513 1371 2543 <itum
1395 2512 1508 2548 Nobis,
1528 2509 1687 2540 Martinum
1709 2508 1746 2538 de
1764 2508 1789 2538 la
1810 2507 1901 2548 Gytar
1920 2518 1953 2546 e,
1980 2506 2131 2538 Subditum
2154 2507 2297 2548 vestrum,
2323 2509 2357 2540 &
2376 2515 2403 2543 6,

1293 2550 1468 2588 Magistrum
1492 2548 1585 2579 Navis
1610 2556 1720 2578 vocatae
1738 2546 1762 2576 la
1778 2545 1858 2576 Seint
1913 2547 1973 2577 ntoi
1993 2556 2027 2576 ne
2045 2545 2081 2575 de
2098 2543 2234 2584 Gyteria,
2251 2546 2286 2576 ad
2304 2545 2359 2576 ser-

1289 2590 1427 2620 viendum
1443 2588 1526 2618 nobis
1544 2588 1572 2616 in
1590 2585 1704 2617 instanti
1724 2584 1829 2623 Viagio
1845 2584 1944 2616 nostro
1975 2594 2039 2622 upra
2057 2583 2153 2622 Mare,
2173 2583 2251 2622 quod
2273 2586 2356 2616 nobis

1288 2628 1371 2659 instat
1391 2627 1511 2658 multum
1530 2625 1632 2662 cordi,
2069 2660 2074 2665 .
2171 2661 2175 2666 Ι

1324 2667 1505 2698 serenitatem
1521 2663 1641 2694 vestram
1656 2663 1760 2692 attente
1776 2670 1908 2698 rogamus
1923 2669 2055 2699 quatenus
2066 2660 2096 2691 id
2111 2661 2239 2698 benigne
2254 2661 2355 2692 tolera-

1288 2716 1318 2736 re
1332 2705 1439 2743 velitis,
1455 2703 1546 2741 ipsum
1558 2702 1690 2732 habentes
1702 2700 1780 2738 super
1796 2698 1885 2730 Mora
1897 2698 1945 2730 sua
1963 2699 2132 2737 nobiscum,
2151 2699 2219 2730 ficut
2241 2699 2278 2730 de
2302 2699 2356 2730 Di-

1288 2745 1413 2775 lectione
1429 2741 1518 2773 vestra
1534 2739 1722 2777 confidimus,
1739 2738 1907 2768 excusatum.

1321 2783 1353 2813 ln
1369 2782 1472 2812 votivis
1486 2781 1519 2811 &
1535 2779 1673 2816 longaevis
1685 2776 1861 2808 Succeffibus
1876 2775 2033 2807 Altiffimus
2054 2786 2106 2807 vos
2125 2775 2282 2808 conservet.

1358 2821 1426 2852 Dat.
1443 2821 1472 2850 in
1487 2817 1596 2850 Palatio
1613 2815 1711 2847 nostro
1728 2815 1855 2847 NVestm.
1871 2814 1992 2846 decimo
2010 2815 2056 2846 die
2071 2814 2148 2854 Julii,

1287 2955 1336 2986 De
1362 2949 1485 2995 Castris,
1511 2949 1620 2991 Villis,
1647 2952 1684 2987 ρξ’·
1707 2948 1808 2980 Terris
1830 2951 1860 2978 in
1884 2948 2011 2979 Ducam
2035 2947 2194 2979 Britannia
2219 2951 2249 2979 in
2275 2951 2354 2981 Assa..

1608 3009 1681 3030 nmn
1704 2999 1791 3042 Regis
1815 2991 2006 3040 restamendis.

1289 3087 1373 3142 RE
1385 3087 1414 3117 X
1435 3086 1599 3122 Omnibus,
1615 3082 1650 3113 ad
1667 3092 1754 3120 quos,
1770 3082 1831 3113 &c.
1871 3080 2004 3111 Salutem.
2370 3080 2446 3112 Ann.
2462 3080 2500 3111 D⁴

1386 3127 1467 3156 Licet
1483 3133 1590 3161 nuper,
1608 3132 1655 3159 per
1671 3119 1785 3151 diversas
1799 3120 1902 3150 Literas
1917 3119 2022 3150 nostras
2037 3120 2182 3160 Patentes,
2201 3121 2349 3153 concesse·
2388 3127 2474 3158 1355.

1283 3166 1384 3202 rimus,
1402 3164 1507 3193 dilecto
1522 3163 1555 3192 δε
1570 3161 1644 3190 fideli
1658 3158 1771 3196 nostre,
1789 3158 1909 3194 Rogero
1923 3156 2019 3188 David
2042 3158 2175 3190 Castrum
2213 3158 2347 3192 Castella-
2366 3161 2420 3186 An.
2440 3168 2485 3193 29-

1283 3204 1379 3240 niam,
1396 3202 1429 3232 &
1454 3201 1558 3231 Villam
1577 3198 1614 3228 de
1634 3197 1940 3241 Remenetgucnffant,
1959 3196 2093 3228 Castrum
2114 3199 2148 3230 &
2172 3182 2346 3229 Dominium
2366 3201 2398 3224 Ε.
2421 3206 2447 3232 3.

1282 3241 1318 3271 de
1338 3240 1512 3280 Pestynven,
1526 3247 1560 3268 ac
1580 3235 1750 3267 Custodiam
1768 3219 1942 3265 Castelssamae
1960 3236 1993 3266 &
2009 3234 2094 3266 Villae
2120 3235 2156 3266 de
2176 3235 2206 3266 K
2257 3237 2346 3274 perel-
2363 3238 2502 3269 Franc.29.

1281 3281 1324 3317 le,
1349 3289 1417 3310 cum
1442 3271 1635 3313 Pertinentiis,
1660 3276 1688 3304 in
1713 3274 1829 3305 Ducatu
1856 3273 2025 3313 Britanniae,
2051 3274 2178 3305 habenda
2212 3275 2250 3305 ub
2269 3276 2346 3308 certa
2363 3277 2425 3311 15:5-
2439 3282 2503 3306 ⁷⁷⁷7-

1284 3317 1376 3348 forma

1318 3340 1396 3395 Qia
1414 3363 1506 3385 tamen
1521 3353 1594 3391 prius
1615 3351 1755 3390 (tempore
1769 3361 1845 3390 quo,
1862 3349 1979 3381 dilectus
1991 3351 2025 3382 &
2039 3350 2124 3381 fidelis
2136 3350 2229 3383 noster
2262 3353 2350 3385 Tho-

1283 3405 1342 3425 mas
1356 3395 1392 3423 de
1408 3392 1524 3423 Holand
1535 3415 1544 3429 ,
1566 3390 1735 3429 capitaneus
1749 3391 1782 3421 &
1799 3390 1914 3420 Locum
1928 3387 2054 3419 nostrum
2071 3397 2166 3419 tenens
2188 3391 2218 3420 in
2265 3401 2348 3424 ucatu

1283 3432 1422 3471 praedicto
1445 3432 1532 3461 extitit
1554 3428 1737 3466 constitutus)
1759 3429 1836 3459 idem
1859 3427 2006 3465 Thomas,
2020 3427 2098 3464 juxta
2119 3427 2350 3470 Convenfiones,

1282 3473 1353 3502 inter
1365 3470 1429 3500 Nos
1443 3471 1476 3500 &
1497 3468 1587 3507 ipsum
1603 3467 1750 3498 Thomarn
1772 3468 1870 3503 initas,
1888 3465 1923 3495 ad
1947 3473 2057 3496 certum
2081 3473 2190 3504 tempus
2207 3468 2348 3506 affumpfit

1282 3509 1449 3541 Custodiam
1464 3508 1595 3537 omnium
1612 3504 1763 3541 Villarum,
1783 3503 1967 3547 Castrorum,
1986 3503 2020 3533 &
2038 3503 2196 3544 Locorum,
2212 3506 2247 3537 de
2265 3507 2348 3538 Obe-

1281 3548 1384 3578 dientia
1395 3546 1491 3578 nostra
1506 3547 1534 3575 in
1548 3545 1660 3575 Ducam
1673 3543 1812 3581 praedieto
1826 3541 2004 3572 existentium
2012 3564 2022 3580 ,

1314 3586 1436 3623 Nosque
1446 3609 1455 3624 ,
1472 3594 1524 3622 pro
1538 3583 1692 3619 Oneribus,
1710 3579 1858 3611 Custodiae
1875 3579 2017 3624 praedietae
2031 3581 2273 3619 incumbentibus,
2282 3582 2345 3623 sup-

1324 3625 1440 3661 rtandis,
1460 3620 1647 3653 conceffimus
1659 3620 1753 3650 eidem
1768 3618 1899 3649 Thomae
1913 3628 2011 3650 omnia
2026 3618 2123 3650 Exitus
2145 3621 2179 3650 &
2195 3620 2344 3659 proficua,

1283 3665 1319 3694 de
1333 3663 1436 3692 eisdem
1452 3660 1574 3696 Castris,
1593 3659 1708 3695 Terris,
1727 3657 1760 3688 &
1776 3657 1861 3687 Locis
1874 3658 2084 3695 provenientia,
2099 3657 2237 3688 Habenda
2245 3669 2346 3697 quam-

1283 3703 1331 3733 diu
1346 3699 1513 3731 Custodiam
1530 3697 1655 3729 habuerit
1674 3695 1876 3734 supradidhm,
1897 3695 1998 3734 absque
2019 3694 2170 3733 compoto
2190 3696 2258 3726 inde
2282 3697 2345 3727 red-

1283 3739 1397 3776 dendo,
1412 3746 1495 3776 prout
1518 3737 1546 3766 in
1566 3735 1684 3773 quadam
1705 3733 1875 3773 Indentura,
1889 3734 1956 3765 inde
1974 3735 2045 3764 inter
2060 3733 2128 3763 Nos
2147 3734 2180 3764 δι’
2195 3734 2346 3772 praefatum

1284 3779 1433 3809 Thomam
1448 3774 1580 3806 confecta
1614 3773 1722 3810 plenius
1737 3773 1914 3811 continetur,

1319 3816 1367 3846 De
1382 3815 1435 3853 quiz
1448 3813 1563 3851 quidem
1577 3795 1784 3849 Conceslione,
1803 3811 1918 3849 praefato
1936 3810 2066 3853 Thomas
2079 3808 2117 3840 fic
2131 3809 2207 3840 fasta
2234 3818 2349 3857 tempo·

1284 3865 1314 3884 re
1330 3864 1385 3891 quo
1400 3852 1513 3890 praefato
1527 3851 1662 3889 Rogem,
1681 3848 1795 3887 Castra,
1815 3849 2008 3886 Castellanias,
2025 3846 2126 3885 Villas,
2151 3849 2185 3878 &
2240 3851 2349 3881 ommia

1287 3892 1449 3959 Ρηὲᾀὲξὶει,ι
1461 3890 1515 3936 1ὼίΑ
1532 3889 1568 3957 ἦέ
1586 3887 1734 3956 εοηὲείῖξι,
1753 3886 2239 3957 coacessit-{nus‚tinglriargecoluimum
2258 3888 2293 3918 &
2309 3889 2348 3920 fic

1287 3941 1316 3960 m
1351 3940 1360 3958 1
1393 3941 1407 3959 a
1421 3939 1440 3958 u
1451 3937 1520 3958 tima
1563 3936 1638 3956 once
1661 3936 1727 3956 ione
1748 3936 1787 3956 no
1815 3936 1843 3956 ra
1892 3935 1942 3956 ece
2073 3934 2116 3955 us,

1322 3967 1402 3997 Nos,
1431 3976 1467 3997 eo
1492 3974 1643 4003 praetextu,
1671 3964 1794 3995 volentes
1820 3974 1867 4002 ea,
1891 3934 1962 4008 quaeP
1976 3963 2047 3992 inter
2064 3961 2132 3992 Nos
2150 3963 2183 3994 &
2201 3964 2349 4001 praefatum

1287 4006 1456 4036 Thomna,
1483 4005 1555 4039 prius
1579 4002 1731 4033 Conventa
1754 4003 1788 4033 &
1811 4001 1954 4032 Condrdh
1978 3999 2099 4031 fuerant.
2129 4001 2158 4030 in
2179 4001 2229 4033 suo
2245 4004 2349 4033 robore

1288 4053 1467 4084 permanere,
1486 4042 1594 4075 Literas
1612 4040 1718 4073 nostras
1736 4040 1895 4079 praedictas,
1910 4038 2027 4078 praefato
2045 4037 2165 4078 Rogero
2181 4040 2218 4072 de
2235 4039 2351 4110 Castg}
