2561 4251
90 219 171 251 Amn.
183 220 226 255 D,

91 267 206 335 ἐιέἶῖζ

232 146 282 174 12

273 216 379 254 ITEM,
396 224 469 253 que,
486 223 502 243 a
515 211 596 250 quele
609 211 696 242 heure
706 222 765 250 que
778 211 920 242 l’avantdir
936 210 1064 241 William
1081 219 1120 240 ou
1140 208 1179 240 ses
1199 208 1298 240 Attor-

237 266 298 326 3⁵2²)
314 249 776 321 app‘ii‘ff‘i'ss‘effunffasffitffid‘ffss
788 249 993 318 Raffissidesolss
1012 247 1299 324 {ffffisumegrffi'flii

237 304 397 369 Esclgetqter,
419 299 590 365 &gpar'Eqn
611 299 724 365 guture,
748 334 878 369 parentre
900 310 956 356 lini
978 327 1011 356 ὅτ.
1033 325 1057 356 le
1077 309 1299 356 Contrerollour

229 371 378 407 iavantdit,
397 376 453 405 que
468 376 519 406 pur
533 365 560 396 le
571 375 664 404 temps
677 365 765 403 seira,
785 364 832 402 q’il
846 365 884 395 eit
900 363 1037 395 suffisante
1061 363 1239 402 Aequitance
1260 364 1299 394 du

237 409 329 440 Grant
342 405 404 437 Seal
416 415 432 435 a
443 405 582 436 chescune
595 405 684 441 foitz,
702 404 735 433 &
749 403 797 441 q'il
812 413 847 432 ne
860 403 914 433 soit
930 403 1044 440 jammes
1060 403 1120 440 plus
1133 411 1216 432 outre
1238 411 1300 431 ern-

237 447 356 486 peschez
370 453 406 474 ne
421 443 560 481 chargez,
579 442 614 473 de
629 442 677 472 nul
693 442 859 479 Accompt,
876 442 973 475 devers
989 441 1014 470 le
1027 441 1177 479 Roi,mez
1192 440 1227 469 de
1242 448 1300 470 tant

237 487 275 516 de
295 484 389 521 Plate,
406 482 479 512 d’Or
501 483 535 513 &
557 481 712 520 d'Argent,
730 490 785 519 que
807 481 834 510 le
854 479 894 510 dit
916 479 1111 510 Contreroller
1128 479 1185 509 Lui
1199 479 1301 510 s'avera

239 524 361 562 chargez
375 531 423 561 par
437 520 610 551 Endenture.

277 560 323 591 En
344 560 575 596 Tesmoignance
595 557 632 587 de
653 557 735 595 quele
752 556 836 587 chose
850 557 874 587 al
888 566 944 587 une
958 556 1049 586 Partie
1064 555 1140 586 ceste
1154 554 1302 585 Endentu-

240 609 289 638 re,
307 599 469 629 demurrant
483 596 582 627 devers
595 596 622 626 le
634 594 675 625 dit
690 595 812 625 William
848 595 945 625 nostre
960 598 1070 632 Seignur
1084 593 1108 623 le
1123 596 1174 623 Roi
1186 593 1220 623 ad
1237 594 1302 624 faite

240 647 343 668 mettre
357 636 407 667 son
422 636 516 666 Grant
530 634 608 672 Seal,
627 634 660 665 ὃς
675 645 690 665 a
704 634 797 664 l’autre
810 619 904 664 I3artie
918 633 954 664 de
969 633 1086 677 meisme
1100 632 1302 670 l’Endenture,

239 676 386 708 demutant
400 674 497 706 devers
511 673 605 703 nostre
620 673 660 703 dit
676 676 786 710 Seignur
800 672 824 701 le
845 675 910 710 Rei,
929 672 954 702 le
974 672 1014 702 dit
1035 670 1164 701 William
1184 671 1219 701 ad
1240 680 1302 709 mys

237 714 393 783 selbffiiaj'a
407 749 654 789 Westmonaster,
671 749 696 780 le
709 750 775 782 xvii.
788 749 855 788 jour
868 749 904 780 de
914 748 999 788 Juyn.

238 899 287 931 De
313 894 465 940 arestando
489 899 713 944 Impugnatores
729 894 834 977 bJuris
860 897 964 941 Regii,
993 897 1023 926 in
1039 891 1302 939 Archiepifiopatu

698 947 726 978 E
750 956 845 978 orum.

91 1047 167 1079 Ann-
183 1047 224 1080 D·
243 1032 377 1089 REX,
395 1032 503 1063 dileffis
524 1030 592 1069 sibi,
610 1030 716 1060 Thomae
737 1028 837 1070 Jolyf,
854 1028 983 1068 Johanni
1005 1026 1166 1064 Lumbard,
1189 1027 1223 1058 &
1245 1025 1301 1064 Jo-

90 1095 202 1163 Αἴέξξῐ

91 1169 122 1192 Ε.
142 1175 169 1201 3.

89 1207 149 1230 rat.
164 1214 211 1239 47,

89 1245 189 1280 E.3.p.
203 1255 213 1272 1

90 1289 127 1308 m.
147 1283 202 1311 1.d.

318 1072 405 1101 hanni
420 1071 533 1108 thite,
551 1070 675 1100 Salutem
685 1094 696 1108 ,

275 1108 372 1141 Sciatis
385 1109 464 1147 quod
473 1132 483 1148 ,
1233 1142 1237 1146 Ι

278 1146 358 1179 Com
373 1148 440 1178 Nos
458 1157 566 1186 nuper,
587 1148 616 1177 in
629 1146 715 1177 Curia
731 1146 840 1182 nostra,
861 1154 960 1175 coram
975 1143 1138 1185 Justiciariis
1151 1140 1252 1171 nostris
1264 1140 1300 1170 de

241 1184 354 1225 Banco,
368 1197 416 1224 per
430 1186 519 1216 Breve
532 1185 660 1216 nostrum
670 1209 679 1223 ,
696 1185 968 1222 Recuperavcrimus
984 1182 1230 1212 Praeientationem
1247 1189 1301 1209 no-

241 1223 325 1255 stram
347 1225 381 1256 ad
404 1224 589 1255 Praebendam
612 1224 711 1254 Altaris
733 1224 827 1253 Sancti
841 1222 944 1260 jacobi
959 1222 987 1250 in
1004 1220 1130 1250 Ecclesia
1144 1218 1301 1257 Collegiata

221 1262 275 1293 'de
290 1263 461 1301 Beverlaco,
480 1272 568 1301 nuper
586 1271 752 1299 vacantem,
769 1263 802 1292 &
822 1262 855 1290 ad
877 1260 1001 1290 nostram
1022 1259 1219 1289 Donationem
1240 1258 1300 1294 spe-

238 1301 379 1340 &antem,
396 1303 501 1333 ratione
517 1301 780 1338 Archiepiscopatus
795 1299 942 1336 Eborum,
960 1308 1048 1335 nuper
1064 1297 1202 1335 vacantis,
1220 1296 1253 1326 δε
1269 1297 1297 1325 in

236 1339 329 1372 Manu
349 1340 445 1371 nostra
467 1340 621 1377 existentis,
647 1340 737 1369 vei-sus
754 1339 917 1376 johannem
943 1336 1198 1374 Archiepiscopum
1218 1334 1299 1365 Ebo-
1320 1356 1322 1359 .

236 1389 318 1418 rum,
337 1389 386 1419 per
398 1379 649 1410 considerationem
665 1377 788 1416 ejusdem
802 1376 899 1407 Curiae
919 1375 1041 1413 nostrae,
1061 1383 1145 1412 prout
1167 1382 1216 1416 per
1238 1372 1298 1403 Re-

235 1418 358 1449 cordum
378 1418 411 1449 Sc
433 1417 619 1455 Proceffum,
646 1418 712 1447 inde
731 1426 830 1447 coram
849 1414 932 1446 dietis
950 1413 1113 1453 Justiciariis
1137 1412 1297 1449 relidenda,

200 1494 203 1499 s
234 1456 343 1494 plenius
359 1458 462 1501 poterit
473 1466 621 1500 apparere,

276 1495 321 1526 Ac
330 1497 389 1535 jam
402 1495 618 1525 intellexerimus
634 1493 714 1532 quod
728 1493 860 1532 quidam,
879 1493 997 1522 nitentes
1036 1501 1066 1520 us
1084 1489 1215 1520 nostrum
1236 1489 1297 1519 Re-

256 1534 316 1564 ium
337 1535 371 1566 &
387 1533 549 1573 Judicium,
576 1543 629 1571 pro
650 1533 731 1563 nobis
751 1534 781 1562 in
801 1532 853 1562 hac
876 1540 952 1568 parte
974 1540 1003 1560 re
1023 1529 1132 1566 ditum,
1158 1528 1296 1559 malitiose

235 1542 395 1610 {nervarm
414 1573 590 1611 quamplures
607 1570 772 1608 Processus,
790 1579 863 1600 extra
877 1569 1011 1608 Regnum
1025 1568 1153 1598 nostrum
1173 1567 1296 1605 Angliae,

235 1612 266 1642 in
277 1611 364 1643 aliena
378 1611 465 1641 Curia
478 1611 716 1649 prosequebantur
725 1633 734 1648 ,
753 1611 786 1640 δε
802 1607 948 1645 Rescripta
962 1607 1026 1637 inde
1039 1607 1074 1636 ab
1088 1606 1190 1636 eisdem
1214 1607 1296 1643 parti-

234 1649 288 1679 bus
301 1649 372 1681 infra
388 1650 528 1687 Regnum
543 1649 674 1680 nostrum
693 1648 803 1687 Anglice
824 1647 998 1684 detulerunt,
1015 1645 1178 1683 quibusdam
1200 1644 1295 1683 Ligeis

233 1687 336 1719 nostris
348 1688 499 1719 liberarunt
513 1687 690 1726 exequenda,
709 1687 742 1717 δε
758 1687 836 1723 super
849 1686 907 1715 hoc
921 1685 992 1722 ipsos
1009 1684 1111 1723 Ligeos
1131 1682 1243 1713 nostros
1261 1682 1294 1712 ad

235 1725 444 1758 Executionem
459 1726 524 1756 inde
536 1726 692 1756 faciendam
707 1725 843 1755 malitiose
858 1723 1060 1761 procurarunt,
1075 1724 1103 1752 in
1116 1720 1296 1751 nostriCon-

233 1772 373 1803 temptum
386 1767 419 1796 &
435 1765 650 1803 Praejudicium,
669 1765 702 1795 ὃς
715 1762 954 1794 Exhaeredationis
966 1761 1095 1792 Coronae
1116 1761 1222 1791 nostrae
1245 1770 1294 1798 pe-

235 1804 358 1873 ricfflum
372 1803 570 1842 manifestum,

308 1853 342 1873 os

269 1866 442 1920 Huju’smodi
456 1880 646 1919 Contemptui
657 1903 666 1919 ,
684 1879 872 1918 Praejudicio,
888 1878 921 1909 &
937 1877 1160 1909 Exhaeredationi
1178 1878 1294 1908 obviare

233 1920 377 1959 volentes,
395 1921 429 1951 &
444 1930 544 1951 omnes
559 1920 592 1951 &
607 1919 743 1958 fingulOS,
761 1919 810 1957 qui
827 1926 926 1948 contra
943 1916 1011 1947 Nos
1024 1917 1111 1947 taliter
1132 1917 1294 1954 delinquere

233 1959 472 1997 praesumpserint,
489 1960 518 1988 in
532 1959 585 1989 hac
597 1967 688 1996 parte,
701 1959 777 1996 juxm
797 1957 910 1987 suorum
926 1955 1076 1993 demerita,
1095 1965 1127 1986 ac
1143 1954 1217 1994 Juris
1237 1955 1295 1984 exi—

232 1999 372 2036 gentiam,
389 1997 512 2037 castigari
527 1998 653 2028 volentes
668 1998 700 2028 &
718 1996 824 2034 puniri,

270 2036 480 2073 Affignavimus
494 2036 571 2073 Vos,
588 2036 783 2074 conjunctim,
803 2034 836 2065 &
849 2033 977 2073 divisim,
995 2032 1029 2063 ad
1044 2043 1145 2063 omnes
1159 2032 1237 2070 illos,

272 2075 357 2114 Qos
373 2075 463 2111 aliqua
477 2074 653 2112 hujusmodi,
682 2074 762 2103 nobis
783 2072 1000 2110 Prot-judicialia,
1018 2081 1153 2110 praeteXtu
1172 2071 1293 2102 Proces-

231 2113 330 2152 suum,
348 2114 392 2143 seu
410 2113 641 2151 Rescriptorum,
659 2113 687 2142 in
701 2112 812 2143 dictum
829 2111 967 2149 Regnum
991 2110 1122 2140 nostrum
1145 2109 1257 2148 Angliae
1277 2120 1293 2140 a

231 2152 314 2183 dictis
332 2152 456 2190 partibus
478 2152 645 2189 iniss'orum,
664 2151 709 2181 seu
729 2150 780 2180 alia
801 2159 982 2188 quacumque
1005 2149 1172 2180 auetoritate
1191 2150 1218 2179 in
1239 2149 1291 2180 hac

231 2199 324 2229 parte,
343 2192 474 2221 facientes
488 2191 667 2227 inveneritis,
685 2189 731 2220 vel
745 2199 794 2229 per
806 2188 1037 2226 Inquisitionem,
1055 2189 1121 2218 inde
1144 2197 1194 2227 per
1216 2186 1292 2227 Vos,

230 2230 276 2262 vel
294 2229 378 2260 Duos
391 2228 537 2268 vestrum,
555 2229 712 2259 faciendam
722 2251 731 2265 ,
749 2228 830 2258 vobis
846 2227 975 2258 constare
990 2228 1091 2265 poterit
1106 2226 1217 2265 fecisse,

268 2268 382 2307 Absque
397 2267 534 2298 dilationis
547 2267 688 2305 diffugio,
706 2267 881 2304 ubicumque
893 2268 1003 2296 inventi
1017 2266 1135 2302 fuerint,
1153 2265 1210 2295 sive
1222 2265 1292 2296 insta

233 2307 406 2344 Libertates,
432 2307 486 2336 five
506 2315 599 2344 extra,
624 2316 692 2336 cum
711 2305 792 2336 dictis
810 2304 988 2335 Proceffibus
1008 2305 1041 2335 ὃ(
1061 2304 1232 2342 Rescriptis,
1257 2306 1292 2335 &

231 2347 288 2376 aliis
315 2346 544 2384 quibuscumque
570 2344 730 2381 hujusmodi
747 2343 980 2382 praejudicialibus
996 2365 1006 2379 ,
1038 2344 1133 2373 secum
1155 2343 1290 2382 inventis,

229 2383 418 2416 Arestandum
432 2385 465 2415 ὃ(
481 2382 677 2421 Capiendum,
693 2384 726 2413 ὃ(
742 2392 789 2411 eos
801 2392 900 2412 coram
915 2381 1014 2411 Nobis
1028 2381 1061 2411 &
1086 2379 1216 2411 Consilio
1236 2392 1290 2412 no-

232 2423 291 2454 stro
311 2422 422 2461 statim,
436 2432 503 2453 cum
526 2423 598 2459 capti
621 2421 741 2458 fuerint,
760 2430 829 2450 cum
850 2420 932 2449 dietis
953 2419 1208 2458 Pnejudicialibus,
1224 2419 1289 2450 Du-

231 2461 374 2500 cendum,
392 2461 427 2491 ad
440 2460 685 2497 Respondendum
700 2458 806 2489 ibidem
822 2458 900 2496 super
914 2457 1063 2488 Praemillis
1078 2459 1110 2488 &
1131 2458 1205 2497 aliiS,
1224 2468 1288 2497 quae

231 2500 282 2529 fibi
296 2508 469 2536 exponentur
482 2509 515 2529 ex
532 2508 607 2537 parte
620 2497 728 2534 nostr-'2³3

228 2575 247 2606 d
268 2537 305 2582 Et
318 2538 383 2568 ideo
397 2539 476 2569 vobis
493 2537 664 2568 Mandamus
678 2535 758 2575 quod
773 2537 846 2567 circa
863 2534 1008 2566 Praemiffa
1027 2534 1173 2574 diligenter
1192 2534 1288 2567 Inten-

249 2585 305 2607 atis.

269 2614 416 2646 Universis
437 2614 543 2654 insuper
561 2615 594 2645 ὃς
616 2613 725 2651 singulis
745 2613 987 2650 Vicecomitibus,
1008 2611 1183 2650 Majoribus,
1207 2612 1288 2644 Balli-

229 2654 271 2685 vis
287 2676 296 2691 ,
326 2652 463 2683 Ministris
477 2677 487 2690 ,
511 2654 543 2683 &
564 2653 621 2683 aliis
643 2646 784 2682 Fidelibus
803 2653 902 2681 nostris
915 2675 924 2689 ,
947 2653 1005 2681 tam
1026 2652 1095 2681 infra
1118 2651 1289 2691 LibertateS,

230 2693 318 2731 quam
339 2700 415 2721 exua
431 2715 440 2728 ,
461 2691 579 2721 Tenore
599 2690 798 2726 Praesentium,
824 2689 935 2719 Damus
956 2689 1070 2720 firmiter
1092 2691 1120 2719 in
1139 2690 1290 2729 Praeceptis

230 2729 311 2767 quod
332 2730 415 2760 vobis
439 2730 471 2760 &
495 2730 610 2760 cuilibet
629 2728 756 2759 vestri'im
773 2752 782 2764 ,
808 2729 837 2757 in
861 2729 1028 2757 executione
1049 2727 1262 2760 Praemiisorum
1277 2755 1287 2768 ,

231 2768 350 2800 Pareant
362 2769 394 2799 δε
408 2768 566 2805 intendant,
585 2777 654 2798 cum
670 2766 782 2797 necesse
796 2766 877 2796 fuerit
887 2791 896 2803 ,
915 2767 948 2797 &
962 2776 1009 2802 per
1021 2776 1086 2803 vos,
1102 2767 1146 2797 seu
1165 2768 1287 2807 aliquem

178 2806 181 2807 ⁷
231 2807 375 2844 vestrum,
394 2807 497 2837 fuerint
507 2807 586 2845 super
603 2807 660 2837 hoc
673 2806 834 2845 praemuniti
850 2813 884 2834 ex
901 2812 977 2842 parte
990 2804 1093 2835 nostra.

87 2983 151 3010 thid,

87 3022 224 3061 PVIL25.
234 3038 301 3068 univ

87 3680 150 3709 thid.

267 2846 393 2915 InTceliilg
401 2846 491 2922 'Rgege
505 2883 579 2923 apud
592 2882 896 2920 XVestmonasterium,
913 2880 1050 2913 vicesimo
1062 2880 1106 2911 die
1116 2882 1201 2921 junii.

293 2960 352 2991 EX
375 2960 550 2991 Vicecomiti
571 2959 721 2998 Eborum,
739 2961 788 2998 qui
802 2969 878 2989 nunc
895 2957 951 2995 est,
970 2957 1014 2988 vel
1031 2959 1076 2996 qui
1093 2969 1145 2996 pro
1159 2967 1288 2997 tempore

314 3001 381 3038 erit,
399 3009 430 3029 ac
446 2999 552 3029 Ballivis
566 3000 598 3030 &
613 2999 716 3029 Probis
728 2999 890 3029 hominibus
903 2997 940 3027 de
953 2997 970 3015 ⁴*
987 2997 1135 3027 Beverlaco
1145 3021 1153 3033 ,
1173 3008 1287 3029 necnon

304 3038 365 3068 ersis
383 3038 415 3068 ὃς
440 3037 549 3076 singulis
563 3037 618 3067 aliis
633 3037 877 3072 Vicecomitibus,
895 3035 1068 3073 Majoribus,
1086 3035 1208 3074 Ballivis,
1228 3037 1289 3067 Mi-

231 3075 340 3113 nistris,
359 3076 392 3106 &
412 3075 550 3106 Fidelibus
570 3077 638 3114 iuis,
655 3077 714 3106 tam
736 3075 807 3106 infra
832 3075 1001 3112 Libertates,
1027 3076 1113 3112 quarn
1137 3083 1227 3112 extra,
1253 3077 1287 3106 ad

232 3125 321 3154 quos,
339 3115 399 3145 &c.
418 3113 550 3144 Salutem.

269 3152 349 3183 Cum
371 3152 439 3182 Nos
457 3162 546 3189 nuper
567 3152 595 3180 in
618 3151 705 3182 Curia
724 3151 834 3190 nostra,
853 3151 912 3187 &a
932 3149 1003 3190 utfit
1021 3161 1053 3180 ra
1067 3149 1144 3191 usqtoe
1161 3151 1215 3188 ibi,
1233 3161 1286 3189 pu-

230 3192 302 3230 niri,
320 3190 358 3226 &¹
379 3198 442 3220 tunc
457 3190 514 3230 fic,
533 3190 639 3227 Vobis,
658 3191 690 3221 δε
704 3191 818 3221 cuilibet
832 3190 976 3227 vestrum,
1017 3189 1181 3225 laudamus,
1198 3190 1287 3220 firmi-

229 3233 313 3262 miter
326 3229 524 3267 Injungentes,
540 3228 620 3266 quod
634 3238 734 3258 omnes
747 3228 825 3266 illos,
843 3238 914 3266 quos
927 3229 1016 3266 aliqua
1030 3228 1189 3265 hujusmodi
1205 3229 1287 3258 nobis

229 3268 444 3307 Praejudicialia,
464 3275 598 3305 przetextu
613 3266 800 3297 Processuum
814 3267 859 3297 seu
876 3267 1107 3304 Rescriptorum,
1124 3265 1183 3301 &a
1198 3274 1229 3295 ut
1237 3268 1286 3305 sis-

224 3317 278 3347 pra
293 3306 371 3347 usque
383 3306 438 3344 ibi,
457 3307 483 3335 in
498 3306 549 3336 hac
564 3313 640 3343 parte
654 3304 798 3342 facientes,
818 3304 856 3338 όν
872 3305 998 3346 tu71cfic,

268 3347 322 3377 Vel
335 3355 385 3383 per
398 3344 629 3382 Inquifitionem,
648 3353 696 3380 per
711 3352 738 3373 te
756 3343 880 3383 (praefate
896 3343 922 3374 V
926 3344 1078 3379 icecomes)
1096 3343 1160 3373 inde
1183 3342 1286 3374 facien-

228 3385 311 3422 dam,
329 3384 413 3415 vobis
434 3382 565 3413 constare
584 3383 703 3419 porerit,
723 3381 783 3417 &c.
802 3389 832 3410 ut
855 3384 933 3420 (upra
955 3382 1032 3422 usque
1056 3382 1109 3419 ibi,
1126 3382 1220 3412 secum
1242 3384 1285 3412 in-

229 3425 334 3459 ventis,
350 3420 387 3456 &⁴
404 3421 526 3462 tuncsic,
548 3419 721 3451 Arestetis&
736 3419 874 3457 Capiatis,
893 3421 925 3451 δε
951 3431 998 3450 eos
1017 3430 1114 3450 coram
1134 3420 1232 3450 Nobis
1252 3422 1286 3451 &

228 3462 367 3492 Concilio
382 3460 481 3490 nostro
494 3459 605 3496 statim,
624 3468 691 3489 cum
705 3460 778 3496 capti
792 3458 908 3496 fuerint,
925 3469 992 3489 cum
1006 3458 1089 3488 dietis
1108 3458 1287 3494 Praeiudicia-

229 3501 319 3537 libus,
336 3499 442 3529 ducatis
462 3497 496 3527 ad
518 3496 761 3534 Respondendum
781 3496 886 3526 ibidem
907 3497 985 3534 super
1000 3496 1150 3527 Praemiffis
1163 3498 1196 3527 ὃ(
1212 3497 1285 3536 aliis,

228 3549 294 3608 qu?
310 3538 361 3606 {bi
376 3545 550 3578 exponentur
562 3544 595 3566 ex
609 3544 686 3576 parte
699 3534 810 3573 nostra,
828 3533 889 3569 ὠς.
907 3535 1035 3574 ιιιῄφνα.

294 3586 310 3607 e
336 3586 352 3606 e
365 3583 394 3605 ut
409 3578 494 3612 lupra.

231 3652 348 3710 REX
364 3651 520 3688 Praepofito
535 3651 569 3681 δε
583 3649 716 3688 Capitulo
732 3649 867 3681 Ecclesiae
885 3649 1049 3689 Collegiatae
1064 3649 1099 3680 de
1116 3648 1282 3689 Beverlaco,

308 3702 340 3721 ac
355 3690 532 3729 singularibus
544 3688 698 3718 Canonicis
713 3688 835 3726 ejusdem
848 3687 989 3726 Capituli,
1007 3689 1139 3718 Salutem.

265 3729 347 3759 Cum
362 3728 429 3758 Nos
445 3737 550 3765 nuper,
569 3728 597 3756 in
613 3726 699 3757 Curia
713 3727 822 3764 nostra,
841 3725 901 3761 &a
920 3734 952 3755 ut
958 3727 1043 3765 fhpra
1059 3725 1136 3765 usque
1159 3725 1213 3764 ibi,
1235 3737 1283 3765 ap-

229 3777 338 3805 parere,
356 3765 394 3800 dv·
415 3774 477 3795 tunc
492 3766 548 3805 fic,
565 3774 598 3794 ac
618 3765 831 3794 intellexerimus
853 3765 932 3802 quod
948 3765 1061 3803 quidam
1076 3763 1216 3801 vestrum,
1232 3765 1283 3803 Jus

228 3804 356 3835 nostrum
377 3805 501 3843 Regium
523 3803 555 3833 ὃ(
574 3802 719 3840 Judicium
739 3813 791 3839 pro
812 3802 909 3833 Nobis
932 3804 962 3833 iu
986 3803 1038 3833 hac
1053 3811 1128 3840 parte
1142 3803 1282 3834 redditum

228 3842 360 3872 malitiose
373 3842 512 3872 Enervare
523 3842 658 3877 nitentes,
677 3849 810 3878 praeteittu
832 3840 1018 3872 Processuum
1028 3865 1037 3879 ,
1051 3850 1127 3871 eXtra
1147 3840 1282 3877 Regnum

227 3880 357 3911 nostrum
379 3879 486 3918 Anglicc
500 3903 510 3918 ,
534 3879 593 3910 tam
613 3888 710 3909 contra
733 3878 800 3908 Nos
814 3901 823 3916 ,
849 3881 953 3916 quam,
977 3879 1113 3910 dileetum
1137 3877 1282 3909 Clericum

227 3918 373 3953 nostrum,
389 3920 534 3947 Heuricum
550 3918 581 3946 de
596 3916 700 3955 Snayth
715 3917 772 3953 (cui
786 3916 894 3947 dictam
910 3917 1112 3955 Praebendam,
1130 3916 1208 3946 dieto
1218 3917 1284 3952 >lure

227 3956 326 3988 nostro
339 3957 367 3984 in
380 3955 431 3985 hac
448 3965 522 3992 parte
535 3956 664 3992 primitus
679 3954 839 3993 declarato,
858 3956 1041 3991 contulimus)
1058 3955 1194 3985 malitiose
1216 3954 1284 3985 Per-

227 3997 407 4029 secutorum,
424 3994 457 4023 &
474 3994 710 4030 Rescriptorum,
729 3992 795 4022 inde
810 4003 825 4022 a
839 3992 920 4024 dietis
940 3995 1064 4031 partibus
1085 3994 1165 4024 vobis
1185 3993 1284 4023 miffo-

228 4043 309 4071 rum,
336 4031 405 4062 infra
425 4031 513 4069 ipsum
536 4030 670 4069 Regnum
692 4031 821 4062 nostrum
843 4031 1093 4070 exequendorum,
1119 4032 1283 4070 quamplura

661 122 1469 170 CONVENTIONES‚
1525 123 1918 173 LITERAE,

1342 207 1443 239 Nobis
1459 209 1492 240 δε
1507 207 1756 253 Coronae-nostrae
1770 211 1854 249 regiae
1869 209 2086 251 Praejudicialia,
2103 211 2137 244 &
2151 210 2200 251 ipfi
2216 205 2335 244 Clerico
2355 221 2409 244 no-
2424 210 2498 242 Ann.
2513 211 2561 242 Da*

1342 246 1400 277 stro
1421 247 1573 285 dampnosa
1591 247 1714 291 fecistis,
1731 249 1765 278 &
1789 248 1877 278 indies
1897 248 1987 279 facere
2006 251 2143 290 nitimini,
2162 253 2192 280 in
2214 250 2304 282 nostri
2324 249 2409 282 Con·
2446 259 2529 291 1373.
2551 271 2557 286 ,

1341 293 1399 315 tem
1421 295 1481 316 tum
1496 287 1530 317 &
1543 295 1628 326 grave
1643 285 1902 324 PraeJudicium,&
1916 287 1999 325 ipsius
2012 287 2120 319 Clerici
2134 290 2222 320 nostri
2235 290 2408 327 Dampnurn
2424 290 2489 318 Edv.
2510 302 2536 328 3.

1341 334 1375 354 ac
1441 334 1518 355 ronae
1532 323 1638 354 nostrae
1652 326 1739 361 regiae
1753 324 2034 363 Exhaeredationem,
2052 327 2086 357 δε
2104 327 2179 366 Juris
2195 328 2284 360 nostri
2303 338 2336 360 ac
2355 327 2408 368 Ju-

1342 362 1415 430 dici}
1423 363 1625 400 praedictorum
1638 362 1860 395 Enervationem
1875 363 2068 403 manifestam,

1416 412 1449 432 os

1377 426 1580 483 Jura’nostra,
1604 440 1638 472 &
1656 439 1785 479 Judicia,
1811 439 1840 470 in
1861 435 1955 471 Curiis
1976 439 2079 471 nostris
2099 441 2150 471 rite
2169 443 2272 475 reddita
2287 468 2297 483 ,
2320 452 2407 483 prout

1343 475 1472 509 Vinculo
1488 479 1646 517 Juramenti
1666 479 1860 518 astringimur,
1879 479 1983 510 illibata
2002 479 2184 518 conservare,
2202 483 2236 513 &
2251 482 2408 521 Impugna-

1344 523 1419 560 tores
1428 518 1610 560 eorundem,
1622 519 1700 556 juxta
1716 517 1792 556 juris
1813 519 1998 558 exigentiam,
2016 519 2050 549 &
2063 517 2179 549 suorum
2192 519 2341 560 demerita,
2359 532 2407 553 ca-

1344 553 1378 584 sti
1398 565 1434 584 ari
1447 556 1573 586 volentes
1587 556 1620 586 &
1636 557 1727 593 puniri
1760 565 1845 594 prout
1860 556 1958 594 decet,

1367 632 1374 639 x
1411 594 1488 638 obis,
1508 594 1541 625 &
1554 594 1671 625 cuilibet
1690 581 1836 633 vestram,
1853 596 2055 634 prohibemus,
2073 595 2191 627 firmiter
2212 595 2407 638 Injungentes,

1343 641 1381 661 ne
1402 642 1572 671 quicquam,
1590 640 1726 670 praetextu
1745 633 1932 664 Proceffuum
1952 633 1998 664 seu
2011 634 2097 674 Regis
2112 634 2294 672 Scriptorum
2307 637 2410 673 praedi-

1342 670 1458 701 &orum
1474 694 1484 709 ,
1506 680 1553 702 aut
1572 671 1622 700 alia
1635 669 1824 714 *quacumque
1844 671 2037 711 Auctoritate,
2063 673 2141 712 quod
2162 674 2192 703 in
2214 673 2302 703 nostri
2322 673 2407 705 Con-

1343 718 1485 747 temptum
1505 710 1550 740 vel
1567 709 1790 747 PraeJudicium,
1810 718 1857 740 aut
1871 710 1956 741 dietae
1970 709 2099 742 Coronae
2113 711 2218 742 nostrae
2238 712 2408 744 Exhaereda-

1344 749 1472 787 tionem,
1491 747 1536 780 seu
1547 748 1622 786 Juris
1638 748 1728 778 nostri
1750 748 1796 778 vel
1814 747 1920 787 Judicii
1943 748 2146 786 praedictorum
2167 750 2409 790 Enervationem,

1344 786 1446 817 ce'dere
1459 787 1565 825 valeat,
1586 786 1782 832 Attemptetis,
1797 796 1852 817 nec
1867 786 2036 825 Attemptari
2056 788 2148 818 facere
2168 790 2339 827 praesumatis
2358 789 2408 820 ali-

1345 835 1405 863 quo
1418 825 1526 864 modo,
1545 828 1579 856 ὅ(
1588 849 1598 864 ,
1616 825 1636 856 si
1649 825 1718 864 quid
1731 835 1781 865 per
1793 835 1863 864 vos,
1872 825 1918 856 seu
1932 825 2054 864 aliquem
2068 826 2195 857 vestrfim
2204 852 2214 866 ,
2232 829 2261 858 in
2275 828 2327 859 hac
2342 838 2405 866 par—

1344 872 1372 895 te
1392 865 1421 894 in
1445 865 1620 895 contrarium
1641 864 1850 902 Attemptatum
1865 864 1963 902 fuerit,
1990 864 2036 904 igi,
2063 864 2119 895 fine
2135 867 2218 896 omni
2237 865 2407 898 difficultatis

1342 902 1511 942 obstaculo,
1529 903 1683 941 revocetiS,
1701 904 1748 934 vel
1761 911 1877 934 revocet
1890 903 1935 933 ille
1949 902 2079 934 vestrum
2092 904 2141 942 qui
2153 903 2212 934 hoc
2225 904 2323 936 fecerit
2343 906 2407 942 abs:

1343 952 1399 979 que
1413 952 1501 972 mora.

1381 980 1470 1011 Teste
1486 980 1569 1020 Rege
1579 979 1653 1018 apud
1665 978 1976 1020 Westmonasterium‚
1993 980 2130 1012 vicefimo
2143 980 2188 1012 die
2195 981 2283 1020 Junii.

1406 1057 1464 1088 EX
1489 1058 1595 1088 dilectis
1617 1057 1666 1088 fibi
1686 1057 1792 1087 Thomae
1814 1058 1845 1086 de
1867 1056 2004 1096 Staffird‚
2022 1057 2160 1089 Servienti
2181 1057 2231 1090 suo
2245 1057 2281 1090 ad
2299 1058 2403 1098 Arma,
2421 1074 2477 1102 thid

1422 1097 1528 1127 Thomae
1551 1098 1583 1126 de
1603 1096 1669 1136 Ryffi
1689 1097 1724 1127 de
1743 1095 1914 1134 Beverlaco,
1934 1095 2050 1127 Roberto
2062 1097 2202 1138 Coubray,
2219 1099 2252 1129 &
2266 1098 2404 1129 Richardo
2479 1096 2483 1101 ’

1341 1132 1374 1161 de
1389 1137 1566 1174 Wetewang,
1584 1135 1716 1166 Salutem.

1379 1173 1478 1205 Sciatis
1515 1174 1592 1211 uod,

1333 1247 1360 1288 s
1379 1211 1460 1243 Cum
1515 1223 1547 1244 os
1569 1222 1674 1251 nuper,
1700 1211 1760 1249 &a
1778 1218 1809 1242 ut
1822 1212 1908 1252 fhpra
1927 1211 2008 1253 usque
2027 1212 2081 1251 ibi,
2105 1222 2252 1255 apparere,
2277 1214 2317 1251 ό·
2337 1219 2401 1245 tunc

1351 1259 1373 1277 lc
1387 1274 1396 1289 3

1378 1291 1424 1321 Ac
1437 1291 1493 1328 iarn
1509 1290 1724 1321 intellexerimus
1739 1289 1836 1328 quod,

1376 1328 1528 1359 Richardus
1542 1331 1573 1359 de
1587 1329 1680 1370 Feriby
1694 1329 1730 1359 de
1744 1329 1830 1359 Paule
1842 1329 1871 1358 ln
1886 1328 2095 1368 Holdernesse,

1377 1367 1415 1398 Et
1432 1368 1546 1397 Thomas
1561 1368 1643 1398 Filius
1658 1368 1712 1405 ejus
1721 1391 1731 1406 ,

1377 1405 1415 1437 Et
1431 1405 1544 1436 Thomas
1557 1410 1657 1436 Frater
1670 1405 1797 1445 praedicti
1812 1405 1959 1445 Richardi,

1377 1444 1491 1474 Thomas
1505 1447 1536 1475 de
1554 1450 1728 1484 Fountenay,

1376 1482 1515 1523 Magister
1526 1484 1639 1514 Thomas
1654 1483 1789 1523 Fritelyng
1797 1508 1807 1521 ,

1376 1521 1515 1562 Magister
1526 1523 1671 1561 Johannes
1686 1523 1802 1552 Fothate
1809 1545 1818 1560 ,

1376 1559 1513 1601 Magister
1527 1561 1673 1600 Johannes
1686 1563 1718 1591 de
1731 1563 1858 1599 Natum,

1375 1597 1516 1637 Magister
1531 1602 1574 1630 W
1573 1599 1694 1630 :llielmus
1711 1598 1852 1639 Wasblyn,

1372 1635 1410 1668 Et
1425 1637 1561 1679 Magister
1574 1638 1735 1677 Humfria'us
1748 1640 1883 1668 Notarius
1897 1637 1934 1669 de
1946 1638 2112 1677 Lincolnia,

1336 1712 1360 1743 st
1373 1675 1525 1715 Nitentec,
1544 1676 1604 1713 &c.
1622 1684 1653 1706 ut
1661 1675 1746 1716 Jiaepra
1760 1675 1838 1716 ustque
1851 1676 1906 1716 ibi,
1923 1678 2032 1716 puniri,
2050 1676 2088 1712 &
2101 1684 2165 1707 tunc
2171 1677 2227 1716 fic,
2243 1686 2275 1710 ut
2292 1678 2333 1709 est
2345 1679 2397 1719 Juss

1362 1725 1410 1745 um

1370 1738 1580 1794 Astignavimus
1600 1764 1670 1793 vos,
1696 1752 1896 1792 conjunctim,
1920 1753 1953 1784 &
1974 1753 2101 1792 divifim,
2125 1753 2160 1784 ad
2176 1755 2323 1795 praefatos,
2346 1759 2396 1786 Ri-

1334 1791 1480 1832 chardum,
1497 1793 1642 1832 Thomam,
1662 1792 1806 1830 Thomam,
1825 1791 1970 1830 Thmnam,
1988 1791 2132 1830 Thomam,
2150 1792 2326 1833 Johannem,
2339 1795 2395 1834 Jo-

1334 1830 1468 1870 hannem,
1487 1831 1683 1870 Willz'elmum,
1701 1832 1734 1863 &
1747 1828 1943 1869 Humfridum,
1958 1828 2137 1867 ubici'imque
2151 1833 2258 1863 inventi
2275 1833 2395 1873 fuerint,

1336 1869 1392 1900 five
1411 1871 1481 1901 infra
1506 1871 1678 1908 Libertates,
1697 1870 1752 1903 five
1770 1878 1863 1907 eXtra,
1881 1879 1950 1900 cum
1972 1868 2055 1900 dicstis
2078 1869 2259 1901 Proceffibus
2276 1872 2310 1903 &
2330 1872 2392 1903 Re-

1334 1908 1456 1950 scriptis,
1471 1907 1533 1945 &c.
1552 1916 1584 1939 ut
1592 1909 1688 1948 sicpra.

1336 1986 1493 2048 EOdem
1512 1987 1602 2018 modo
1626 1986 1792 2027 affignantur
1812 1986 1915 2024 iidem,
1938 1986 2071 2025 Thomas,
2094 1986 2208 2016 Thomas
2236 1988 2376 2023 vRobertus·
2387 1992 2395 1999 “

1412 2027 1445 2058 &
1458 2027 1626 2064 Richardus,
1644 2026 1680 2056 de
1695 2025 1854 2056 Arestando
1867 2024 2027 2064 Johannem
2038 2026 2070 2056 de
2083 2028 2102 2055 S
2118 2029 2195 2063 aigne
2208 2012 2244 2057 de
2259 2013 2394 2066 Cotyng3

1333 2064 1416 2104 ham,
1436 2066 1469 2096 &
1484 2065 1649 2104 Stephanum
1664 2065 1695 2094 de
1709 2066 1848 2095 Neweton
1857 2087 1867 2103 ,
1882 2065 1911 2094 in
1926 2064 2019 2095 forma
2034 2075 2066 2103 pr
2114 2065 2186 2103 fta,
2374 2095 2377 2099 ,

1371 2103 1460 2135 Teste
1475 2113 1504 2135 ut
1517 2105 1606 2142 supra.

1334 2230 1361 2257 ’k
1391 2233 1438 2264 De
1452 2227 1638 2274 Arrestando
1654 2231 1879 2310 Impugnatoges
1895 2225 1992 2284 Jurfs
2009 2229 2112 2274 Regii,
2139 2231 2171 2260 in
2187 2228 2392 2278 Archicpifto-
2408 2243 2546 2276 *V11.26.·

1719 2287 1797 2324 pam
1845 2286 1999 2310 antuartae.

1335 2365 1472 2423 REX,
1489 2365 1598 2397 dilectis
1615 2366 1650 2397 ὃς
1665 2363 1795 2410 fidelibus
1809 2362 1877 2401 suis,
1895 2361 2002 2409 Thomae
2023 2364 2159 2392 Moraunt
2172 2362 2393 2473 Chivneryy'a—
2413 2367 2540 2399 Ann.D.

1414 2405 1472 2435 coho
1494 2404 1628 2442 Pecham,
1645 2402 1776 2442 Johannt
1794 2405 1812 2431 Ι
1831 2413 1862 2440 e,
1881 2401 2016 2431 Rxchardo
2036 2400 2072 2431 de
2094 2402 2247 2442 Norwtch,
2265 2404 2324 2434 Gal
2334 2406 2391 2435 mdo
2432 2415 2518 2446 1373.

1331 2443 1463 2482 Walden,
1489 2443 1623 2473 Richards>
1645 2442 1757 2480 Stokke,
1813 2441 1958 2471 icecomiti
1979 2439 2110 2478 Kantiae,
2127 2440 2242 2471 Roberto
2263 2444 2312 2472 W
2323 2441 2390 2474 liam
2408 2449 2461 2473 An.
2475 2455 2523 2482 47.

1329 2481 1365 2511 de
1381 2482 1505 2520 Donne,
1523 2482 1638 2512 Roberto
1652 2480 1758 2510 Bakere
1771 2478 1807 2510 de
1819 2477 1955 2510 Otteford
1966 2502 1977 2518 ,
1990 2479 2024 2511 &
2039 2478 2169 2517 Johanni
2180 2482 2336 2520 Depedene,
2407 2487 2438 2511 Ε.
2460 2493 2487 2520 3.

1368 2520 1502 2551 Salutem.
2405 2525 2466 2550 Pat.
2479 2525 2530 2559 47:

1367 2559 1464 2589 Sciatis
1478 2558 1576 2596 quod,
2406 2564 2438 2587 Ε.
2449 2568 2506 2598 3.p.
2516 2570 2539 2590 r.

1368 2597 1448 2628 Cum
1464 2597 1532 2628 Nos
1546 2607 1652 2637 nuper,
1670 2597 1699 2627 in
1714 2596 1802 2627 Curia
1815 2595 1925 2632 nostra,
1943 2604 2039 2626 coram
2049 2593 2211 2634 Justiciariis
2233 2596 2333 2627 nostris
2353 2596 2390 2628 de
2406 2608 2442 2626 m.
2456 2609 2483 2627 2.

1329 2635 1439 2675 Banco,
1457 2646 1506 2673 per
1520 2635 1610 2666 Breve
1623 2634 1771 2672 nostrum,
1789 2634 2063 2671 Recuperaverimus
2079 2633 2324 2665 Praesentationem
2337 2645 2392 2666 no-
2406 2637 2469 2674 dors.

1331 2674 1417 2705 stram
1433 2674 1467 2705 ad
1483 2673 1640 2705 Ecclesiam
1653 2672 1689 2704 de
1705 2672 1895 2711 Orpyngton,
1913 2681 2062 2703 vacantem
2079 2672 2112 2702 &
2127 2671 2162 2702 ad
2177 2672 2301 2703 nostram
2324 2673 2392 2704 Do-

1330 2715 1475 2744 nationem
1512 2712 1684 2751 spectantem
1704 2736 1714 2750 ,
1753 2711 1857 2741 ratione
1881 2710 2099 2748 Temporalium
2128 2710 2393 2751 Archiepiscopatfis

1330 2752 1489 2783 Cantuariae
1504 2774 1514 2790 ,
1546 2761 1584 2781 nu
1606 2761 1635 2781 er
1653 2750 1776 2781 vacantis
1791 2772 1800 2787 ,
1831 2750 1862 2779 in
1881 2758 1968 2779 manu
1988 2748 2081 2779 nostra
2103 2749 2280 2780 existentium
2299 2752 2392 2782 versus

1330 2793 1374 2821 IV
1374 2790 1510 2820 illielmum
1525 2762 1631 2819 Arczie
1648 2788 1758 2830 iftopum
1778 2791 2000 2827 Cantuariensem
2022 2797 2071 2825 per
2090 2787 2344 2820 considerationem
2361 2799 2392 2820 e-

1325 2829 1434 2868 jusdem
1455 2829 1552 2860 Curiae
1572 2838 1611 2858 no
1639 2838 1693 2865 rae,
1710 2835 1795 2867 prout
1817 2837 1865 2865 per
1887 2826 2055 2857 Recordum
2074 2826 2108 2856 &
2132 2825 2300 2857 Proceffum
2323 2828 2390 2858 inde

1329 2878 1427 2898 coram
1449 2868 1532 2899 dictis
1546 2866 1708 2905 Justiciariis
1726 2865 1886 2903 residentia,
1902 2865 2009 2903 plenius
2029 2865 2131 2903 poterit
2152 2875 2302 2903 apparere,
2326 2865 2388 2900 &c.

1330 2907 1360 2935 de
1375 2906 1457 2936 verbo
1470 2907 1511 2936 ad
1521 2905 1636 2936 verbum
1644 2911 1726 2943 prout
1730 2904 1825 2943 supra.

1367 2944 1400 2974 In
1412 2947 1489 2984 cujus
1502 2945 1540 2975 rei
1554 2943 1749 2975 testimonium
1764 2944 1811 2972 has
1826 2941 1931 2973 Literas
1945 2940 2051 2971 nostras
2072 2939 2130 2970 fieri
2151 2940 2271 2971 fecimus
2290 2949 2389 2979 paten-

1330 2992 1378 3014 tes.

1367 3021 1456 3052 Teste
1475 3021 1558 3060 Rege
1577 3018 1651 3057 apud
1670 3016 1979 3055 Westmonasterium,
1996 3015 2133 3048 vicesimo
2154 3024 2255 3054 quarto
2274 3016 2320 3048 die
2335 3017 2391 3055 Ju-

1331 3070 1381 3090 nu.

1376 3183 1613 3227 Aequietantia‚
1635 3189 1690 3225 pro
1703 3187 1791 3225 parte
1807 3174 2023 3222 Redemptionis
2042 3173 2156 3210 David
2176 3174 2212 3209 de
2231 3177 2335 3226 Bruys.

1382 3267 1408 3298 E
1424 3265 1485 3296 Roi
1497 3275 1512 3295 a
1524 3272 1594 3296 touz
1608 3272 1699 3302 ceuz,
1714 3273 1770 3302 que
1783 3262 1871 3294 cestes
1886 3259 1997 3293 Lettree
2011 3269 2145 3301 verront,
2161 3260 2264 3293 Salutz.

1417 3305 1515 3335 Savoir
1531 3313 1603 3333 vous
1616 3303 1716 3333 faisons
1731 3312 1787 3341 que
1800 3301 1888 3332 Nous
1897 3311 1984 3331 avons
1996 3310 2032 3331 en
2046 3301 2211 3338 Accompte
2224 3301 2258 3332 &
2272 3299 2384 3332 Resceu
2559 3332 2561 3338 ,

1326 3344 1376 3381 de,
1395 3342 1554 3374 Tresnoble
1574 3342 1608 3373 &
1630 3341 1752 3371 Puissant
1770 3340 1891 3377 Prince,
1906 3339 2027 3378 Robert,
2044 3339 2140 3370 nostre
2163 3339 2248 3369 chere
2269 3337 2385 3379 Cousyn
2399 3327 2510 3386 ,gl-373⁶

1326 3380 1467 3420 d'Escoce,
1486 3382 1519 3412 &
1542 3380 1590 3411 des
1611 3388 1699 3410 autres
1721 3379 1833 3410 Grantz
1853 3378 1925 3408 desa
1937 3379 2040 3416 partie,
2055 3378 2164 3416 Qiatre
2176 3377 2272 3408 Millec
2289 3377 2386 3408 Mares
2402 3401 2424 3424 Ε
2446 3367 2515 3394 '47‘
2559 3407 2561 3412 ,

1326 3421 1524 3459 d'Esterlings,
1542 3418 1578 3449 de
1596 3418 1691 3449 nostre
1711 3417 1836 3448 Monoie
1855 3416 2063 3455 d’Engleterre,
2090 3426 2143 3454 pur
2161 3416 2237 3446 ceste
2260 3416 2385 3454 presente
2400 3416 2434 3462 S·
2452 3406 2480 3433 3·
2527 3436 2531 3440 .
2558 3428 2561 3450 3

1327 3459 1437 3489 Terme
1451 3458 1486 3488 de
1499 3458 1577 3487 Seint
1585 3457 1680 3494 Johan
1695 3457 1721 3486 le
1732 3455 1882 3495 Baptistre,
1899 3464 1933 3485 en
1948 3454 2132 3493 Deductiom
2147 3453 2259 3493 Rebat,
2269 3455 2303 3486 &
2317 3453 2384 3486 Par·
2397 3445 2444 3500 ΕΜ
2461 3456 2466 3462 ”
2477 3442 2530 3501 '2⁷'
2557 3465 2561 3487 ;

1325 3499 1364 3528 tie
1377 3498 1413 3528 de
1428 3496 1575 3527 Paiement
1589 3495 1625 3526 de
1642 3496 1786 3533 Qarante
1801 3496 1834 3525 &
1849 3501 1946 3531 quatre
1961 3492 2056 3523 Milles
2072 3492 2186 3530 Mares,
2400 3494 2428 3538 Ζ·
2444 3482 2470 3510 3·
2506 3491 2514 3499 ”
2557 3510 2561 3517 ,

1363 3536 1419 3566 Les
1434 3535 1512 3573 queis
1526 3544 1597 3565 nous
1612 3533 1675 3564 sont
1690 3533 1843 3563 clerement
1857 3531 1933 3562 duez
1945 3531 1983 3562 de
1996 3531 2020 3562 la
2036 3531 2147 3562 somme
2158 3531 2195 3561 de
2214 3531 2385 3569 Cynquente
2420 3531 2426 3537 “

1325 3575 1359 3605 ὃς
1381 3575 1412 3604 fis
1435 3574 1531 3603 Milles
1554 3571 1651 3602 Mares
1672 3570 1887 3609 d’Esterlinges,
1905 3570 1943 3600 les
1959 3569 2062 3608 quieles
2084 3569 2181 3600 nostre
2195 3568 2235 3599 dit
2249 3568 2335 3599 Cous
2346 3578 2385 3607 n,

1326 3615 1359 3644 δε
1373 3621 1462 3643 autres
1478 3610 1602 3647 Prelatz,
1621 3610 1730 3640 Contes
1743 3610 1777 3640 δε
1790 3608 1905 3639 Nobles
1927 3608 1963 3638 de
1984 3607 2117 3638 Roialme
2138 3606 2276 3638 d’Escoce
2331 3616 2384 3637 ous

1328 3660 1380 3681 ont
1395 3649 1548 3681 Accordez
1566 3649 1600 3678 ὃς
1616 3647 1728 3679 Promis
1741 3658 1756 3678 a
1767 3648 1858 3687 paier,
1874 3656 1922 3684 par
1945 3647 2004 3677 leur
2028 3646 2136 3677 Lettres
2157 3645 2349 3683 Obligatoirs,
2366 3655 2382 3675 a

1325 3691 1403 3719 cause
1427 3688 1462 3719 de
1487 3689 1512 3718 la
1532 3686 1621 3717 Reste
1644 3685 1680 3716 de
1699 3686 1723 3716 la
1737 3686 1880 3716 Ranceon
1891 3684 1945 3723 de,
1960 3683 2055 3715 nostre
2070 3685 2154 3715 chere
2168 3682 2266 3720 Frere,
2282 3682 2389 3714 David

1323 3729 1355 3757 de
1367 3731 1470 3765 Bruys,
1487 3736 1523 3764 qe
1537 3725 1615 3755 Dieu
1628 3724 1741 3755 affoille.

1362 3766 1411 3796 De
1430 3765 1454 3794 la
1476 3764 1569 3802 quelle
1590 3764 1702 3794 somme
1721 3762 1757 3792 de
1778 3762 1888 3801 Qatre
1908 3760 2004 3791 Milles
2018 3759 2117 3790 Mares
2130 3758 2304 3801 Nous'nous
2322 3759 2387 3790 Τε-Δ

1324 3815 1396 3834 nous
1411 3813 1463 3841 pur
1478 3804 1545 3833 bien
1560 3801 1707 3832 Contentz
1721 3802 1754 3832 &
1769 3800 1870 3838 Paiez,
1887 3800 1922 3830 &
1942 3808 1977 3829 en
2001 3799 2140 3835 Qffions,
2160 3795 2330 3840 Delivrons‚
2349 3798 2384 3829 &

1326 3842 1466 3873 Absolons
1480 3840 1576 3871 nostre
1590 3840 1631 3870 dit
1656 3839 1792 3878 Cousyn,
1808 3839 1842 3869 &
1862 3839 1901 3868 les
1921 3845 2009 3867 autres
2029 3834 2102 3864 iffint
2121 3834 2252 3878 obligez,
2270 3836 2304 3866 &
2327 3836 2388 3866 leur

1326 3881 1434 3918 Hoirs,
1451 3890 1467 3909 a
1480 3888 1551 3910 touz
1559 3881 1655 3916 jours,
1664 3878 1700 3909 de
1715 3877 1821 3908 mesme
1833 3877 1859 3907 la
1871 3876 1990 3906 Somme
2002 3873 2038 3903 de
2051 3872 2160 3910 Qatre
2173 3872 2271 3904 Milles
2279 3874 2388 3913 Mares,

1326 3918 1399 3948 iffint
1416 3930 1430 3949 a
1444 3927 1515 3947 nous
1531 3918 1626 3956 paiez,
1646 3926 1733 3947 come
1747 3915 1789 3946 dit
1804 3914 1862 3952 est,

1361 3956 1412 3994 Et,
1431 3966 1478 3993 par
1499 3956 1523 3984 la
1543 3955 1658 3985 Teneur
1683 3954 1720 3985 de
1741 3961 1800 3983 noz
1824 3952 1962 3990 praesentz
1976 3949 2106 3986 Lettres,
2125 3959 2198 3980 nous
2215 3950 2314 3981 saisons
2324 3949 2395 3980 Pac-

1326 3996 1390 4024 cion
1411 3995 1444 4025 &
1467 3993 1643 4023 Covenance
1663 4001 1697 4022 ex
1721 3989 1790 4021 resse
1812 3991 1846 4021 &
1862 3999 1898 4020 en
1914 3989 1994 4018 bone
2010 3987 2066 4026 foi,
2083 3989 2119 4018 de
2132 3989 2255 4025 jammais
2267 3988 2397 4019 Deman-

1325 4033 1375 4064 der
1394 4041 1411 4063 a
1431 4040 1500 4069 eux,
1519 4040 1556 4061 ne
1578 4041 1594 4062 a
1614 4031 1674 4061 leur
1731 4030 1804 4066 oirs,
1821 4036 1858 4059 en
1879 4025 2076 4066 Juggement,
2097 4035 2134 4057 ne
2153 4026 2273 4065 dehors,
2294 4025 2396 4094 lgo‘sxiite

2400 3280 2476 3312 Ann.
2489 3278 2531 3311 D.'
