2561 4251
714 168 832 221 ET
914 180 1181 221 ACTA
1265 180 1744 225 PussLicA.

7 268 83 303 Ann.
98 268 143 300 D.
212 269 280 302 Dat.
301 269 330 299 in
346 267 480 298 Manerio
492 267 529 297 de
543 265 697 305 Whetlay‚
715 267 789 304 juxta
806 265 969 297 Doncastre
1005 267 1143 311 vicesimo
1157 267 1217 306 sep-

22 308 111 347 -1362.
266 309 338 337 tirno
362 306 410 336 die
431 305 614 349 Maii,‚ann0
635 304 759 336 Domini
781 305 937 337 Millefimo
953 329 963 344 ,
977 291 1213 345 ³rrecenteiim0‚

5 350 70 377 Ἐάν.
89 357 114 385 3.
258 345 434 384 Sexagefimo
449 344 559 375 Tertio.

561 421 627 453 Hiis
651 421 786 452 Testibus
792 445 802 459 ‚

2263 202 2317 246 79

1254 266 1389 305 diJaCtu's
1405 268 1561 307 lapidum,
1586 269 1744 309 Lignorum
1758 295 1767 308 ,
1787 271 1884 302 Ferri:
1913 268 2001 304 Pilam
2023 268 2205 316 Manualem,
2225 274 2310 309 Pedi.
2324 277 2396 308 Ann.
2411 268 2453 307 D.

1252 316 1319 336 vam
1334 329 1343 342 ,
1362 307 1405 335 vel
1422 307 1594 338 Bacularem:
1611 317 1658 339 aut
1672 308 1853 341 Canibucam
1869 312 1914 342 vel
1929 312 2080 345 Gallorum
2094 315 2235 355 Pugnam:
2260 327 2306 349 aut
2350 316 2434 356 1363.

1254 345 1322 374 alios
1336 344 1433 374 Ludos
1448 356 1533 376 vanos
1547 347 1722 386 hujusmodi,
1738 350 1784 386 qui
1805 350 1894 380 valere
1908 361 1966 381 non
1982 362 2130 393 poterunt,
2149 356 2198 386 sub
2214 356 2306 388 Poena
2324 358 2391 384 Edv.
2413 364 2438 392 Ξ-

1255 382 1517 422 Imprisonamenti,
1536 385 1685 423 aliqualiter
1699 387 1858 426 intendant,
1876 398 1923 419 aut
1936 390 1960 420 se
1981 392 2047 421 inde
2071 394 2269 426 intromittant.

1252 424 1253 431 ¹
1293 420 1383 451 Teste
1396 421 1477 461 Rege
1490 423 1563 461 apud
1578 424 1620 454 W
1623 423 1880 465 estmonasterium,
1899 429 1995 467 ptimo
2009 430 2150 469 dieJunii.

186 498 215 529 V
217 499 401 530 enerabilibus
419 498 545 529 Patribus
555 521 565 537 ,

188 537 340 575 Dominis,

188 579 293 605 Simone
312 576 429 616 Elienfi,

190 616 234 682 {t
248 614 382 651 Johanne
399 611 593 654 Wgornienfi‚

205 653 214 658 Ἰ
239 653 295 682 isco
316 655 337 683 is
573 668 575 671 ¹

193 661 371 722 anceil'art’o
390 691 424 721 &
440 690 626 720 Thesaurario
645 689 772 730 Angliae,

192 728 323 767 Johanne
338 730 370 758 de
388 727 578 768 Bukyngham,
597 728 698 759 Electo
714 728 906 761 Lincolnienfi
924 727 1093 760 confirmato
1108 737 1114 756 :

190 768 307 798 Ricardo
325 767 505 805 Arundezlae,

191 808 235 836 Et
254 805 404 846 Humfredo
422 807 454 836 de
469 805 585 843 Bohun,
601 806 770 847 Herefordiae
780 829 790 844 ,

196 844 363 875 Comitinus
381 855 387 873 :

196 885 312 912 Ricara'o
328 885 359 913 de
378 882 408 912 la
424 882 528 919 Vache,

196 923 239 950 Et
258 921 406 952 Willielmo
422 922 454 952 de
469 920 645 958 Aldebourg,

197 959 348 992 Militibus.

322 1037 414 1076 Sigillo
437 1040 541 1073 Magno
565 1038 682 1072 Scotiae,
699 1045 763 1065 cerae
778 1037 862 1074 nigrae
882 1034 1015 1076 impreffi),
1029 1047 1047 1065 a
1053 1033 1116 1077 filis
1124 1032 1219 1074 sericis

357 1076 454 1106 viridis
470 1075 577 1112 coloris,
590 1075 732 1113 pendente.

281 1205 340 1235 Pro
359 1201 437 1235 diflo
454 1205 531 1249 Rege
544 1202 580 1235 de
597 1201 691 1236 Feodo
708 1205 876 1249 Hanaperii
895 1214 951 1234 non
962 1199 1119 1246 JblvendO.

239 1287 264 1318 E
275 1287 324 1326 X,
339 1287 447 1318 dilecto
461 1287 579 1319 Clerico
594 1289 661 1327 suo,
688 1288 816 1319 Ricardo
838 1287 875 1318 de
895 1287 1059 1318 Ravensere
1072 1309 1082 1325 ‚
1108 1285 1232 1316 Custodi

249 1326 404 1364 Hanaperii
420 1325 605 1358 Cancellariae
618 1328 688 1366 suae,
707 1328 840 1358 Salutem.

212 1366 386 1397 Mandamus
400 1366 482 1396 vobis
495 1366 575 1404 quod
592 1366 696 1396 Literas
712 1366 819 1397 nostras
835 1365 980 1403 Parentes,

2 1318 4 1329 ,
24 1297 100 1331 Anii.
117 1297 159 1328 D.
172 1290 230 1345 R

53 1338 138 1378 1363.

3 1401 5 1405 '
25 1381 144 1451 ‘gn'337⁵
212 1405 268 1435 Per
281 1414 349 1442 quas
364 1404 551 1435 concessimus
564 1428 573 1443 ,
598 1405 704 1436 dilefflm
726 1404 948 1442 consanguineo
970 1403 1003 1433 &
1025 1401 1112 1432 Fideli
1135 1400 1235 1432 nostro

2 1464 5 1479 (
27 1437 163 1489 claust-7,
177 1441 320 1475 Edwardo
331 1443 368 1473 de
381 1442 512 1481 Balliolo,
528 1443 605 1482 Regi
617 1444 739 1481 Scotiae,
757 1445 790 1475 &
810 1442 971 1489 ΑΧΝἰΙΙίεΙῐῃο
992 1442 1029 1484 de
1052 1440 1235 1479 Aldeburgh‚

28 1497 49 1520 E
82 1502 92 1511 .
121 1472 132 1489 ³
177 1482 379 1513 Reversionem
410 1482 553 1519 cujusdam
579 1482 678 1512 Annui
699 1481 839 1512 Redditus
860 1481 974 1511 Decem
996 1479 1144 1510 Librarum
1161 1502 1170 1517 ,
1183 1488 1235 1523 *ex-

3 1516 6 1520 ’
29 1515 59 1568 ps
75 1512 143 1557 ziaic.
176 1522 303 1552 euntium
319 1520 355 1550 de
371 1519 441 1550 Solo
453 1519 538 1551 Haiae
549 1519 585 1551 de
607 1520 752 1561 Willeye,
777 1521 807 1550 in
826 1518 943 1550 Foresta
966 1517 1060 1549 nostra
1080 1519 1116 1558 de
1139 1518 1234 1549 Shire-

173 1559 313 1670 ἒοᾶὖεῃᾶ
327 1596 484 1666 ΙοὴεηιέξεΛ
492 1596 643 1630 Attewode
663 1605 739 1629 tenet
752 1620 762 1636 ,
778 1597 813 1629 ad
835 1597 992 1629 terminum
1013 1596 1080 1628 vitae
1098 1594 1154 1626 suae
1167 1618 1176 1634 ,
1201 1605 1236 1626 ex

208 1647 283 1667 once
307 1646 373 1666 ione
387 1646 428 1666 no
456 1646 486 1666 ra

211 1674 282 1706 Post
299 1683 423 1705 mortem
438 1658 559 1712 ejusdem
568 1674 718 1713 johannis,
921 1714 926 1718 η
951 1714 956 1719 .

213 1714 433 1745 Habendam&
448 1713 598 1744 tenendam
614 1713 716 1745 eisdem
729 1713 809 1752 Regi
825 1714 859 1745 ὃς
873 1713 1037 1745 Willielmo
1054 1735 1064 1752 ,
1082 1713 1115 1743 &
1137 1711 1238 1755 Hjaere-

174 1753 258 1785 dibus
270 1753 340 1792 suis,
358 1752 454 1792 Imper
475 1753 590 1791 etuiim,
806 1793 811 1798 .
894 1791 898 1796 Ι
1159 1771 1177 1796 ,ι

213 1791 254 1822 Ita
268 1792 348 1829 quod
363 1792 429 1829 ipsi,
455 1801 490 1822 eu
504 1801 602 1821 eorum
615 1791 698 1829 alter,
716 1791 876 1822 Redditum
892 1791 985 1835 illum,
1004 1801 1072 1821 cum
1087 1790 1240 1821 Pertinen-

176 1832 222 1862 tiis
233 1830 299 1860 dare
314 1830 435 1868 possint,
452 1831 496 1860 vel
511 1830 593 1868 possit
608 1853 618 1866 ,
636 1829 728 1861 Priori
749 1832 782 1862 ὃς
802 1829 969 1861 Conveiitui
993 1830 1028 1861 de
1049 1829 1122 1861 Bella
1144 1829 1241 1868 Valle,

177 1869 296 1899 Ordinis
312 1867 483 1907 Cartusiani,
499 1867 673 1898 Habendum
687 1869 721 1899 ad
737 1868 863 1899 Manum
879 1876 1031 1907 mortuam,
1205 1908 1210 1914 Ι

218 1907 332 1938 Eisdem
348 1906 424 1945 Regi
439 1908 473 1938 &
487 1907 670 1946 Willielmo,
685 1907 731 1938 vel
745 1917 846 1938 eorum
861 1908 890 1937 in
905 1907 958 1938 hac
972 1917 1049 1945 parte
1068 1907 1241 1952 Attornatis,

181 1946 288 1983 quietas
301 1945 336 1975 de
352 1945 449 1976 Feodo
465 1945 552 1984 Sigilli
568 1945 673 1983 nostri,
692 1946 726 1977 ad
741 1945 808 1976 Nos
823 1946 890 1977 inde
906 1948 1080 1984 pertinente,
1106 1946 1243 1991 liberetis;

184 1986 218 2015 &
232 1983 398 2051 Nosfvobis
411 1983 477 2014 inde
492 2007 502 2022 ,
522 1985 551 2014 in
566 1983 721 2022 compoto
741 1984 836 2016 vestro
852 2008 862 2024 ,
888 1984 1012 2015 debitam
1032 1984 1244 2016 Allocationem

183 2023 288 2054 habere
313 2023 445 2053 aciemus.

224 2059 312 2092 Teste
328 2060 412 2101 Rege
425 2060 498 2100 apud
511 2060 796 2101 Westmonasterium
805 2086 816 2101 ,
834 2061 975 2094 tricesimo
990 2061 1036 2093 die
1050 2061 1134 2093 Maii.

5 1579 68 1599 .m.
86 1577 130 1604 27.

865 2141 919 2169 Per
938 2139 1020 2179 ipfimt
1038 2142 1142 2177 Regem.

40 2283 61 2306 ῃ
80 2284 150 2312 VH·
505 2265 525 2285 '⁸
550 2268 610 2299 Pro
632 2264 748 2315 Physica
775 2269 871 2315 Regis.

37 2333 121 2392 Ἆιιζη
131 2357 172 2388 D.
191 2351 315 2409 REX
331 2351 533 2396 Thesaurario‚
551 2353 585 2383 &
599 2351 766 2396 Camerariis
779 2353 847 2391 suis,
864 2352 1000 2398 Salutem.

69 2396 152 2437 1363,
306 2389 443 2420 Volentes
459 2413 469 2429 ,
492 2390 629 2422 dile&um
650 2392 732 2421 nobis
747 2415 758 2430 ,
791 2391 962 2430 Magistrum
983 2392 1148 2431 Johannem
1165 2391 1249 2436 ⁴Pala-

42 2441 95 2467 An.
111 2446 154 2474 37.
186 2428 243 2469 dyn
259 2453 269 2467 ,
285 2429 429 2460 Philicum
450 2428 578 2460 nostrum
596 2452 606 2467 ,
629 2439 764 2467 praetextu
786 2431 854 2460 boni
884 2431 996 2461 Servitii
1019 2431 1073 2468 sui,
1102 2431 1185 2461 nobis
1199 2441 1248 2468 per

42 2480 73 2504 Ε,
95 2485 108 2511 3
188 2469 280 2508 ipsum
294 2467 408 2505 impensi
418 2490 428 2506 ‚
445 2467 569 2498 Munere
584 2468 718 2506 respicere
734 2469 867 2507 gratioso,
875 2469 966 2501 Vobis
980 2469 1151 2501 Mandamus
1167 2469 1247 2507 quod

44 2496 155 2543 Liber’at.
188 2507 282 2538 eidem
294 2506 419 2545 Johanni
432 2506 539 2546 Viginti
554 2506 669 2545 Libras,
687 2507 723 2538 de
737 2508 882 2539 Thesauro
897 2508 995 2539 nostro
1008 2531 1018 2548 ‚
1036 2519 1070 2540 ex
1085 2508 1165 2540 causa
1178 2518 1250 2547 pra:-

47 2561 91 2589 37.
103 2557 134 2579 E.
148 2561 172 2589 3.
188 2546 264 2577 dieta
275 2568 284 2583 ,
302 2545 421 2575 liberetis
433 2544 470 2575 de
487 2543 581 2576 Dono
594 2545 701 2576 nostro.

43 2600 81 2620 m,
102 2601 128 2628 3,
224 2583 313 2615 Teste
325 2583 408 2622 Rege
420 2584 492 2622 apud
508 2583 815 2623 westmonasterium,
834 2586 928 2626 primo
941 2586 985 2617 die
1004 2585 1092 2625 Junii.

809 2665 863 2693 Per
875 2663 957 2704 ipſsmz
971 2666 1075 2702 Regem.

554 2791 613 2822 Pro
638 2791 716 2834 Rege
739 2791 870 2822 Faucon.

0 2889 1 2894 ,
47 2862 123 2893 Ann.
137 2862 178 2892 D.

67 2901 138 2940 1⁵63
199 2870 331 2926 REX
351 2869 556 2909 Thesautario,
575 2873 609 2904 ὃς
624 2871 789 2902 Camerariis
802 2872 871 2912 suis,
890 2872 1024 2904 Salutem.

89 2923 101 2941 ,
143 2924 150 2931 .

315 2910 488 2940 Mandamus
507 2911 589 2940 vobis
610 2911 689 2948 quod
704 2933 713 2948 ,
737 2911 841 2941 dileeto
860 2912 941 2942 nobis
956 2935 965 2950 ,
1176 2913 1253 2955 Regi

6 2976 7 2980 ,
47 2944 105 2968 An·
118 2950 162 2977 37·
194 2945 332 2987 Faukon,
349 2949 477 2979 Heraldo
488 2948 524 2979 de
541 2949 636 2979 Armis
651 2973 659 2987 ,
678 2949 792 2979 Decem
806 2949 921 2981 Mai-cas
936 2950 972 2981 de
985 2951 1132 2983 Thesauro
1153 2954 1253 2984 nostro

0 2981 8 3023 s
49 2983 81 3006 E.
99 2987 124 3022 3:
193 2985 329 3026 liberetis,
344 2987 483 3017 habendas
496 2987 531 3017 de
548 2986 642 3018 Dono
656 2987 764 3032 nostro.
903 3028 909 3033 ⁴
1113 3031 1118 3035 1
1208 3031 1224 3036 ..

83 3016 148 3045 ³⁶¹⁴!-
230 3024 321 3057 Teste
335 3025 421 3065 Rege
432 3025 505 3064 apud
518 3025 808 3058 Westmonasterium
817 3049 827 3065 ‚
846 3025 964 3058 deeimo
977 3037 1077 3066 quarto
1091 3030 1135 3060 die
1146 3029 1235 3068 Junii.

821 3106 874 3133 Per
891 3103 972 3145 ipftaem
989 3109 1094 3144 Regem.

242 3227 292 3260 De
325 3228 405 3259 Arte
435 3228 609 3273 Sagittandi
638 3228 750 3262 utenda
767 3255 777 3271 ‚
803 3233 840 3267 (ῤ’
867 3229 962 3263 Ludis
987 3231 1148 3266 humilibus
1170 3238 1208 3273 ὠ·

526 3275 687 3319 Inhonestis
707 3276 906 3324 prohibendis.

55 3359 133 3391 Ann.
146 3358 190 3390 D.
206 3358 338 3413 REX
355 3359 533 3392 Vicecomiti
547 3360 662 3392 Kantiae
676 3360 810 3394 Salutem.

76 3398 162 3438 1363.
322 3397 400 3436 Qiia
415 3398 540 3437 Populus
552 3399 650 3437 Regni
665 3399 770 3439 nostri,
789 3401 848 3432 tam
863 3402 986 3434 Nobiles
1000 3427 1009 3442 ,
1033 3407 1117 3445 quam
1141 3406 1258 3445 Ignobi-

57 3442 110 3466 An.
132 3446 178 3476 37.
207 3433 263 3472 les,
281 3437 309 3466 in
322 3435 400 3474 Jocis
415 3438 482 3475 suis,
499 3438 599 3469 Artem
613 3438 780 3478 Sagittandi,
797 3448 862 3470 ante
874 3440 937 3472 haec
962 3451 1103 3483 tempora,
1121 3455 1258 3477 commu-

58 3480 89 3504 Ε.
111 3485 136 3512 3.
207 3474 279 3503 niter
293 3475 490 3512 excercebant,
510 3477 588 3507 unde
610 3479 662 3507 toti
682 3476 789 3516 Regno
809 3477 908 3510 nostro
930 3480 1087 3512 Honorem
1108 3483 1142 3513 &
1165 3483 1258 3514 Com-

57 3514 194 3551 Olfius-37·
206 3512 342 3551 modum,
363 3513 446 3543 nobis
461 3515 490 3544 in
504 3514 625 3546 Aetibus
639 3514 740 3546 nostris
753 3515 928 3556 Guerrinis,
942 3518 1000 3549 Dei
1023 3520 1166 3558 adjutorio
1185 3532 1258 3554 coo-

57 3555 89 3580 Ε.
111 3562 136 3588 3.
204 3559 334 3589 perante,
351 3550 567 3583 subventionem
582 3563 641 3584 non
655 3554 799 3586 modicam
811 3555 966 3587 dinoscitur
979 3559 1152 3598 provenisse,

58 3599 96 3618 m.
112 3591 190 3626 25.d.
244 3589 279 3620 Et
290 3591 365 3628 jam,
381 3589 457 3620 dicta
472 3589 540 3620 Arte
554 3592 628 3629 quasi
640 3593 759 3623 totaliter
773 3594 902 3634 dimissa,
920 3596 996 3625 idem
1018 3596 1143 3637 Populus
1164 3599 1197 3629 ad
1209 3598 1258 3637 Ja-

203 3629 267 3659 &us
280 3627 440 3668 Lapidum,
459 3628 635 3668 Lignorum,
661 3631 695 3661 ὃς
714 3631 804 3662 Ferri:
829 3633 862 3663 ὃς
883 3635 998 3673 quidam
1016 3634 1049 3665 ad
1071 3635 1161 3666 Pilam
1188 3637 1258 3669 Ma-

202 3666 316 3698 nualem
326 3689 335 3705 ,
350 3665 503 3705 Pedivam,
521 3667 554 3697 &
568 3666 745 3698 Bacularem:
761 3670 794 3700 &
807 3671 840 3701 ad
855 3671 1034 3704 Canibucam
1048 3674 1081 3704 &
1105 3673 1258 3708 Gallorum

200 3703 349 3744 Puguam,
369 3705 483 3743 quidam
497 3707 581 3736 etiam
594 3705 628 3735 ad
640 3706 706 3737 alios
718 3707 814 3738 Ludos
834 3709 1019 3750 Inhonestos,
1035 3713 1068 3743 &
1089 3714 1183 3744 minus
1203 3716 1258 3746 uti-

202 3743 241 3773 1oe
273 3753 320 3774 aut
333 3745 474 3782 valentes,
488 3744 515 3774 se
533 3744 677 3782 indulgent

239 3766 295 3812 ῥει-
308 3782 386 3820 quod
399 3782 509 3813 dictum
523 3782 658 3821 Regnum
673 3766 708 3826 d⁷e
719 3783 886 3823 Sagittariis,
911 3787 982 3817 infra
1004 3788 1090 3820 breve
1101 3812 1111 3827 ,
1128 3790 1258 3824 deveniet

202 3820 387 3852 verisimiliter
401 3822 495 3859 (quod
510 3821 596 3858 absit)
616 3820 806 3860 Destuumm,

241 3856 310 3888 Nos
324 3865 330 3887 t
341 3860 466 3890 volentes
479 3860 558 3898 super
578 3860 635 3890 hoc
655 3860 830 3891 Remedium
849 3864 952 3900 apponi
972 3868 1187 3904 opportunum)
1207 3870 1258 3900 tibi

205 3897 385 3936 praecipimus
397 3899 476 3937 quod
490 3899 518 3928 in
533 3899 635 3937 Locis,
651 3900 680 3929 in
694 3897 840 3930 Comitatu
853 3909 920 3939 tuo,
937 3903 993 3932 [ἔπη
1008 3904 1078 3933 infra
1094 3904 1258 3946 Libertates‚

204 3935 294 3972 quam
309 3940 401 3973 extra,
419 3938 467 3967 ubi
479 3938 610 3976 expedite
626 3938 741 3975 videris,
759 3939 873 3976 publice
885 3939 967 3970 facias
984 3942 1162 3982 proclamati,
1176 3948 1257 3983 quod

204 3973 322 4012 quilibet
337 3974 456 4011 ejusdem
470 3974 646 4015 Comitatus,
664 3977 694 4006 in
708 3975 839 4017 Corpore
859 3977 983 4017 Potens,
1005 3980 1102 4011 diebus
1124 3982 1259 4023 Festivis‚

203 4011 273 4042 ci'im
288 4013 443 4050 vacaverit,
457 4013 589 4045 Arcubus
603 4016 635 4045 &
648 4014 774 4054 Sagittis,
791 4016 833 4046 vel
851 4016 957 4048 Pilettis
971 4026 1017 4048 aut
1038 4018 1140 4058 BoltiS,
1163 4023 1192 4052 in
1204 4022 1259 4061 Jo-

206 4050 247 4080 cis
261 4050 277 4079 s
273 4050 329 4088 uis,
344 4058 451 4088 utatur,
469 4052 623 4092 Artemque
636 4053 787 4093 Sagittandi
800 4055 884 4085 discat
899 4056 932 4086 δε
944 4065 1100 4096 excerceat,

244 4087 390 4120 Omnibus
401 4089 435 4120 &
448 4089 574 4132 singulis,
587 4102 620 4123 ex
632 4101 708 4133 parte
721 4093 834 4133 nostra,
852 4094 981 4126 inhibens
994 4097 1050 4134 ne,
1067 4098 1100 4128 ad
1113 4097 1258 4138 hujusmof

1844 507 1899 535 Per
1916 506 1998 545 ipsum
2015 510 2120 546 Regem.

1296 574 1448 614 'Confimilia
1464 578 1572 606 Brevia
1583 577 1736 615 diriguntur
1748 579 1852 618 fingulis
1868 584 2060 615 Vicecomitibus
2065 593 2116 624 per
2131 588 2275 626 Angliam.

1357 631 1392 659 L

1262 700 1312 732 De
1330 697 1495 732 pistoribus
1506 726 1516 742 ‚
1536 710 1591 746 pro
1614 702 1842 746 Operationibus
1859 710 1890 738 in
1913 710 2030 759 Capella
2044 711 2149 744 Sanft'i
2164 691 2319 759 Stephani,

1726 753 1880 797 capiendis.

1270 829 1360 885 RE
1369 831 1399 862 X
1407 832 1566 875 ,universis
1581 833 1614 863 &
1630 833 1737 873 singulis
1746 836 1981 879 Vicecomitibus,
1994 844 2054 874 &c.
2073 845 2207 877 Salutem.
2340 843 2417 872 ΑΠΠ-
2430 840 2471 870 D·

1382 869 1480 900 Sciatis
1495 871 1575 909 quOd
1598 871 1951 916 affignavimu5,dile<5tum
1969 884 2049 912 nobis
2062 885 2271 921 ,willielmum
2288 887 2325 917 de
2364 881 2447 920 1363·

1267 905 1471 952 VValsyngham
1485 910 1519 953 ad
1533 918 1575 940 tot
1588 909 1729 950 Paitoi-es,
1748 915 1775 943 in
1789 914 1914 947 Civitate
1929 920 2021 950 nostra
2046 921 2205 952 Londonize
2218 946 2227 961 ,
2254 934 2324 962 quot
2343 924 2384 947 An
2413 928 2456 956 37-

1267 954 1320 989 pro
1337 946 1558 984 Operationibus
1574 948 1674 980 nostris
1688 952 1715 981 in
1730 951 1844 992 Capella
1861 955 1958 987 Sancti
1972 958 2104 996 Stephani
2120 984 2129 999 ,
2156 963 2226 991 infra
2246 963 2325 992 Pala-
2348 964 2372 985 ῗ·
2396 968 2422 994 3·

1269 992 1340 1027 tium
1353 985 1484 1017 nostrum
1499 986 1820 1030 Westmonasteriense‚
1837 993 1963 1026 sufficere
1985 1007 2115 1036 poterunt
2131 1000 2247 1035 (Feodo
2270 1001 2326 1031 Ec-
2347 1001 2403 1024 ΡΜ·
2414 1005 2457 1033 37=

1269 1023 1361 1067 cleliae
1374 1027 1512 1064 excepto)
1527 1027 1713 1071 capiendum,
1732 1030 1764 1060 ὃς
1779 1032 1864 1070 usque
1875 1034 1892 1051 ’¹‘
1912 1035 1945 1064 ad
1960 1035 2094 1067 Palatium
2109 1038 2238 1069 nostrum
2255 1049 2327 1077 prae-
2346 1040 2365 1061 Ε
2397 1044 2428 1070 3·

1269 1061 1380 1093 dietum
1396 1063 1577 1104 ducendum,
1595 1076 1624 1096 in
1637 1067 1739 1098 eisdem
1755 1069 1972 1109 Operationibus
1985 1075 2102 1115 nostris,
2116 1078 2150 1108 ad
2168 1077 2256 1109 Vadia
2276 1089 2328 1108 no-
2345 1081 2368 1110 Ρ·
2388 1082 2410 1100 ¹·

1273 1101 1346 1140 stra,
1362 1103 1494 1141 quamdiu
1511 1114 1582 1141 opus
1595 1105 1696 1145 fuerit,
1715 1117 1886 1140 moraturos:
2350 1121 2385 1138 m.
2409 1121 2450 1139 ¹0³

1310 1139 1348 1171 Et
1362 1142 1396 1172 ad
1411 1151 1511 1174 omnes
1523 1144 1601 1182 illos,
1618 1155 1688 1183 quos
1703 1147 1733 1176 in
1750 1147 1803 1179 hac
1817 1158 1895 1188 parte
1909 1153 2061 1183 contrarios
2075 1153 2214 1185 invenerit
2228 1155 2273 1185 vel
2289 1166 2332 1186 re·
2352 1152 2366 1166 ⁸*
2390 1153 2408 1176 Ψ
2420 1152 2442 1178 Ῑ·
2477 1172 2481 1176 ·

1274 1178 1358 1210 belles
1374 1204 1383 1218 ,
1403 1181 1597 1220 arestandum,
1615 1184 1647 1213 &
1662 1183 1784 1215 Prisonis
1798 1187 1899 1218 nostris
1919 1192 2157 1231 mancipandum,
2183 1194 2211 1223 in
2232 1194 2335 1225 eisdem
2355 1187 2420 1225 4¹82

1275 1227 1432 1285 {moraturos
1446 1221 1590 1260 quousque
1604 1221 1639 1252 de
1653 1232 1753 1254 eorum
1769 1224 1926 1258 Punitione
1939 1229 2017 1260 aliter
2029 1230 2187 1262 duxerimus
2206 1232 2339 1264 ordinan-

1297 1266 1362 1295 um,

1312 1295 1431 1339 Ettideo
1446 1297 1528 1340 vobis
1543 1300 1707 1331 mandamus
1718 1302 1798 1340 quoti
1818 1304 1909 1334 eidem
1930 1304 2090 1337 willielmo
2104 1331 2114 1346 ,
2146 1310 2176 1339 in
2195 1310 2340 1348 praemiffis

1277 1335 1411 1365 omnibus
1424 1336 1456 1366 ὃς
1472 1338 1580 1375 singulis
1591 1339 1721 1370 faciendis
1737 1342 1769 1371 ὃς
1786 1343 1969 1382 exequendis,
1988 1344 2165 1377 Intendentes
2179 1348 2242 1386 fitis,
2256 1348 2339 1379 Con-

1280 1373 1410 1412 sulentes,
1429 1376 1461 1405 &
1479 1375 1663 1415 Auxiliantes,
1674 1381 1802 1416 quotiens
1818 1383 1850 1412 ἃ
1867 1393 1947 1419 prout
1960 1394 2007 1422 per
2022 1385 2114 1423 ipsum
2131 1386 2337 1426 willielmum,

1277 1412 1356 1449 super
1372 1412 1429 1456 hoc
1442 1435 1451 1450 ‚
1468 1422 1501 1442 ex
1517 1424 1592 1451 parte
1606 1416 1717 1457 nostra,
1735 1419 1840 1450 fueritis
1855 1424 2027 1461 praemuniti.

1314 1450 1348 1480 In
1362 1460 1459 1489 Cujus,
1478 1453 1538 1482 &e

1352 1489 1442 1520 Teste
1455 1489 1537 1529 Rege
1550 1492 1622 1530 apud
1637 1493 1923 1528 Westmonasterium
1933 1521 1943 1536 ,
1960 1509 2059 1538 quarto
2073 1501 2119 1531 die
2129 1501 2217 1540 Junii.

1922 1578 1974 1605 Per
1987 1575 2069 1615 ipfic'm
2083 1580 2187 1615 Regem.

1418 1695 1467 1727 De
1494 1695 1616 1742 Duc-iffa
1640 1695 1816 1742 clansam,
1841 1702 1878 1738 (ῤ’
1895 1697 1992 1734 Rebus
2015 1700 2201 1737 Hibernicis.

1288 1781 1344 1836 R
1354 1778 1420 1824 EX
1441 1778 1643 1822 Thesaurario,
1661 1784 1694 1815 &
1710 1784 1866 1818 Batonibus
1880 1786 1948 1825 suis,
1968 1787 2003 1818 de
2018 1787 2168 1820 Scaccario
2181 1791 2230 1820 suo
2243 1788 2350 1821 Dubli-
2368 1793 2443 1825 Ann.
2459 1789 2500 1826 D,

1364 1828 1420 1848 niae
1452 1819 1584 1850 Salutem.
2394 1832 2478 1873 1363.

1322 1856 1401 1895 Qiia
1412 1841 1558 1901 johannes
1574 1857 1710 1900 Comyn,
1728 1863 1756 1892 in
1772 1862 1948 1902 Obsequium
1964 1865 2114 1905 nostrum,
2135 1866 2170 1897 ad
2182 1875 2271 1907 partes
2290 1867 2347 1898 Hi·
2368 1877 2418 1901 An.
2438 1883 2482 1910 37.-

1285 1894 1409 1934 berniae,
1428 1907 1456 1926 in
1469 1896 1633 1937 Comitiva,
1649 1900 1797 1931 cariffirnae
1812 1902 1892 1932 Filiae
1905 1903 2027 1942 nostrae,
2050 1904 2222 1936 Elizabethae
2243 1906 2348 1937 Ducis·
2367 1916 2397 1940 E.
2421 1922 2447 1949 3.

1286 1933 1322 1964 sae
1341 1933 1518 1973 Clarenciae,
1537 1937 1680 1976 profectus
1695 1939 1764 1977 fuit,
2369 1951 2503 1991 Claung.v

1324 1971 1362 2003 Et
1375 1973 1480 2004 ibidem
1493 1985 1577 2013 cum,
1596 1977 1736 2008 carissimo
1750 1979 1822 2009 Filio
1837 1978 1955 2018 nostro,
1971 1980 2109 2013 Leonello
2126 1983 2213 2014 Duce
2233 1983 2354 2014 Claren-
2373 1996 2401 2019 E.
2426 2004 2452 2029 3,

1290 2011 1354 2047 tiae,
1373 2011 1503 2043 Custode
1521 2013 1622 2046 Terrae
1636 2015 1740 2047 nosttae
1759 2017 1926 2056 Hiberniae,
1950 2029 2073 2059 extunc,
2097 2022 2175 2059 super
2198 2022 2357 2054 Salvatione
2376 2043 2412 2061 m,
2434 2045 2479 2062 20,

1290 2051 1324 2093 &
1338 2049 1512 2082 Defensione
1525 2053 1646 2090 ejusdem
1660 2055 1778 2095 Terrae,
1797 2065 1895 2087 contra
1916 2057 2089 2089 Hibernicos
2103 2060 2211 2092 Hostes
2231 2061 2352 2100 nostros,

1285 2097 1365 2126 Juxta
1379 2089 1595 2122 Ordinationem
1610 2093 1677 2124 inde
1693 2095 1814 2134 factam,
1831 2097 1970 2126 continue
1991 2099 2170 2138 morabatur,
2194 2101 2263 2132 sicut
2282 2111 2354 2141 prae-

1291 2127 1361 2158 fatus
1376 2128 1446 2159 Dux
1459 2130 1528 2160 Nos
1550 2141 1598 2170 per
1614 2131 1722 2163 Literas
1735 2133 1791 2164 suas
1803 2133 1984 2174 certificavit,

1329 2167 1420 2197 Vobis
1436 2168 1601 2200 mandamus
1614 2171 1694 2209 qubd
1709 2171 1889 2211 Demandae,

1328 2205 1428 2245 Quam
1445 2208 1561 2245 praefato
1573 2208 1715 2249 Johanni,
1733 2221 1786 2250 pro
1802 2211 1939 2243 Portione
1952 2212 2000 2243 sua
2012 2236 2022 2252 ,
2045 2214 2133 2254 ipsum
2153 2214 2189 2245 de
2211 2215 2358 2255 Subfidio,

1332 2244 1425 2283 Qiod
1441 2246 1580 2286 Domini,
1608 2247 1758 2288 Mulieres,
1783 2251 1817 2282 ὃς
1841 2252 1886 2282 alii
1907 2251 1985 2282 Laici
2008 2263 2041 2283 ac
2065 2254 2125 2284 Viri
2148 2253 2357 2294 Ecclefiastici,

1292 2282 1446 2322 Dominia,
1466 2286 1581 2325 Terras,
1597 2288 1631 2318 &
1644 2288 1825 2320 Tenementa
1840 2291 1868 2320 in
1882 2289 2019 2321 Hibernia
2036 2292 2185 2331 habentes,
2203 2294 2235 2324 &
2251 2294 2280 2323 in
2291 2293 2353 2323 An-

1293 2322 1349 2358 glia
1361 2324 1573 2363 converfimtes,
1591 2336 1691 2356 coram
1707 2327 1806 2357 Nobis
1821 2329 1854 2359 &
1870 2328 2010 2359 Concilio
2022 2331 2121 2361 nostro
2135 2332 2164 2361 in
2187 2332 2288 2371 Anglia
2302 2343 2356 2363 nu-‘

1292 2369 1342 2400 per
1356 2364 1466 2402 vocati,
1483 2363 1599 2402 Nobis,
1614 2366 1644 2394 in
1660 2365 1810 2397 Auxilium
1825 2366 2020 2405 Expensarum
2044 2368 2166 2400 Guerrae
2188 2370 2333 2408 praedietae
2348 2393 2359 2409 ,

1293 2400 1510 2440 concesserunt,

1330 2438 1456 2470 Ratione
1468 2440 1621 2472 Terrarum
1636 2443 1669 2474 &
1682 2442 1931 2475 Tenementorum
1951 2445 2074 2483 ejusdem
2091 2445 2228 2484 Johannis
2251 2449 2278 2478 in
2301 2446 2360 2478 Hi-

1294 2478 1402 2515 bernia,
1421 2489 1474 2516 pro
1487 2488 1618 2518 tempore
1632 2491 1690 2519 quo
1703 2483 1732 2512 in
1748 2482 1822 2513 dieta
1838 2483 1930 2515 Terra
1943 2483 2112 2523 Hiberniae,
2136 2485 2215 2523 super
2233 2486 2358 2526 Expedi⁴

1292 2518 1370 2548 tione
1384 2517 1505 2548 Guerrae
1519 2519 1623 2549 nostrce
1637 2521 1800 2560 praedietae,
1816 2532 1929 2553 moram
1944 2523 2029 2562 fecit,
2046 2525 2079 2555 &
2095 2533 2207 2555 exnunc
2227 2524 2323 2565 faciet,

1332 2555 1546 2596 Contingente,
1565 2558 1623 2588 fieti
1639 2559 1744 2597 facitis,

1333 2595 1528 2633 Supersederi,
1546 2596 1683 2634 &ipsum
1698 2599 1783 2636 inde,
1801 2598 1834 2628 ad
1850 2599 1961 2630 dietum
1984 2600 2166 2632 Scaccarium
2180 2626 2190 2640 ,
2214 2603 2359 2634 exonerati

1294 2634 1329 2663 &
1344 2633 1486 2672 Qiietum
1501 2634 1557 2665 effe
1572 2634 1691 2673 faciatis,
1710 2638 1744 2668 &
1757 2637 1994 2678 Distrietionem,
2010 2640 2030 2670 si
2049 2650 2134 2678 quam
2158 2641 2187 2670 iu
2209 2641 2306 2677 Terris
2325 2644 2358 2673 &

1294 2672 1483 2703 Tenementis
1505 2673 1626 2712 ejusdem
1644 2674 1803 2715 Johannis‚
1828 2677 1862 2708 ea
1881 2679 2047 2716 occasione,
2071 2678 2131 2709 fieri
2151 2679 2289 2719 feceritis,
2305 2681 2360 2711 sine

1294 2711 1425 2741 dilatione
1443 2710 1572 2743 Relaxari
1586 2714 1698 2743 faciatis.

1333 2749 1424 2780 Teste
1437 2750 1519 2790 Rege
1533 2752 1606 2789 apud
1621 2752 1929 2794 westmonasterium,
1947 2764 2048 2794 quarto
2063 2755 2107 2786 die
2118 2755 2206 2794 Junii.

1638 2881 1698 2912 Pro
1725 2880 1897 2912 Giternario
1920 2883 2044 2928 Regime-

1300 2962 1429 3019 REX
1445 2963 1576 2994 universis
1587 2963 1619 2994 &
1636 2963 1745 3003 singulis
1761 2963 1991 2999 Vicecomitibus
2012 2967 2074 2997 ὅτε.
2092 2965 2228 2998 Salutem.
2377 2990 2401 3022 Α

1414 3002 1511 3032 Sciatis
1527 3002 1625 3040 quod,
1644 3001 1679 3032 de
1696 3002 1782 3039 gratia
1797 3003 1893 3034 nostra
1912 3005 2046 3044 speciali,
2065 3003 2268 3037 Concessimus
2286 3030 2295 3046 ,
2313 3006 2356 3037 di-
2405 2993 2510 3052 ⁰5¹³·1D1

1297 3041 1374 3071 leem
1389 3042 1481 3078 nobis,
1494 3040 1621 3071 -Andreae
1639 3040 1757 3071 Destrer
1769 3042 1805 3072 de
1820 3042 1935 3082 Bruges,
1952 3043 2117 3074 Gitetnario
2137 3044 2275 3084 Philippa:
2297 3044 2356 3073 Rc·
2398 3033 2480 3084 t,6,.

1298 3081 1375 3117 ginae
1389 3081 1517 3119 Anglicc,
1535 3079 1681 3110 Consortis
1694 3080 1797 3111 nosttae
1820 3081 1968 3112 carissimae
1982 3105 1992 3120 ,
2015 3083 2096 3123 quod
2121 3084 2175 3121 ipse
2197 3083 2304 3123 Viginti
2323 3084 2355 3114 ὃς
2374 3074 2491 3135 (ΞΗ-,37-

1299 3120 1437 3159 Quinque
1451 3119 1556 3156 Boves,
1574 3118 1630 3148 sive
1646 3117 1769 3157 VaccaS,
1786 3128 1861 3150 extra
1878 3120 2017 3160 Regnum
2029 3121 2168 3161 nostrum,
2187 3133 2203 3153 a
2217 3131 2356 3165 quocum·
2376 3130 2406 3173 Ρ·
2417 3129 2450 3167 3·
2466 3157 2479 3171 Ἴ

1298 3154 1354 3197 que
1368 3158 1456 3188 Portu
1472 3158 1604 3195 voluerit,
1624 3157 1709 3195 usque
1723 3168 1810 3194 partes
1821 3158 1844 3188 F
1846 3159 1975 3198 landriae,
1990 3161 2093 3199 absque
2116 3160 2267 3202 Custumi
2277 3161 2358 3190 nobis
2376 3155 2471 3213 5³23-
2485 3165 2492 3176 ⁴

1299 3198 1367 3229 inde
1382 3196 1530 3235 solvenda,
1549 3195 1653 3226 ducere
1666 3195 1768 3235 poffit,
1787 3196 1820 3228 ad
1841 3197 2040 3230 Commodum
2063 3199 2143 3230 suum
2165 3199 2231 3229 inde
2251 3199 2358 3228 iacien-
2376 3207 2404 3261 p*
2426 3207 2451 3251 ζ·

1298 3238 1385 3268 dum·
2396 3246 2401 3251 .
2444 3245 2450 3251 .

1336 3260 1453 3306 Et⁷ideo
1467 3273 1548 3303 vobis
1560 3273 1724 3303 mandamus
1736 3274 1815 3312 quod
1831 3274 1921 3313 ipsum
1939 3275 2082 3306 Andream
2095 3276 2187 3306 distos
2200 3275 2308 3313 Viginti
2323 3276 2357 3306 &
2376 3273 2412 3290 m·
2430 3270 2473 3290 ¹⁰⁵

1302 3315 1442 3353 Qiiiique
1457 3312 1558 3349 Boves,
1577 3312 1632 3341 live
1646 3310 1755 3342 vaccas
1769 3335 1779 3351 ,
1803 3313 1837 3343 ad
1859 3314 1947 3344 dictas
1962 3323 2050 3352 partes
2076 3315 2212 3344 Flandriae
2226 3335 2235 3350 ,
2255 3314 2358 3351 absque

1301 3351 1447 3383 Gustum&
1462 3351 1542 3380 nobis
1554 3350 1703 3388 solvenda,
1720 3350 1824 3382 ducere
1839 3353 2014 3390 permittatis3
2035 3353 2127 3392 aliquo
2144 3352 2283 3395 Mandato
2304 3361 2359 3382 no-

1302 3392 1360 3422 stro
1375 3391 1420 3421 seu
1438 3389 1680 3426 proclamatione,
1695 3389 1724 3418 in
1736 3392 1908 3421 contrarium
1920 3391 2017 3429 facitis,
2036 3401 2095 3420 non
2109 3391 2292 3421 obstantibus.

1338 3430 1372 3460 In
1387 3430 1462 3459 cu‘us
1494 3429 1555 3459 &c

1376 3440 1564 3504 Telte’Rege
1576 3464 1649 3503 apud
1664 3464 1954 3498 westmonasterium
1963 3490 1973 3505 ,
1993 3468 2110 3506 septimo
2130 3467 2176 3497 die
2188 3466 2277 3506 Junii.

1789 3547 1843 3573 Per
1860 3547 1953 3573 Breve
1972 3543 2004 3573 de
2023 3546 2141 3574 Privato
2159 3542 2260 3582 Sigillo.

1458 3674 1551 3716 Super
1576 3667 1695 3703 Debitis
1710 3683 1765 3717 pro
1793 3674 1933 3718 Captione
1956 3675 2043 3720 Regis
2066 3676 2207 3707 Francia.

1305 3756 1361 3812 R
1372 3755 1396 3787 E
1409 3756 1438 3787 X
1458 3756 1642 3786 Thesaurario
1659 3757 1693 3787 &
1707 3755 1874 3787 Camerariis
1889 3758 1957 3796 suis,
1975 3759 2109 3789 Salutem.
2373 3766 2451 3801 Αῃη,
2468 3768 2510 3800 Ιχ

1423 3795 1594 3826 Mandamus
1609 3795 1690 3824 vobis
1703 3796 1781 3834 quod
1790 3820 1798 3834 ,
1812 3796 1920 3828 dileeto
1932 3797 2028 3828 Nobis
2037 3821 2045 3835 ,
2065 3796 2219 3828 Gouberto
2231 3796 2268 3828 de
2283 3797 2358 3838 Boy-
2404 3809 2486 3847 1363,

1302 3831 1368 3873 vill,
1387 3833 1422 3864 de
1438 3834 1572 3864 Vasconia
1591 3855 1596 3863 ,
1619 3832 1746 3864 Centum
1765 3835 1881 3874 Libras,
1898 3836 1977 3874 super
2000 3835 2112 3865 Debitis
2126 3860 2135 3873 ,
2159 3838 2188 3866 in
2209 3838 2309 3876 quibus
2332 3841 2356 3869 ei
2377 3853 2428 3874 Aa.
2447 3857 2489 3883 37,

1303 3880 1356 3910 pto
1370 3872 1510 3910 Captione
1528 3871 1614 3910 Regis
1630 3871 1757 3903 Franciae
1772 3873 1941 3913 Tenemur,
1957 3875 1994 3905 de
2010 3874 2157 3905 Thesauro
2182 3876 2281 3908 nostro
2297 3901 2306 3916 ,
2323 3877 2359 3908 de
2378 3891 2405 3912 E.
2429 3894 2454 3920 3.

1302 3910 1438 3951 praestito,
1456 3911 1584 3940 liberetis.
2378 3924 2487 3951 Liberat.

1343 3949 1432 3980 Teste
1444 3948 1527 3988 Rege
1541 3948 1614 3987 apud
1629 3947 1942 3989 Westmonasterium,
1960 3949 2078 3981 decimo
2088 3951 2170 3982 tertio
2183 3951 2228 3985 die
2235 3954 2323 3994 Junii.
2380 3971 2422 3997 37-
2441 3964 2470 3986 E.
2482 3968 2509 3994 35

2380 4009 2415 4027 m.
2464 4020 2468 4026 .

1932 4028 1986 4057 Per
1999 4026 2081 4066 ipsum
2093 4031 2198 4067 Regem.
2445 4007 2457 4033 Ξ

2317 4144 2373 4174 Pro
