2561 4251
15 250 93 284 Ann.
106 248 149 280 D.

35 288 121 328 1360.

12 331 66 358 ⁴4⁶-
80 337 126 364 34-

15 370 45 395 13.
65 375 93 401 3.

47 403 114 432 lbid.

22 1201 25 1205 '
51 1204 132 1233 *vm

58 1246 126 1272 216.

36 1335 112 1366 Ann.
124 1334 166 1365 D.

62 1375 148 1414 1360.

32 1416 87 1440 Aa.
103 1422 147 1449 34.

31 1473 112 1525 Galesi
124 1498 168 1525 34.

35 1531 66 1554 E.
94 1536 117 1563 3·
140 1533 168 1564 p.

38 1574 148 1600 2.m,5.

41 2384 118 2416 Ann.
129 2382 171 2414 D.

61 2424 148 2463 1360.

45 2466 100 2490 An.
127 2471 173 2499 34.

40 2504 71 2528 Ε.
91 2510 116 2536 3.

41 2539 106 2566 Jbid.

46 2587 82 2606 m.
100 2587 130 2613 4.

54 3286 134 3320 Ano,
144 3283 189 3318 D.

76 3327 165 3367 1360.

59 3370 113 3396 An,
128 3375 173 3403 34.

61 3408 92 3432 E.
109 3414 135 3441 3.

60 3446 101 3469 Ex
113 3445 172 3470 Au-

64 3489 130 3517 Iogrv

80 3931 101 3953 ⁸
123 3933 175 3961 VI.

89 3978 154 4009 ²¹7·

770 152 879 198 ET
960 153 1215 199 ACTA

419 336 478 368 Pro
501 329 723 366 Familiaribus
749 330 868 377 praefati
891 332 997 365 Ducis.

241 419 306 451 EX
325 418 491 458 Omnibus,
503 418 539 450 ad
554 428 636 457 quos,
649 417 709 448 &c.
747 415 880 447 Salutem.

226 474 229 478 Δ
279 459 377 489 Sciatis
397 458 492 496 quod,
1007 488 1009 490 ¹

219 497 316 535 Cum,
334 496 452 526 Nobilis
466 495 521 527 Vir
540 496 574 527 &
597 492 835 529 Continguineus
854 492 967 531 noster,
985 492 1054 524 Dux
1078 491 1244 524 Aurelienfis

181 535 253 604 sedin
269 534 428 573 Obfidem,
448 543 503 573 pro
524 533 618 563 Fratre
641 530 736 562 nostro
759 530 905 569 Franciae,
930 532 960 562 in
981 532 1117 570 Angliam
1130 533 1191 569 jam
1213 531 1244 560 stt

180 584 210 604 re
232 582 316 604 iturus
574 586 576 588 ·

220 596 420 643 Concellimus
432 611 459 641 ei
493 608 555 640 uod
567 608 700 639 omnibus
716 607 860 638 Gentibus
876 607 947 639 dieti
962 608 1072 646 Ducis,
1090 615 1158 637 cum
1173 605 1247 642 ipso,

180 651 226 682 vel
241 661 326 689 penes
340 659 426 687 eum,
440 650 471 679 in
508 647 616 685 ngliam
631 646 814 686 profecturis,
831 657 918 684 quos,
935 658 983 684 per
999 647 1104 676 Literas
1115 644 1173 674 suas
1181 643 1241 672 Te-

181 689 371 726 stimoniales,
395 695 442 718 aut
458 687 537 716 Loca
555 685 601 716 sua
615 686 768 715 tenentium
791 686 819 715 in
837 687 959 722 partibus
978 683 1157 719 Cisrnarinis,
1175 690 1244 711 cum

179 728 242 766 ipso
258 727 343 758 Duce
380 726 424 756 vel
437 725 473 755 de
489 724 607 756 Familia
621 723 664 754 sua
684 723 788 761 liquere
803 725 904 761 poterit
919 723 992 759 effe,
1011 722 1117 751 Literas
1139 718 1246 750 nostras

180 767 247 797 salvi
265 749 454 802 Cond’udtiis,
473 774 521 801 per
536 762 740 793 obedientiam
753 763 787 793 ὃς
805 761 957 792 Distrietus
978 759 1105 796 nostr03,
1123 768 1175 795 pro
1190 757 1244 801 Se,

182 805 290 843 Equis,
309 802 471 840 Hernesiis,
488 802 522 832 δὲ
544 800 630 831 Bonis
649 800 717 838 suis,
736 800 879 830 veniendo
901 799 931 828 in
953 797 1091 832 Regnum
1115 795 1245 838 Angla>

182 842 292 874 ibidem
306 843 464 878 morando,
481 841 514 871 &
537 839 638 869 exinde
657 837 818 874 redeundo,
835 837 963 874 quotiens
986 836 1036 865 fibi
1057 836 1187 872 expedire
1203 843 1246 862 Vl-

183 881 315 918 debitur,
333 890 384 917 pro
400 888 549 916 tempore,
567 882 626 915 quo
640 875 732 905 diuus
750 874 818 904 Dux
833 875 871 904 fic
886 874 915 904 in
934 874 1036 913 Anglia
1049 873 1138 904 Obses
1153 872 1250 908 fuerit,

182 918 243 952 fieri
262 919 413 956 faciemus,
433 917 510 955 quod
523 914 716 954 promittimus
737 922 786 949 per
806 912 958 950 praesentes.

218 957 252 989 In
270 958 366 995 cujus,
384 957 445 988 &o
592 990 597 995 ¹
796 990 800 994 ι

256 995 325 1026 Dat.
339 995 413 1035 apud
427 991 516 1024 Cales.
534 989 650 1021 decimo
674 988 749 1020 sexto
773 989 819 1021 die
838 989 984 1021 Octobris.

923 1068 976 1096 Per
994 1064 1077 1105 ipfiem
1095 1067 1197 1102 Regem.

184 1214 214 1262 ἓ
231 1218 290 1250 Pro
313 1217 427 1249 Comite
450 1214 486 1249 de
502 1216 703 1259 Tancarvill,
720 1215 811 1262 fhper
831 1216 907 1249 Vino
925 1219 960 1255 (ῤ’
985 1213 1198 1249 Mercimoniis
1220 1216 1251 1246 in

551 1262 699 1311 A‘ngliam
722 1263 873 1298 ducendis.

242 1349 318 1389 EX,
335 1352 396 1383 &c.
434 1349 567 1381 Salutem.

187 1350 240 1405 R
281 1389 455 1427 Supplicavit
477 1390 561 1420 nobis
582 1387 693 1419 Comes
723 1388 758 1419 de
777 1387 961 1425 Tancarvill,
985 1395 1016 1417 ut
1035 1387 1063 1418 ei
1087 1386 1248 1417 Licentiam

187 1427 377 1459 concedamus
393 1426 472 1465 quod
494 1428 550 1465 ipse
571 1426 670 1465 Blada,
690 1427 782 1464 Vina,
801 1428 834 1457 ὃς
855 1428 907 1457 alia
924 1426 1117 1456 Mercimonia
1138 1425 1199 1463 sua,
1216 1424 1252 1454 de

189 1467 310 1505 partibus
323 1466 532 1503 Normanniae,
547 1465 735 1505 Andegaviae,
753 1467 786 1496 &
800 1464 912 1495 aliunde
935 1466 964 1495 in
981 1464 1101 1501 partibus
1115 1464 1184 1501 illis,
1203 1473 1251 1501 per

191 1505 330 1542 Regnum
339 1504 483 1541 Franciae,
500 1504 530 1533 in
545 1502 685 1539 Regnum
701 1503 830 1534 nostrum
840 1504 970 1542 Angliae,
985 1504 1113 1540 quotiens
1128 1503 1178 1532 libi
1194 1504 1252 1540 pla-

189 1544 295 1580 cuerit,
313 1543 348 1574 &
368 1542 404 1572 ad
417 1551 480 1582 quae
502 1542 564 1571 loca
586 1542 636 1571 fibi
651 1542 780 1579 expedire
801 1542 959 1579 videbitur,
985 1551 1035 1578 per
1055 1540 1199 1572 Homines
1217 1541 1252 1572 &

189 1581 346 1613 Servientes
359 1579 440 1617 ipfius
454 1578 581 1610 Comitis
591 1579 695 1610 ducere
709 1581 794 1611 valeat
812 1581 889 1611 licite
904 1582 938 1612 δε
952 1581 1087 1618 impune,

225 1619 386 1663 Nos‚·ejus
401 1617 607 1656 Supplicationi
627 1618 657 1648 in
680 1618 733 1649 hac
757 1627 833 1657 parte
847 1627 1016 1657 annuenteS,
1036 1618 1196 1650 Licentiam
1219 1617 1253 1648 il-

187 1658 245 1690 lam
259 1657 393 1689 benivole
407 1656 536 1687 duximus
555 1656 768 1687 concedendam
778 1679 788 1695 ,

224 1695 282 1740 Et,
296 1705 330 1726 ex
351 1695 523 1726 habundanti
530 1717 540 1733 ,
563 1695 655 1726 dictos
673 1695 819 1726 Homines
843 1696 876 1726 &
897 1695 1073 1734 Servientes‚
1090 1705 1140 1733 per
1160 1696 1251 1733 ipsum

190 1734 343 1766 Comltem
358 1734 393 1765 ad
407 1733 465 1764 hoc
480 1733 631 1773 specialiter
645 1733 838 1772 deputandos,
855 1744 888 1765 ac
903 1734 1021 1772 Naves,
1040 1734 1137 1773 Blada,
1160 1735 1252 1773 Vina,

187 1775 223 1806 &
237 1773 288 1804 alia
303 1772 511 1810 Mercimonia,
521 1782 712 1816 'quaecumque
726 1773 844 1811 fuerint,
861 1773 943 1811 ipsius
954 1772 1094 1812 Comitis,
1111 1773 1255 1804 veniendo

188 1811 234 1843 vel
249 1811 430 1849 transeundo,
448 1810 682 1849 quotiescumque
701 1811 855 1850 voluerint,
874 1821 923 1849 per
932 1811 1084 1842 Districtus
1101 1820 1149 1842 aut
1158 1813 1255 1851 Loca,

188 1850 304 1880 Ditioni
325 1849 429 1880 nostrae
456 1849 596 1887 subjecta,
627 1849 662 1880 ad
686 1849 827 1887 Regnum
849 1850 978 1881 nostrum
1000 1850 1121 1888 ubique,
1146 1850 1253 1881 ibidem

191 1888 351 1933 rnorando,
370 1888 404 1919 &
423 1887 616 1918 Mercimonia
630 1888 675 1919 sua
691 1889 885 1927 excercendo,
907 1890 941 1920 &
955 1887 1158 1919 Commodum
1171 1889 1254 1920 suum

191 1927 258 1957 inde
274 1926 422 1965 faciendo,
445 1928 478 1958 &
499 1926 622 1966 abinde,
641 1927 755 1964 quando
770 1928 819 1957 fibi
834 1928 984 1965 placuerit,
1001 1929 1030 1957 in
1046 1927 1195 1958 Franciam
1211 1938 1255 1958 re-

193 1964 325 2009 deundo,
342 1966 371 1995 in
380 1965 594 1996 protectionem
608 1967 642 1997 &
659 1965 861 1996 Defensionem
876 1966 1001 1996 nostram
1015 1966 1089 1996 susce
1111 1967 1182 1997 imus
1195 1967 1256 2005 spe-

190 2003 309 2041 cialem,
327 2014 444 2034 necnon
461 2005 490 2033 in
510 2003 617 2034 salvum
631 2005 664 2035 ὅ(
685 2003 816 2034 securum
832 2003 1021 2035 Conductum
1036 2015 1077 2035 no
1102 2015 1186 2044 rum;

192 2041 266 2111 L?
280 2042 356 2087 'ideo
379 2042 463 2073 vobis
486 2041 670 2080 mandamus,
685 2041 745 2078 &ci
763 2049 846 2082 prout
870 2046 899 2073 in
917 2043 1050 2084 fimrlibus
1068 2044 1100 2074 de
1118 2045 1257 2075 conduelu

223 2091 231 2108 1
246 2090 307 2109 8775.

227 2117 263 2148 In
277 2118 355 2156 cujus
369 2119 430 2150 ἃς.
465 2129 494 2148 er
510 2128 599 2148 unum
617 2118 736 2149 Annum
758 2118 908 2150 duraturas.

267 2155 335 2187 Dat.
349 2157 423 2195 apud
437 2129 525 2188 gates.
541 2156 657 2188 decimo
669 2158 774 2189 ottavo
789 2158 835 2188 die
849 2158 995 2190 OCtobris.

725 2237 779 2265 Per
796 2235 880 2277 ipsicm
897 2238 993 2275 Regem
1013 2234 1050 2272 ὠ
1068 2236 1224 2267 Concilium.

194 2379 253 2410 Pro
276 2372 414 2411 Ducibus
448 2376 623 2423 Bituricenfi
649 2380 686 2416 (ῤ’
713 2377 942 2424 Andegavenfi,
982 2382 1013 2412 in
1036 2376 1156 2424 Obfia'es
1187 2391 1259 2412 ven-

682 2431 770 2461 turis.

198 2510 285 2566 RE
294 2510 325 2542 X
341 2510 509 2550 Univerfis‚
523 2511 586 2543 διε.
621 2512 754 2544 Salutem.

296 2550 394 2581 Sciatis
412 2550 492 2588 quod

234 2588 315 2619 Cum
351 2589 471 2619 Illustres
488 2573 601 2632 buces,
620 2586 793 2633 Bituricenfis
813 2592 846 2624 &
861 2591 1003 2630 Alverne,
1020 2601 1053 2622 ac
1067 2585 1263 2628 Andegaven-

197 2627 229 2658 fis
251 2629 284 2659 &
308 2611 531 2671 Cenomanensis
538 2649 548 2665 ,
569 2636 628 2665 jam
650 2628 844 2673 in'Regnum
867 2630 1001 2669 Angliae,
1018 2630 1048 2660 in
1065 2629 1186 2660 Obsides
1210 2640 1262 2667 pro

199 2666 291 2696 Fratre
306 2666 405 2696 nostro
421 2666 564 2703 Franmae,
584 2675 715 2705 venturi,
733 2671 908 2700 oneraverint
919 2669 1082 2707 johannem
1096 2668 1131 2698 de
1141 2668 1262 2698 Marem<

198 2705 232 2735 &
247 2704 365 2734 Petrum
383 2704 518 2749 Marisel,
531 2703 716 2748 *Mercatores
736 2707 769 2737 δε
791 2707 944 2746 Burgenses
966 2708 1050 2739 Villae
1071 2706 1263 2744 Rabastenfis,

199 2743 233 2772 ad
256 2742 492 2785 DucentatDolia
515 2742 598 2780 Vim,
616 2744 649 2773 &
671 2744 723 2774 alia
744 2744 841 2785 Bona,
858 2747 891 2777 &
915 2745 1119 2780 Mercandisas,
1137 2755 1190 2784 pro
1205 2744 1264 2775 Ex-

199 2780 288 2818 pensts
313 2780 511 2824 Hospinorum
529 2781 698 2812 eorumdem
714 2782 852 2822 Ducum,
872 2786 902 2814 in
922 2784 1033 2815 dictum
1050 2783 1187 2822 Regnum
1211 2793 1265 2813 no—

200 2818 290 2848 strum
304 2818 419 2855 Angliae
434 2818 597 2849 ducendum
608 2841 617 2857 ,

238 2856 418 2901 Suscepimus
428 2857 501 2903 ipsos
510 2879 519 2895 ,
533 2855 697 2900 Jobannem
710 2859 744 2889 ὅ(
759 2858 876 2890 Petrum
885 2882 895 2898 ,
915 2869 949 2890 ac
962 2869 1062 2890 eorum
1071 2859 1216 2891 Homines
1231 2860 1265 2891 &

199 2893 373 2939 Servientes‚
392 2906 447 2926 una
462 2905 530 2926 cum
545 2895 643 2934 Vinis,
664 2895 766 2935 Bonis,
785 2898 818 2928 &
837 2898 895 2928 aliis
911 2897 1097 2930 Mercandifis
1110 2899 1268 2937 praedictis,

199 2943 235 2964 ac
251 2933 332 2978 Navi
346 2944 377 2964 ea
391 2933 534 2965 deferente
546 2957 557 2972 ,
573 2933 632 2969 &a
650 2941 682 2963 ut
697 2939 726 2964 in
745 2938 849 2966 Literis
866 2937 897 2966 de
916 2937 1059 2967 Conducfi‘u.

199 3008 216 3038 f
231 2971 272 3040 tIn
285 2981 377 3041 cujiciis,
392 2974 454 3004 &c-
471 2972 554 3012 usque
569 2972 602 3004 ad
618 2972 734 3003 Festum
744 2973 982 3014 Sanctijohannis
990 2975 1120 3014 Baptistae
1134 2976 1267 3014 proximo

214 3020 323 3041 uurum
358 3020 483 3042 uraturas.

238 3048 308 3080 Dat.
325 3050 399 3088 apud
417 3049 558 3081 calesium
569 3072 579 3088 ‚
598 3049 735 3081 vicesimo
755 3050 800 3082 die
817 3050 966 3082 Octobris.

297 3187 450 3239 obligatio
478 3193 608 3239 Epiftopi
629 3192 665 3226 de
687 3195 791 3244 Noyon
809 3205 864 3242 pro
889 3193 1091 3242 Redemptione
1107 3195 1180 3240 sita.

212 3274 264 3332 Α
280 3272 372 3344 ’lI'ouz
387 3276 479 3315 ceuls,
498 3278 546 3315 qui
561 3287 606 3308 ces
618 3278 750 3322 presentes
766 3280 875 3310 Lettres
888 3288 1003 3311 verront
1017 3289 1057 3311 ou
1072 3289 1170 3312 orront
1180 3304 1188 3320 ,
1207 3277 1273 3312 Gil-

295 3325 340 3353 es,
358 3324 404 3353 par
418 3314 442 3355 la
457 3323 543 3353 grace
557 3316 592 3346 de
607 3317 684 3347 Dieu
694 3340 704 3355 ,
720 3317 844 3355 Euesque
858 3319 893 3349 de
908 3320 1016 3360 Noyon
1025 3342 1036 3357 ,
1054 3320 1138 3350 Salut.

208 3350 456 3421 PrffgrneaigouS,
481 3364 554 3422 pogr
569 3355 706 3423 gausede
727 3355 820 3399 nostre
836 3355 976 3388 Raencon
999 3359 1033 3389 ὃς
1051 3358 1212 3388 delivrance
1237 3356 1273 3388 de

210 3427 258 3458 cin
277 3413 361 3459 nante
374 3402 694 3469 ὒῐὲῐῖιιῗιῖῖςεὲξίλῖςέῃξᾶξῑῐ
709 3401 864 3424 cei-tamnes

209 3467 245 3498 de
269 3475 327 3498 ouz
340 3466 442 3505 escript
455 3469 688 3501 aTresexcellent
702 3469 937 3508 &Trespuiffant
945 3471 1065 3509 Prince,
1085 3470 1205 3503 Monser
1213 3471 1273 3503 Ed-

209 3505 302 3544 ward,
320 3513 368 3543 par
382 3505 407 3535 la
416 3515 502 3545 grace
516 3508 551 3538 de
566 3508 657 3547 Dieu,
675 3508 887 3547 d’Angleterre,

248 3543 287 3575 Et
306 3542 448 3582 vennatis,
466 3554 515 3581 par
535 3546 604 3589 celle
623 3546 704 3578 cause
723 3549 757 3579 &
779 3557 852 3586 pour
872 3555 960 3591 autres
980 3547 1116 3590 diverses,
1133 3550 1168 3580 δε
1181 3549 1273 3581 moult

209 3582 418 3662 ffggtaebxlegeffi
428 3581 590 3658 ἓὲξὲὲΐεπεε
602 3595 618 3616 a
631 3594 704 3616 mon
722 3586 815 3624 Lstat,
839 3595 974 3625 pourvoir
997 3597 1013 3617 a
1035 3587 1060 3617 la
1074 3590 1162 3617 ieurte
1177 3587 1215 3618 du
1228 3589 1271 3620 dit

208 3643 758 3730 nginqizrfaffirsscqueziissgsssges&
772 3663 992 3731 ι-εςὲἱςηοίῑίΐοῑέε1
999 3662 1069 3718 estre
1084 3664 1191 3719 bon-³&
1200 3663 1228 3694 lo
1248 3664 1272 3695 al

248 3747 293 3776 es,
311 3739 345 3770 δε
360 3736 399 3767 lui
413 3706 513 3767 devo>ir
525 3708 643 3781 &effre
659 3710 820 3778 1οὲῗύιῖἴέιὲ
826 3710 941 3776 tefn’uzffi,s
950 3703 1116 3776 pogircssusd
1128 3703 1272 3772 dgsngigtrle

238 3784 267 3807 te
288 3775 447 3813 Raencon,
461 3785 496 3805 en
511 3775 535 3805 la
551 3776 670 3819 bomrne
690 3776 726 3806 de
748 3777 836 3807 Neuf
854 3777 925 3808 Mile
948 3776 1039 3807 Escuz
1060 3778 1098 3808 du
1112 3778 1211 3816 Coing
1233 3780 1271 3810 du

208 3812 276 3854 Roy
285 3813 376 3853 Jehan
392 3813 528 3851 Monser‚
546 3811 707 3857 Cinquante
722 3814 801 3845 Mars
816 3815 955 3852 d’Argent
966 3825 1066 3847 ouvres
1078 3816 1113 3846 de
1126 3816 1218 3856 Paris,
1236 3819 1270 3848 &

209 3860 249 3882 un
265 3853 324 3883 bon
339 3851 473 3884 Coursier
487 3853 525 3883 du
540 3861 595 3890 pris
610 3853 645 3882 de
660 3851 737 3883 Cent
755 3853 899 3883 Moutons
912 3853 1003 3892 d'Or,

210 3889 1273 3967 ditarettzsaai⁵ffiaff¹²23⁵13'sgg03g223t00ss‘destris}

211 3951 560 4011 pas'nostresserement,
584 3940 633 3998 fath
651 3968 693 4012 sur
716 3940 753 3999 lEs
782 3951 849 3999 fains
867 3939 1043 4005 >{iuvangilees
1065 3941 1273 4009 Μοηῗὲξῒεὴυ

212 4003 327 4041 Christ,
345 4014 418 4043 parer
432 4007 466 4036 &
477 4006 575 4037 rendre
590 4018 624 4037 au
639 4006 679 4037 dit
699 4006 764 4047 Roy
781 4007 988 4045 d³Engleterre,
999 4006 1058 4041 (ἕνα.

246 4040 535 4114 Eris-gneslmssigssarffe
546 4045 583 4077 de
596 4054 688 4077 toutes
704 4046 741 4076 les
754 4046 858 4085 quelles
873 4045 970 4076 choses
983 4045 1073 4077 deffus
1086 4044 1175 4085 dites,
1191 4047 1225 4078 &
1239 4046 1276 4076 de

1295 145 1761 195 PUBLICAJ
2279 154 2358 200 217‘

1286 238 1426 269 chascune
1441 236 1577 274 d'icelles,
1597 245 1668 266 nous
1682 245 1770 266 avons
1784 233 1854 265 Selle
1874 244 1920 266 ces
1935 234 2071 273 presentes
2081 233 2189 263 Lettres
2203 231 2240 262 de
2260 231 2354 261 nustre
2375 226 2449 262 Arm.
2463 223 2505 267 11·

1288 275 1614 351 prffiissessgelbonnoes
1631 323 1647 342 a
1664 311 1822 348 Bouloigne
1843 310 1885 341 sur
1901 311 1925 340 la
1941 310 2008 341 Mer
2019 334 2027 348 ,
2044 309 2069 340 le
2083 310 2136 349 xxij
2148 309 2214 347 jour
2229 307 2354 338 d‘Oeto-
2375 272 2486 348 ΕΞΞῩΞ.

1289 355 1353 390 bre,
1369 352 1435 382 l'An
1447 351 1483 381 de
1503 362 1586 389 grace
1600 350 1676 389 Mil,
1694 350 1783 381 Trois
1799 348 1893 387 CenS,
1918 349 2059 380 Soixante.

1320 426 1440 495 Sigglgllum
1465 425 1600 465 oblongum
1624 425 1792 467 Episcopale,
1816 429 1890 456 Cerae
1919 425 2006 456 rubeae
2034 421 2199 464 impreffiem,
2223 434 2241 451 a
2259 422 2356 452 Cauda¹

1382 476 1537 503 ergamenae.

1287 592 1382 635 Super
1406 585 1612 632 Redemptione
1635 585 1805 627 annalista,
1839 585 1992 634 Oblgatio
2016 588 2138 620 Comitis
2161 584 2197 616 de
2218 586 2355 618 Tancar-

1579 635 1652 668 ville
1674 637 1711 672 ρὰ·
1738 632 1858 667 Robcrti
1882 635 1919 667 de
1943 637 2070 668 Larriz.

1293 719 1344 774 A
1362 720 1453 751 Touz
1468 720 1561 758 ceuls,
1578 720 1626 758 qui
1642 728 1689 750 ces
1710 717 1844 762 presentes
1859 718 1965 749 Lettres
1980 727 2094 750 verront
2113 729 2153 750 ou
2174 720 2289 756 o'rront,
2304 717 2354 755 Je-
2379 718 2451 749 Arm.
2468 710 2512 750 D³

1366 759 1419 788 han
1435 759 1530 789 Conte
1552 758 1588 788 de
1603 757 1801 793 Tancarvssle,
1820 757 1965 787 Vicontez
1989 758 2023 788 de
2040 758 2156 788 Melcun
2168 780 2178 795 ,
2198 756 2355 787 Chambel-
2399 757 2484 790 1260.

1287 795 1345 825 leur
1359 796 1394 826 de
1410 797 1519 826 France
1533 797 1566 826 &
1582 795 1618 824 de
1634 794 1833 831 Normandie,
1850 796 1883 826 &
1900 796 2007 826 Robert
2022 796 2056 826 de
2080 797 2201 834 Lorriz,
2222 795 2353 834 Seigneur
2376 793 2428 825 Aa]
2448 806 2492 833 34.-

1291 833 1525 871 Dermenoville,
1551 832 1702 871 Chivaler,
1726 833 1887 864 confess‘ons
1910 844 1963 871 que
1992 834 2095 872 Nous,
2117 836 2151 865 δὲ
2174 834 2295 864 chascun
2318 834 2352 861 *Ie
2388 840 2404 861 ἶ
2432 844 2455 868 3.

1290 881 1378 908 nous,
1397 882 1468 914 pour
1483 872 1508 902 le
1524 880 1586 902 tout
1596 894 1605 909 ,
1621 870 1713 902 fomes
1726 872 1832 901 Tenuz
1845 873 1878 903 δὲ
1893 872 2026 912 Obligiez
2039 883 2072 910 a,
2097 872 2304 902 Tresexcellant
2319 872 2351 902 &
2375 878 2413 899 ai:
2428 868 2487 900 Au:

1290 910 1485 948 Trespuiilant
1501 910 1622 948 Prince,
1641 909 1757 939 Monser
1771 909 1894 940 Edward
1927 921 1973 947 pir
1987 911 2009 941 la
2025 919 2108 950 grace
2123 911 2158 940 de
2175 909 2265 948 Dieu,
2284 909 2353 949 Ray
2375 919 2438 948 togr.

1290 948 1504 992 d’Engleterre,
1523 959 1558 979 en
1572 948 1657 978 Neuf
1662 947 1735 978 Mile
1750 948 1844 978 Escuz
1858 933 1948 986 δότ,
1966 950 2004 978 du
2019 950 2121 985 Coing
2135 948 2174 978 du
2190 947 2257 986 Roy
2266 948 2357 985 Jehan

1294 986 1436 1026 Mefieur,
1458 986 1624 1025 Cinquante
1642 984 1722 1016 Mars
1744 986 1884 1025 d’Argent
1907 987 1942 1016 de
1966 986 2038 1018 Paris
2057 997 2179 1023 ouvres,
2197 987 2229 1016 &
2246 996 2283 1015 un
2298 986 2360 1015 bon

1293 1024 1428 1056 Couriier
1450 1025 1489 1056 du
1510 1028 1565 1064 pris
1580 1025 1616 1056 de
1634 1023 1712 1055 Cent
1734 1024 1875 1054 Moutons
1889 1023 1979 1063 d'Or,
2001 1036 2070 1063 pour
2086 1025 2109 1055 la
2127 1023 2206 1054 cause
2221 1023 2256 1052 de
2273 1022 2361 1053 Reste

1293 1063 1366 1094 dela
1383 1064 1542 1102 Raencon,
1566 1062 1602 1094 de
1625 1062 1771 1093 Reverent
1794 1063 1863 1093 l'ere
1882 1073 1918 1093 cn
1935 1063 2028 1101 Dieu,
2053 1062 2199 1093 Moniieur
2215 1060 2304 1091 Gilles
2326 1061 2362 1091 de

1296 1103 1393 1133 Lorris
1413 1102 1558 1141 l‘Evesque
1578 1102 1614 1132 de
1637 1101 1764 1142 Noyon,
1789 1102 1822 1132 &
1846 1111 1917 1139 pour
1938 1112 2025 1132 autres
2050 1103 2184 1132 certaines
2207 1100 2316 1137 causes,
2342 1099 2362 1130 fi

1295 1151 1416 1172 comme
1432 1151 1460 1171 es
1477 1141 1583 1171 Lettres
1599 1140 1792 1177 Obligatoires
1805 1139 1844 1171 du
1857 1139 1899 1170 dit
1915 1138 2061 1178 Evesque,
2083 1140 2143 1170 faits
2170 1146 2203 1169 au
2218 1138 2260 1168 dit
2276 1138 2362 1177 Roy,

1293 1179 1333 1210 est
1351 1180 1412 1217 plus
1427 1179 1600 1217 pleinement
1621 1186 1756 1210 contenu.
1815 1211 1817 1214 ⁴

1333 1218 1386 1248 Les
1399 1218 1500 1256 quelles
1515 1217 1650 1248 Sommes
1672 1217 1765 1255 d’Or,
1784 1215 1864 1247 Mars
1880 1215 2036 1256 d'Argent,
2056 1217 2088 1247 &
2111 1214 2244 1246 Courlier
2265 1218 2363 1245 avarit-

1294 1255 1362 1293 diz,
1380 1257 1483 1294 Nous,
1498 1256 1588 1294 Jehan
1610 1255 1706 1286 Come
1721 1254 1757 1285 de
1778 1254 1977 1292 Tancarville,
2002 1257 2034 1286 &
2051 1254 2163 1284 Robert
2184 1256 2220 1283 u'e
2244 1253 2361 1290 Lorriz,

1293 1294 1433 1334 Seignour
1455 1294 1672 1325 Dermenoville
1695 1293 1785 1325 dessus
1807 1293 1871 1332 diz‚
1895 1296 1928 1325 ὃ(
1951 1294 2073 1324 chascun
2096 1293 2131 1323 de
2154 1303 2225 1322 nous
2248 1301 2318 1330 pour
2335 1291 2361 1322 le

1295 1341 1358 1363 tour
1374 1342 1548 1377 promettons
1563 1334 1596 1364 &
1609 1334 1706 1372 jurons
1723 1343 1771 1370 pat
1785 1333 1824 1362 les
1836 1333 1896 1363 foiz
1911 1333 1946 1363 de
1961 1342 2013 1362 nos
2026 1341 2124 1381 corps,
2139 1331 2202 1365 dvc.

1331 1370 1377 1401 En
1392 1372 1621 1411 Telmoignance
1636 1372 1672 1402 de
1686 1379 1775 1402 toutes
1794 1370 1832 1400 les
1846 1370 1947 1409 quelles
1962 1370 2058 1401 choses
2070 1370 2161 1400 uellus
2177 1370 2266 1407 dites,
2291 1378 2362 1398 nous

1293 1419 1383 1440 avons
1394 1409 1483 1441 Seelle
1499 1420 1546 1440 ces
1562 1410 1696 1448 presentes
1712 1409 1820 1440 Lettres
1835 1410 1872 1440 de
1887 1419 1946 1440 noz
1961 1419 2074 1449 propres
2090 1409 2123 1437 St.
2133 1409 2170 1438 ⁴ls.

1331 1447 1421 1478 Faites
1437 1449 1470 1479 &
1485 1447 1622 1479 Donnees
1639 1460 1654 1479 a
1669 1447 1778 1485 Calais,
1797 1447 1822 1477 le
1838 1449 1892 1485 xxij
1912 1449 1977 1486 jour
1998 1448 2035 1477 du
2051 1457 2132 1488 moys
2154 1447 2188 1477 de
2212 1445 2363 1482 Octobre,

1301 1485 1366 1518 l'An
1381 1486 1418 1518 de
1433 1485 1530 1518 Grace
1546 1486 1620 1524 Mil,
1639 1486 1728 1517 Trois
1744 1485 1844 1524 Cenz,
1861 1485 2004 1516 Soixante'·

1363 1617 1420 1648 Pro
1443 1609 1637 1660 Burgenfibus
1660 1609 1696 1645 de
1720 1611 1867 1658 Rupella,
1892 1607 1927 1644 de
1953 1611 2125 1657 Frivilegiis
2152 1608 2290 1651 conccffis.»

1297 1698 1427 1755 REX
1446 1698 1610 1737 Univerfis,
1633 1698 1777 1737 praesentes
1791 1697 1899 1729 Literas
1921 1696 2099 1734 inspecturis,
2116 1703 2149 1725 ac
2163 1695 2264 1732 etiam,
2283 1693 2360 1724 audi—
2384 1685 2460 1717 Am]-
2482 1686 2519 1717 P-

1374 1739 1458 1777 turis,
1477 1737 1609 1768 Salutem.
2400 1725 2488 1774 J360·

1333 1777 1429 1816 Qua,
1447 1786 1497 1814 per
1511 1776 1679 1807 Tradfflum
1693 1775 1789 1813 Pacis,
1805 1774 1934 1805 habiturn
1950 1775 2020 1804 inter
2035 1771 2102 1802 Nos
2118 1772 2151 1802 &
2167 1771 2290 1802 Fratrem
2306 1780 2357 1801 no·
2380 1773 2422 1791 ²1¹*
2459 1775 2503 1801 ἑψ-

1295 1816 1385 1847 strum
1399 1816 1516 1852 Regem
1531 1815 1673 1852 Franciae,
1692 1813 1766 1844 Villa
1780 1813 1816 1844 de
1834 1813 1967 1851 Rupella,
1985 1821 2052 1842 cum
2061 1810 2183 1848 Castro,
2201 1810 2361 1847 Fortalitiis,
2384 1808 2402 1829 Ε
2443 1822 2447 1831 «

1295 1857 1330 1887 &
1343 1855 1395 1889 suis
1410 1853 1467 1885 aliis
1482 1853 1660 1884 Pertinentiis
1673 1854 1708 1884 &
1718 1852 1923 1890 Appendentiis
1941 1850 2089 1890 univerfis,
2107 1849 2206 1880 nostro
2216 1848 2360 1878 Dominio
2385 1846 2520 1916 (EQ-‘'pud‘-

2385 1928 2423 1946 m.
2437 1928 2464 1954 4.

1296 1894 1414 1924 debeant
1427 1892 1559 1930 applicari
1569 1914 1578 1930 ,
2232 1916 2235 1917 γ

1334 1931 1451 1962 Idcirco
1476 1930 1602 1968 Majori,
1625 1928 1771 1968 scabinis,
1798 1927 1932 1968 Paribus,
1959 1927 2197 1966 Burgenfibusque
2217 1924 2368 1963 Rupeuae,

1298 1981 1346 2010 per
1361 1969 1522 2008 praesentes,
1539 1967 1727 2000 concedimus
1745 1967 1825 2006 quod
1846 1968 1952 1998 dietam
1967 1967 2090 2004 Villam,
2111 1975 2177 1995 curn
2201 1964 2252 1994 suis
2274 1963 2366 1993 Perti·-

1298 2010 1401 2079 ffintiis
1411 2033 1421 2048 ,
1440 2008 1538 2039 futuris
1553 2007 1749 2046 temporibus,
1767 2014 1843 2038 extra
1859 2006 1983 2037 Manum
2000 2005 2127 2036 nostram
2143 2003 2292 2042 aliqualiter
2305 2011 2367 2032 non

1346 2057 1454 2079 nemus.

1339 2088 1385 2118 Ac
1407 2086 1514 2124 insuper
1536 2085 1711 2116 Ordinamus
1736 2091 1766 2115 ut
1787 2082 1960 2115 Castellanus
1982 2080 2077 2113 Castri
2105 2081 2141 2112 de
2163 2079 2296 2118 Rupella,
2321 2078 2367 2110 seu

1301 2124 1407 2156 Custos
1420 2126 1468 2163 qui
1482 2134 1535 2164 pro
1547 2133 1676 2162 tempore
1693 2123 1795 2161 suerit,
1812 2121 1968 2153 Senescallo
1981 2120 2097 2158 nostro,
2114 2119 2161 2150 vel
2179 2120 2236 2157 ejus
2250 2118 2366 2147 Locum

1301 2165 1422 2202 tenenti,
1442 2163 1657 2194 Sacramentum
1673 2161 1774 2199 faciat,
1794 2163 1823 2191 in
1837 2160 1981 2199 praesentia
1998 2158 2118 2196 Majoris
2134 2158 2216 2188 Villae
2225 2179 2235 2195 ,
2251 2158 2297 2194 qui
2314 2166 2366 2193 pro

1302 2211 1431 2241 tempore
1445 2202 1545 2239 fuerit,
1564 2201 1600 2240 si,
1616 2202 1746 2238 congrue
1762 2201 1961 2238 praernonitus,
1979 2197 2070 2228 adeffe
2085 2197 2203 2227 voluerit
2212 2197 2274 2237 ,ne
2283 2193 2367 2238 Gen-

1301 2250 1342 2272 tes
1357 2251 1521 2278 armorum,
1539 2250 1593 2271 nec
1609 2240 1689 2278 alias,
1706 2246 1793 2276 ponet
1814 2238 1861 2269 seu
1883 2237 1998 2274 recipiet
2019 2237 2047 2266 in
2070 2234 2189 2272 Castro,
2215 2240 2258 2263 ieu
2282 2242 2367 2263 etiam

1302 2282 1407 2311 morari
1422 2279 1571 2318 aliqualiter
1585 2279 1723 2316 patietur,
1741 2287 1789 2315 per
1804 2287 1886 2316 quas,
1905 2276 1950 2305 vel
1966 2284 2066 2305 eorum
2081 2275 2221 2312 aliquam,
2240 2271 2368 2309 Burgen-

1302 2319 1374 2350 fibus
1388 2319 1434 2350 vel
1449 2318 1665 2348 Habitatoribus
1679 2316 1819 2354 praedic‘tis
1834 2313 1919 2353 possit
1935 2313 2103 2350 Dampnum
2117 2321 2163 2343 aut
2177 2309 2369 2354 Injuriainfli-

1302 2358 1333 2394 gi
1347 2358 1391 2388 vel
1406 2357 1518 2393 inferri,
1537 2354 1700 2386 dummodo
1716 2355 1746 2383 in
1760 2353 1891 2384 fidelitate
1904 2353 1936 2383 &
1951 2352 2111 2381 obedientia
2127 2350 2228 2380 nostris
2243 2348 2360 2379 existant

1301 2397 1335 2427 ὃ(
1358 2397 1387 2426 in
1410 2395 1554 2425 Officium
1575 2392 1725 2423 Castellani
1745 2391 1960 2430 quomodolibet
1983 2400 2043 2420 non
2065 2389 2260 2419 committant:
2290 2370 2371 2425 quod

1300 2435 1445 2473 praedietis
1462 2432 1646 2470 Burgensibus
1666 2430 1857 2461 conceffimus
1879 2431 1912 2461 ὃ(
1928 2427 2131 2465 concedimus;
2149 2433 2198 2465 per
2214 2425 2373 2464 praesentes,

1301 2483 1333 2504 ut
1348 2472 1498 2507 Officiales,
1510 2471 1618 2510 nostri,
1633 2470 1667 2500 &
1682 2469 1808 2508 Gentes,
1823 2469 1943 2507 superius
1959 2468 2132 2505 nominat-ae,
2150 2468 2180 2495 in
2197 2474 2295 2495 amore
2311 2474 2373 2494 me-

1299 2512 1352 2543 lius
1370 2511 1550 2549 perseverent.
2353 2534 2356 2536 ,

1343 2550 1388 2581 [T
1398 2559 1416 2580 E
1427 2557 1472 2588 M,
1490 2549 1509 2578 fi
1525 2548 1677 2585 contingat
1694 2546 1777 2577 alicui
1790 2544 1942 2582 Burgensi,
1960 2543 2006 2574 vel
2030 2543 2112 2574 alicui
2128 2544 2155 2572 in
2173 2542 2247 2573 Villa
2262 2541 2374 2581 Rvipel-

1304 2588 1358 2627 lae,
1374 2599 1426 2627 pro
1440 2597 1534 2623 nunc,
1553 2585 1598 2617 vel
1613 2587 1645 2616 in
1659 2585 1802 2623 futurum,
1821 2583 1976 2621 habitanti,
1994 2580 2127 2621 Injuriam
2140 2581 2186 2612 vtl
2201 2581 2373 2619 Dampnum

1305 2627 1401 2658 inferri
1423 2627 1452 2656 in
1468 2625 1618 2663 Corpore,
1640 2624 1697 2654 five
1714 2623 1816 2662 Bonis,
1835 2632 1868 2653 ex
1883 2632 1919 2652 eo
1934 2621 2011 2659 quod
2026 2622 2141 2658 primo,
2155 2620 2232 2657 juxta
2246 2619 2372 2649 fornum

1303 2663 1455 2696 Tractatfis
1480 2663 1625 2703 praedicti,
1651 2661 1686 2693 ad
1708 2660 1834 2692 nostram
1857 2660 2065 2691 Obedienriam
2096 2658 2254 2696 devenerit,
2281 2659 2374 2696 ipjum

1306 2703 1497 2741 Indempnem
1514 2702 1619 2732 servare
1634 2701 1829 2738 promittimus
1847 2700 1923 2737 juxta
1934 2698 2009 2737 juris
2030 2698 2203 2735 exigentiam
2215 2719 2223 2734 ,
2244 2698 2374 2727 faciendo

1303 2741 1356 2781 Jus
1371 2742 1405 2773 δε
1416 2741 1557 2781 Justitiam
1573 2741 1646 2770 inter
1661 2738 1760 2770 Partes.
2355 2767 2358 2770 ⁴

1344 2780 1476 2818 ITEM,
1503 2778 1662 2816 Volumus,
1685 2776 1913 2815 Constituimus,
1940 2776 1974 2807 &
1995 2776 2080 2805 etiam
2102 2774 2275 2804 Ordinamus
2294 2773 2374 2812 Judi⁴

1307 2824 1373 2850 cem
1389 2818 1599 2857 Suppremum‚
1616 2817 1666 2855 qui
1680 2817 1711 2846 in
1725 2816 1825 2846 eadem
1840 2815 1913 2845 Villa
1928 2814 2031 2852 (donec
2047 2812 2083 2843 de
2105 2813 2172 2843 loco
2185 2813 2240 2842 alio
2255 2822 2374 2849 compe-

1308 2859 1378 2889 tenti
1394 2858 1425 2887 in
1440 2857 1492 2888 illis
1507 2856 1631 2894 partibus
1646 2853 1724 2885 aliter
1738 2854 1900 2885 duxerimus
1921 2851 2121 2887 ordinandum)
2140 2851 2175 2881 de
2190 2852 2327 2880 omnibus
2341 2851 2374 2881 δε

1309 2896 1424 2934 fingulis
1450 2894 1694 2933 Appellationum,
1721 2892 1943 2929 interpositarum
1975 2891 2009 2921 &
2032 2889 2316 2928 interponendarum,
2341 2888 2375 2919 ad

1309 2935 1486 2973 suppremam
1501 2933 1622 2964 Curiam
1643 2931 1768 2962 nostram
1789 2931 1916 2968 ibidem,
1935 2928 2108 2971 cognoscat,
2133 2928 2150 2948 ⁴*
2170 2929 2203 2959 &
2220 2938 2263 2958 eis
2277 2927 2375 2958 debito

1311 2973 1382 3003 Fine
1396 2974 1525 3003 terminet
1547 2972 1579 3002 &
1594 2969 1724 3008 decidat,
1742 2969 1865 3000 volentes
1882 2978 1942 2998 non
1964 2969 2054 2997 ioium
2075 2968 2109 2998 ad
2133 2966 2224 2997 futura
2246 2975 2375 3003 neffotia,

1309 3011 1348 3042 set
1363 3011 1397 3041 ad
1415 3010 1573 3049 praesentia,
1593 3010 1626 3040 δε
1643 3015 1691 3046 per
1705 3008 1919 3046 appellationem
1934 3005 2099 3044 pendentia,
2119 3005 2177 3035 hoc
2194 2991 2313 3035 extendi.

1350 3049 1480 3087 ITEM,
1507 3047 1704 3078 Promittimus
1727 3046 1851 3084 Majori,
1877 3045 2026 3082 Scabinis‚
2057 3054 2090 3075 ac
2114 3043 2314 3081 Burgcniiiws,
2341 3042 2374 3072 &

1310 3083 1526 3119 Habitatoribus
1549 3085 1690 3123 Rupellae,
1711 3086 1744 3117 ὃς
1764 3084 1880 3115 cuilibet
1897 3082 2082 3120 eorumdem,
2101 3083 2198 3122 quod,
2224 3082 2241 3111 li
2262 3082 2376 3111 coutin-

1313 3135 1362 3164 gat
1376 3136 1474 3158 eorum
1489 3126 1610 3166 aliquem
1619 3123 1755 3153 Deffidari
1764 3146 1773 3161 ,
1791 3123 1835 3154 vel
1851 3123 1927 3152 aliter
1960 3131 1989 3151 er
2005 3123 2080 3151 viam
2096 3121 2162 3151 facti
2180 3122 2286 3156 gravari
2298 3142 2306 3156 ,
2327 3129 2374 3155 per

1313 3164 1478 3203 personam,
1505 3164 1707 3201 cujuscumque
1729 3160 1814 3192 status
1835 3161 1880 3191 vel
1902 3171 1935 3190 au
1956 3161 2073 3189 toritatis
2092 3159 2204 3196 existat,
2230 3157 2311 3194 ipsos,
2341 3158 2374 3188 ὃς

1313 3214 1415 3234 eorum
1439 3203 1608 3241 quemlibet,
1631 3202 1690 3230 tam
1719 3201 1749 3229 in
1770 3200 1936 3237 communi,
1963 3200 2048 3235 quarn
2072 3198 2154 3227 etiam
2178 3198 2207 3226 in
2229 3196 2378 3233 iiuguiari,

1314 3251 1399 3280 prout
1416 3241 1563 3272 Dominus
1585 3238 1676 3269 fideles
1697 3237 1758 3268 suos
1780 3238 1916 3268 Subditos
1938 3245 2063 3274 tenetur,
2082 3236 2275 3275 detens'ereac
2291 3235 2375 3264 etiarn

1315 3280 1482 3317 Garentire,
1500 3280 1532 3310 ὅ(
1549 3277 1802 3316 Deffyamentum,
1819 3277 1862 3306 seu
1883 3275 2069 3316 Dampnum,
2090 3274 2166 3315 quod
2190 3274 2250 3310 ipiis
2267 3271 2377 3316 inflige·-

1314 3328 1376 3357 tur,
1392 3319 1511 3348 nomine
1524 3316 1745 3355 praedictorum,
1772 3326 1871 3353 capere
1885 3314 1917 3344 δε
1935 3314 1967 3343 ad
1985 3313 2082 3342 hincm
2102 3311 2231 3341 debiturn
2246 3311 2277 3340 ὃς
2292 3320 2376 3341 ratio-⁷

1315 3358 1439 3388 nabilem
1453 3357 1556 3387 ducere
1572 3364 1623 3393 pro
1639 3353 1752 3384 eisdem.

1351 3395 1398 3426 [Τ
1410 3405 1426 3425 Ε
1436 3404 1463 3426 Μ
1473 3418 1482 3433 ,
1500 3395 1657 3429 Volumus,
1674 3392 1707 3422 &
1721 3392 1806 3422 etiam
1821 3390 2010 3425 Ordinamus,
2034 3387 2112 3429 quod
2136 3386 2224 3417 nullus
2238 3386 2380 3418 Officialis

1315 3434 1428 3472 noster,
1448 3434 1493 3464 seu
1511 3434 1561 3463 alia
1577 3431 1715 3468 Persona,
1732 3429 1935 3467 cujuscumque
1957 3426 2041 3456 status
2065 3431 2107 3455 ieu
2127 3425 2297 3455 conditioni»
2319 3427 2377 3456 cxi-

1315 3473 1386 3510 stat,
1409 3473 1500 3510 capiat
1522 3481 1571 3509 per
1587 3469 1628 3507 se,
1654 3468 1699 3499 vel
1721 3479 1769 3506 per
1791 3469 1894 3503 alium,
1913 3466 2025 3507 EquoS,
2046 3463 2200 3501 Cadrigas,
2219 3464 2379 3503 Animalia,

1315 3521 1369 3541 nec
1385 3511 1433 3540 alia
1451 3510 1476 3540 V
1481 3510 1604 3546 inutilia,
1621 3508 1666 3538 seu
1683 3507 1872 3541 Mercatura<,
1891 3505 1962 3533 inira
1976 3503 2082 3533 dictam
2102 3502 2202 3532 Villam
2219 3503 2254 3532 de
2269 3502 2379 3540 Rupel⁴

1315 3549 1360 3587 la,
1375 3549 1419 3579 vel
1434 3548 1598 3579 Bauleucam
1613 3546 1698 3576 dictae
1712 3545 1810 3582 Villae,
1827 3551 1927 3580 practer
1941 3543 1973 3572 &
1996 3549 2095 3571 contra
2117 3541 2289 3571 voluntatem
2315 3541 2380 3571 illo-

1316 3597 1380 3618 rum
1392 3611 1400 3625 ‚
1426 3588 1470 3618 seu
1487 3585 1606 3623 cujusvis
1627 3592 1744 3620 eorum,
1761 3582 1794 3612 ad
1811 3591 1914 3623 quem,
1932 3580 1976 3610 seu
1992 3590 2079 3618 quos,
2104 3579 2163 3610 Res
2177 3578 2321 3617 praedictae
2336 3579 2381 3610 di„

1317 3634 1418 3656 centur
1433 3623 1630 3656 rationabiliter
1646 3623 1797 3659 pertinere3
1816 3621 1897 3657 liquis
1913 3627 2005 3648 autem
2022 3619 2195 3648 contrarium
2206 3617 2320 3656 fecerit,
2338 3619 2377 3649 fic

1316 3665 1410 3694 invitis
1440 3665 1473 3694 δε
1507 3660 1763 3692 contradicentibus
1784 3658 1953 3689 conceditur
1977 3657 2105 3694 legitima
2132 3655 2301 3686 defentionis
2324 3656 2378 3688 Fa-

1316 3703 1411 3732 cultas.

1353 3741 1424 3770 ΙΤΕ
1436 3748 1479 3777 Μ,
1498 3736 1698 3772 Declaramus,
1716 3744 1749 3765 ac
1763 3735 1848 3765 etiam
1865 3733 2077 3771 Concedirnus,
2097 3742 2144 3770 per
2159 3732 2322 3771 praesentes,
2341 3735 2380 3763 ne·

1317 3778 1432 3816 Major,
1455 3777 1586 3812 Scabini,
1612 3773 1775 3812 Burgcnles,
1807 3773 1852 3804 vel
1878 3772 2057 3803 Habittitores
2083 3771 2229 3808 praedicti,
2257 3772 2287 3800 in
2306 3771 2380 3802 Villa

1315 3817 1449 3855 praedidta
1465 3814 1626 3849 existentes,
1648 3821 1701 3842 nec
1724 3821 1827 3842 eorum
1849 3811 1962 3849 aliquis,
1987 3819 2039 3848 pro
2053 3809 2189 3847 aliquibus
2210 3810 2308 3848 rebus,
2331 3820 2379 3840 ac-

1316 3856 1418 3893 quisitis
1433 3856 1460 3884 in
1478 3852 1634 3882 Nobilibus
1647 3849 1746 3880 Feudis
1761 3860 1809 3887 per
1827 3849 1916 3888 ipsos,
1932 3850 1976 3879 seu
1995 3858 2094 3879 eorum
2114 3848 2252 3886 aliquem,
2272 3850 2315 3878 vc'.
2331 3857 2379 3886 per

1317 3893 1397 3931 illos,
1415 3903 1431 3922 a
1442 3893 1542 3929 quibus
1557 3889 1665 3919 causam
1680 3889 1782 3919 habere
1797 3888 1964 3924 noscuntur,
1982 3898 1997 3917 a
2021 3895 2081 3916 tcto
2096 3895 2225 3924 tempore
2238 3887 2381 3924 praeterito

1317 3932 1402 3970 usque
1417 3930 1451 3959 ad
1473 3928 1641 3959 hodiernum
1657 3926 1750 3965 diem,
1772 3927 1875 3964 aliquid
1899 3927 1979 3955 nobis
2003 3926 2046 3955 vei
2072 3925 2117 3954 alii
2131 3925 2313 3955 contribuant
2335 3925 2381 3954 {eu

1317 3970 1441 4006 solvant,
1457 3967 1494 3997 set
1513 3969 1563 3996 sint
1578 3966 1614 3996 ab
1628 3967 1711 3996 omni
1725 3965 1859 3995 solutione
1875 3963 1994 4001 cujusvis
2010 3963 2151 3993 Financiae
2166 3964 2198 3994 δέ
2208 3963 2387 3999 Vendarum5

1317 4008 1372 4037 una
1395 4016 1462 4036 cum
1485 4005 1568 4036 rebus
1587 4004 1626 4036 slC
1649 4003 1804 4042 adquffitis,
1823 4004 1961 4041 perpetuo
1982 4002 2098 4041 Quieti,
2126 4002 2240 4040 Liberi,
2264 4002 2299 4032 ὃς
2321 4000 2381 4030 Itu-2

1317 4054 1425 4075 munes.
1783 4076 1808 4109 E
1822 4088 1838 4110 e
2251 4073 2386 4113 ITEM,

2410 2913 2493 2947 *Vn

2413 2956 2479 2986 MS,
