2561 4251
14 265 90 301 Arm.
104 266 147 298 D.

36 312 117 353 21395-

15 351 64 376 Ru.
84 353 111 372 2-

29 1213 104 1245 Ann.
118 1207 160 1238 D·

27 1257 139 1319 213391582

27 1335 56 1359 R.
76 1337 101 1354 2.

62 1365 127 1395 ibid.

27 2657 48 2676 θ
66 2656 134 2684 vit.

30 2696 85 2722 800

28 2735 159 2769 Ann.D.

50 2785 135 2816 1395.

31 2818 85 2843 An.
104 2817 147 2842 10'.

29 2858 59 2881 R.
78 2862 105 2880 2.

32 2896 100 2918 Scot.
122 2890 165 2918 18.

34 2934 65 2957 R.
86 2939 112 2957 2.

32 2976 68 2995 m.
91 2977 116 3004 3.

786 177 887 220 ET
979 176 1247 219 ACTA
1332 178 1811 223 PUBLICA.

2250 196 2327 240 107

184 275 214 297 er
235 263 287 304 Se,
305 265 338 296 &
355 264 555 295 Procuratores
569 264 646 303 suOS,
662 266 764 296 virtute
778 265 872 295 Tituli
885 274 917 295 ac
934 264 1090 295 Literarum
1108 262 1234 302 Aposto-
1271 262 1380 302 quenda
1393 272 1481 303 partes
1495 265 1613 305 vestras,
1632 277 1699 298 cum
1713 269 1794 298 omni
1807 268 1952 306 diligentia
1965 270 1998 302 &
2013 268 2156 308 efficacia,
2175 270 2325 303 adhibeatis,
2343 271 2470 305 AnnDL

162 273 298 340 licarum,
315 303 366 332 fibi
382 304 411 332 in
427 303 478 333 hac
497 313 573 342 parte
589 304 741 341 saetarum,
761 302 973 334 Thesaurariam
989 304 1023 334 &
1039 302 1227 332 Praebendam

184 341 324 378 raedistas,
343 342 377 372 ὃς
393 341 504 378 plenam
521 341 726 372 Poffeffionem
741 342 921 379 earumdem,
939 350 1100 379 acceptare,
1117 349 1227 378 capere,

181 380 320 417 abere,&
337 381 560 418 continuare,&
575 380 678 410 eisdem
694 380 878 410 Thesauraria
890 382 923 410 &
939 379 1097 409 Praebenda
1111 388 1144 408 ac
1154 378 1223 408 Pos-

160 418 277 449 seffione
291 417 454 448 earumdem
469 418 587 457 pacifice
621 419 735 456 audere,
753 428 867 448 necnon
885 417 1040 455 Redditus,
1058 416 1225 455 Proventus,

162 466 196 487 ac
211 455 306 485 omnia
326 455 375 485 alia
391 456 519 486 Proficua
536 458 569 486 ὃς
613 457 807 494 molumenta,
827 456 1018 486 Thesaurariae
1037 457 1070 486 &
1090 453 1226 484 Praeben—

163 494 209 524 dae
225 493 441 533 praeditstarum,
461 505 509 532 per
525 495 551 524 se
563 496 596 527 &
614 494 811 524 Procuratores
832 494 894 524 suos
908 493 1078 531 praedictos,
1096 492 1225 532 Collige-

163 542 213 599 re,l
228 532 369 575 recipere,
387 533 419 563 δε
435 534 552 572 habere,
566 533 682 564 &inde
701 532 848 572 disponere
869 531 973 571 poffint
993 542 1045 570 pro
1064 531 1120 561 suae
1139 531 1222 561 libito

163 578 204 602 vo
216 578 315 600 untatis

202 591 437 648 Qibusgumque
445 607 558 640 Statuas
571 608 616 639 seu
631 607 881 647 Ordinationibus,
899 609 929 639 in
944 608 1120 639 contrarium
1135 607 1225 646 faetis,

162 657 223 678 non
235 647 428 684 obstantibus3

204 684 381 715 Dumtamen
398 684 505 715 Statura
524 683 558 716 ὅτ
572 684 774 716 Ordinationes
792 683 949 722 huiusmodi
967 685 996 714 in
1018 684 1154 715 omnibus
1169 684 1226 713 aliis

168 721 302 754 Articulis
321 724 350 752 in
364 723 412 752 suo
429 724 534 753 robore
551 733 748 761 permaneant,
766 725 799 754 ὃς
820 723 934 761 praesens
954 722 1110 753 Concessio
1131 721 1226 752 nostra

169 772 229 792 non
243 762 363 793 trahatur
376 761 405 790 in
421 760 658 801 Consequentiam
672 763 706 793 &
725 762 887 801 exemplum
901 761 1119 802 quomodolibet
1138 762 1167 790 in
1180 761 1226 790 fu-

168 809 272 832 turum.

206 839 239 868 In
257 836 350 874 qu'us,
367 836 427 868 &c.

207 875 454 945 Τείὶὲβῇἧιιιῃαό
470 879 547 906 Duce
568 877 686 906 Elorum
698 898 708 915 ,
733 874 862 907 Custode
883 877 1013 916 Angliae,
1030 875 1103 915 apud
1118 871 1227 915 Wstm

171 923 265 954 primo
298 923 324 944 ie
382 923 425 944 au.

329 992 383 1020 Per
400 989 483 1029 ipficm
499 992 594 1028 Regem
611 988 650 1026 ῤ’
665 999 714 1030 per
733 992 853 1022 ferition
864 1002 894 1020 ¹⁵71
912 994 941 1021 in
961 990 1155 1021 parliamento.

212 1120 262 1151 De
285 1114 499 1149 Cardinalibus
524 1117 708 1160 Florentino,
733 1118 915 1164 Malepellc,
942 1120 977 1155 ὠ·
1002 1116 1038 1150 de
1062 1118 1185 1161 Urfim'r.

235 1201 302 1233 EX
326 1202 476 1240 omnibus,
494 1202 527 1232 ad
543 1212 631 1241 quos,
648 1203 710 1234 &c.
729 1202 864 1233 Salutem.

271 1240 443 1278 Supplicavit
458 1240 556 1271 Nobis
569 1241 682 1270 Thomas
698 1243 831 1278 Montagu
845 1240 987 1280 Clericus,
1001 1251 1049 1279 per
1063 1241 1232 1272 Petitionem

171 1276 265 1317 suam,
285 1280 315 1309 in
328 1279 431 1314 ultimo
444 1279 632 1310 Parliamento
647 1278 748 1309 nostro
762 1281 931 1317 exhibitam,
949 1288 998 1318 ut,

209 1317 306 1356 Cum,
324 1327 412 1355 nuper
426 1325 541 1348 vacante
556 1317 704 1348 Decanatu
720 1318 852 1349 Ecclenae
868 1318 1039 1350 Cathedralis
1054 1318 1167 1356 Sarum,
1181 1328 1231 1357 per

173 1364 298 1386 mortem
312 1355 467 1386 Cardinalis
488 1356 523 1386 de
539 1355 672 1394 Urcinis,
690 1356 854 1394 Capitulum
875 1360 908 1388 ὃς
932 1357 1074 1387 Canonici
1098 1357 1230 1386 Eccleliae

170 1394 315 1432 praedietae
331 1393 503 1432 Magistrum
518 1393 661 1424 Robertum
674 1394 814 1434 Baybrok,
831 1406 907 1425 nunc
923 1394 1095 1434 Episcopum
1111 1394 1230 1425 Londo-

170 1433 244 1471 niae,
258 1434 287 1462 in
303 1432 456 1463 Decanum
470 1432 619 1471 Ecclesrae,
639 1432 780 1472 praedietae
795 1433 954 1472 elegiffent,

209 1472 270 1509 Ac,
296 1470 448 1501 Defuncto
471 1471 589 1510 praefato
610 1471 754 1501 Cardinali
770 1493 779 1508 ,
810 1474 886 1509 Papa
907 1471 1033 1501 Urbanur
1064 1470 1162 1500 Sextus
1186 1471 1230 1500 di-

168 1509 443 1577 ἑὶυῐηιῼῖςτεεηαωτη
457 1509 572 1540 cuidam
586 1508 744 1547 Cardinali,
761 1508 867 1539 Thomae
889 1508 1032 1548 Malepelle
1046 1516 1229 1548 nuncupato,

167 1557 276 1578 contut
302 1557 329 1578 et

206 1571 487 1625 Subsequenterque,
527 1586 624 1617 raefato
645 1585 777 1616 Roberto
795 1587 825 1615 in
848 1585 1022 1626 Episcopum
1046 1584 1230 1616 Londonien-

166 1624 225 1655 sem
246 1624 428 1655 Confirmato
449 1626 483 1655 &
526 1624 687 1662 onsecrato,
703 1623 866 1663 praedietuas
878 1625 993 1654 Thomas
1011 1627 1163 1662 Montagu,
1181 1634 1229 1661 per

170 1663 340 1703 Capitulum
354 1664 387 1694 ὃς
400 1662 566 1693 Canonicos
579 1662 664 1693 dictae
679 1662 813 1693 Ecclesiae
821 1663 938 1702 Sarum,
958 1664 987 1693 in
1000 1659 1228 1701 Decanumejus-

171 1702 241 1732 dem
256 1701 391 1731 Ecclefiae
404 1701 518 1731 Eledms
533 1701 643 1739 fuisset,

208 1738 299 1778 Cujus
309 1739 425 1779 quidem
440 1739 594 1770 Electionis
606 1746 739 1778 praetextu
753 1739 830 1770 idern
844 1739 991 1779 Thomas,
1008 1749 1057 1780 per
1078 1739 1153 1770 Loci
1169 1738 1228 1770 Or-

169 1778 328 1816 dinarium,
342 1779 431 1809 fuerat
446 1777 655 1816 Confirmatus,
910 1801 913 1805 .

207 1816 244 1847 Et
259 1815 446 1854 postmodum
460 1816 605 1853 praedictus
615 1815 769 1847 Cardinalis
780 1817 816 1847 de
828 1816 991 1855 Malepelle,
1011 1825 1162 1855 antequam
1177 1816 1227 1846 ali-

169 1864 256 1895 quam
277 1854 484 1886 Poffeffionem
507 1853 668 1886 Decanatfis
691 1855 761 1886 illius
785 1855 899 1896 adeptus
916 1856 1014 1895 fuerit,
1032 1856 1122 1887 Diem
1146 1855 1228 1885 suum

170 1893 306 1925 clausisset
319 1902 479 1924 extremum
487 1916 496 1931 ,
1006 1899 1009 1900 ⁷

205 1932 276 1962 Post
289 1933 367 1970 cujus
384 1932 514 1963 Mortem
529 1932 674 1963 Dominus
688 1933 824 1963 Summus
837 1931 986 1972 Pontifex,
1006 1931 1160 2002 BonBifacius
1168 1934 1229 1962 No-

170 1981 238 2008 nus,
257 1973 334 2009 Papa
354 1970 520 2009 modernus,
536 1972 658 2001 eundem
680 1971 875 2009 Decanatum,
899 1979 1034 2010 tanquam
1080 1971 1230 2002 enesicium

171 2011 201 2040 in
218 2009 306 2039 Curia
320 2010 420 2041 iterato
436 2020 551 2047 vacans,
570 2009 711 2039 Cardinali
725 2009 879 2040 Florentino
892 2010 1030 2047 contulit,

209 2047 288 2086 Qui,
305 2047 369 2086 post
384 2047 525 2078 diutinam
539 2048 785 2086 prosecutionem,
803 2058 852 2085 per
872 2056 978 2087 partem
1002 2049 1082 2086 ipsius
1101 2048 1229 2079 Thomae

174 2086 319 2124 Montagu
339 2086 459 2124 fastam,
489 2087 625 2117 consensit
643 2086 676 2116 ad
696 2086 897 2117 dimittendum
917 2087 950 2117 &
973 2087 1168 2125 resignandum
1189 2088 1232 2118 di-

170 2126 250 2156 &um
264 2124 461 2163 Dccanatum,
479 2126 513 2156 &
527 2125 562 2155 de
578 2124 665 2155 Facto
679 2124 860 2155 Decanatum
875 2125 1045 2163 praedidium
1056 2125 1232 2164 Refignavit,

207 2163 296 2200 Super
309 2172 367 2200 quo
382 2163 474 2194 dietus
488 2163 635 2194 Dominus
650 2164 784 2194 Summus
800 2163 932 2194 Pontifex
946 2164 1099 2194 modernus
1107 2164 1230 2194 eundem

174 2201 376 2239 Decanatum,
395 2210 526 2241 tanquam
540 2201 712 2232 Beneficium
724 2203 751 2232 in
768 2200 856 2232 Curia
878 2212 995 2241 vacans,
1010 2203 1066 2232 sive
1081 2212 1130 2239 per
1146 2201 1230 2232 Mor-

170 2249 229 2271 tern
251 2241 453 2278 praedietorum
477 2240 671 2271 Cardinalium
694 2241 728 2271 de
749 2240 870 2270 Urcinis
890 2241 922 2270 ὅ(
944 2241 980 2271 de
1001 2240 1166 2280 Malepelle,
1185 2240 1231 2270 vel

170 2289 221 2316 per
238 2276 477 2315 Relignationem
491 2279 619 2315 praedicti
633 2278 788 2309 Cardinalis
801 2279 972 2317 Florentini,
991 2287 1039 2309 aut
1059 2289 1108 2316 per
1121 2278 1231 2309 Conse-

170 2318 328 2347 crationem
344 2317 471 2355 praeditSti
481 2317 613 2355 Episcopi
628 2318 783 2356 vacaverit,
803 2318 848 2347 seu
863 2327 1046 2355 qu02umque
1059 2317 1114 2348 alio
1129 2318 1231 2355 modo,

171 2355 327 2386 Collationi
349 2355 426 2385 Sedis
448 2355 625 2393 Apostolicae
649 2355 733 2387 fuerit
751 2357 937 2396 reservatum,
962 2356 1082 2394 praefato
1102 2356 1231 2387 Thomx.

172 2393 334 2433 Montagu,
355 2394 531 2424 Auctoritate
546 2394 725 2433 Apostolica,
741 2395 922 2432 conferebat,

209 2431 339 2500 Vaelimus
358 2432 505 2464 Securitati
525 2433 607 2472 ipsius
622 2433 768 2471 Thomae,
783 2431 843 2468 &c.
864 2440 895 2462 ut
910 2430 1014 2473 ficpra,
1031 2435 1147 2462 mutatis
1169 2443 1228 2463 mu-

174 2481 228 2501 de
247 2481 277 2500 15.

213 2509 284 2540 Dat.
296 2517 327 2540 ut
340 2511 427 2549 supra.

337 2631 364 2658 δέ
376 2635 468 2679 Super
485 2631 663 2679 praestatione
686 2636 949 2667 S,zcr,1⁴nentorum
970 2638 1080 2669 Scotiae.

181 2719 303 2775 REX
316 2740 325 2756 ,
345 2718 467 2749 Dilee‘tis
482 2718 515 2748 &
531 2718 671 2749 Fidelibus
684 2719 748 2757 suis,
767 2719 889 2749 Gerardo
902 2722 995 2750 H2r0n
1015 2720 1164 2758 Chivaler,
1182 2721 1237 2750 Ro-

257 2757 332 2787 berto
353 2757 417 2795 Ogle
440 2756 572 2788 Chivaler
586 2780 598 2796 ,
622 2758 655 2789 &
678 2758 807 2796 Jolaanm'
831 2758 956 2798 Mitford
971 2759 1140 2798 Armigero,
1158 2759 1237 2790 Salu-

180 2804 248 2826 tem.

219 2835 318 2865 Sciatis
330 2834 409 2873 quud
423 2833 507 2872 Nos,

219 2874 266 2903 De
282 2873 424 2903 Fidelitate
438 2874 569 2910 probata,
587 2882 620 2903 ac
636 2872 915 2914 circumspectione,
934 2875 967 2905 ὃς
987 2873 1125 2905 Industria
1142 2875 1239 2906 vestris

184 2911 308 2951 providis
331 2912 443 2949 plenam
457 2912 490 2941 &
505 2911 618 2941 solidam
632 2911 762 2942 fiduciam
780 2921 963 2951 reportantes,

220 2949 428 2980 Constituimus
444 2972 453 2987 ,
479 2949 684 2987 Deputavimus
698 2973 708 2988 ,
731 2952 764 2981 δε
787 2951 997 2987 Aisignavimus
1019 2950 1096 2990 Vos,
1118 2953 1239 2991 conjun-

182 2989 271 3027 c’tim,
287 2990 320 3020 ὃς
335 2988 463 3025 divisim,
482 2988 515 3018 ad
530 2988 767 3025 proficiscendum
784 2989 872 3019 versas
887 2999 973 3028 partes
993 2989 1117 3028 Scotiae,
1134 2991 1168 3020 ad
1188 2991 1237 3021 Sa-

182 3036 360 3058 cramentum
375 3030 507 3056 Comitum
522 3027 553 3055 de
572 3030 596 3055 F
596 3026 638 3066 yfe
654 3029 687 3059 &
707 3027 743 3057 de
764 3027 901 3066 Douglas,
917 3038 950 3057 ac
970 3029 1054 3058 etiam
1078 3032 1190 3059 Domini
1207 3031 1239 3059 de

181 3065 325 3105 Breghyn,
351 3065 504 3103 petendum
526 3065 560 3095 &
580 3066 791 3103 recipiendum,
806 3068 883 3105 juxta
903 3065 1027 3096 formam
1049 3068 1240 3106 quorumdam

182 3104 375 3134 Articulorum
391 3104 567 3142 Treugarum
576 3126 585 3141 ,
602 3105 675 3134 inter
688 3106 746 3134 Nos
761 3106 793 3135 &
811 3104 1014 3140 Adversarium
1028 3106 1144 3143 nostrum
1151 3109 1242 3136 Fran-

182 3145 229 3171 ciae
242 3141 346 3172 ultimo
360 3150 520 3179 captarum,
540 3142 737 3172 Adversarium
754 3141 883 3173 nostrum
905 3143 1026 3180 Scotiae,
1045 3153 1176 3183 tanquam
1192 3146 1242 3175 Al-

181 3180 300 3219 ligatum
315 3180 396 3217 ipsius
411 3179 565 3209 Adversarii
580 3180 668 3210 nostri
681 3181 824 3219 Franciae,
845 3182 878 3212 &
892 3181 1022 3212 Subditos
1037 3183 1099 3213 suos
1118 3184 1243 3223 speciali-

184 3227 225 3249 ter
239 3218 416 3256 tangentium
428 3217 472 3246 seu
486 3220 735 3257 concernentium,

223 3256 301 3295 Qiae
318 3255 432 3293 quidem
449 3255 574 3293 Treugae
589 3256 634 3285 die
648 3256 744 3287 Sancti
759 3257 926 3296 Michaelis,
945 3259 1077 3296 proximo
1093 3260 1244 3300 praeterito,

186 3304 253 3325 orto
269 3294 342 3332 sole,
361 3303 409 3332 per
422 3293 542 3323 Terram
563 3294 596 3323 δε
611 3304 660 3331 per
675 3293 758 3325 Mare
772 3296 961 3335 incipiebant,
976 3298 1077 3327 abinde
1097 3309 1146 3336 per
1163 3300 1246 3337 Qa-

188 3342 252 3364 tuor
272 3333 369 3363 Annos
385 3331 544 3368 completos
558 3331 713 3370 duraturae,

226 3371 357 3401 Necnon
372 3370 403 3400 ad
418 3369 614 3407 requirendum
633 3371 754 3401 eundem
770 3370 965 3401 Adversarium
979 3373 1108 3404 nostrum
1124 3374 1245 3414 Scotiae,

187 3411 308 3439 nomine
321 3409 438 3446 nostro,
456 3410 513 3438 tam
528 3408 562 3438 ad
584 3417 626 3438 tot
648 3409 682 3439 &
702 3409 767 3439 tales
789 3409 940 3448 Praelatos,
959 3421 991 3440 ac
1010 3411 1076 3441 alios
1097 3412 1245 3452 Comites,

186 3446 329 3484 Batones,
349 3446 510 3484 Dominos,
535 3447 568 3477 ὃς
589 3446 752 3478 Officiarios
770 3447 806 3477 de
823 3448 945 3486 Guerra,
971 3459 1003 3479 ac
1026 3451 1091 3479 alios
1111 3451 1245 3483 Subditos

186 3486 267 3523 ipsius
287 3485 442 3516 Adversarii
462 3485 550 3515 nostri
576 3485 682 3516 Scotiae
707 3485 806 3516 Terrae
826 3486 990 3524 praedidhe,
1014 3497 1084 3527 quot
1102 3491 1135 3520 ὃς
1153 3491 1244 3528 quales

189 3524 267 3563 Vos,
286 3525 331 3555 vel
349 3525 444 3560 aliquis
465 3523 609 3561 vestrum,
627 3533 662 3554 ex
684 3533 760 3561 parte
783 3525 894 3562 nostra,
918 3526 1065 3556 nominare
1085 3527 1244 3568 volueritis,

192 3573 290 3593 coram
313 3563 431 3602 praefato
448 3561 614 3592 Adversario
628 3562 727 3593 nostro
740 3562 860 3601 Scotiae,
878 3565 906 3593 in
920 3564 1062 3602 praesentia
1075 3565 1181 3604 vestra,
1199 3575 1246 3598 aut

191 3612 288 3631 coram
303 3601 402 3637 vobis,
419 3600 465 3631 vel
484 3600 579 3637 aliquo
600 3600 745 3638 vestrum,
759 3602 787 3631 in
808 3602 929 3632 absentia
950 3603 1072 3640 ejusdem
1088 3603 1245 3635 Adversarii

188 3639 293 3677 nostri,
311 3640 421 3676 venire,
440 3639 473 3669 «Sc
488 3639 558 3675 ipsos
571 3638 605 3668 ad
617 3639 777 3677 hujusmodi
790 3640 936 3678 Treugas,
954 3642 983 3670 in
999 3642 1135 3672 omnibus
1149 3644 1244 3674 &sin-

187 3679 258 3717 gulis
272 3680 322 3708 suis
337 3677 486 3715 Articulis,
504 3686 557 3713 pro
579 3686 656 3715 parre
675 3678 736 3716 sua,
755 3678 870 3708 firmiter
891 3679 1135 3710 &inviolabiliter
1152 3681 1245 3712 obser-

187 3717 308 3755 vandas,
324 3717 414 3753 jurare
431 3715 608 3752 faciendum,
633 3717 719 3753 quam
745 3716 779 3746 ad
808 3716 910 3746 Literas
931 3718 1146 3748 Testimoniales
1159 3742 1168 3757 ,
1194 3720 1244 3751 sub

193 3755 306 3794 Magno
321 3756 348 3786 Si
370 3755 418 3784 illo
436 3754 561 3791 praedicti
576 3753 732 3784 Adversarii
747 3753 835 3784 nostri
850 3756 971 3792 Scotiae‚
990 3756 1166 3787 Sacramenta
1175 3767 1245 3795 prze-

189 3794 331 3824 dictorum
366 3794 500 3822 ‘omitum
520 3791 555 3821 de
570 3791 642 3830 Fyfe
664 3793 697 3823 &
719 3791 756 3822 de
778 3792 919 3831 Douglas,
938 3804 970 3823 ac
994 3794 1115 3825 Domini
1129 3796 1165 3826 de
1179 3796 1246 3827 Bre-

190 3832 286 3870 ghyn,
303 3843 335 3862 ac
357 3831 560 3868 Praelatorum,
578 3832 612 3862 ὃ(
630 3830 749 3860 aliorum
773 3829 944 3869 Comitum,
963 3830 1104 3862 Baronum
1115 3857 1124 3869 ,
1142 3834 1247 3864 Domi-

190 3880 293 3899 norum
305 3893 312 3907 ,
325 3871 357 3901 ὃς
374 3868 604 3906 Officiariorum,
620 3870 654 3900 &
669 3868 853 3899 Subditorum
866 3870 1066 3906 pra—dierorum
1076 3871 1246 3903 Testifican-

186 3917 245 3945 tes,
263 3908 502 3943 demandandum,
522 3907 554 3937 &
567 3907 662 3943 vobis,
680 3907 724 3936 vel
737 3907 819 3937 alicui
835 3907 980 3946 vestrum,
998 3910 1161 3941 immediate
1177 3911 1241 3951 post

188 3945 378 3985 praestationes
393 3946 562 3976 eorumdem
576 3945 822 3975 Sacramentorum
831 3968 841 3983 ,
860 3947 969 3977 liberari
982 3947 1153 3986 faciendum,

227 3984 265 4014 Et
278 3983 312 4013 ad
328 3985 425 4015 omnia
436 3985 504 4023 alia,
522 3986 551 4014 in
566 3983 623 4014 hoc
637 3983 700 4014 casu
715 3983 863 4014 necessaria
874 3983 919 4014 seu
931 3986 1150 4023 quomodolibet
1161 3998 1249 4028 opor-

194 4031 261 4053 tuna
276 4022 438 4052 faciendum
453 4023 487 4053 &
503 4022 716 4062 exequendum,

231 4060 268 4130 ξε
282 4059 444 4128 ἱάεῗιῖοῗὶε
450 4058 630 4128 &laudamus
641 4059 722 4101 quod
736 4060 809 4091 circa
821 4059 968 4094 Praemiffa
981 4060 1108 4094 facienda
1129 4063 1164 4095 &
1185 4074 1249 4096 exe-

254 4110 303 4129 om.
375 4122 380 4128 .
426 4121 432 4128 0
492 4121 497 4128 .

1265 301 1384 331 solicitas
1398 303 1430 332 &
1443 303 1586 341 discretas,

1302 339 1371 370 Nos
1392 341 1424 370 δε
1441 341 1608 373 Concilium
1629 342 1758 374 nostrum
1780 343 1816 374 de
1835 346 1969 375 omnibus
1991 346 2025 377 ὃς
2042 346 2151 385 singulis
2188 356 2252 383 quse
2274 356 2322 385 per
2338 352 2389 379 1οε.
2407 359 2434 378 2.

1268 375 1346 414 Vos,
1365 378 1408 407 vel
1423 380 1545 417 aliquem
1565 379 1709 420 vestrum,
1730 381 1801 412 Aeta
1815 382 1871 413 sive
1886 383 1973 414 Gesta
1986 384 2089 415 fuerint
2111 385 2141 414 in
2182 386 2324 425 raemiffis,

1267 415 1449 483 ceitificantes
1459 428 1519 485 ,ἐς
1533 422 1561 450 in
1576 419 1683 457 scriptis
1695 420 1779 458 plene
1794 421 1828 452 ὃς
1840 421 1965 459 expresse
1982 423 2148 460 redigentes.

1317 464 1336 483 n
1354 464 1447 493 cujus,
1499 466 1525 486 c.

1342 492 1431 523 Teste
1446 495 1588 524 Edmundo
1601 499 1675 525 Duce
1691 496 1828 535 Eborum,

1265 528 1467 570 monasterium,
1486 533 1524 562 vi.
1538 533 1583 562 die
1598 533 1677 563 Maii.

1843 496 1972 528 Custode
1995 498 2123 537 Angliae,
2141 501 2214 539 apud
2237 499 2323 542 Weffi

1313 658 1408 700 Super
1430 658 1611 690 CorreHione
1635 659 1861 704 Capellanorum
1887 664 1988 708 Papae,
2015 662 2051 696 de
2076 663 2265 699 Intendendo.

2361 319 2443 350 1395.

1269 738 1350 795 RE
1362 739 1408 778 X,
1427 741 1538 786 dileffls
1552 742 1599 772 sibi
1615 743 1642 772 in
1657 742 1771 791 Christo
1786 744 1955 790 Provinciali
1970 747 2086 790 Ordinis
2107 747 2235 793 Fratrum
2257 750 2323 795 bea-
2337 746 2418 778 Ann-
2428 743 2470 778 D.

1343 786 1378 807 tre
1392 779 1544 824 Mariae-de
1558 780 1664 811 Monte
1677 782 1818 825 Carmeli,
1838 792 1870 813 ac
1883 783 2026 815 Univerns
2046 788 2078 817 &
2092 786 2202 825 singulm
2217 787 2322 819 Pr10r1-
2364 793 2448 826 1395.

1269 814 1321 844 bus
1345 816 1378 846 &
1405 817 1598 856 Superioribus
1623 819 1736 850 Ordinis
1757 821 1899 860 praedicti,
1918 823 1948 852 in
1969 823 2075 863 Regno
2092 824 2189 856 nostro
2208 827 2320 866 Angliae
2337 828 2388 851 An.
2410 826 2453 853 ¹8-

1269 853 1445 894 constitutis,
1464 857 1498 886 ad
1512 867 1599 895 quos,
1615 858 1675 888 &c.
1693 859 1826 890 Salutem.
2334 866 2363 890 R.
2385 873 2412 891 2-

1304 891 1401 924 Sciatis
1414 894 1509 933 quod,
2334 904 2394 929 ΡΜ.
2412 898 2455 929 18.

1307 929 1387 961 Cum
1401 955 1411 970 ,
1442 933 1636 965 Saneiiffimus
1651 935 1679 965 in
1699 934 1815 966 Christo
1833 935 1914 967 Pater
1928 960 1938 976 ,
1962 939 2093 968 Dominus
2112 943 2232 970 Summus
2252 945 2323 973 Pon-
2335 944 2365 967 R·
2382 950 2408 967 2-
2426 945 2454 977 p-

1269 967 1358 1008 tifex,

1309 1007 1497 1040 Diversorum
1512 1011 1677 1050 concipiens
1690 1011 1829 1049 fidedignfi
1844 1013 1975 1044 relatione
1988 1015 2103 1052 qualiter
2116 1018 2244 1048 nonnulli
2260 1019 2326 1050 Fra*

1272 1052 1327 1076 tres
1342 1046 1511 1078 Domorum
1525 1049 1640 1079 Ordinis
1654 1051 1780 1089 praedicti
1789 1073 1798 1088 ,
1816 1052 1845 1080 in
1861 1051 1965 1091 Regno
1979 1053 2077 1083 nostro
2093 1054 2231 1091 praedieto
2241 1056 2325 1087 Con-

1273 1084 1408 1124 fistentes,
1428 1086 1674 1126 Immunitatibus,
1693 1088 1895 1128 Libertatibus,
1913 1092 1945 1121 &
1968 1090 2119 1130 Privilegiis
2150 1094 2188 1123 eis
2206 1104 2254 1130 per
2275 1095 2327 1127 Se-

1274 1122 1341 1153 dem
1358 1125 1554 1163 Apostolicam
1570 1126 1723 1164 concessis,
1741 1127 1896 1165 abutentes,
1915 1129 1965 1158 suis
1980 1117 2174 1168 Superioribus
2193 1133 2325 1172 obedire,

1276 1162 1308 1192 &
1322 1163 1358 1192 ab
1371 1165 1410 1193 eis
1424 1165 1543 1207 corrigi,
1562 1175 1595 1195 ac
1608 1164 1722 1195 Divinis
1738 1165 1865 1204 Officiis,
1885 1167 1984 1204 quibus
2006 1168 2067 1198 sunt
2085 1168 2206 1208 astriffl,
2226 1181 2324 1203 vacare

1275 1201 1444 1244 recusantes,
1467 1203 1587 1233 aflei-unt
1609 1203 1652 1241 se,
1670 1212 1804 1241 praetextu
1827 1203 2056 1244 immunitatum,
2082 1206 2274 1247 Libertatum,
2293 1211 2327 1241 &

1274 1238 1495 1283 Prrvrlegiortim
1518 1241 1675 1277 hujusmodi
1691 1266 1700 1279 ,
1722 1242 1915 1279 Superioribus
1941 1243 1993 1273 suis
2011 1245 2143 1283 obedire,
2162 1247 2194 1277 &
2215 1247 2330 1278 Divinis

1275 1276 1389 1307 Officiis
1407 1279 1566 1315 huiusmodi
1594 1280 1721 1310 intereffe
1748 1290 1807 1310 non
1826 1282 1929 1318 teneri,
1954 1282 2046 1320 sicque
2068 1284 2149 1313 vobis
2171 1286 2202 1315 ὃ(
2229 1286 2326 1316 vestris

1275 1314 1416 1347 Mandatis
1425 1317 1559 1356 obedire,
1576 1328 1609 1348 ac
1626 1318 1738 1348 Divinis
1752 1318 1864 1349 Officiis
1880 1320 2023 1358 intereffe,
2042 1322 2074 1351 &
2088 1331 2118 1350 ea
2135 1323 2274 1354 celebrare
2282 1335 2324 1355 re-

1273 1354 1386 1398 cusant,
1398 1365 1430 1385 ac
1444 1356 1567 1394 plerique
1583 1356 1696 1387 illorum
1710 1366 1783 1387 eXtra
1793 1357 1909 1387 Domos
1922 1359 2000 1398 ipsius
2014 1358 2252 1398 Ordinis,eorum
2259 1372 2326 1401 pro·
2356 1368 2358 1371 '

1273 1401 1331 1436 pria
1346 1395 1515 1431 temeritate,
1532 1404 1763 1433 commorantur,
1782 1397 1811 1425 in
1826 1405 1959 1435 magnum
1977 1396 2145 1428 Animarum
2160 1399 2269 1430 suarum
2278 1411 2327 1440 pe-

1274 1430 1411 1470 riculum,
1435 1433 1550 1463 Ordinis
1571 1434 1697 1473 praedicti
1718 1433 1931 1473 Opprobrium,
1950 1445 1982 1466 ac
2002 1436 2170 1467 Scandalum
2193 1439 2328 1476 plurimo-

1273 1477 1354 1506 rum,

1281 1517 1284 1519 ’
1310 1506 1349 1537 Et
1362 1510 1477 1577 engiens
1490 1511 1571 1548 igitur
1583 1512 1710 1551 praefatus
1722 1510 1905 1541 sanctissimus
1913 1511 1994 1542 Pater
2007 1513 2166 1552 praemissis,
2181 1515 2258 1552 juxta
2273 1515 2326 1547 Pa-

1276 1543 1382 1576 floralis
1427 1547 1495 1578 fficii
1508 1549 1548 1578 sui
1562 1549 1706 1586 debitum,
1724 1550 1758 1580 ad
1773 1549 1856 1580 instar
1869 1550 2070 1581 nonnullorum
2086 1551 2327 1586 Praedecessorum

1272 1583 1386 1615 suorum
1401 1585 1601 1617 Romanorum
1614 1586 1807 1625 Pontificum,
1824 1588 1964 1618 salubriter
1979 1589 2137 1628 providere,

1309 1621 1440 1654 Statuerit
1453 1625 1485 1655 &
1499 1625 1669 1656 ordinaverit
1682 1626 1763 1664 quod
1775 1635 1874 1656 omnes
1885 1628 1918 1656 ὅ(
1932 1626 2029 1665 singuli
2044 1628 2150 1658 Fratres
2159 1628 2327 1662 Domorum

1272 1659 1445 1699 hujusmodi,
1462 1663 1532 1694 dicti
1548 1663 1642 1703 Regni
1656 1663 1761 1702 nostri,
1780 1664 1831 1701 qui
1846 1663 1932 1693 diet-,e
1948 1664 2027 1694 Sedis
2041 1664 2185 1702 Capeliani
2201 1669 2234 1698 ad
2256 1677 2328 1709 prae-

2343 989 2370 1005 2.
2382 989 2419 1006 m.
2429 988 2472 1004 12.

1272 1698 1333 1729 sens
1347 1701 1484 1740 existunt,
1503 1702 1536 1732 ὃ(
1556 1703 1660 1733 fuerint
1676 1702 1693 1720 *²
1709 1703 1738 1731 in
1759 1702 1903 1739 futurum,
1919 1703 2033 1739 perinde
2054 1703 2198 1735 Prioribus
2216 1707 2249 1737 &
2270 1708 2327 1738 aliis
2339 1704 2358 1724 ⁵¹*
2369 1705 2438 1734 VII.

1272 1736 1468 1777 Superioribus
1480 1749 1581 1770 eorum
1590 1763 1599 1778 ,
1617 1749 1651 1770 ac
1664 1749 1763 1770 eorum
1778 1738 1960 1770 Correffioni
1973 1741 2005 1771 &
2015 1740 2172 1780 Mandatis,
2189 1744 2218 1773 in
2231 1748 2327 1776 omni-
2340 1743 2408 1772 801·

1273 1776 1326 1806 bus
1339 1777 1373 1807 ὃς
1406 1787 1436 1807 er
1448 1780 1545 1809 omnia
1558 1779 1691 1816 obedire,
1708 1778 1800 1816 eisque
1813 1778 1915 1816 subici,
1933 1789 1966 1809 ac
1974 1779 2134 1817 hujusmodi
2146 1781 2258 1813 Divinis
2271 1783 2328 1814 Of-

1272 1813 1342 1845 ficiis
1392 1816 1517 1847 oeturnis
1531 1819 1564 1848 δε
1579 1817 1694 1847 Diurnis
1707 1816 1850 1854 intereffe,
1866 1817 1898 1846 ὃ(
1920 1827 1950 1847 ea
1972 1819 2111 1849 celebrare
2129 1828 2275 1851 teneantur
2293 1823 2327 1854 &

1273 1853 1325 1883 fint
1339 1853 1457 1893 astrioti,
1474 1865 1507 1886 ac
1522 1855 1541 1885 fi
1557 1856 1699 1894 praedifitae
1712 1855 1789 1885 Sedis
1798 1854 1941 1892 Capeliani
1954 1866 2014 1885 non
2026 1856 2116 1888 effent
2139 1868 2199 1887 non
2211 1859 2328 1891 obstan-

1273 1892 1346 1922 tibus
1367 1893 1590 1932 quibuscumque
1611 1893 1862 1931 Exemptionibus,
1882 1893 2052 1933 PrivilegiiS,
2077 1879 2275 1936 Indulgentiis,
2293 1899 2328 1930 δε

1276 1928 1396 1970 Gratiis,
1414 1942 1447 1962 ac
1463 1932 1563 1963 Literis
1586 1932 1773 1970 Apostolicis,
1791 1931 1949 1970 Capellanis
1967 1933 2053 1963 dictae
2074 1933 2167 1972 Sedis,
2187 1936 2230 1965 vel
2250 1938 2329 1975 alias,

1274 1971 1485 2009 communiter,
1503 1971 1548 2001 vel
1561 1970 1689 2010 divifim,
1707 1970 1757 2000 sub
1770 1980 1945 2009 quacumque
1959 1970 2060 2001 Forma
2082 1973 2128 2003 vel
2147 1972 2331 2011 Expreffione

1274 2008 1446 2047 verborum,
1472 2020 1487 2040 a
1505 2009 1579 2040 dicta
1600 2009 1673 2040 Sede
1694 2009 1850 2046 conceffis,
1867 2010 1900 2039 &
1922 2009 2105 2047 imposterum
2126 2013 2332 2052 concedendis,

1274 2049 1421 2077 contrariis
1433 2048 1671 2086 quibuscumque,
1689 2049 1773 2078 etiarn
1796 2048 1815 2077 si
1830 2047 1864 2077 de
1885 2048 1936 2077 illis
1950 2049 2030 2084 plena
2052 2048 2085 2078 &
2107 2051 2228 2086 expreffa
2245 2062 2278 2082 ac
2295 2052 2331 2082 de

1276 2086 1366 2116 verbo
1380 2087 1413 2116 ad
1426 2087 1545 2117 verbum
1563 2088 1672 2117 mentio
1683 2087 1712 2115 in
1726 2084 1810 2116 Bullis
1825 2084 1998 2125 Apostolicis
2011 2086 2042 2116 s1t
2056 2086 2200 2127 habenda,

1312 2123 1478 2155 Decernens
1493 2126 1625 2163 praeterea
1636 2124 1748 2155 Irritum
1763 2125 1796 2154 &
1810 2127 1896 2154 Inane
1910 2125 1928 2154 si
1939 2125 2032 2163 secus,
2047 2124 2126 2165 super
2144 2126 2212 2165 hiis,
2230 2138 2244 2158 a
2258 2138 2331 2167 quo-

1276 2173 1379 2202 quam,
1400 2164 1494 2201 quavis
1516 2164 1699 2201 aucloritate,
1717 2163 1834 2192 scienter
1857 2163 1901 2193 ve]
1922 2165 2096 2202 ignoranter,
2116 2167 2268 2203 contigerit
2289 2176 2330 2198 at-

1276 2203 1420 2240 temptari,
1440 2202 1510 2233 ficut
1522 2211 1569 2240 per
1583 2202 1671 2232 Bullas
1686 2201 1876 2239 Apostolicas,
1894 2201 1972 2238 super
1994 2202 2051 2232 hoc
2073 2204 2233 2243 confectas,
2252 2205 2285 2237 ὃς
2301 2207 2331 2236 in

1276 2240 1448 2309 CainJcellaria
1461 2240 1557 2272 nostra
1568 2241 1699 2271 exhibitas
1714 2241 1747 2271 ὅ(
1761 2239 1894 2277 ostensas,
1913 2239 1998 2280 liquet
2010 2240 2175 2281 manifeste,

1349 2288 1381 2309 os

1314 2302 1501 2349 Attendentes
1515 2317 1594 2356 quod
1609 2328 1660 2349 vos
1681 2317 1714 2347 ad
1729 2316 1936 2347 Executionem
1958 2316 2097 2348 Bullarum
2117 2319 2332 2360 praedietarum,

1276 2354 1322 2386 seu
1335 2356 1495 2395 aliquorum
1513 2364 1714 2388 contentorum
1730 2356 1757 2385 in
1773 2355 1875 2386 eisdem
1885 2379 1894 2394 ,
1911 2356 2001 2393 aliqua
2015 2357 2044 2386 vi
2059 2357 2104 2387 vel
2118 2358 2281 2390 auctoritate
2288 2370 2334 2390 ea—

1277 2394 1428 2433 rumdem,
1443 2394 1512 2425 infra
1527 2395 1664 2434 Regnum
1678 2394 1805 2424 nostrum
1824 2395 2009 2432 praedictum,
2028 2396 2126 2435 absque
2146 2396 2276 2428 Licentia
2295 2400 2329 2430 ὅσ

1277 2432 1453 2463 Aucioritate
1471 2433 1565 2464 nostra
1581 2433 1707 2471 speciali,
1726 2433 1879 2472 procedere
1902 2442 1961 2462 non
1982 2433 2096 2471 potestis
2111 2456 2122 2472 ,
2149 2444 2203 2465 nec
2225 2435 2332 2467 debetis

1281 2472 1382 2510 quovis
1395 2472 1501 2511 modo,

1316 2509 1355 2540 Et
1369 2511 1495 2541 volentes
1509 2511 1625 2548 proinde
1640 2508 1800 2540 Insolentias
1813 2510 1846 2540 &
1860 2508 2017 2539 Abusiones
2027 2508 2070 2540 Ca
2092 2510 2248 2542 ellanorum
2260 2521 2332 2552 prae-

1276 2548 1421 2579 dictorum
1436 2551 1584 2589 reprimere
1594 2549 1627 2579 δε
1641 2549 1804 2585 refraenare,
1819 2557 1851 2578 ac
1864 2547 1974 2578 Statum
1994 2549 2026 2577 &
2048 2520 2234 2579 risonestatem
2250 2551 2330 2581 Reli-

1277 2590 1368 2627 gionis
1386 2588 1471 2626 illius,
1490 2598 1553 2626 quie
1576 2598 1623 2625 per
1644 2585 1823 2616 inhonestam
1845 2585 2094 2616 Conversationem
2113 2587 2339 2625 Capelianorum‘

1281 2626 1454 2664 hujusmodi,
1473 2625 1613 2656 Scandalis
1626 2626 1659 2656 ὅ(
1672 2625 1841 2663 Opprobriis
1854 2625 2077 2668 quamplurimis,
2096 2625 2147 2655 hiis
2162 2627 2260 2657 diebus
2273 2628 2334 2667 plus

1278 2665 1376 2703 solito,
1394 2664 1488 2702 saepius
1503 2665 1613 2695 laeditur
1627 2664 1660 2694 &
1672 2663 1847 2702 denigratur,
1862 2672 1939 2700 Juxta
1952 2664 2112 2700 primariam
2124 2664 2336 2697 Institutionem

1280 2703 1395 2733 Ordinis
1408 2704 1493 2741 illiuS,
1511 2713 1544 2734 ac
1557 2704 1630 2741 piam
1643 2701 1837 2732 Intentionem
1852 2702 1884 2731 δε
1898 2701 2062 2732 laudabilem
2080 2712 2113 2733 ac
2127 2703 2262 2734 salubrem
2272 2704 2330 2734 Or-

1280 2742 1454 2812 ‹siinationem
1466 2741 1592 2779 praedieti
1606 2739 1778 2772 Sanfflffimi
1790 2739 1894 2779 Patris,
1912 2739 1942 2770 in
1951 2748 2088 2779 quantum
2095 2741 2254 2780 postumus,
2262 2753 2334 2774 con-

1292 2791 1387 2812 ervare

1318 2819 1367 2850 De
1375 2804 1475 2851 Gratia
1482 2818 1576 2850 nostra
1589 2818 1698 2859 speciali
1710 2818 1804 2855 vobis,
1823 2817 1858 2848 &
1870 2816 1986 2848 cuilibet
1997 2815 2138 2856 vestrum,
2171 2817 2264 2849 lenam
2272 2818 2336 2850 Au-

1281 2858 1456 2896 t‘ioritatem,
1473 2868 1506 2889 ac
1520 2858 1696 2895 Licentiam,
1712 2857 1745 2887 ὃς
1760 2855 1930 2886 Potestatem
1946 2855 1980 2885 ad
1993 2856 2133 2886 omnes&
2150 2858 2258 2896 ingulos
2266 2857 2331 2890 Fra-

1281 2906 1334 2928 tres
1348 2896 1464 2927 Ordinis
1476 2896 1618 2937 praedieti,
1637 2896 1685 2933 qui
1695 2895 1781 2925 dietae
1794 2893 1871 2924 Sedis
1878 2893 2052 2933 Apostolicae
2061 2892 2206 2932 Capeliani
2221 2896 2253 2926 ad
2260 2906 2334 2933 prae-

1280 2934 1339 2966 sens
1355 2935 1492 2972 existunt,
1514 2935 1542 2947 ⁰⁷
1554 2942 1634 2964 erunt
1649 2936 1677 2963 in
1690 2932 1835 2970 futurum,
1854 2933 1934 2962 vobis
1947 2942 1979 2962 ac
1990 2932 2087 2962 vestris
2103 2932 2284 2964 Correc'tioni
2298 2935 2332 2966 δε

1283 2971 1438 3011 Mandatis,
1455 2974 1485 3002 in
1500 2973 1634 3003 omnibus
1649 2973 1682 3003 ὃ(
1697 2981 1745 3009 per
1761 2971 1873 3008 omnia,
1888 2970 1966 3008 juxta
1981 2970 2125 3007 Regulam
2134 2971 2249 3002 Ordinis
2262 2982 2335 3010 prae-

1282 3013 1366 3051 dieti,
1384 3011 1515 3049 obedire,
1532 3011 1668 3048 vobisque
1691 3009 1839 3047 Subje&os
1858 3008 1930 3047 effe,
1948 3018 1980 3038 ac
1999 3007 2115 3039 Divinis
2130 3009 2245 3041 Officiis
2265 3011 2336 3042 No-

1281 3053 1385 3084 Cturnis
1398 3052 1430 3082 ὅ(
1446 3049 1563 3079 Diurnis
1578 3047 1721 3087 intercise,
1739 3048 1772 3078 &
1791 3057 1822 3078 ea
1837 3047 1994 3085 celebrare,
2011 3057 2044 3078 ac
2064 3047 2083 3078 si
2098 3048 2242 3084 praedietae
2256 3049 2336 3080 Sedis

1283 3089 1458 3129 Apostolicae
1477 3087 1620 3125 Capellani
1635 3097 1693 3117 non
1709 3086 1813 3124 effent,
1828 3086 1906 3123 jurtta
1927 3085 2078 3124 Formam,
2098 3085 2185 3125 Vim,
2203 3088 2236 3118 &
2257 3088 2339 3118 Effe-

1283 3129 1363 3159 &um
1385 3127 1523 3158 Bullarum
1545 3125 1760 3164 praedidiarum,
1778 3123 1940 3155 faciendum
1959 3125 1992 3155 ὃς
2012 3124 2259 3163 compellendum,
2276 3127 2337 3157 Te·

1282 3177 1352 3198 nore
1366 3165 1560 3201 Praesentium,
1579 3164 1763 3195 concedimus
1780 3163 1918 3201 speciales,

1321 3205 1375 3242 Et,
1393 3213 1421 3234 ut
1436 3203 1573 3241 prccmiffa
1585 3203 1685 3234 melius
1699 3203 1731 3232 &
1746 3202 1874 3239 liberius,
1892 3199 2205 3238 absqueimpedimento
2221 3202 2265 3232 seu
2274 3212 2337 3242 per-

1285 3244 1443 3275 turbatione
1455 3250 1719 3280 quorumcumque,
1737 3250 1819 3271 avere
1833 3240 1957 3277 poteritis
1969 3239 2001 3269 &
2016 3248 2160 3277 exercere,

1323 3282 1433 3312 Damus
1446 3280 1576 3310 universis
1590 3281 1622 3310 ὃ(
1637 3266 2004 3317 lingulis'ilicecomitibus‚
2024 3277 2197 3316 Majoribus,
2214 3278 2339 3317 Ballivis,

1285 3330 1318 3351 ac
1333 3320 1390 3350 aliis
1404 3317 1539 3349 Ministris
1553 3319 1585 3348 &
1606 3317 1746 3347 Fidelibus
1762 3315 1881 3354 nostris,
1899 3316 2014 3346 Tenore
2034 3315 2231 3354 Praesentium,
2248 3317 2337 3347 firmi-

1286 3368 1327 3389 ter
1344 3360 1372 3388 in
1388 3357 1541 3393 mandaris,
1556 3357 1635 3395 qubd
1648 3356 1728 3385 vobis
1741 3356 1774 3386 Sc
1790 3356 1904 3385 cuilibet
1919 3354 2057 3390 vestrum,
2076 3355 2104 3396 in
2119 3354 2270 3385 Praemiffis
2289 3356 2338 3386 de-

1286 3399 1345 3427 bite
1359 3395 1491 3426 faciendis
1506 3395 1731 3432 &exequendis,
1748 3392 1924 3424 Intendentes
1936 3393 2004 3429 lint,
2019 3391 2219 3431 Coniulemes,
2236 3395 2268 3425 ὅ(
2278 3394 2339 3425 Au-

1285 3436 1406 3466 xiliantes
1417 3457 1426 3470 ,
1442 3441 1524 3472 prout
1542 3433 1632 3463 decet.

1321 3473 1353 3504 In
1368 3474 1457 3509 cujus,
1478 3472 1537 3501 δίς.

1360 3511 1448 3541 Teste
1463 3508 1544 3548 Rege
1560 3508 1632 3548 apud
1647 3507 1916 3549 Wistmonaslerium,
1935 3507 2069 3538 vicesimo
2082 3506 2189 3537 ost-avo
2204 3506 2249 3537 die
2257 3506 2339 3537 Maii.

1611 3633 1720 3675 Bulla,
1747 3632 1781 3665 de
1814 3634 1986 3665 Proviione.

1284 3719 1469 3777 Bonifatius
1489 3717 1646 3757 Epifiopus,
1664 3717 1764 3748 Servus
1780 3717 1931 3747 Servorum
1947 3715 2005 3746 Dei

1359 3760 1390 3788 lo
1413 3758 1498 3794 Filio,
1515 3758 1630 3787 Ricardo
1650 3759 1715 3793 Regi
1731 3755 1843 3793 Angliae
1862 3754 1979 3792 illustri,
2005 3738 2024 3784 ἐ

1286 3807 1349 3828 cam
1366 3795 1595 3827 Benedic‘tonem.

1323 3835 1430 3865 Gratiae
1445 3834 1549 3863 divinae
1563 3832 1734 3870 Praemium,
1753 3832 1785 3862 δε
1801 3830 1933 3861 humanae
1947 3830 2033 3860 laudis
2048 3830 2230 3860 Praeconium
2245 3833 2342 3868 acqui·
2357 3855 2360 3856 ν

1286 3876 1353 3904 ritur
1390 3873 1426 3909 si,
1446 3882 1494 3908 per
1516 3871 1658 3901 Scculares
1684 3871 1846 3908 Principes,
1862 3869 2047 3899 Ecclessrtruni
2070 3867 2192 3898 Praelatis

1285 3914 1337 3943 tini
1353 3897 1539 3942 Eccleiiarum
1563 3908 1773 3940 Cathedralium
1796 3907 1941 3945 Regimini
1962 3904 2193 3945 Praefidemibus,

1291 3951 1403 3981 Favoris
1418 3948 1580 3978 Praefidium
1589 3971 1598 3985 ,
1617 3949 1650 3978 ὅ(
1663 3948 1767 3978 Honor
1780 3945 1890 3975 debitus
1902 3944 2088 3982 impendatur.

1321 3989 1411 4025 Sanc,
1428 3986 1550 4016 Eccleiia
1568 3985 1756 4024 Landavemi,
1775 3994 1808 4013 ex
1822 3993 1857 4013 eo
1874 3993 1989 4014 vacante
2001 3982 2156 4021 quodNos
2169 3983 2339 4023 hodie,Ve-

1285 4026 1439 4061 ncrabilem
1466 4025 1592 4054 Fratrem
1615 4024 1760 4061 nostrum,
1785 4022 1977 4051 T=demannum
2010 4023 2221 4066 Wygorniensem
2236 4045 2245 4061 ,
2272 4032 2340 4053 tunc

1284 4060 1496 4102 Laudavenfim
1515 4061 1684 4102 Episcopum,
1710 4060 1958 4129 1ὶςεῑὸὃίὲηῐεω,
1980 4071 1996 4091 a
2017 4060 2153 4099 vtnculo,
2171 4071 2229 4101 quo
2249 4060 2340 4127 eildem

1830 4107 1849 4127 2
2294 4108 2343 4128 an-

2025 3754 2127 3784 alutcm
2150 3754 2183 3784 δε
2198 3755 2343 3794 Apostoli-

2210 3917 2343 3945 oportuni
2355 3927 2363 3951 ,-

2202 3892 2211 3907 ³
2229 3871 2341 3914 praeser'.
2355 3859 2395 3913 ἓκ
2416 3888 2491 3922 Ονὶξ-

2365 3935 2380 3951 n
2393 3928 2454 3951 Thr.

2353 3973 2378 3990 n.
2404 3972 2445 3996 14.

2040 3714 2182 3746 carissimo
2201 3715 2230 3746 in
2255 3716 2340 3747 Chri·
2359 3733 2485 3764 Anni]

2379 3781 2459 3812 1395-

2356 3816 2407 3838 A1h
2428 3810 2470 3837 18.
