2561 4251
721 157 843 199 ET
924 157 1191 200 ACTA

130 257 158 280 re
179 253 238 287 quo
259 252 321 278 non
341 251 414 276 extat
434 244 591 283 memoria,
607 244 782 283 habuerunt,
797 243 831 275 &
850 243 954 276 habere
971 244 1194 282 consueverunt,

128 288 217 319 Duos
228 294 334 318 cuneos
347 282 508 314 Monetaes
520 293 573 321 pro
587 282 713 314 Cambio
727 285 776 314 suo
790 283 936 321 Eborum,

169 326 248 357 Sicut
270 324 330 355 t'am
349 331 400 359 per
417 321 587 360 Recordum
606 322 640 352 δε
660 320 828 353 Proceffum
869 321 1080 359 ustitiariorum,
1107 321 1194 351 Itine-

131 366 253 396 rantium
273 363 305 391 in
325 359 475 391 Comitatu
497 360 653 398 praedi&o‚
671 367 720 399 per
742 370 795 391 nos
817 370 831 389 a
869 360 1050 391 Scaccarium
1064 359 1195 389 nostrum

133 403 230 440 miffa,
248 400 333 438 quarn
349 408 400 437 per
413 398 539 429 Rotulos
552 399 586 429 &
602 398 794 430 Memoranda
808 399 948 429 Scaccarii
961 398 1090 438 praedicti
1114 406 1195 436 pote-

131 444 170 474 n'r
184 439 304 478 plenius,
322 446 353 468 ur
367 437 454 476 dicit,
470 447 618 476 apparere,

173 478 301 510 Velimus
322 476 454 515 praefato,
482 485 560 506 nunc
580 475 824 513 Archiepistopo,
842 474 1002 514 hujusmodi
1025 474 1111 506 Duos
1133 473 1197 504 Cu-

134 527 205 587 ”effi
213 539 223 555 ,
239 525 291 554 pro
307 514 434 546 Cambio
448 514 496 545 suo
509 514 657 552 Eborum,
675 514 784 544 liberari
793 514 910 553 jubere,

206 565 258 592 os,

135 593 257 664 estlpfisgtis
279 592 492 631 Archiepiscopi
509 589 751 628 Supplicationem
774 591 802 620 in
822 590 874 622 hac
893 599 970 630 parte
982 598 1151 628 annuenteS,
1168 598 1200 620 ut

188 642 218 670 ju
246 642 311 669 urn,

176 671 267 702 Vobis
280 669 452 701 Mandamus
464 667 609 704 quatinus,
625 666 688 697 vifis
702 666 841 698 Recordo
857 668 891 700 &
908 667 1060 705 Processu,
1075 677 1108 698 ac
1134 665 1197 696 Ro-

138 710 219 748 tulis,
237 711 270 742 &
285 704 483 740 Memorandis
500 705 658 744 praedietis,
674 706 693 735 fi
708 707 791 737 vobis
804 706 961 737 constiterit
981 708 1017 738 ita
1037 706 1111 743 esse,
1129 713 1198 735 tunc

137 749 250 787 eidem,
268 750 344 777 nunc
361 744 603 783 Archiepiicopo,
621 744 706 775 Duos
720 744 915 783 Cmeos,pr0
928 743 1054 775 Cambio
1065 743 1115 774 suo
1129 751 1201 781 prae-

138 788 239 825 disto,
255 784 358 822 absque
370 782 553 822 difficultate,
571 785 605 814 &
620 783 678 813 sine
691 783 823 814 dilatione
838 784 944 821 aliqua,
961 783 1071 813 liberari
1084 782 1200 818 faciatis,

139 834 223 866 prout
245 833 294 854 eos
316 822 420 852 habere
432 822 549 860 debeat,
564 822 597 853 δε
611 821 825 862 praedeceffores
840 821 879 852 sui
895 821 1022 860 praedicti
1035 830 1086 851 eos
1098 820 1202 851 habere

138 863 353 896 consueverunt.

0 267 61 298 mn.
77 252 116 293 D.

0 310 93 372 ..¹2⁷2-

176 938 270 971 Teste
283 938 368 976 Rege
381 917 457 976 apud
469 937 511 967 W
514 935 756 968 estmonasterium
765 961 774 975 ,
791 937 853 968 xxii.
872 936 919 967 die
932 935 1081 966 octobris.

851 1016 903 1043 Per
918 1011 1072 1044 Concilium.

145 1140 195 1172 De
221 1136 298 1170 Filio
324 1138 448 1169 Comitis
471 1135 508 1168 de
533 1137 635 1168 Denia
655 1148 756 1169 coram
775 1138 852 1183 Rege
866 1139 901 1175 ω’·
920 1136 1047 1169 Concilio
1063 1134 1205 1169 ducendo.

0 1243 75 1275 Ann.
89 1241 130 1271 D.

0 1289 112 1350 ..13⁷3·

148 1220 266 1279 REX
284 1220 389 1259 Majori
403 1221 437 1252 &
451 1220 680 1252 Vicecomitibus
695 1220 872 1260 Londoniae,
892 1221 1024 1252 Salutem.

143 1268 146 1271 ·
246 1259 423 1298 Qibusdam
438 1263 520 1291 certis
535 1260 571 1290 de
584 1259 699 1298 Cauiis,
717 1269 816 1290 coram
838 1261 922 1290 nobis
942 1261 976 1291 &
998 1259 1136 1290 Concilio
1155 1269 1209 1289 no-

146 1299 205 1330 stro
214 1322 223 1338 ,
235 1300 264 1329 in
278 1298 405 1338 praesenti
418 1298 606 1328 parliamento
621 1297 719 1328 nostro
728 1298 820 1336 ,apud
834 1298 1124 1329 VVestmonasterium
1139 1308 1212 1328 con-

147 1346 254 1369 vocato
267 1362 276 1375 ,
307 1337 456 1375 propositis
470 1359 480 1374 ,
505 1336 541 1367 de
562 1336 668 1367 assensu
692 1336 812 1374 ejusdem
834 1337 959 1368 Concilii
979 1337 1067 1367 nostri
1083 1360 1092 1375 ,
1118 1336 1210 1366 Vobis

149 1376 339 1414 Mandamus,
356 1375 471 1406 firmiter
487 1376 680 1413 injungentes,
699 1375 779 1414 quod
795 1375 898 1406 Filium
924 1375 1050 1407 Comitis
1070 1379 1106 1405 de
1128 1374 1212 1404 Dene

148 1415 340 1454 Alienigenae‚
365 1423 499 1451 tanquam
521 1413 660 1444 Obiidem
682 1415 710 1444 in
732 1413 855 1445 Civitate
874 1414 1009 1452 praedicta
1029 1423 1214 1444 commoran-

147 1462 208 1484 tem
222 1478 231 1491 ,
254 1462 352 1483 coram
374 1451 473 1482 Nobis
492 1453 525 1483 &
546 1452 682 1482 Concilio
701 1451 800 1482 nostro
816 1475 826 1491 ,
855 1453 884 1482 in
905 1453 986 1483 dieto
1010 1452 1214 1490 Parliamento,

149 1493 201 1523 hac
223 1492 336 1522 instanti
357 1490 404 1521 die
426 1490 544 1529 Martis,
564 1492 698 1529 proximo
721 1490 831 1528 futura,
856 1491 933 1521 salvo
954 1492 987 1522 ὃς
1005 1491 1100 1522 secure
1120 1492 1215 1520 venire

149 1531 272 1568 faciatis,
296 1529 329 1559 ad
352 1529 514 1560 faciendum
538 1539 570 1560 ea
591 1538 654 1567 quae
677 1538 727 1567 per
747 1529 860 1559 dietum
881 1528 1049 1560 Concilium
1071 1529 1217 1566 nostrum,

149 1579 187 1600 ex
198 1577 276 1608 parte
290 1566 403 1606 nostra,
418 1576 488 1598 tunc
503 1567 656 1605 contigerit
669 1566 810 1605 ordinari,
827 1568 860 1598 &
875 1567 997 1598 habeatis
1014 1569 1055 1599 ibi
1075 1569 1132 1599 hoc
1150 1567 1216 1598 Bre-

1 1403 104 1426 lozaem.

148 1619 276 1678 ve3reste
287 1642 371 1684 Rege
385 1643 459 1682 apud
473 1642 766 1676 Westmonasterium
776 1668 786 1684 ,
806 1645 900 1676 xxviii.
916 1644 962 1676 die
977 1645 1124 1676 Getobris.

6 1777 101 1805 ⁸v11.

1 1825 84 1885 Xxi'ri.
97 1851 139 1883 D.
157 1855 275 1914 REX
291 1855 454 1901 Omnibus,
477 1854 512 1885 ad
525 1864 615 1894 quos,
633 1855 695 1887 &c.
710 1854 845 1887 Salutem.

28 1899 112 1931 1377·
253 1896 350 1925 Seiatis
364 1893 444 1932 quod
456 1893 542 1932 Nos,

2 1935 60 1960 <An-
79 1941 102 1958 1-
192 1933 241 1963 De
253 1932 458 1970 circumspeeta
470 1931 602 1963 fidelitate
614 1932 647 1963 δε
660 1931 816 1971 Industria,
835 1932 943 1964 Dileeti
958 1933 992 1964 &
1006 1932 1106 1964 Fidelis
1118 1931 1219 1963 Militis

7 1974 36 1998 R·
58 1979 83 1997 2·
155 1972 261 2010 nostri,
281 1971 421 2011 Johanm's
440 1972 471 2002 de
491 1971 607 2010 Roches,
625 1973 659 2004 ὃς
681 1971 813 2011 Magistri
831 1971 944 2002 Geraldi
966 1973 998 2002 de
1020 1975 1138 2010 Meuta,
1157 1972 1218 2009 ple-

8 2012 95 2036 Franc.
118 2016 142 2033 ¹·
159 2013 221 2041 nius
235 2010 425 2048 confidentes,

9 2050 30 2074 R
47 2052 106 2083 2-P·
197 2049 245 2079 De
262 2050 367 2080 assensu
390 2051 424 2081 &
446 2048 616 2080 avisamento
637 2047 764 2080 Concilii
785 2048 891 2087 nostri,
919 2049 991 2087 ipsos
1004 2072 1014 2088 ,
1041 2048 1167 2080 Militem
1186 2048 1220 2079 ὃ(

13 2093 37 2113 ¹·
51 2093 89 2113 m·
99 2094 143 2111 ²0·
156 2087 303 2119 Geraldum
317 2087 495 2126 conjunffim
505 2110 515 2126 ,
534 2088 584 2126 &,
599 2088 629 2117 in
644 2088 763 2118 absentia
778 2087 846 2118 dieti
867 2088 999 2127 Geraldi,
1017 2088 1140 2119 eundem
1160 2086 1223 2117 Mi-

159 2128 238 2158 litem
254 2137 303 2168 per
315 2128 359 2165 se,
379 2126 491 2157 nostros
505 2136 588 2157 veros
601 2127 636 2158 &
650 2126 794 2164 legitimos
807 2125 1006 2158 Procuratores
1016 2150 1026 2166 ,
1042 2128 1224 2168 negotiorum

159 2166 313 2204 Gestores,
329 2176 364 2198 ac
377 2165 515 2196 Nuncios
527 2164 543 2195 s
558 2165 671 2204 eciales,

197 2204 243 2235 Ad
258 2204 456 2236 Tractandum
471 2205 505 2235 &
541 2203 770 2235 *oncordandum
783 2213 869 2243 cum,
888 2203 1053 2242 Magnifico
1067 2205 1100 2236 &
1115 2203 1225 2234 Poten-

158 2251 187 2274 te
206 2242 356 2282 Principe,
372 2242 507 2273 Domino
531 2244 628 2281 Petro,
647 2246 717 2280 Rege
739 2247 918 2281 Arragomem
939 2243 1068 2280 Illustre,
1094 2241 1226 2273 Consan-

179 2283 264 2312 uineo
283 2281 382 2312 nostro
404 2280 544 2312 cariffimo
558 2305 568 2319 ,
597 2280 643 2311 seu
669 2284 726 2320 ejus
746 2283 775 2312 in
794 2282 848 2312 hac
872 2291 948 2320 parte
967 2282 1202 2313 procuratoribus
1217 2302 1228 2318 ,

158 2291 305 2365 lvxiunciis,
322 2321 367 2351 seu
384 2319 551 2365 DeputatiS,
569 2319 972 2389 pleaeriamuPotestatemnab
992 2321 1053 2359 ipso
1075 2320 1167 2389 Regji
1180 2321 1228 2372 ha-

159 2360 307 2429 Eesnnbus,
325 2359 364 2390 de
377 2359 603 2398 qulbufcumque
645 2367 773 2398 mieitus,
791 2359 1004 2400 Alligantus,&
1020 2368 1124 2391 mutuis
1168 2367 1229 2389 uxi-

201 2436 277 2467 Inter
301 2435 372 2467 Nos
389 2436 423 2467 &
443 2435 582 2466 Haeredes
604 2435 733 2474 nostros,
751 2446 803 2476 pro
825 2436 942 2475 Nobis,
963 2437 1092 2474 Regnis,
1110 2435 1229 2473 Terris,

163 2475 198 2507 δε
220 2474 384 2513 Dominiis,
402 2485 435 2506 ac
454 2474 594 2513 Subditis,
611 2475 644 2506 &
666 2474 794 2506 Vassallis
819 2475 921 2506 nostris
933 2475 1162 2514 quibuscumque
1195 2475 1230 2506 δε

165 2513 257 2558 ipsum
269 2512 381 2558 Regem
397 2514 431 2544 ἂ
447 2512 585 2544 Haeredes
592 2512 678 2557 sum,
696 2515 808 2558 prose,
825 2514 954 2552 Regnis‚
971 2514 1089 2553 Terris,
1106 2515 1139 2545 &
1163 2498 1230 2543 Do-

166 2553 260 2622 zninus
272 2551 341 2597 suls,
359 2562 392 2583 ac
406 2562 506 2583 eorum
518 2553 652 2583 omnibus
666 2551 790 2584 Subditis
803 2553 837 2585 δε
857 2553 983 2585 Vaffallis
991 2576 1001 2593 ,
1019 2564 1073 2593 pro
1092 2560 1231 2590 perpetuo

189 2599 322 2629 oraturis,

204 2629 381 2660 Ordinamus
416 2629 565 2667 Facimus,
582 2630 617 2662 &
631 2628 839 2662 Constituirnus
855 2640 903 2669 per
920 2630 1092 2668 Praesentes;

204 2667 315 2712 Dantes
329 2670 362 2710 βε
377 2651 578 2712 Concedentes
598 2668 720 2707 eisdem,
739 2668 826 2700 Militi
844 2670 878 2700 ὃς
902 2669 1017 2700 Geraldo
1038 2668 1235 2706 conjundtim,

169 2707 219 2743 &,
238 2717 266 2736 in
285 2707 404 2736 abientia
424 2709 504 2745 ipimus
526 2706 657 2745 Geraldi,
673 2708 791 2747 praefato
810 2707 902 2738 Militi
923 2718 973 2746 per
995 2708 1040 2746 se,
1058 2707 1234 2738 Potestarem

169 2746 203 2776 &
219 2744 425 2774 Auctoritatem
438 2745 622 2783 speciales,ac
639 2745 810 2776 Mandatum
824 2748 968 2785 generale,
984 2756 1036 2783 pro
1050 2746 1150 2783 nobis,
1163 2745 1237 2775 Hae-

170 2782 302 2821 redibuS,
317 2782 442 2821 Regnis,
459 2783 576 2822 Terris,
594 2784 755 2822 Dominiis,
773 2785 903 2823 subditis,
920 2786 953 2816 ὃς
971 2784 1096 2814 Vassallis
1117 2783 1238 2821 nostris,

171 2821 429 2889 praergissadlomnia
451 2822 484 2853 ὃς
506 2821 610 2861 singula
627 2822 779 2861 traetandi,
802 2823 1015 2861 concordandi,
1039 2822 1178 2861 faciendi,
1203 2824 1237 2854 ὃς

172 2869 206 2890 ex
228 2869 243 2890 e
264 2869 309 2889 ren

208 2870 250 2929 {Et
269 2908 300 2928 ea
318 2882 433 2936 or'nnia,
458 2907 528 2929 curn
546 2897 679 2937 tractata,
705 2898 896 2938 concordata,
914 2900 948 2931 δε
970 2899 1097 2937 expedita
1117 2899 1239 2938 fuerint,

175 2936 305 2967 firmandi
320 2937 353 2967 &
368 2936 504 2975 vallandi,

211 2974 251 3005 Et
271 2976 368 3006 omnia
388 2975 439 3005 alia
456 2974 637 3014 excercendi,
664 2985 728 3013 quae
749 2977 824 3006 circa
843 2986 874 3006 ea
897 2976 1047 3007 necessaria
1068 2975 1170 3007 fuerint
1192 2977 1239 3008 vel

174 3021 331 3052 oportuna,
349 3014 434 3043 etiarn
448 3013 468 3043 si
484 3013 654 3044 Mandatum
670 3015 780 3053 exigant
791 3015 925 3054 speciale,

213 3051 339 3091 Ratum,
357 3051 501 3089 Gratum,
520 3053 553 3083 &
576 3051 706 3083 Firmum
726 3054 846 3084 habituri
867 3053 1001 3092 quicquid
1023 3054 1128 3092 iidem,
1152 3053 1240 3084 Miles

177 3091 211 3121 &
227 3091 359 3120 Geraldus
372 3091 549 3130 conjunfflm
559 3112 568 3129 ,
586 3100 632 3122 aut
648 3091 703 3129 ipse
719 3090 824 3131 Miles,
843 3094 871 3122 in
888 3093 1007 3123 absentia
1021 3092 1101 3133 ipsius
1118 3092 1241 3131 Geraldi,

177 3130 306 3196 nomin}1
316 3128 433 3168 nostro,
455 3129 591 3169 fecerint,
616 3130 662 3161 vel
682 3130 781 3162 fecerit
795 3153 806 3170 ,
832 3132 861 3162 in
886 3130 1030 3171 praemissis
1044 3156 1053 3170 ‚
1079 3131 1125 3161 seu
1147 3132 1242 3170 aliquo

179 3175 281 3204 praemi
306 3177 399 3197 orum.

220 3204 294 3235 Data
321 3205 371 3248 sub
399 3206 492 3244 magni
519 3205 547 3235 Si
569 3206 605 3236 illi
634 3206 724 3237 nostri
754 3207 936 3239 Testimonio
964 3209 994 3239 in
1017 3208 1122 3240 Palatio
1141 3208 1242 3240 nostro

179 3240 308 3273 Westm.
327 3243 468 3274 tricesimo
484 3243 529 3273 die
578 3244 695 3276 &obtin

335 1769 364 1796 δὲ
388 1772 438 1804 De
453 1768 626 1804 Traflando
642 1781 712 1803 cum
730 1773 808 1817 Rege
822 1773 1030 1818 Arragonum.

442 3368 492 3400 De
507 3363 624 3398 Ordine
643 3366 787 3399 Mlitari
795 3367 989 3414 ssftipicndo·

162 3495 166 3500 .
185 3449 301 3508 REX
319 3450 494 3481 Vicecomiti
507 3450 640 3489 Kantiae,
658 3450 790 3482 Salutem.

282 3488 465 3527 Praecipimus
479 3489 546 3527 tibi,
564 3488 681 3520 firmiter
695 3489 879 3529 Injungentes
888 3514 897 3530 ‚
912 3491 1010 3530 quod,
1024 3502 1074 3530 per
1091 3500 1181 3523 totam
1188 3492 1251 3523 Bal-

184 3527 269 3558 livam
285 3535 380 3566 tuam,
399 3528 457 3558 tam
469 3527 541 3557 infra
556 3527 728 3569 Libertates,
745 3531 833 3569 quam
845 3538 937 3570 extra,
956 3531 1006 3561 ubi
1019 3532 1152 3570 expedire
1172 3532 1253 3563 vide-

186 3567 238 3604 ris,
255 3566 367 3604 publice
383 3566 549 3604 proclamari
563 3565 661 3604 facias,

224 3604 318 3643 Quod
332 3614 432 3636 omnes
448 3604 502 3642 illi,
523 3604 571 3641 qui
585 3604 778 3644 Qadraginta
791 3606 919 3638 Libratas
933 3607 1036 3638 Terrae
1049 3607 1095 3638 vel
1108 3606 1253 3639 Redditfis

185 3653 236 3680 per
246 3644 364 3674 Annum
379 3644 499 3680 habent,
518 3642 552 3673 &
567 3652 611 3672 eas
624 3653 674 3681 per
688 3643 764 3674 Tres
780 3646 881 3676 Annos
895 3647 1018 3686 integros
1031 3655 1198 3685 tenuerunt,
1216 3648 1250 3678 &

188 3681 297 3721 Milites
312 3693 370 3712 non
384 3682 463 3720 sunt,
480 3681 621 3711 Ordinem
635 3681 780 3720 suscipiant
795 3683 951 3714 Militarem
977 3686 1044 3715 citra
1064 3683 1181 3715 Festum
1202 3685 1256 3715 Pa-

185 3720 260 3750 schae
276 3722 411 3759 proximo
425 3721 570 3758 futurum,
588 3719 633 3750 vel
648 3720 677 3749 in
691 3721 794 3751 eodem
810 3721 896 3752 Festo
909 3723 943 3752 ad
959 3723 1111 3762 ultimum,
1131 3724 1180 3754 sub
1203 3733 1254 3762 pe-

187 3759 278 3789 riculo
292 3760 370 3797 quod
387 3759 544 3796 incumbit,

225 3795 263 3826 Et
280 3797 316 3827 de
334 3799 498 3828 nominibus
518 3798 646 3834 illorum,
666 3797 715 3834 qui
735 3797 851 3834 Quadra
872 3799 930 3828 inta
948 3798 1073 3828 Libratas
1088 3800 1190 3829 Terrae
1207 3800 1252 3831 vel

190 3833 330 3878 Redditus
343 3836 447 3867 habent
462 3838 491 3866 in
507 3835 609 3866 Balliva
624 3844 670 3866 tua
680 3858 689 3873 ,
708 3835 778 3866 iicut
792 3806 960 3873 prae5i6ffim
975 3837 1032 3875 est,
1050 3837 1196 3876 diligenter
1210 3840 1253 3868 in-

191 3882 298 3910 qulraS,
318 3874 350 3904 δε
370 3875 467 3905 Nobis
489 3875 525 3906 de
549 3873 744 3910 Nominibus,
762 3875 791 3903 in
805 3873 980 3905 Cancellaria
995 3875 1108 3914 nostra,
1123 3876 1254 3908 constare

189 3911 270 3942 facias
282 3919 345 3941 ante
361 3912 475 3944 Festum
491 3913 695 3951 supradictum,
713 3912 746 3942 ὃ(
761 3912 819 3943 hoc
834 3913 986 3943 nullatenus
1000 3916 1122 3944 omittas.

227 3948 318 3980 Teste
332 3948 415 3989 Rege
427 3952 502 3989 apud
516 3949 807 3983 Westmonasterium
816 3973 826 3989 ,
845 3951 984 3982 vicesimo
997 3953 1043 3983 die
1063 3952 1254 3984 Novembris.

666 4030 720 4058 Per
735 4027 816 4068 ipsum
828 4029 923 4065 Regem
940 4026 978 4064 &⁴
991 4027 1143 4059 Concilium.

1274 155 1773 199 PUBLICA..

2234 171 2257 213 7
2266 171 2283 202 1

2205 279 2207 281 ¹
2302 243 2380 275 Ann.
2391 241 2436 277 Di·

1228 278 1396 311 Consimilia
1410 281 1508 313 Brevia
1522 281 1680 323 diriguntur
1692 282 1813 322 Singulis
1828 281 2053 316 vicecomitibus
2066 290 2116 323 per
2137 280 2271 324 Angliam
2280 306 2290 323 ,
2323 288 2408 322 1377.

1619 321 1670 352 sub
1689 321 1790 352 eadem
1806 321 1889 352 Data.
2303 323 2355 350 Ric.
2372 333 2400 352 2.

1397 444 1491 487 Super
1509 442 1703 489 Elongatione
1722 444 1796 477 Filii
1812 447 1933 478 Comitis
1951 443 1987 477 de
2005 447 2119 479 Denia.

1235 523 1372 581 REX,
1391 523 1510 569 Dilecto
1525 526 1557 556 ἃ
1572 525 1659 570 Fideli
1671 527 1737 565 suo,
1757 528 1850 572 Alano
1864 529 1900 560 de
1918 528 2052 567 Buxhull,
2071 529 2291 575 Constabulario
2303 519 2380 552 Ann.
2394 521 2436 553 D.

1232 564 1413 631 lutemssursss
1433 564 1487 594 suae
1511 564 1691 602 Londomae,
1710 566 1755 596 vel
1775 577 1832 605 ejus
1849 568 1964 600 Locum
1978 577 2084 599 tenenti
2097 569 2223 608 ibidem,
2240 569 2291 600 Sa·
2303 567 2412 629 A1n3717

1267 638 1441 678 Supplicavit
1460 641 1559 678 nobis,
1577 640 1695 684 dileetus
1716 641 1948 683 Consanguineus
1969 644 2079 683 noster,
2102 647 2236 675 Henricur
2261 645 2293 676 de
2305 643 2384 684 ²³22·

1321 703 1330 716 ,
1346 678 1457 709 Comes
1473 678 1714 718 Northumbriae,
1731 691 1778 720 ut,
2311 677 2412 705 [bldem.

1231 677 1255 704 P

1255 687 1348 746 e'Cim
1369 716 1530 746 Willielmus
1551 718 1582 746 de
1601 719 1760 756 Faryngdon
1774 718 1925 758 Chivaler,
1942 720 1998 750 una
2011 731 2078 752 cum
2095 722 2170 761 aliis,
2189 723 2218 751 in
2233 720 2296 752 Pri-

1234 753 1533 823 ἓέὶῗὶξὲιῑὲζηιέοίὶῑπ
1549 755 1692 794 praedietae
1705 757 1832 789 detentus
1846 758 1878 789 sit
1893 769 1944 796 pro
1957 758 2146 799 Elongatione
2164 760 2225 791 Filii
2245 764 2295 790 Co-

1456 815 1466 831 2

1217 867 1220 870 Δ
1273 831 1335 869 Qii
1372 831 1467 861 uidem
1484 830 1592 862 Comes
1604 841 1701 870 captus
1713 832 1765 864 fuit
1776 835 1812 865 de
1828 834 1938 865 Guerra
1955 837 1983 865 in
1998 835 2076 866 Bello
2090 836 2126 867 de
2140 835 2270 875 Nazare,

1259 870 1293 914 ἢ*
1315 868 1357 901 Ve
1369 870 1442 900 imus
1454 869 1546 901 facere
1560 870 1665 902 dimitti
1681 872 1850 909 praedictum
1865 873 2042 903 Willielmum
2056 885 2071 904 a
2088 875 2201 905 Prisona
2221 885 2292 913 prae-
2307 866 2322 882 ⁴⁸
2344 866 2413 895 νη

1236 907 1313 952 dicta
1325 931 1333 945 ,
1348 907 1382 938 ad
1399 909 1568 940 morandum
1583 919 1651 940 cum
1665 910 1744 941 dieto
1756 910 1977 950 Consanguineo
1988 913 2085 943 nostro
2096 915 2129 944 ὃς
2145 915 2174 943 in
2188 912 2294 944 Comi-
2310 904 2371 932 ¹3⁰·

1237 955 1294 977 tiva
1308 947 1351 976 sua
1365 956 1417 984 pro
1434 948 1558 985 quodam
1570 955 1628 979 tem
1650 959 1718 987 ore,

1270 984 1311 1029 ,Et
1331 986 1410 1023 super
1432 986 1490 1016 hoc
1514 987 1590 1017 idem
1643 988 1849 1027 onsanguineas
1869 988 2002 1026 optulerit
2021 999 2210 1027 manucapere
2224 1012 2234 1026 ,
2264 987 2300 1019 ad

1237 1025 1430 1055 reintrandum
1450 1026 1480 1054 in
1501 1025 1607 1056 dictam
1628 1024 1773 1056 Prisonatn
1796 1037 1898 1064 corpus
1914 1028 2018 1065 praefati
2032 1026 2194 1066 Willielmi,
2213 1037 2301 1065 quan-

1241 1063 1335 1107 d9.&
1359 1071 1444 1101 prout
1465 1063 1556 1102 ipsum
1577 1062 1827 1104 Consanguineum
1847 1062 1977 1096 nostrum
2002 1066 2153 1097 fecerimus
2179 1075 2301 1104 praemu-

1242 1111 1294 1131 niri

1278 1124 1364 1178 rios,

1282 1179 1359 1218 Qia
1374 1178 1449 1209 idern
1464 1178 1696 1217 Consanguineus
1708 1179 1803 1211 noster
1819 1181 1847 1211 in
1867 1180 2040 1211 Cancellaria
2060 1180 2156 1212 nostra
2175 1179 2304 1219 persona-

1243 1218 1304 1247 liter
1319 1217 1504 1256 constitutus,
1522 1219 1683 1256 manucepit
1696 1219 1730 1249 ad
1744 1220 1933 1250 reintrandum
1955 1229 2057 1258 corpu:
2080 1219 2207 1256 praedicti
2228 1218 2304 1249 Wil-

1244 1256 1326 1285 lielmi
1342 1257 1370 1286 in
1386 1256 1531 1287 Prisonam
1546 1256 1726 1295 praedidtam,
1743 1258 1856 1296 quando
1871 1260 1904 1290 &
1915 1267 1999 1296 prout
2016 1258 2107 1295 ipsum
2126 1258 2241 1289 Confan
2282 1260 2306 1289 i-

1245 1305 1330 1324 neum
1347 1294 1475 1325 nostrum
1493 1297 1651 1332 priemuniri
1664 1296 1828 1334 fecerimus,
1845 1298 1926 1326 vobis
1943 1298 2106 1327 mandamus
2129 1298 2207 1334 quoti
2256 1307 2304 1327 or-

1246 1342 1296 1372 pus
1319 1333 1446 1370 praedie‘ti
1470 1333 1611 1363 Willielmi
1630 1344 1646 1365 a
1660 1333 1775 1365 Prisona
1791 1335 1941 1373 praediCta,
1960 1335 2016 1365 sine
2028 1336 2179 1374 dilatione,
2199 1335 2306 1366 delibe-

1247 1372 1311 1401 retis
1327 1381 1361 1401 ex
1375 1372 1452 1402 causa
1467 1372 1627 1410 supraditsta.

1285 1409 1374 1439 Teste
1386 1409 1467 1450 Rege
1480 1411 1552 1448 apud
1566 1410 1607 1441 W
1610 1410 1852 1442 estmonasteriurn
1861 1436 1871 1451 ,
1890 1413 1991 1451 quinto
2004 1411 2048 1442 die
2063 1412 2245 1443 Decembris.

1745 1490 1798 1517 Per
1812 1491 1905 1518 Breve
1918 1489 1949 1518 de
1964 1491 2083 1518 Privato
2097 1488 2195 1526 sigillo.

1599 1614 1659 1645 Pro
1674 1615 1710 1646 V
1708 1611 1789 1645 idus's
1806 1611 1969 1646 Londoniae.

1254 1696 1391 1755 REX,
1409 1697 1519 1728 dilectis
1534 1697 1583 1728 fibi
1589 1720 1599 1736 ,
1617 1696 1744 1736 Maiori,
1762 1699 1796 1730 &
1811 1697 2057 1735 vicecomitibus,
2069 1707 2103 1727 ac
2117 1695 2315 1727 Aldermannis
2333 1696 2408 1728 Ann.
2421 1693 2462 1727 D.

1332 1735 1459 1767 Civitatis
1472 1736 1527 1766 suae
1545 1736 1726 1775 Londoniae,
1745 1736 1877 1767 Salutem.
2000 1755 2004 1761 -
2362 1743 2446 1774 1377.

1290 1775 1368 1813 Qia
1382 1774 1479 1806 datum
1493 1774 1534 1805 est
1548 1776 1628 1805 nobis
1644 1775 1764 1813 intelligi
1780 1775 1877 1814 quod,
1895 1774 2072 1813 temporibus
2089 1772 2314 1813 Progenitorum
2332 1779 2384 1802 An.
2405 1785 2428 1803 1.

1251 1814 1418 1845 nostrorum
1440 1814 1529 1852 (cujus
1544 1815 1678 1844 contrarii
1694 1815 1833 1844 memoria
1844 1824 1903 1844 non
1915 1813 2019 1850 existit)
2037 1812 2189 1850 Mulieres,
2208 1811 2314 1843 Viduae
2329 1819 2357 1842 R.
2379 1823 2405 1840 2.

1253 1852 1384 1883 Civitatis
1408 1852 1511 1882 nostrae
1530 1852 1689 1890 praedirftae,
1715 1852 1751 1882 de
1773 1852 1907 1882 omnibus
1930 1852 2061 1891 Tallagiis
2083 1850 2315 1890 omnimodisque
2332 1851 2419 1889 claus.
2443 1859 2466 1879 r.

1253 1891 1524 1960 Ctffitributionibus
1536 1891 1624 1921 libere
1638 1892 1671 1922 ὃς
1685 1891 1780 1929 quiete
1794 1892 1961 1929 extiterunt,

1326 1939 1377 1968 os,

1290 1968 1397 2036 {arum
1417 1968 1572 1999 Libertates
1593 1969 1626 2000 ὃς
1648 1967 1748 1998 liberas
1770 1967 1997 2000 Consuetudines
2016 1967 2128 2008 infringi
2152 1967 2198 1998 vel
2220 1966 2320 1998 violari

1257 2018 1297 2038 no
1309 2016 1387 2037 entes
1567 2029 1572 2032 .

1292 2046 1342 2076 Set
1356 2029 1450 2084 po'tius
1465 2045 1532 2083 ipsas
1547 2045 1670 2084 Viduas,
1689 2047 1718 2075 in
1734 2045 1786 2076 suis
1802 2045 2008 2083 Libertatibus,
2026 2045 2059 2076 &
2084 2045 2174 2076 libetis
2194 2043 2325 2074 Consues

1257 2085 1417 2122 tudinibus,
1437 2093 1532 2115 tenere
1546 2085 1580 2116 ὃς
1596 2084 1740 2115 custodire
1752 2085 1896 2121 volentes,
1917 2093 1947 2114 ut
1963 2093 2110 2122 tenemur,

1296 2122 1388 2154 Vobis
1405 2123 1570 2154 mandamus
1595 2123 1675 2162 quOd
1700 2123 1847 2161 praedictas
1869 2123 1973 2153 Viduas
1993 2133 2094 2153 omnes
2118 2121 2274 2151 Libertates
2292 2122 2326 2152 ὃς

1260 2163 1359 2194 liberas
1373 2160 1616 2200 Consuetudines,
1636 2173 1702 2201 quas
1716 2163 1780 2193 totis
1794 2163 1970 2200 temporibus
1982 2160 2142 2199 supradietis
2168 2160 2327 2190 habuerunt

1259 2203 1293 2233 &
1313 2200 1353 2231 usl
1374 2201 1504 2239 fuerunt,
1521 2201 1625 2231 habere
1644 2202 1678 2232 ὃς
1697 2200 1817 2240 gaudere
1832 2200 2012 2240 permittatis,
2031 2200 2142 2230 easdem
2157 2197 2328 2240 ViduasLin

1260 2241 1312 2271 hac
1333 2247 1428 2278 parte,
1445 2239 1524 2271 aliter
1543 2240 1631 2279 quam
1651 2239 1805 2279 deberent,
1831 2249 1892 2270 non
1911 2239 2090 2269 molestantes
2108 2238 2138 2267 in
2163 2237 2259 2275 aliquo
2280 2239 2328 2267 ieu

1261 2286 1418 2310 onerantes.

1300 2317 1354 2356 Et,
1372 2317 1392 2347 si
1408 2317 1476 2355 quid
1491 2318 1545 2356 eis,
1566 2318 1595 2347 in
1610 2316 1771 2356 praemiffis,
1789 2317 1947 2354 injuriatum
1964 2315 2064 2352 fuerit,
2084 2314 2111 2344 id
2127 2314 2183 2344 fine
2196 2313 2331 2344 dilatione

1264 2356 1367 2396 corrigi
1383 2356 1415 2387 &
1431 2356 1573 2386 emendari
1585 2356 1709 2394 faciatis,
1727 2356 1764 2386 ita
1779 2354 1861 2393 quod
1872 2355 1957 2384 dietae
1973 2353 2094 2391 Viduae,
2111 2362 2145 2383 ex
2159 2353 2212 2383 hac
2235 2351 2332 2391 causa,

1265 2396 1411 2426 materiam
1426 2404 1488 2425 non
1502 2395 1621 2425 habeant
1634 2396 1719 2425 nobis
1731 2393 1768 2424 de
1783 2402 1890 2424 caetero
1902 2393 2108 2431 conquerendi.
2289 2429 2294 2434 Π

1302 2432 1447 2464 Nolentes
1463 2433 1560 2472 quod,
1577 2432 1596 2464 fi
1613 2432 1715 2471 aliquid
1730 2432 1814 2462 dietis
1827 2432 1943 2470 ViduiS,
1963 2441 2012 2469 per
2029 2431 2088 2461 vim
2109 2430 2155 2460 vel
2175 2428 2333 2473 Cohertio⁴

1265 2482 1333 2503 nem
1345 2497 1354 2510 ,
1372 2481 1473 2502 contra
1493 2472 1648 2503 Libertates
1669 2473 1703 2503 &
1725 2471 1822 2501 liberas
1844 2470 2069 2501 Consuetudines
2087 2469 2144 2499 suas
2168 2467 2333 2513 praed1&a8‚

1266 2511 1392 2542 indebite
1410 2511 1518 2541 fastum
1539 2511 1637 2547 fuerit,
1653 2509 1733 2548 qubd
1756 2509 1783 2539 id
1807 2508 2007 2546 Praejudicium
2029 2517 2076 2538 aut
2099 2507 2332 2538 Adnullauonem

1268 2550 1444 2581 Libertatum
1460 2573 1470 2587 ,
1493 2550 1525 2580 &
1547 2549 1715 2579 Liberarum
1735 2547 1980 2578 Consuetudinum
2001 2546 2112 2577 suarum
2136 2545 2335 2584 praedietarum

1267 2589 1419 2625 aliqualiter
1433 2596 1622 2618 convertatur.

1308 2626 1399 2695 Tgste
1414 2626 1498 2666 Rege
1509 2625 1582 2664 apud
1596 2623 1905 2663 Westmonasterium,
1925 2624 2040 2655 decimo
2063 2623 2185 2662 septimo
2203 2621 2250 2652 die
2274 2620 2337 2651 De-

1269 2675 1336 2697 cem
1358 2675 1403 2695 ris.

2332 1896 2362 1920 R.
2377 1901 2402 1918 2.
2425 1899 2465 1917 m.

2336 1940 2382 1957 21.

1755 2704 1807 2731 Per
1823 2703 1917 2732 Breve
1927 2701 1960 2731 de
1973 2703 2094 2731 Privato
2110 2698 2208 2738 Sigillo.

1990 2778 2033 2805 Et
2046 2782 2108 2806 erat
2122 2777 2233 2805 Putem.

2251 2850 2338 2857 ‚IV—a

1579 2904 1628 2935 Dc
1645 2903 1830 2949 Aliemgenis
1845 2898 2032 2947 expellendis.

1334 2989 1396 3060 ESXl
1407 2989 1568 3028 Justiciario
1574 2985 1624 3027 fito
1637 2986 1811 3018 Suthwalliae
1820 2985 1883 3027 ,vel
1896 2986 1954 3025 ejus
1971 2984 2090 3017 Locum
2102 2985 2208 3017 tenenti
2222 2984 2339 3024 ibidem,
2356 2990 2429 3022 Αῃη,
2447 2989 2487 3021 D.

1372 3040 1387 3059 a
1399 3038 1499 3059 utem..
2377 3038 2462 3070 1377.

1316 3066 1415 3106 Cum,
2356 3074 2409 3096 An.
2427 3079 2450 3095 ι.

1316 3105 1394 3136 Inter
1408 3114 1524 3142 caetera,
2356 3112 2385 3135 R.
2406 3117 2433 3134 2,

1315 3144 1349 3175 In
1369 3145 1555 3175 Parliamento
1576 3140 1692 3179 nostro,
1716 3139 1789 3180 apud
1810 3139 2116 3177 Westmonasterium,
2133 3140 2163 3169 in
2185 3138 2338 3178 Qindena
2356 3149 2440 3172 Franc.
2465 3153 2489 3173 ι,

1278 3182 1375 3214 saneti
1395 3182 1560 3218 Michaelis,
1579 3181 1712 3218 proximo
1732 3179 1885 3218 praeteritfi,
1903 3188 2000 3217 tent0,
2018 3188 2067 3216 per
2088 3177 2236 3215 Comites,
2254 3177 2339 3220 Baro-
2355 3188 2384 3211 R.
2396 3189 2452 3219 2‚p,
2465 3191 2490 3209 ι,

1277 3232 1345 3261 nes,
1363 3224 1397 3254 ὃς
1411 3220 1661 3252 Communitatetn
1675 3218 1771 3258 Regni
1784 3217 1890 3258 nostri,
1909 3227 1963 3256 pro
1976 3217 2126 3247 communi
2140 3217 2252 3247 utilitate
2267 3225 2340 3253 ejus·
2356 3232 2392 3249 m,
2414 3230 2455 3255 ¹4·

1280 3260 1347 3291 dem
1363 3261 1458 3299 Regni
1473 3257 1662 3294 concordata,

1317 3299 1489 3329 Ordinatum
1506 3295 1602 3327 existat
1615 3295 1714 3334 quod,
2141 3331 2145 3336 .
2167 3332 2173 3337 ι

1321 3339 1507 3376 Qicumque
1524 3334 1711 3373 Alienigenae,
1728 3334 1787 3364 tarn
1801 3332 1959 3370 Seculares,
1980 3332 2066 3370 quam
2080 3329 2216 3370 Religiofi
2237 3329 2344 3361 Fratres

1283 3377 1439 3414 (videlicet)
1455 3374 1650 3406 Mendicantes
1666 3374 1699 3403 δε
1713 3372 1775 3410 alii,
1791 3372 1827 3402 de
1854 3370 2045 3408 Nationibus,
2064 3369 2162 3399 Nobis
2176 3369 2214 3412 f&
2238 3368 2346 3407 Regno

1282 3416 1381 3446 nostro
1399 3415 1509 3453 Angliae
1523 3411 1666 3448 Inimicis,
1685 3411 1888 3448 cujuscumque
1903 3406 1996 3439 Status
2018 3408 2063 3437 seu
2084 3406 2266 3437 Conditionis
2286 3409 2347 3438 fue-

1282 3455 1362 3492 rint,
1386 3453 1523 3491 Regnum
1545 3449 1675 3480 nostrum
1698 3449 1829 3488 Angliae,
1852 3448 1901 3478 sub
1923 3446 2109 3490 Forisfac'tura
2130 3448 2261 3476 omnium
2283 3456 2347 3489 quae

1282 3493 1363 3522 nobis
1379 3492 1536 3523 forisfacere
1552 3497 1702 3526 poterunt,
1721 3490 1779 3518 tarn
1794 3489 1823 3517 in
1848 3485 2027 3523 Corporibus
2061 3485 2148 3527 quam
2171 3484 2255 3515 Bonis
2276 3485 2347 3522 suis,

1283 3539 1399 3569 exeant,
1424 3532 1457 3562 &
1479 3529 1513 3558 ab
1533 3527 1635 3557 eodem
1657 3526 1783 3563 Regno,
1805 3526 1873 3555 citra
1892 3522 2007 3553 Festum
2033 3507 2237 3554 Furincationis
2257 3524 2348 3554 beatae

1284 3568 1388 3599 Mariae
1423 3569 1537 3598 roximo
1552 3566 1700 3605 futurum,
1718 3565 1838 3595 totaliter
1853 3562 2040 3600 expellantur,
2053 3562 2085 3592 &
2101 3562 2170 3592 infra
2186 3562 2260 3592 idem
2269 3562 2349 3600 Reg-

1283 3616 1372 3646 num,
1425 3608 1509 3637 uerris
1528 3606 1599 3634 inter
1621 3603 1690 3633 Nos
1716 3605 1748 3633 ὃς
1772 3602 1952 3632 Adversarios
1967 3600 2077 3630 nostros
2089 3600 2268 3638 durantibus,
2287 3609 2349 3630 non

1284 3646 1417 3683 redeant,
1434 3655 1488 3675 nec
1504 3645 1531 3673 in
1546 3642 1651 3672 eodem
1670 3641 1777 3680 Regno
1792 3648 1968 3677 receptantur
1984 3638 2042 3669 ullo
2059 3639 2165 3676 modo,
2215 3677 2219 3682 Ι

1321 3683 1466 3715 Prioribus
1488 3681 1676 3713 Eccleliarum
1699 3678 1959 3715 Conventualium,
1978 3678 2012 3708 &
2034 3677 2091 3707 aliis
2107 3676 2234 3707 Personis
2248 3676 2350 3708 Eccle-

1285 3722 1411 3761 fiasticis,
1431 3722 1543 3752 titulum
1558 3719 1592 3751 ad
1606 3719 1760 3748 terminum
1777 3716 1854 3748 Vitae
1868 3717 1921 3747 suae
1938 3717 1967 3746 in
1984 3715 2172 3754 Prioratibus,
2190 3714 2354 3754 Beneficiis,

1286 3761 1331 3791 seu
1354 3761 1469 3791 Officiis
1492 3759 1560 3796 suis,
1579 3759 1608 3787 in
1623 3757 1727 3787 eodem
1744 3755 1867 3795 Regno,
1882 3755 2089 3793 optinentibus,
2108 3755 2141 3785 &
2157 3764 2208 3791 pro
2224 3763 2284 3785 non
2298 3755 2354 3786 sus-

1285 3800 1394 3838 pectis,
1423 3799 1460 3829 set
1485 3798 1568 3828 bonis
1589 3796 1622 3826 &
1647 3794 1775 3825 fidelibus
1800 3793 1927 3824 Perlonis
1950 3792 2047 3823 Nobis
2059 3793 2100 3835 ¹&
2124 3791 2235 3829 Regno
2253 3793 2354 3824 nostro

1288 3839 1427 3875 praedicto
1444 3836 1555 3866 notorie
1569 3835 1707 3872 cognitis,
1727 3836 1760 3864 ἃς
1776 3834 1860 3863 etiarn
1873 3832 1930 3862 aliis
1943 3831 2118 3861 Secularibus
2135 3830 2263 3862 Personis
2282 3832 2355 3863 infra

1288 3877 1366 3906 idem
1382 3876 1518 3914 Regnum
1532 3872 1661 3902 nostrum
1677 3871 1819 3902 Mai-iratis
1840 3870 1885 3900 seu
1907 3871 1991 3900 etiarn
2012 3868 2206 3908 Haereditatis,
2224 3870 2269 3901 vel
2292 3871 2355 3902 alias

1288 3915 1440 3945 nobiscum
1462 3914 1506 3943 seu
1531 3912 1587 3941 aliis
1611 3909 1749 3940 Dominis
1769 3909 1865 3948 Regni
1887 3909 1906 3928 ’Ἅι
1919 3907 2008 3950 nostri
2024 3906 2152 3952 praediciti
2167 3917 2278 3940 moram
2301 3918 2355 3940 tra·
2373 3909 2392 3928 ἢ*
2413 3908 2477 3934 VH.

1290 3954 1436 3989 bentibus,
1450 3952 1483 3982 &
1498 3952 1526 3980 in
1539 3950 1665 3980 Servitiis
1679 3948 1780 3979 nostris
1795 3947 1924 3984 retentis,
1942 3955 1992 3983 qui
2006 3945 2078 3975 bom
2090 3945 2124 3976 &
2139 3945 2233 3977 fideles
2247 3948 2281 3978 &
2295 3957 2356 3978 non
2378 3947 2438 3975 181-

1288 3992 1403 4029 suspecti
1421 3989 1545 4020 similiter
1567 3988 1690 4026 fuerint,
1711 3991 1745 4019 oc
1769 3986 1956 4017 sufficientem
1981 3983 2169 4015 Securitatem
2190 3985 2228 4016 de
2251 3995 2352 4016 eorum

1294 4030 1437 4059 Fidelirare
1455 4029 1488 4059 &
1511 4027 1595 4057 Bono
1621 4025 1714 4056 Gestu
1738 4035 1806 4062 erga
1827 4022 1896 4053 Nos
1916 4023 1950 4053 &
1966 4021 2101 4061 Regnum
2115 4023 2244 4066 nostrum
2258 4024 2360 4062 praedi-

1292 4068 1374 4098 etum
1386 4067 1482 4098 facere
1499 4064 1677 4104 poterunt&
1693 4064 1838 4101 invenire,
1855 4061 1999 4092 dumtaxat
2014 4069 2152 4100 exceptis,
2317 4098 2345 4131 A

2346 4108 2363 4129 c
