2561 4251
41 282 118 316 Ann.
134 284 175 315 D.

40 332 149 390 ⁸2⁹3:

41 1028 56 1044 ⁸
72 1027 139 1054 VII.

39 1065 103 1102 789.

39 1104 115 1134 Ann.
126 1102 165 1132 D.

37 1150 144 1208 21⁸9&

37 1190 118 1247 ΚΓΖ-13
147 1201 152 1207 Ι

37 1261 94 1285 ΡΛ.
115 1256 156 1283 18.

36 1300 132 1330 R.2.p.
145 1304 168 1322 1.

43 1343 83 1369 ¹4-
97 1334 122 1360 d.

783 189 903 232 ET
984 187 1250 233 ACTA
1333 184 1811 231 PUBLICA.

221 281 365 313 Clericos:

218 318 416 351 Alexandrum
429 316 461 346 de
475 312 610 348 Cockburn
620 339 630 355 ‚

221 358 260 390 Et
275 358 372 387 Adam
383 354 500 395 Forester
507 366 518 392 3

223 431 443 463 commissarios
457 454 467 469 ,
491 431 714 468 Procuratores,
738 429 771 461 &
796 429 956 469 Deputatos
976 425 1245 472 Adversarii-Regis

185 474 296 507 Scotiae‚
312 470 454 500 veniendo
470 470 541 507 apud
558 469 708 506 Kellowe,
725 468 758 498 ad
774 466 992 497 interessendum
1007 466 1170 504 Tractatui,
1184 477 1242 499 tarn

184 510 266 541 Pacis
279 510 312 540 &
326 508 503 539 Concordiae
518 507 642 538 finalium
662 507 696 538 &
707 514 920 545 perpetuarum,
938 505 1009 535 inter
1022 504 1135 543 Regem
1152 508 1185 537 ὅτ
1199 507 1243 537 di-

183 548 265 579 &um
284 547 478 578 Adversarium
491 546 570 576 suum
583 544 770 575 ineundarum
782 544 815 573 &
829 542 1046 581 firmandarum,
1064 553 1148 580 quam
1159 544 1241 574 Con-

181 586 342 618 servationis
361 586 538 623 Treugarum
552 606 562 622 ‚
587 585 659 613 inter
674 581 788 619 Regem
803 581 836 612 ὃς
851 581 1141 621 Adverfizriumfiaeum
1153 586 1242 612 Fran-

181 628 229 655 ciae
244 623 317 662 apud
332 623 528 663 Lenlyngham
541 621 645 652 ultimo
660 628 819 658 captarum,
839 620 947 649 ibidem
961 620 1102 650 morando
1117 643 1127 658 ,
1145 623 1178 652 ὃς
1194 630 1242 651 ex-

181 663 248 693 inde
267 662 301 693 ad
325 670 417 699 partes
437 661 495 691 suas
515 660 639 698 proprias
660 657 824 696 redeundo,
840 668 873 688 ac
886 658 1049 696 Homines,
1066 658 1241 698 Servientes,

181 701 339 734 Familiares
353 723 363 737 ,
389 698 487 737 Equos
501 721 512 736 ,
538 697 597 728 Res
609 720 619 736 ‚
645 695 782 728 Hernelia
796 719 806 735 ,
823 695 920 735 Bona,
939 697 973 728 ὃς
986 696 1091 727 Catalla
1103 697 1148 729 sua
1162 708 1240 736 quae-

184 749 319 777 cumque.

219 778 252 809 In
265 778 359 814 cujus,
377 776 438 806 ἃς.

255 813 345 845 Teste
360 813 441 854 Rege
453 812 526 852 apud
540 810 694 852 Hereford,
711 811 854 842 tricesimo
868 811 914 842 die
930 810 1061 849 Augusti.

872 889 926 917 Per
939 887 1020 926 ipfiaem
1032 890 1136 924 Regem.

327 1013 355 1040 ²¹?
381 1015 429 1045 De
446 1010 589 1045 Navibus
602 1010 782 1056 arqslandis,
802 1022 856 1057 pro
873 1014 909 1045 V
906 1014 986 1058 iagio
1002 1013 1100 1058 Regis.

186 1096 323 1166 REiX,
341 1095 448 1128 dilecto
465 1097 533 1136 sibi,
551 1096 675 1135 Johanni
687 1100 789 1135 Drax,
808 1096 946 1128 Servienti
962 1096 1012 1127 suo
1026 1095 1062 1127 ad
1072 1096 1174 1136 Arma,
1191 1097 1242 1128 Sa-

273 1145 361 1166 utem.

219 1174 296 1205 Scias
309 1174 390 1211 quod
412 1173 608 1213 affignavimus
624 1173 671 1204 Te
685 1173 718 1203 ad
733 1174 830 1204 omnia
845 1173 878 1204 δε
892 1173 996 1211 singula
1009 1173 1127 1212 Naves,
1145 1174 1241 1205 Navi-

183 1212 258 1243 culas
272 1236 282 1252 ,
307 1212 421 1251 Bargeas
435 1237 444 1251 ,
474 1213 645 1250 ssaiingeras,
665 1213 698 1244 δε
712 1213 762 1242 alia
778 1212 847 1242 Vasa
861 1238 870 1251 ,
894 1213 923 1241 in
936 1213 1068 1242 omnibus
1083 1214 1115 1243 ὃς
1130 1213 1240 1252 singulis

184 1250 340 1289 Portubus,
359 1252 482 1282 Brachiis
498 1251 604 1289 Maris,
621 1252 653 1282 &
666 1251 723 1281 aliis
740 1251 827 1281 Locis
841 1273 849 1288 ‚
875 1250 945 1280 infra
962 1250 1121 1281 Comitatus
1138 1252 1240 1282 Devo-

183 1292 255 1327 niae,
276 1289 449 1328 Cornubiae,
468 1289 643 1320 Somersetiae
659 1312 669 1328 ‚
686 1290 719 1320 δε
742 1288 882 1319 Dorsetiae
903 1288 1047 1319 existentia
1062 1311 1071 1326 ,
1096 1290 1151 1319 una
1172 1300 1241 1320 cum

184 1328 359 1365 Marinariis,
379 1329 537 1367 Apparatu,
556 1328 665 1358 Attillio
680 1350 689 1365 ,
717 1327 750 1358 &
765 1327 1005 1365 Eskippamento,
1023 1326 1173 1358 sufficienti
1188 1339 1240 1368 pro

182 1367 309 1405 praesenti
324 1367 426 1406 Viagio
439 1367 539 1397 nostro
554 1366 647 1397 versus
660 1367 783 1396 Terram
799 1365 923 1395 nostram
937 1365 1104 1404 Hiberniae,

223 1405 353 1443 Exceptis
366 1407 508 1436 dumtaxat
523 1405 656 1435 Navibus
671 1406 704 1436 &
718 1404 774 1434 aliis
792 1404 868 1434 Vasis
881 1404 916 1434 de
933 1405 1052 1441 partibus
1065 1403 1242 1443 Borealibus‚

184 1454 237 1482 pro
252 1444 398 1483 Passagio,
416 1443 546 1474 cariffimi
568 1443 713 1474 Avunculi
735 1441 823 1472 nostri
837 1467 846 1479 ,
865 1442 1006 1480 Johanm's
1020 1445 1104 1471 Ducis
1120 1446 1244 1481 Aquita-

183 1486 235 1513 nia:
247 1482 285 1517 &
301 1482 491 1522 Lancastriae,
509 1482 602 1513 versus
616 1482 702 1512 distas
716 1490 804 1519 partes
819 1481 995 1518 Aquitaniae,
1015 1490 1064 1517 per
1078 1479 1244 1511 Concilium

181 1521 312 1552 nostrum
325 1521 475 1560 ordinatis,

221 1559 410 1590 Arestandum
426 1561 459 1592 ὃς
474 1557 661 1597 capiendum,
681 1558 715 1588 δε
729 1557 815 1594 usque
827 1556 948 1587 Portum
963 1555 1000 1586 de
1015 1556 1136 1587 Milford
1146 1581 1155 1596 ,
1174 1567 1243 1588 cum

180 1599 265 1628 omni
289 1598 479 1629 Festinatione
501 1600 534 1629 ὃς
553 1596 704 1627 Celeritate
724 1594 864 1634 possibili,
883 1594 1113 1633 accelerandum,
1133 1606 1165 1626 ac
1176 1596 1244 1628 duci

184 1637 219 1668 &
241 1637 336 1667 venire
350 1636 529 1674 faciendum,

223 1674 261 1705 Et
272 1675 306 1704 ad
318 1675 504 1705 sufficientem
517 1673 704 1704 Securitatem
723 1672 787 1710 (pro
802 1682 857 1710 qua
877 1671 1043 1709 respondere
1058 1671 1191 1710 volueris)
1209 1672 1245 1704 de

184 1712 392 1744 Poffessoribus
411 1715 445 1745 &
467 1712 610 1751 Magistris
630 1711 763 1742 Navium
779 1733 789 1749 ,
814 1710 1021 1741 Navicularum
1037 1734 1046 1749 ,
1063 1710 1245 1755 Bargearum,

186 1751 265 1782 Balin
286 1761 395 1782 eratum
410 1774 419 1790 ,
442 1752 475 1783 &
496 1751 615 1781 aliorum
631 1750 769 1780 Vasorum
785 1748 1005 1787 praedic'torum,
1023 1749 1102 1787 quod
1114 1750 1163 1787 ipsi
1180 1750 1246 1781 Na-

185 1799 254 1828 ves,
307 1790 444 1828 aviculas,
461 1789 593 1829 Bargeas,
611 1788 783 1828 BalingeraS,
801 1788 834 1818 δε
849 1787 899 1817 alia
914 1788 980 1818 Vafii
996 1788 1143 1826 praedicta,
1162 1790 1246 1826 usque

187 1827 308 1859 Portum
333 1828 504 1867 praedictum
526 1837 593 1859 cum
613 1828 697 1858 omni
717 1825 897 1857 festinatione
917 1826 1060 1865 possibili,
1085 1829 1183 1858 venire
1206 1827 1247 1858 fa-

187 1868 280 1905 cient,
300 1867 466 1908 exigendum
482 1867 516 1897 &
531 1865 718 1904 capiendum,

226 1905 263 1935 Et
275 1905 309 1935 ad
323 1915 423 1936 ornnes
438 1906 472 1936 δε
484 1905 604 1944 fingulos
618 1903 790 1935 Poffeffores
804 1905 837 1936 &
847 1903 999 1944 Magistros
1014 1903 1171 1942 hujusmodi
1181 1903 1247 1934 Na-

188 1944 286 1983 vium,
306 1944 527 1982 Navicularum,
548 1943 728 1981 Bargearum,
743 1941 966 1982 Balingerarum,
980 1945 1014 1974 &
1029 1943 1149 1973 aliorum
1157 1943 1247 1973 Vaso-

190 1992 255 2013 rum
265 2005 274 2020 ,
291 1993 324 2014 ac
339 1983 507 2013 Marinarios
519 1984 552 2014 ὃς
563 1982 629 2012 alios
644 1981 838 2020 quoscumque
851 2004 860 2020 ,
886 1992 956 2019 quos
972 1983 1000 2011 in
1018 1981 1070 2011 hac
1085 1990 1161 2019 parte
1175 1991 1247 2012 con-

187 2023 284 2052 trarios
298 2022 436 2051 inveneris
450 2021 496 2051 seu
508 2021 641 2051 Rebelles
654 2045 664 2059 ,
686 2019 880 2057 arestandum,
897 2021 931 2051 &
946 2019 1070 2050 Prisonae
1085 2021 1247 2057 mancipan-

188 2060 259 2090 dum
280 2061 313 2090 &
333 2060 577 2090 committendum
592 2082 602 2097 ,
626 2060 654 2089 in
669 2058 767 2090 eadem
781 2058 857 2089 salvo
871 2059 904 2089 &
917 2058 1012 2089 secure
1028 2058 1246 2089 custodiendum

211 2099 334 2136 uousque
349 2109 400 2136 pro
416 2109 515 2129 eorum
531 2098 683 2129 Punitione
697 2121 706 2136 ,
732 2096 906 2128 considerata
918 2097 1088 2128 Rebellione
1101 2097 1248 2135 hujusmo-

209 2138 234 2175 i,
251 2138 410 2169 duxerimus
424 2136 611 2168 ordinandum
619 2159 628 2174 ,

226 2175 263 2206 Et
284 2177 366 2206 etiam
387 2175 420 2206 ad
442 2175 538 2213 Equos
556 2177 589 2207 &
603 2174 782 2211 Hakeneios,
799 2174 849 2204 tibi
862 2174 891 2204 in
904 2174 957 2204 hac
971 2182 1048 2211 parte
1062 2174 1246 2212 necessarios,

144 2229 146 2231 >
186 2224 241 2253 pro
257 2214 384 2244 Denariis
396 2214 497 2244 nostris
514 2215 645 2252 prompte
660 2213 817 2251 solvendis,
834 2212 1023 2250 capiendum;

44 3145 120 3176 Anti.
137 3143 178 3176 D.

43 3192 155 3250 21239522·

45 3266 74 3289 R.
97 3272 123 3288 2.

46 3304 105 3327 Par.
127 3297 170 3326 13.

45 3342 178 3374 R.2.p.1.

48 3386 84 3403 m.
106 3385 148 3404 12.

56 3901 72 3918 ·
93 3901 160 3928 vu.

57 3946 120 3974 ⁷90.

228 2252 264 2284 Et
284 2254 349 2283 ideo
372 2253 423 2282 tibi
445 2252 629 2290 Praecipimus
652 2251 733 2289 quod
748 2253 824 2282 circa
839 2251 980 2281 Praemiffi.
992 2251 1138 2290 diligenter
1151 2251 1247 2282 inten-

187 2290 236 2321 das
271 2292 305 2322 &
319 2301 350 2321 ea
363 2291 446 2322 facias
462 2292 496 2322 &
509 2291 649 2329 exequaris
664 2292 692 2319 in
705 2290 808 2320 Forma
825 2290 975 2327 praedicta,

228 2314 430 2366 Rroinittendo
451 2330 563 2367 ulterius
583 2330 616 2360 &
630 2328 811 2359 affecutando
825 2329 927 2358 eisdem
943 2327 1161 2365 possessoribus,
1179 2327 1248 2358 Ma—

188 2367 280 2405 gistris
295 2392 304 2406 ,
330 2369 363 2399 &
385 2368 542 2398 Marinariis
564 2367 644 2406 quod
665 2368 719 2404 eis,
736 2367 773 2398 de
788 2365 884 2397 Vadiis
899 2367 967 2405 suis,
984 2368 1012 2396 in
1030 2366 1162 2397 Adventu
1177 2367 1246 2405 suo,

187 2408 219 2436 in
240 2407 319 2437 dicto
340 2407 429 2437 Portu
449 2407 486 2437 de
510 2405 631 2437 Milford
645 2431 654 2444 ,
673 2415 727 2443 pro
740 2415 870 2443 tempore
884 2415 943 2444 quo
957 2406 1061 2436 fuerint
1075 2407 1109 2436 &
1124 2413 1205 2435 erunt
1219 2415 1247 2434 in

187 2443 325 2513 οὺῖῗςᾳὶἒ)
339 2445 454 2484 nostro,
470 2455 524 2485 pro
539 2445 640 2484 Viagio
652 2443 752 2475 nostro
767 2444 906 2482 praedicto
919 2468 928 2482 ,
953 2445 1086 2484 prompte
1101 2444 1133 2475 δε
1149 2444 1248 2474 celeri-

188 2491 231 2514 ter
256 2492 303 2513 atis
325 2494 366 2514 et:

226 2521 338 2552 Damus
352 2531 446 2557 autem
458 2521 681 2559 PoffessoribuS,
699 2520 855 2560 Magistris,
873 2521 906 2551 ὃ(
924 2519 1080 2551 Marinariis
1097 2520 1248 2559 praedis‘tis,

187 2570 304 2591 necnon
320 2562 451 2592 universis
463 2562 496 2592 &
511 2561 623 2598 singulis
640 2559 868 2590 Vicecomitibus
881 2583 891 2597 ,
914 2558 1073 2598 Majoribus
1087 2581 1097 2597 ,
1124 2559 1248 2589 Consta-

189 2599 298 2629 bulariis
309 2615 324 2636 ,·
342 2599 450 2630 Ballivis
464 2623 474 2638 ,
500 2599 638 2630 Ministris
653 2623 662 2637 ‚
687 2599 720 2629 &
742 2598 799 2628 aliis
811 2598 948 2630 Fidelibus
962 2598 1079 2635 nostris,
1096 2598 1177 2636 super
1197 2598 1248 2627 Li-

189 2639 301 2676 geantia
314 2637 375 2676 sua,
392 2649 426 2668 ac
441 2638 628 2668 Forisfaclzura
647 2638 779 2667 omnium
803 2647 868 2674 quae
890 2637 972 2667 nobis
993 2636 1154 2667 forisfacere
1166 2645 1248 2674 pote—

189 2685 254 2706 runt
271 2698 280 2714 ,
304 2676 424 2707 Tenore
444 2676 645 2712 Praesentium,
663 2674 779 2705 firmiter
793 2676 822 2705 in
838 2674 998 2712 Mandatis‚
1017 2675 1098 2713 quod
1111 2675 1199 2713 Tibi,
1218 2675 1247 2703 in

188 2713 365 2745 Executione
379 2715 608 2751 Praemifforum,
628 2714 805 2744 Intendentes
822 2713 889 2751 sint,
908 2713 1083 2744 consulentes
1096 2736 1105 2750 ,
1125 2715 1157 2744 ὃς
1170 2714 1248 2742 auxi-

190 2752 303 2790 liantes,
318 2755 400 2783 etiam
417 2763 485 2784 cum
502 2753 631 2783 Potentia
646 2754 679 2784 &
696 2751 787 2781 Manu
804 2752 870 2782 forti
884 2751 902 2780 fi
924 2751 1035 2782 necess'e
1058 2751 1156 2788 fuerit,
1176 2762 1248 2789 quo-

191 2792 262 2820 tiens
279 2792 311 2821 &
325 2801 410 2830 prout
433 2802 482 2830 per
505 2791 553 2822 Te
567 2813 578 2830 ,
595 2800 630 2822 ex
642 2799 720 2829 parte
732 2790 843 2828 nostra,
858 2790 924 2820 inde
939 2791 1042 2821 fuerint
1057 2790 1178 2828 requisiti
1191 2790 1248 2821 sive

190 2839 359 2867 praemuniti.

226 2867 260 2898 In
276 2869 368 2905 cujus,
386 2868 447 2898 &c-

267 2905 358 2936 Teste
369 2906 452 2944 Rege
467 2905 540 2944 apud
554 2904 727 2944 Kedewelly,
745 2904 860 2935 decimo
873 2905 956 2936 tertio
970 2904 1015 2936 die
1029 2905 1213 2943 Septembris.

466 3040 518 3077 ,De
537 3037 656 3082 Custode
673 3037 789 3085 Angliae
806 3035 966 3081 constituto.

196 3123 315 3178 REX
333 3123 495 3161 Omnibus,
513 3123 547 3154 ad
562 3133 651 3162 quOS,
668 3123 728 3154 &c.
746 3122 881 3154 Salutem.

293 3161 391 3192 Sciatis
403 3162 484 3199 quod
493 3186 503 3200 ,

232 3197 312 3228 Cum
333 3209 386 3242 nos
400 3222 409 3235 ,
435 3209 551 3237 propter
573 3201 683 3230 bonum
703 3199 849 3244 Regimen
862 3209 894 3230 ac
911 3199 1071 3237 prosperam
1088 3201 1121 3231 ὃς
1137 3200 1250 3230 felicem

195 3235 442 3268 Gubernationem
467 3237 570 3268 Terrae
594 3238 698 3268 iiostrae
720 3237 867 3269 Hiberniae
893 3248 925 3268 ac
946 3238 1071 3269 fidelium
1092 3239 1252 3276 Ligeorum

195 3274 360 3306 nostrorum
376 3276 501 3313 ibidem,
519 3285 632 3306 necnon
655 3284 769 3313 propter
790 3275 1010 3314 Castigationem
1027 3277 1253 3315 &justificatio-

196 3323 263 3344 nem
285 3313 513 3344 Inobedientium
535 3315 568 3346 ὃς
589 3313 752 3344 Rebellium
766 3337 775 3350 ,
794 3323 894 3345 contra
916 3315 1091 3351 Ligeantiam
1107 3316 1183 3346 suam
1196 3339 1206 3354 ,
1225 3317 1253 3345 in

195 3351 286 3382 Terra
303 3352 397 3382 nostra
411 3352 562 3390 praedic'ka,
579 3351 598 3381 si
619 3353 667 3390 qui
685 3351 787 3382 fuerint
801 3375 811 3389 ,
833 3361 866 3382 ac
882 3353 937 3382 aliis
954 3354 1036 3383 certis
1050 3353 1085 3382 de
1100 3354 1185 3384 causis
1199 3364 1252 3383 nos

195 3391 343 3427 specialiter
358 3391 556 3429 moventibus,
575 3390 657 3420 simus
671 3389 846 3427 personaliter
860 3390 894 3421 ad
909 3401 998 3429 partes
1011 3392 1085 3429 illas,
1099 3392 1254 3429 opitulante

199 3428 350 3466 Domino,
367 3430 396 3458 in
412 3430 543 3465 proximo
557 3428 712 3466 profedmri
722 3452 731 3465 ,

234 3467 272 3497 Et
286 3467 399 3499 insideat
413 3468 513 3498 intime
527 3467 618 3497 Cordi
633 3466 732 3497 nostro
744 3466 823 3503 quod
837 3466 894 3497 Pax
907 3467 1017 3505 nostra,
1033 3468 1103 3498 infra
1112 3467 1251 3504 Regnum

199 3505 328 3535 nostrum
346 3506 474 3543 Angliae,
490 3506 640 3542 praesertim
653 3504 723 3535 dum
738 3505 862 3535 absentes
872 3506 1006 3536 fuerimus
1021 3529 1032 3544 ,
1056 3506 1254 3537 inviolabiliter

200 3544 378 3583 observetur,
397 3545 429 3574 &
446 3543 526 3584 quod
539 3543 643 3583 agenda
655 3543 726 3574 dicti
739 3543 835 3582 Regni
847 3543 935 3574 nostri
948 3544 1068 3582 provide
1080 3545 1235 3582 dirigantur
1244 3567 1254 3582 ,

202 3592 235 3613 ac
250 3582 360 3621 singulis
371 3581 490 3621 Justiriae
504 3583 632 3613 debitum
645 3582 837 3621 impendatur,

240 3620 369 3651 Necnon
390 3621 425 3651 de
447 3620 592 3651 Fidelitate
613 3621 646 3652 &
668 3619 804 3651 Industria
819 3645 828 3658 ‚
846 3619 977 3651 carissimi
991 3621 1135 3652 Avunculi
1149 3620 1256 3659 nostri,

204 3660 341 3690 Edmundt'
356 3662 440 3689 Ducis
453 3659 573 3689 Eburum
587 3660 688 3690 intime
703 3658 894 3696 confidentes,

243 3697 451 3728 Constituimus
473 3697 562 3735 ipsum
581 3697 768 3728 Edmundum
788 3696 947 3728 Custodem
966 3697 1034 3728 dien
1051 3697 1146 3737 Regni
1169 3696 1258 3727 nostri

203 3745 237 3766 ac
258 3737 373 3767 Locum
395 3736 526 3767 nostrum
546 3744 690 3766 tenentem
706 3736 735 3765 in
750 3735 853 3766 eodem
870 3735 992 3775 Regno,
1007 3736 1078 3766 dum
1094 3745 1168 3765 extra
1182 3736 1257 3765 idem

206 3774 342 3812 Regnum
357 3774 485 3805 nostrum
503 3773 619 3804 Moram
635 3774 801 3812 fecerimus,
818 3773 863 3804 vel
878 3773 973 3805 donec
992 3775 1066 3805 aliud
1083 3774 1150 3805 inde
1172 3773 1260 3805 duxe-

206 3813 291 3843 rimus
301 3813 489 3844 ordinandum
498 3825 508 3851 ι,

243 3850 354 3883 Damus
368 3861 468 3886 ,autem
487 3849 620 3882 universis
637 3850 671 3880 &
690 3849 800 3889 singulis
818 3849 1045 3888 Archiepiscopis
1059 3874 1070 3889 ,
1095 3849 1260 3888 Episcopis,

206 3887 376 3928 Abbatibus,
396 3890 552 3927 Prioribus,
571 3888 720 3926 Ducibus,
736 3887 898 3918 Comitibus
914 3913 923 3926 ,
943 3890 961 3908 ²*
981 3888 1134 3919 Batonibus
1146 3911 1156 3927 ,
1179 3887 1261 3918 Mili-

208 3927 298 3965 tibus,
317 3926 593 3965 Communitatibus,
610 3925 852 3964 Vicecomitibus,
871 3927 979 3957 Liberis
994 3926 1185 3963 Hominibus,
1200 3926 1262 3956 Bal-

208 3965 286 4002 livis,
306 3965 460 4004 Ministris,
479 3968 512 3998 &
534 3965 666 3996 omnibus
688 3965 829 3994 Fidelibus
850 3964 950 3994 nostris
965 3990 974 4003 ,
995 3966 1114 3995 Tenore
1135 3963 1262 3994 Praesen-

208 4004 295 4040 tium,
314 4001 430 4034 firmiter
443 4005 472 4034 in
489 4004 629 4036 Mandatis
645 4002 724 4040 quod
738 4002 853 4040 praefato
867 4002 1023 4034 Edmundo
1033 4012 1183 4041 ,tanquam
1199 4002 1262 4033 Cu-

209 4040 282 4070 stodi
299 4041 370 4071 dicti
392 4042 488 4081 Regni
510 4043 599 4073 nostri
616 4065 625 4080 ,
649 4043 681 4073 &
698 4041 813 4071 Locum
837 4040 965 4071 nostrum
981 4043 1087 4072 tenenti
1102 4043 1130 4070 in
1143 4041 1260 4081 eodem,

207 4079 387 4111 Intendentes
402 4080 469 4118 sint,
488 4081 701 4120 respondentes,
719 4089 751 4111 ac
766 4079 956 4119 consulentes,
972 4082 1005 4112 δε
1018 4080 1184 4111 auxiliantes.

2265 198 2281 232 i
2291 198 2339 246 0}

1327 274 1360 306 In
1376 276 1468 313 cujus,
1485 277 1544 307 &c.

1364 313 1454 344 Teste
1468 313 1550 354 Rege
1564 313 1637 352 apud
1650 312 1832 352 Haverford,
1848 312 1984 345 vicesimo
2001 318 2082 344 nono
2096 312 2141 344 die‘
2156 313 2337 353 Septembris.

1979 392 2031 420 Per
2042 390 2124 429 ipfitm
2136 385 2240 428 Regem.

1516 516 1575 546 Pro
1593 513 1669 546 diffie
1694 513 1833 557 Custode,
1859 513 1895 547 a'e
1912 513 2115 557 potcstatibus.

1289 597 1408 654 REX
1426 597 1579 645 omnibuS,
1597 598 1630 628 ad
1648 608 1734 637 quos,
1750 600 1810 630 &c.
1828 598 1961 630 Salutem.

1341 652 1344 654 -
1386 637 1483 667 Sciatis
1498 637 1596 674 quod,

1326 673 1427 713 Cum,
1445 674 1506 710 &a
1523 681 1554 704 ut
1560 674 1645 714 Jizpra
1661 674 1738 715 usque
1748 674 1803 712 ihi,

1306 723 1318 740 c
1328 736 1337 750 5

1324 750 1409 789 Nos,

1323 788 1459 820 Volentes
1479 789 1566 827 quieti
1587 789 1771 820 Praelatorum
1786 814 1794 827 ,
1815 789 1999 827 Nhgnatum,
2017 790 2049 820 ὃς
2065 791 2182 821 aliorum
2199 791 2339 822 Fidelium

1286 826 1450 895 gostrorum
1464 849 1474 865 ,
1499 827 1569 858 disti
1590 827 1687 865 Regni
1709 828 1819 866 nostri,
1845 828 1916 859 dum
1932 829 2054 858 absentes
2076 829 2224 868 fuerimus,
2243 833 2341 868 provi-

1307 875 1354 895 ere

1324 889 1476 933 Ca’riffimo
1496 903 1650 934 Avunculo
1675 904 1773 934 nostro
1793 905 1935 933 Edmzmdo
1956 907 2026 934 Duci
2051 905 2169 934 Εὸηγιυι
2185 929 2194 943 ,
2219 906 2342 937 Custodi

1284 940 1355 972 dicti
1371 942 1467 979 Regni
1480 941 1569 972 nostri
1585 943 1712 981 Angliae,
1731 944 1764 974 &
1781 943 1895 973 Locum
1911 943 2037 972 nostrum
2061 945 2165 973 tenenti
2179 946 2205 973 in
2222 945 2343 983 eodem,

1285 979 1396 1046 plenam
1425 980 1613 1012 conceffimus
1638 980 1811 1011 Potestatem
1835 983 1867 1012 ὃς
1890 982 2096 1012 Auctoritatem
2118 982 2261 1018 specialem
2284 984 2342 1013 tam

1288 1018 1471 1086 'Iarlian‘iienta
1493 1019 1580 1057 quam
1600 1019 1733 1050 Concilia
1753 1019 1848 1049 nostra
1868 1020 1938 1049 infra
1961 1020 2036 1049 idem
2058 1019 2198 1056 Regnum
2214 1021 2344 1051 nostrum

1321 1066 1392 1086 enen
1415 1067 1422 1086 i
1815 1076 1820 1079 -

1321 1094 1358 1126 Et
1378 1079 1510 1126 Prae’latos
1524 1119 1534 1133 ,
1558 1095 1704 1134 Magnates
1721 1119 1731 1135 ,
1757 1097 1790 1126 &
1812 1095 1962 1132 Proceres,
1979 1105 2012 1125 ac
2026 1095 2258 1126 Communiratcs
2272 1097 2341 1127 disti

1285 1133 1380 1172 Regni
1397 1133 1502 1172 nostri,
1520 1135 1589 1165 cum
1604 1145 1714 1172 tempus
1728 1136 1852 1171 exegerit
1865 1135 1908 1164 vel
1922 1133 2034 1164 necesse
2048 1135 2146 1172 fucrit,
2166 1135 2343 1166 Convocan-

1284 1170 1313 1201 di
1329 1173 1362 1202 δε
1378 1172 1602 1209 Summonendi,
1621 1174 1654 1204 &
1670 1183 1737 1202 cum
1754 1172 1814 1210 ipsis
1831 1171 2023 1210 Consulendi,

1330 1210 1367 1241 Et
1386 1221 1433 1249 ea,
1459 1222 1522 1248 (μωε
1544 1212 1642 1241 Nobis
1664 1212 1697 1242 &
1722 1210 1832 1247 Regno
1847 1210 1945 1241 nostro
1961 1211 2099 1248 praedicto
2113 1211 2262 1241 necessaria
2283 1211 2344 1242 fue*

1286 1248 1340 1278 rint
1354 1249 1398 1278 vel
1414 1259 1572 1287 oportuna,
1592 1249 1628 1279 de
1638 1249 1742 1279 ass'ensu
1756 1249 2010 1279 Parliarnentorum
2025 1251 2057 1280 &s
2072 1248 2274 1280 Conciliorum
2289 1251 2343 1281 hu-

1280 1287 1421 1326 jusmodi,
1442 1288 1586 1326 Faciendi,
1604 1287 1768 1325 ordinandi,
1787 1289 1820 1318 &
1834 1288 2018 1325 disponendi,

1321 1325 1359 1356 Et
1378 1336 1409 1356 ea
1422 1348 1431 1363 ,
1457 1337 1520 1363 qux
1542 1327 1577 1356 de
1600 1326 1703 1356 assensu
1719 1325 1970 1357 Parliamentorum
1985 1326 2016 1356 ὅ(
2029 1324 2232 1356 Concilioruni
2248 1326 2342 1365 hujus-

1285 1364 1364 1393 modi
1385 1364 1522 1394 Ordinata
1535 1387 1545 1402 ,
1567 1365 1682 1395 tracitata
1695 1389 1703 1402 ,
1723 1365 1767 1394 vel
1781 1364 1952 1395 concordata
1966 1365 2068 1395 fuerint
2078 1387 2087 1402 ‚
2106 1364 2277 1395 Executioni
2291 1366 2341 1395 de—

1286 1403 1352 1432 bitie
1367 1404 1429 1432 vice
1445 1402 1539 1433 nostr-Li
1553 1402 1712 1433 demandari
1726 1403 1862 1440 faciendi,
2314 1412 2316 1416 ’

1325 1440 1455 1471 Necnon
1478 1442 1614 1478 Capitulis
1635 1441 1822 1472 Ecclefiarum
1840 1464 1849 1480 ,
1874 1440 2086 1471 Cathedralium
2108 1442 2141 1473 ὃς
2156 1440 2342 1472 Conventua-

1287 1477 1355 1521 lium
1372 1502 1381 1516 ,
1408 1490 1457 1516 per
1482 1479 1626 1517 Mortem,
1646 1479 1812 1510 Celsionein
1829 1504 1838 1518 ,
1865 1481 1908 1510 seu
1932 1481 2034 1516 quovis
2050 1480 2103 1509 alio
2126 1480 2216 1510 modo
2237 1480 2345 1511 Vacan-

1286 1524 1376 1555 tium,
1395 1518 1465 1547 cum
1488 1518 1645 1555 huiusmodi
1662 1520 1825 1550 Vacationes
1847 1518 1984 1555 predicto
2001 1517 2120 1548 Custodi
2136 1529 2184 1555 per
2198 1519 2272 1548 dista
2288 1519 2347 1549 Ca-

1287 1554 1372 1593 pitula
1387 1555 1554 1593 praesentatae
1569 1556 1686 1594 fuerint,
1707 1555 1899 1588 Concedendi
1918 1557 2077 1586 Licentiam
2094 1555 2225 1593 Eligendi
2245 1556 2345 1588 Perso-

1287 1603 1335 1624 nas
1350 1593 1463 1624 idoneas
1479 1595 1508 1624 in
1524 1593 1649 1625 Pastores
1664 1596 1697 1626 ὃς
1712 1594 1892 1625 Praesidentes
1908 1594 2098 1625 Ecclesiarum
2115 1595 2327 1633 praedic'tarum,

1325 1630 1377 1670 Et,
1394 1634 1463 1663 cum
1474 1633 1510 1662 de
1525 1632 1654 1663 Licentia
1670 1633 1802 1670 praediCta
1816 1633 1976 1663 Electiones
1996 1635 2025 1662 iri
2040 1633 2122 1662 dictis
2140 1632 2269 1663 Ecclesiis
2283 1634 2345 1664 fue-

1287 1670 1342 1700 rint
1360 1671 1507 1701 celebratae
1521 1694 1530 1709 ,
1556 1672 1589 1702 &
1613 1670 1744 1701 Personae
1766 1671 1970 1701 Ecclesiasticae
1997 1681 2045 1707 per
2068 1671 2175 1702 Literas
2197 1672 2345 1702 dictorum

1287 1708 1488 1745 Capitulorum
1505 1709 1602 1739 Nobis
1615 1709 1661 1740 vel
1673 1710 1722 1740 sibi
1735 1709 1833 1739 nostro
1853 1710 1969 1738 nornine
1989 1709 2175 1747 praesentatae,
2194 1709 2343 1740 Assensum

1287 1748 1321 1778 δε
1334 1748 1358 1777 F
1359 1758 1475 1778 avorem
1490 1747 1617 1784 Regium
1632 1747 1742 1787 singulis
1758 1747 1916 1785 hujusmodi
1931 1747 2143 1785 Elec'tionibus,
2162 1748 2209 1777 nisi
2227 1749 2346 1778 rationa-

1289 1785 1350 1815 bilis
1369 1786 1456 1816 Causa
1479 1786 1610 1817 subfuerit
1632 1796 1716 1824 quare
1730 1786 1812 1816 dietis
1827 1785 2023 1816 Eletfitionibus
2036 1786 2197 1824 hujusmodi
2211 1785 2341 1817 Assensus

1289 1823 1419 1863 denegari
1434 1824 1532 1854 debeat
1541 1848 1550 1863 ,
1568 1824 1735 1861 adhibendi,

1327 1862 1364 1893 Et
1381 1863 1492 1893 ulterius
1507 1873 1559 1901 pro
1573 1863 1802 1894 Confirmatione
1817 1861 1985 1892 Elec'torum
2001 1885 2010 1900 ,
2029 1863 2130 1900 quibus
2146 1862 2182 1893 sic
2197 1862 2344 1902 adhibetur

1289 1900 1423 1938 assensus,
1443 1902 1509 1938 illis,
1530 1901 1564 1931 ad
1580 1911 1651 1940 quos
1665 1903 1800 1940 pertinet,
1820 1911 1902 1930 more
1916 1901 1996 1930 solito
2011 1901 2223 1938 transcribendi,

1327 1938 1379 1977 Et,
1397 1939 1465 1970 cum
1486 1939 1647 1970 Eleffiones
1667 1939 1824 1977 hujusmodi
1847 1939 2023 1969 confirmat-„e
2046 1939 2145 1970 fuerint
2161 1964 2170 1977 ,
2188 1941 2221 1970 &
2234 1939 2270 1969 de
2285 1940 2343 1971 hoc

1289 1987 1340 2016 per
1354 1977 1459 2008 Literas
1474 1978 1708 2009 Dioecesanorum
1723 1979 1871 2008 Locorum
1890 1977 2091 2015 praediffitorum
2107 1978 2223 2015 praefato
2239 1977 2346 2008 Custo-

1290 2016 1319 2046 di
1346 2017 1500 2047 constiterit
1514 2040 1524 2055 ,
1549 2017 1707 2049 Fidelitates
1722 2040 1731 2055 ,
1757 2016 1852 2046 Nobis
1873 2018 1908 2046 de
1929 2016 2092 2046 Minoribus
2113 2016 2233 2047 Praelatis
2253 2018 2281 2046 in
2293 2018 2346 2047 liac

1289 2063 1365 2093 parte
1379 2056 1498 2093 debitas,
1515 2055 1682 2093 recipiendi,
1700 2065 1733 2085 ac
1748 2054 1931 2092 Temporalia
1948 2054 1993 2083 sua
2006 2053 2182 2092 restituendi,

1327 2093 1367 2123 Ita
1382 2094 1461 2132 quod
1476 2094 1550 2124 idem
1567 2093 1672 2124 Custos
1685 2103 1699 2123 a
1715 2092 1871 2130 Maioribus
1887 2092 2026 2130 Praelatis,
2048 2093 2084 2122 sic
2098 2094 2208 2130 ele-ftis,
2229 2103 2288 2123 non
2303 2103 2346 2123 re-

1289 2132 1389 2171 cipiat,
1408 2143 1461 2163 nec
1481 2133 1664 2173 Temporalia
1679 2132 1885 2169 Ecclesiarum,
1902 2131 1935 2161 ad
1951 2141 2070 2169 quarum
2083 2130 2225 2170 Regimen
2240 2132 2345 2170 cligun-

1289 2178 1333 2201 tur
1353 2171 1399 2201 seu
1420 2171 1593 2208 postulantur
1605 2196 1615 2210 ,
1642 2172 1741 2201 liberet
1755 2170 1800 2200 seu
1813 2169 1953 2207 restituat,
1972 2169 2114 2207 quousque
2130 2180 2182 2199 nos
2197 2170 2274 2208 super
2288 2171 2345 2200 hoc

1288 2208 1396 2240 duxerit
1411 2209 1632 2247 consulendum,
1650 2217 1696 2240 aut
1708 2209 1781 2239 aliud
1794 2219 1809 2238 a
1823 2209 1904 2238 nobis
1918 2208 1983 2238 inde
1997 2208 2125 2238 habuerit
2144 2209 2172 2238 in
2187 2206 2346 2247 Mandatis,

1328 2247 1366 2278 Et
1389 2248 1578 2286 quascumque
1599 2249 1685 2278 etiam
1705 2247 1882 2284 Fidelitates,
1907 2256 1959 2283 pro
1978 2246 2202 2284 quibuscumque
2224 2246 2321 2277 Terris
2335 2270 2346 2285 ‚

1287 2285 1492 2325 Tenemenris,
1511 2287 1555 2317 seu
1570 2286 1788 2317 Haereditatibus
1802 2286 1882 2315 nobis
1897 2285 2018 2321 debitas,
2038 2285 2205 2322 recipiendi,

1325 2325 1371 2355 Ac
1387 2324 1507 2363 Terras,
1525 2325 1721 2362 Tenementa,
1735 2326 1767 2355 &
1783 2323 1966 2354 Haereditates
1979 2324 2137 2359 hujusmodi
2152 2323 2201 2353 illis
2211 2322 2257 2362 ,ad
2274 2333 2346 2361 quos

1287 2364 1429 2401 pertinent
1444 2372 1527 2402 prout
1537 2364 1644 2402 justum
1658 2363 1758 2401 fuerit,
1775 2362 1909 2392 liberandi
1925 2362 1957 2392 &
1975 2361 2150 2399 restituendi,

1325 2401 1477 2439 Homagiis
1490 2403 1589 2440 nobis,
1605 2412 1658 2439 pro
1669 2402 1751 2431 ἀίἑὶίε
1764 2401 1861 2430 Terris
1879 2422 1888 2438 ,
1913 2400 2116 2437 Tenenientis,
2135 2401 2168 2430 &
2184 2398 2344 2429 Haeredita-

1287 2440 1361 2471 tibus
1373 2441 1488 2479 debitis,
1508 2442 1664 2478 reservatis,
1684 2450 1762 2478 quae,
1782 2439 1926 2477 quousque
1942 2439 2076 2468 Reditum
2090 2437 2218 2468 nostrum
2236 2438 2265 2467 in
2282 2437 2344 2468 An-

1287 2479 1389 2517 gliarn,
1407 2480 1539 2510 volumus
1551 2489 1603 2517 pro
1618 2479 1686 2509 Fine
1702 2477 1876 2515 rationabili,
1895 2479 1923 2507 in
1937 2476 2110 2507 Cancellaria
2132 2475 2225 2507 nostra
2237 2476 2344 2506 facien-

1287 2519 1343 2555 do,
1363 2518 1539 2556 respeffluari:

1327 2555 1467 2587 Volumus
1487 2557 1565 2586 enim
1586 2555 1665 2594 quod
1686 2554 1760 2584 idem
1782 2553 1889 2584 Custos
1911 2555 2009 2583 omnia
2022 2552 2186 2590 Praemiffa,
2201 2562 2234 2582 ac
2248 2553 2346 2582 omnia

1287 2595 1337 2624 alia
1350 2596 1382 2625 &
1399 2595 1501 2634 singula
1515 2593 1762 2624 Gubernationem
1776 2593 1851 2622 suam
1868 2593 2009 2630 tangentia
2026 2592 2058 2622 &
2074 2591 2292 2634 concernentia,
2308 2591 2344 2620 de

1286 2633 1392 2663 affensu
1415 2633 1448 2663 δε
1468 2633 1667 2664 deliberatione
1688 2631 1814 2662 Concilii
1834 2630 1945 2669 nostri,
1971 2632 2004 2662 ὃς·
2026 2640 2086 2660 non
2103 2630 2196 2668 aliter,
2216 2634 2297 2661 iaciat
2312 2630 2345 2660 &

1288 2681 1449 2709 exequatur.

1325 2709 1357 2740 In
1371 2711 1464 2748 cujus,
1482 2711 1542 2742 &o

1364 2748 1453 2779 Teste
1469 2758 1498 2779 ut
1512 2749 1600 2786 supra.

1822 674 1983 706 duxerimus
1998 674 2205 714 ordinandum,
2223 675 2260 712 (ἐν
2276 683 2340 707 tunc

1279 711 1305 752 fi

1978 2783 2032 2813 Per
2044 2781 2124 2822 ipfhnz
2139 2785 2243 2820 Regem.

1548 2916 1576 2943 ³?
1596 2921 1645 2952 De
1664 2916 1885 2963 Eskg‘ppamento
1906 2913 2054 2962 affignato.

1291 3005 1404 3064 REX
1415 3029 1424 3044 ,
1442 3003 1562 3035 Dilectis
1579 3003 1612 3034 &
1633 3001 1775 3032 Fidelibus
1793 3000 1861 3038 suis,
1876 2999 2004 3038 Johanni
2016 2999 2088 3038 Joce
2095 2998 2247 3038 Cbivaler,
2267 3002 2330 3030 Lau

1365 3047 1452 3074 rentio
1465 3046 1587 3078 Drewe,
1605 3040 1733 3080 Johanni
1745 3041 1776 3070 de
1793 3038 1914 3077 Mosdale
1926 3038 2063 3070 Servienti
2075 3038 2124 3069 suo
2139 3038 2172 3068 ad
2189 3039 2292 3077 Arina,
2312 3041 2344 3070 &

1293 3084 1411 3113 Maritio
1425 3085 1518 3121 Guyn,
1537 3080 1671 3110 Salutem.
2061 3084 2064 3086 “

1328 3122 1424 3152 Sciatis
1438 3120 1518 3158 quod
1532 3118 1614 3156 Nos,
1778 3155 1783 3160 .
1929 3155 1934 3160 ⁴
2029 3154 2035 3160 ⁶

1330 3160 1378 3190 De
1391 3158 1512 3198 providis
1527 3155 1836 3196 Circumspeffionibus
1851 3154 1950 3184 vestris
1963 3152 2067 3191 plenius
2080 3150 2270 3191 confidentes,

1331 3198 1538 3230 Affionavimus
1560 3206 1634 3232 vos,
1661 3194 1840 3232 conjunctim
1854 3216 1863 3230 ,
1889 3194 1922 3223 &
1945 3192 2054 3222 divifim
2093 3192 2125 3221 ad
2142 3191 2280 3222 sufficiens
2294 3190 2345 3221 Es-

1293 3224 1505 3275 kippanssentum
1522 3234 1651 3264 Navium
1665 3236 1697 3264 ὅῑ
1712 3233 1831 3263 aliorum
1844 3231 1999 3268 Vasorum,
2015 3232 2043 3260 in
2061 3215 2148 3260 s’ortu
2166 3230 2201 3259 de
2225 3229 2344 3273 Milford

1293 3277 1483 3310 existentium,
1500 3275 1532 3304 &
1547 3274 1575 3302 in
1591 3272 1714 3302 eundem
1730 3270 1850 3300 Portum
1865 3279 1975 3300 exnunc
1992 3278 2193 3305 venturorum,
2211 3269 2268 3297 tam
2284 3279 2346 3306 qui-

1293 3315 1466 3351 buscumque
1484 3311 1617 3341 Dominis
1631 3312 1664 3342 &
1682 3309 1877 3347 Magnetibus,
1896 3310 1981 3345 quam
1995 3308 2055 3350 aliis,
2067 3307 2155 3349 Ligeis
2171 3305 2344 3349 nostris‚q⁴ui

1293 3355 1322 3383 in
1343 3352 1521 3388 Obsequium
1545 3349 1674 3379 nostrum
1697 3349 1725 3378 in
1744 3348 1863 3377 Terram
1878 3346 2003 3376 nostram
2017 3345 2161 3374 Hiberum
2174 3348 2234 3375 lunt
2249 3348 2345 3382 proie-

1294 3392 1383 3428 cturi,
1401 3387 1608 3427 assignandum,
1627 3388 1660 3418 &
1679 3387 1797 3417 nomine
1809 3385 1906 3415 nostro
1919 3383 2111 3420 liberandum,

1332 3429 1366 3459 Et
1381 3429 1414 3459 ad
1431 3426 1650 3466 All'ignationem
1665 3426 1698 3456 ὅτ,
1715 3425 1921 3454 Liberationem
1937 3421 2094 3460 hujulmodi
2109 3421 2168 3451 tam
2184 3420 2345 3458 provide&

1294 3468 1439 3508 sagaciter,
1454 3464 1529 3503 juxta
1546 3464 1617 3494 sanas
1635 3464 1822 3494 Discretiones
1838 3460 1939 3491 vestras
1955 3483 1964 3498 ,
1989 3459 2173 3502 regulandum
2195 3459 2228 3489 ἃ
2242 3460 2346 3498 guber-

1295 3507 1435 3544 nandum,
1454 3505 1507 3541 ne,
1526 3504 1554 3532 in
1569 3502 1654 3533 vestri
1667 3501 1830 3537 descitum,
1851 3498 2008 3537 Paffagium
2024 3498 2239 3541 Domitiorum,
2260 3497 2347 3534 Mag-

1296 3553 1392 3575 natum
1408 3568 1416 3581 ,
1444 3544 1477 3573 &
1496 3542 1614 3572 aliorum
1639 3541 1791 3579 Ligeorum
1815 3538 2032 3575 praedictorum,
2052 3546 2134 3575 penes
2151 3536 2216 3566 Nos
2230 3546 2257 3564 in
2272 3536 2349 3576 Ter-

1296 3593 1356 3613 ram
1378 3580 1501 3612 nostram
1521 3579 1684 3617 praedietam
1699 3601 1707 3616 ,
1730 3577 1912 3614 impediatur,
1930 3585 1984 3605 nec
1998 3574 2149 3613 aliqualiter
2164 3574 2254 3612 (quod
2268 3574 2348 3611 ablit)

1405 3630 1414 3646 r
1458 3631 1463 3636 .

1296 3621 1548 3690 retssrtdiedgcrjxobis
1564 3654 1733 3686 Mandanius
1757 3652 1836 3692 quod
1854 3653 1929 3682 circa
1951 3650 2114 3688 Praemissa,
2133 3660 2200 3680 cum
2211 3650 2293 3679 omni
2310 3648 2352 3680 ef-

1299 3697 1396 3728 ficacia
1417 3699 1448 3728 δε
1470 3696 1610 3725 celeritate
1630 3693 1750 3731 pollibili
1766 3716 1775 3730 ,
1794 3690 1955 3727 intendatis,
1973 3692 2006 3720 &
2022 3699 2053 3719 ea
2068 3689 2170 3719 faciatis
2184 3689 2216 3719 ὃς
2232 3697 2352 3727 exequa-

1300 3737 1369 3766 mini
1386 3738 1413 3764 in
1432 3735 1533 3764 Forma
1550 3732 1697 3770 predicta:
1999 3766 2004 3771 .
2131 3765 2135 3770 ι
2242 3732 2246 3735 “

1338 3775 1446 3804 Damus
1460 3781 1554 3801 autem
1569 3770 1734 3800 Camerario
1750 3767 1847 3798 nostro
1860 3765 2046 3802 Suthwalliae,
2059 3766 2097 3808 ⁴&
2112 3774 2168 3803 ejus
2182 3764 2296 3808 Locum
2309 3773 2351 3795 te-

1300 3814 1377 3843 nenti
1402 3811 1504 3841 ibidem
1518 3832 1528 3845 ,
1551 3819 1584 3838 ac
1597 3809 1728 3838 universis
1741 3810 1773 3838 δε
1790 3806 1899 3841 lingulis
1914 3804 2156 3841 vicecomitibus,
2176 3802 2333 3841 Maioribus
2343 3826 2353 3840 ,

1301 3851 1428 3888 Ballivis,
1447 3849 1480 3879 &
1498 3846 1634 3877 Ministris
1647 3847 1785 3877 dictarum
1800 3845 1922 3874 Partium
1934 3866 1942 3880 ,
1959 3852 2072 3873 necnon
2090 3840 2231 3885 Magistris
2245 3842 2355 3886 &Ma-

1301 3890 1404 3920 rinariis
1419 3887 1548 3918 Navium
1566 3886 1780 3923 praedic‘tarum,
1796 3893 1828 3913 ac
1843 3881 2046 3912 airis-Fidelibus
2059 3881 2091 3911 δε
2106 3880 2228 3911 Subditis
2241 3879 2353 3916 nostriS,

1302 3933 1359 3958 tam
1376 3925 1446 3956 infra
1463 3925 1616 3954 Libertates
1630 3947 1640 3962 ‚
1665 3924 1753 3961 quam
1772 3931 1848 3952 eittra
1862 3943 1872 3958 ,
1891 3920 2010 3965 Tenote
2023 3918 2223 3963 Praesentium,
2241 3917 2356 3948 firmiter

1301 3966 1330 3996 i'n
1355 3964 1497 3994 Mandatis
1518 3962 1598 4000 quod
1613 3963 1696 3992 vobis
1709 3962 1741 3992 &
1755 3960 1869 3990 cuilibet
1883 3957 2027 3995 vestrum,
2043 3967 2072 3987 in
2086 3956 2263 3988 Executione
2277 3956 2356 3986 Prae-

1301 4003 1451 4034 mifforum
1466 4024 1476 4040 ,
1494 4000 1667 4032 intendentes
1683 3997 1949 4037 fint‚com‘ulentes‚
1966 3997 2000 4028 &
2015 3995 2189 4035 auxiliantes,
2205 4004 2290 4034 prout
2304 3993 2356 4023 dc*

1302 4050 1357 4073 cet.

1340 4078 1374 4110 In
1389 4079 1484 4117 cujus,
1499 4079 1562 4110 διε.
2272 4101 2362 4137 Teste

2453 265 2476 275 *x

2360 275 2434 305 Anti.
2447 274 2490 305 D.

2381 316 2466 359 ss392³

2362 357 2415 382 th.
2432 363 2458 381 2.

2364 608 2491 640 Ann.D.;

2358 656 2476 714 Λῇῗῖἒζ

2362 729 2392 752 R.
2413 733 2439 751 2.

2357 763 2463 791 Ibidem.

2370 2931 2465 2963 *ViL

2374 2981 2423 3005 791
2489 3008 2492 3011 .

2376 3009 2448 3037 Anii.
2466 3008 2503 3039 D.-

2401 3055 2484 3086 ¹394·

2375 3087 2481 3114 Asi-18.

2375 3127 2402 3150 R.
2426 3133 2450 3150 2.

2374 3165 2431 3189 Par.
2446 3161 2487 3189 18.

2374 3204 2468 3236 R.2.p.
2487 3207 2496 3226 ι

2371 3248 2406 3265 m.
2427 3248 2450 3274 3.
2466 3238 2492 3265 d.
