2561 4251
734 178 843 218 ET
926 180 1193 222 ACTA

20 264 147 303 ΛΜΗ).
167 264 266 303 sanas,
285 265 314 295 in
337 263 509 294 cancellaria
529 262 622 294 nostra
641 262 759 294 restituit
771 264 979 304 cancellandas,
998 266 1105 297 easdem
1120 266 1224 297 Dona-

42 305 126 344 1380.

20 347 73 377 Βία,
90 354 115 371 2.

0 853 4 872 a
17 841 92 874 Ann.
106 839 146 870 D.

44 882 128 919 1330.

0 924 57 950 ‹An
83 931 110 955 ψ.

0 964 43 988 tR.
66 968 93 985 2.

0 1004 3 1024 ζ
15 1002 56 1025 Ex
70 1001 128 1023 Au-

0 1047 2 1050 *
14 1043 79 1071 togr.

162 305 272 334 tionem
294 304 327 334 &
347 301 572 332 Conceffionem
588 302 695 339 praefati
717 303 815 333 locum
836 304 967 334 nostrum
981 306 1101 335 tenentis
1114 329 1124 343 ‚
1144 307 1222 343 juxta

166 341 316 373 Tenorem
339 336 499 370 Literarfixm
518 342 627 371 suarum
650 340 869 381 praedffitarum,
889 343 1008 374 Tenore
1021 342 1222 381 Praesentium,

164 381 381 420 Approbamus,
398 378 598 418 Ratificamus,
617 379 650 410 &
662 378 892 420 Confirmamus,

203 416 373 449 Habendam
385 416 490 448 dietam
509 417 742 456 Praepofituram,
759 428 830 449 curn
845 418 1001 457 proficuis,
1019 419 1224 458 Feodis,Cen-

144 470 147 473 ·
164 457 237 487 sibus
251 480 260 494 ,
284 455 454 486 Redditibus
467 481 477 494 ,
502 457 536 486 &
558 456 767 487 Emolumentis
780 479 790 495 ‚
814 458 848 487 ad
869 467 932 487 eam
955 459 1174 497 pertinentibus,
1193 468 1224 489 ut

163 495 331 534 praedffiium
349 493 390 523 est
406 518 414 532 ,
430 506 483 533 pro
497 494 641 525 Termino
655 494 730 524 Vitae
744 494 871 531 praedicsti
886 495 1041 534 Gaillardi,
1058 497 1102 526 vel
1119 507 1224 535 quous-

165 543 220 571 que
235 533 285 562 sxbi
298 533 334 562 de
346 531 451 564 Valore
465 534 585 571 ejusdem
598 531 808 570 Praepofiturae,
826 542 894 564 cum
906 534 1083 566 Pertinentiis
1097 560 1106 572 ,
1126 538 1153 565 in
1167 536 1223 565 alio

165 572 234 602 loco
247 573 440 612 competenti,
457 572 527 602 infra
539 570 718 600 Dominium
737 570 870 602 nostrum
886 572 1064 612 Aquitaniae,
1081 584 1134 612 pro
1149 574 1225 605 Ter-

171 705 278 736 Litera
296 703 385 747 Regis
403 702 440 737 &⁴
457 700 570 745 Reginae
588 700 778 746 Portugalliae
789 726 798 740 ,
824 699 859 733 de
878 700 1143 746 conventionibus,
1157 715 1226 737 cum

341 746 492 781 Edvnrdo
512 757 605 794 nuper
624 749 701 794 Rege
707 748 822 793 fallis,
846 751 1048 784 Renovandis.

167 837 264 897 Do
272 836 312 864 M
332 833 473 862 Fernando
490 855 499 871 ,
515 832 559 870 pel
573 832 600 863 la
612 831 711 863 Graaz
723 831 759 862 de
775 832 856 863 Deus
864 856 874 871 ,
891 837 941 863 Rei
953 836 986 865 de
999 836 1133 873 Portugal
1144 839 1177 869 &
1190 837 1227 869 de

251 874 391 914 Algarve,
407 872 552 903 ensembra
564 881 623 902 con
636 881 652 901 a
665 870 777 912 Reynba
790 873 875 901 Dona
888 875 994 903 Leonor
1007 896 1018 913 ,
1036 875 1132 905 r'ninha
1146 876 1229 908 Mol-

161 915 204 944 hir

203 936 370 990 Qeremos
384 973 394 987 ‚
411 948 627 987 Outorgamos‚
645 948 680 979 ὃς
703 947 847 986 Ave-mos,
863 959 916 987 por
931 949 1035 980 Firmas
1048 951 1081 981 &
1097 951 1226 992 stavees,

166 992 281 1022 todallas
301 989 430 1021 Aliancas
445 1011 455 1025 ‚
481 996 537 1024 que
558 985 655 1016 forom
679 985 774 1016 fechas
789 988 822 1017 δε
840 987 969 1019 firmadas
983 998 1061 1019 anter
1076 991 1226 1030 Aduarte,

166 1034 220 1070 Rey
239 1039 297 1068 que
316 1029 366 1068 foy
383 1027 498 1062 d'1ngra
516 1027 604 1054 tierra
619 1047 629 1062 ,
645 1024 679 1054 &
692 1024 784 1063 ΝΟΖ,
803 1036 852 1063 par
865 1026 971 1065 Jobam
985 1029 1146 1059 Fernandez
1160 1035 1227 1060 Au-

165 1070 242 1109 deyro
257 1091 267 1106 ,
291 1068 324 1098 &
346 1075 394 1105 par
416 1062 515 1103 Vaafio
536 1066 709 1101 Dominguex
730 1063 860 1095 Chantor
881 1065 918 1095 de
937 1065 1110 1106 Bragaanca‚
1128 1070 1227 1100 1101103

225 1105 388 1137 curadores:

165 1107 227 1176 Εἷὲ
248 1145 312 1181 plaz
324 1152 385 1172 >nos
407 1142 441 1172 δε
464 1141 627 1180 Qerernos
649 1150 706 1179 que
727 1140 796 1171 estas
815 1141 949 1172 meesmas
963 1142 1094 1175 Aliances
1108 1145 1227 1178 Aiamos

164 1193 223 1215 con
244 1181 374 1212 Richarte
387 1203 397 1219 ‚
418 1184 473 1220 Rey
492 1189 549 1217 que
569 1180 656 1210 orehe
669 1180 783 1217 d'Ingra
795 1184 881 1210 tierra
895 1179 933 1215 ὠ
948 1182 980 1210 de
993 1185 1118 1222 Franca,
1142 1184 1227 1224 Nos,

165 1221 250 1253 todos
267 1219 366 1251 noffos
386 1219 551 1250 Subceffors
602 1217 730 1256 segundo
746 1229 802 1257 que
815 1218 988 1258 Ontorgado
1005 1231 1056 1259 per
1070 1223 1113 1252 los
1125 1222 1227 1254 dichos

163 1260 262 1291 noffos
282 1257 493 1290 Procuradores
506 1281 517 1296 ,
543 1241 631 1288 sseem
661 1256 751 1288 hindo
778 1267 826 1288 em
847 1267 914 1288 nem
937 1259 1013 1289 huna
1032 1260 1107 1299 guifiz
1127 1270 1229 1293 contra

199 1309 242 1329 as:

161 1299 228 1369 ΕΠΕ
247 1336 381 1377 Juramos
402 1336 436 1367 ὃς
455 1334 673 1373 Prometemos,
691 1344 738 1366 em
748 1335 824 1366 bona
839 1334 913 1374 Fee,
933 1335 1065 1368 lealment
1081 1337 1118 1368 de
1132 1337 1228 1369 Guar-

164 1376 217 1410 der
234 1386 249 1406 a
269 1387 290 1407 0
310 1375 398 1406 dicho
420 1377 476 1414 Rey
496 1372 626 1403 Richarte
645 1383 673 1403 as
686 1373 781 1404 dichas
793 1373 939 1413 Aliancas,
957 1375 1083 1413 segundo
1095 1387 1144 1414 per
1158 1378 1227 1407 eilos

164 1415 266 1446 dichos
286 1413 385 1453 Johan
405 1412 565 1442 Fernandez
586 1413 620 1443 &
642 1411 742 1452 Vaafio
760 1415 929 1450 Dominguez
951 1412 1081 1444 Chantor
1101 1414 1137 1445 de
1159 1414 1227 1445 Bra-

182 1463 282 1491 aanca,
300 1451 397 1483 nossos
410 1451 637 1488 Procuradores,
655 1450 752 1481 forom
767 1451 791 1481 F
792 1451 910 1481 irmadas
921 1451 955 1482 &
968 1451 1178 1492 OutorgardaS,
1192 1454 1226 1484 &

161 1463 198 1522 ΞΕ
218 1502 278 1522 non
297 1492 340 1521 hir
361 1499 462 1520 contra
484 1489 537 1519 elas
558 1499 605 1519 em
625 1498 693 1519 nem
711 1489 785 1519 huna
804 1489 878 1526 guisa
893 1513 903 1527 ‚
927 1499 944 1520 e
966 1490 1003 1520 de
1022 1501 1050 1521 as
1072 1491 1171 1522 Tener
1192 1493 1225 1523 &

162 1529 307 1567 Coumpir
317 1553 328 1567 ,
351 1539 372 1558 o
393 1527 465 1557 todo
485 1536 602 1565 tempo,
621 1527 748 1565 segundo
760 1537 808 1557 em
822 1527 886 1557 enas
899 1529 985 1558 huam
999 1527 1190 1568 Concleudo,
1209 1541 1226 1561 e

163 1569 199 1600 de
209 1569 313 1608 jamays
328 1576 401 1597 nom
413 1566 457 1596 hir
473 1575 573 1596 contra
589 1565 653 1595 ellas
668 1574 717 1603 per
735 1575 804 1595 nem
820 1565 896 1596 huna
911 1566 1019 1604 Fegura
1029 1577 1086 1606 que
1100 1568 1127 1598 se
1141 1579 1183 1599 ca.

201 1607 316 1645 E,·por
337 1604 400 1635 esto
420 1604 488 1634 sseer
508 1612 585 1642 mays
605 1603 702 1633 Firme
723 1604 757 1635 &
777 1604 872 1634 Stavel
885 1627 894 1643 ,
913 1605 1088 1636 Mandamos
1103 1607 1153 1637 fuz
1167 1605 1225 1637 esta

163 1646 266 1684 Carta,
285 1643 395 1682 Synada
415 1642 468 1672 dos
488 1642 603 1673 Noffos
618 1640 755 1681 Nomes,
771 1642 806 1673 &
820 1642 934 1675 Seelada
945 1644 998 1675 dos
1011 1644 1108 1676 noss'os
1124 1646 1225 1678 verda-

161 1687 262 1724 deyros
275 1682 373 1714 Seelos
387 1680 510 1712 Grands.

196 1760 279 1792 Dant
291 1769 339 1790 em
353 1758 522 1796 Estremoz,
541 1757 658 1797 Qinze
671 1757 728 1788 dias
742 1757 779 1788 de
792 1758 891 1797 Julho.

192 1799 316 1868 {Q
324 1797 499 1867 weg&
521 1796 846 1867 .⁰<s‘⁹<“⁷{<²vii'1¹f¹irfr53's.

672 1912 726 1944 Sub
738 1912 836 1951 Sigillis
851 1916 930 1952 Regis
945 1912 984 1950 ό
996 1918 1112 1953 Regina.

1275 183 1755 231 PUBLICA.
2252 213 2325 254 103

1261 268 1343 312 mino
1359 269 1519 314 VitaeUsuae,
1539 273 1679 310 provideri
1695 275 1862 316 fecerimus,
1879 279 1913 310 ὃς
1927 290 1980 317 pro
1993 281 2075 312 bono
2091 281 2229 320 ServitiO,
2244 285 2322 321 quod
2345 283 2419 314 Anu
2430 286 2471 317 D.

1260 307 1325 350 ipse¹
1337 308 1419 338 nobis
1440 312 1601 355 impendit,
1629 314 1662 343 δε
1677 315 1821 359 impendet
1833 318 1862 346 in
1875 319 2016 357 futurum,
2034 329 2063 350 ut
2078 321 2248 358 praechemm
2264 322 2321 360 est,
2366 324 2452 363 1380.

1261 345 1295 374 &
1318 355 1345 374 m
1366 345 1677 386 Recompensanonem
1699 353 1861 384 Annffiouis
1886 356 1940 386 suae
1962 358 2104 393 praediftae
2118 381 2127 396 ,
2153 369 2186 389 ac
2210 360 2322 397 plenam
2341 364 2392 390 Εἰς.
2413 373 2439 393 2.

1260 382 1491 454 Saiisfssstionegib
1504 386 1703 420 Ducentarum
1717 391 1868 423 Librarum
1885 396 2054 427 Animarum
2069 397 2297 435 ssspradfflarum.

1315 432 1332 451 n
1368 432 1440 462 uJuS,
1481 433 1519 454 ⁷c.

1297 495 1387 528 Teste
1402 498 1482 539 Rege
1493 501 1567 538 apud
1580 502 1886 547 Westmomi’oerium,
1903 509 2040 542 vicefimo
2056 510 2163 543 οᾶεινο
2175 511 2222 543 die
2232 511 2319 553 junii.

1768 586 1821 614 Per
1837 587 1929 616 Breve
1943 587 1975 617 de
1988 589 2107 619 Privato
2122 589 2219 628 sigillo.

1538 706 1658 741 Eadem
1679 708 1780 742 Litera
1798 710 1907 744 Latine
1926 711 2051 747 reddita.

1266 836 1330 897 D
1341 836 1466 869 Ominus
1483 839 1646 870 Femandus
1660 863 1670 879 ‚
1688 844 1743 871 Dei
1751 842 1863 881 gratia,
1882 843 1948 874 Rex
1963 843 2146 882 Portugalliae
2160 846 2198 882 ό·
2213 846 2323 886 Algar‹

1351 876 1420 916 biae,
1437 877 1492 907 una
1507 888 1564 908 cum
1578 878 1692 917 Regina
1708 879 1838 912 Domina
1852 882 2002 922 Aiianora,
2022 884 2081 913 mezi
2095 888 2193 916 Uxore.

1304 953 1427 983 Volumus
1440 978 1449 992 ,
1475 955 1643 985 concedimus
1657 978 1666 994 ,
1687 954 1726 991 ὠ·
1747 957 1886 988 Habemus
1903 984 1912 998 ,
1933 966 1982 997 pro
1996 962 2094 989 Firmis
2107 959 2145 995 &
2159 961 2323 1002 Stabilibus,

1264 1001 1351 1022 omnes
1366 1003 1410 1022 eas
1426 991 1619 1032 Alligantias,
1637 1004 1696 1034 quae
1713 1004 1793 1025 eraut
1805 996 1896 1035 fache
1920 997 1958 1033 (ἐν
1972 999 2099 1039 firmatae
2120 1003 2193 1030 inter
2207 1001 2326 1033 Edwar-

1265 1031 1335 1061 dum
1351 1054 1360 1069 ,
1384 1033 1518 1071 quondam
1538 1031 1654 1068 Regem
1671 1034 1798 1073 Angliae,
1818 1036 1855 1071 &
1869 1038 1943 1074 Nos,
1956 1046 2005 1075 per
2014 1037 2175 1075 johannem
2191 1039 2326 1070 Fernandi

1265 1069 1401 1110 Audeyro
1415 1093 1425 1108 ,
1451 1068 1489 1104 ὠ
1508 1078 1557 1108 per
1579 1070 1728 1103 Velascum
1746 1072 1901 1105 Dominici
1923 1079 2066 1105 Cantorem
2093 1076 2125 1106 de
2152 1079 2300 1115 Braganca
2315 1100 2326 1116 ,

1265 1107 1365 1147 nostros
1380 1110 1586 1138 Procuratores:

1303 1150 1351 1176 Ac
1366 1147 1439 1176 nobis
1449 1146 1538 1185 placet
1554 1147 1592 1182 ῥ’
1605 1147 1727 1178 Volumus
1739 1149 1815 1189 quod
1832 1162 1864 1180 ea
1877 1152 1934 1181 dem
1947 1151 2007 1181 illas
2019 1152 2192 1191 Alligantias
2207 1154 2325 1184 Habea-

1265 1195 1323 1214 mus
1335 1196 1393 1214 cum
1407 1185 1570 1224 Richardo,
1587 1197 1656 1216 nunc
1671 1187 1782 1227 Angliae
1799 1189 1832 1220 &
1872 1191 1972 1221 ranciae
1988 1190 2070 1230 Rege
2084 1215 2092 1229 ,
2110 1194 2185 1231 Nos,
2204 1191 2242 1227 ὠ·
2259 1196 2323 1222 Suc-
2348 1203 2349 1223 1

1265 1222 1372 1262 eeffores
1386 1223 1484 1263 nostri,
1501 1224 1588 1254 eodem
1602 1225 1675 1255 modo
1688 1238 1738 1266 quo
1752 1227 1867 1267 conceffae
1880 1237 1960 1258 erant
1972 1237 2020 1268 per
2036 1231 2119 1260 diaes
2139 1231 2239 1271 nostros
2254 1234 2323 1262 Pro-

1267 1269 1417 1301 curatores,
1435 1274 1488 1293 non
1501 1264 1585 1293 eundo
1598 1271 1694 1293 contra
1705 1265 1768 1295 illas
1783 1277 1883 1307 quoquo
1898 1268 1971 1297 modo
1980 1279 1988 1297 .·

1303 1340 1344 1368 Et
1357 1339 1494 1378 Juramus
1507 1352 1538 1371 ac
1550 1343 1752 1380 Prominus,
1771 1343 1845 1372 bend
1859 1345 1938 1383 Fide,
1957 1344 2077 1383 legaliter
2085 1346 2239 1385 Observare
2253 1347 2324 1378 dioro

1265 1376 1341 1416 Regi
1362 1378 1489 1409 Ricardo
1508 1379 1685 1416 Alligantias
1697 1379 1868 1420 supradictas
1882 1406 1892 1421 ‚
1913 1392 1992 1421 prout
2004 1392 2054 1422 per
2065 1386 2147 1415 Ᾰέέῗος
2159 1385 2324 1424 johannem

1266 1415 1406 1446 Fernandi
1427 1417 1464 1452 (θ’
1487 1417 1603 1449 Velasco
1625 1418 1779 1450 Dominici
1798 1424 1940 1450 cantorem
1962 1423 1993 1452 de
2016 1426 2179 1461 Bragaanca
2195 1448 2204 1462 ,
2227 1424 2326 1464 nostros

1265 1455 1469 1494 Procuratores,
1487 1460 1617 1486 Firmatae
1630 1465 1711 1486 erant
1726 1456 1764 1492 ὠ·
1782 1459 1971 1499 concordate,
1990 1460 2028 1495 ὠ·
2042 1472 2093 1491 non
2108 1466 2145 1491 ire
2165 1471 2258 1492 contra
2274 1474 2321 1493 eas

1263 1502 1365 1532 quoquo
1379 1494 1470 1532 modo,
1488 1506 1520 1523 ac
1534 1505 1577 1524 eas
1589 1498 1686 1524 Tenere
1699 1493 1738 1530 (θ’
1753 1496 1903 1535 Complere,
1922 1503 1993 1528 omni
2008 1506 2122 1538 tempore
2131 1525 2140 1537 .‚
2165 1503 2252 1531 eodem
2266 1512 2323 1531 mo-

1263 1531 1296 1598 {³⁰
1316 1542 1367 1570 quo
1386 1539 1468 1562 erant
1491 1533 1622 1571 Conclusae
1636 1555 1646 1572 ,
1669 1533 1707 1568 ᾤ’
1731 1545 1869 1574 nunquam
1882 1544 1976 1566 contra
1992 1549 2037 1567 eas
2051 1542 2089 1567 ire
2102 1536 2155 1569 ullo
2169 1550 2322 1581 quocunque

1288 1576 1417 1599 raetextu.

1301 1610 1362 1645 Et,
1380 1615 1412 1638 ut
1435 1608 1484 1638 hoc
1497 1609 1538 1649 fit
1558 1612 1641 1645 magis
1661 1612 1782 1639 Firmum
1802 1609 1841 1645 &⁶
1862 1612 1982 1650 Stabile,
2001 1615 2169 1643 Mandamus
2177 1615 2238 1653 fieri
2253 1615 2323 1646 han:

1264 1646 1512 1715 Cartam,llnostris
1524 1648 1686 1678 Nominibus
1694 1652 1854 1688 Signatum,
1866 1649 1904 1685 &ss
1918 1653 1965 1680 No
1988 1656 2026 1681 ris
2049 1656 2123 1682 veris
2143 1653 2241 1690 Sigillis
2256 1658 2324 1684 Ma-

1261 1688 1322 1722 gnis
1338 1687 1393 1723 sigi
1414 1693 1500 1716 atam.

1643 1766 1715 1794 Dat.
1735 1768 1763 1795 in
1780 1764 1931 1805 Estremos,
1945 1766 2052 1807 Qinto
2070 1771 2124 1797 Die
2135 1767 2219 1806 Julii.

1300 1840 1361 1868 Rex
1373 1838 1404 1876 ju
1422 1845 1447 1868 tt
1457 1837 1620 1876 Johannem
1632 1843 1661 1869 in
1665 1839 1789 1879 formam
1798 1841 1902 1882 facere.

1301 1879 1377 1906 AEra
1408 1888 1421 1906 e
1437 1878 1501 1908 Mil.
1517 1881 1613 1908 CCCC.
1635 1877 1672 1914 ὠ·
1693 1882 1810 1910 XVIII.
1825 1884 1930 1911 Annis.

153 2041 402 2092 ¹Allzgcmtiarum
427 2053 497 2075 cum
522 2043 600 2090 Rege
614 2043 652 2081 ῥ’
678 2043 792 2088 Regina
810 2039 934 2085 Castellae
950 2042 1161 2088 Confirmatio,
1184 2047 1222 2083 &-

199 2093 237 2123 de
256 2093 374 2123 auxilio
384 2089 557 2138 prestanda.

0 2181 85 2214 ffinn.
98 2181 142 2212 D.
233 2179 305 2208 OM
322 2176 490 2220 Fernundo,¹
500 2175 546 2215 pel
568 2175 594 2207 la
612 2175 708 2206 Graaz
728 2174 765 2207 de
778 2175 878 2216 Deus,
895 2179 951 2219 Rey
965 2178 996 2209 de
1009 2178 1142 2218 portugal
1156 2190 1173 2211 e
1187 2179 1224 2211 de

26 2221 113 2260 1380.

0 2264 59 2289 min.
74 2271 104 2297 4.

0 2302 36 2329 R.
57 2309 83 2327 2.

5 2341 47 2366 ,Ex
63 2341 121 2367 Au-

4 2383 70 2414 tegr-

161 2253 198 2286 M
245 2217 368 2257 Algarve
381 2239 392 2255 ,
425 2217 582 2247 emlembra
602 2225 662 2247 con
679 2227 695 2248 a
714 2215 828 2256 Reynha
855 2218 938 2247 Dona
961 2221 1069 2249 Leonor
1083 2241 1094 2258 ‚
1126 2219 1223 2251 minha

198 2255 272 2286 olhir

197 2279 364 2333 Qer'emos
375 2318 386 2332 ‚
404 2303 422 2325 e
439 2293 639 2332 Outrogatnos
655 2317 665 2332 ,
683 2293 718 2324 δε
737 2293 882 2334 Avemos,
901 2305 955 2332 por
975 2294 1082 2327 Firmas
1104 2296 1137 2327 &
1160 2296 1223 2328 Sta-

158 2341 242 2372 vees,
259 2332 339 2364 todas
357 2333 395 2364 las
417 2332 564 2371 Aliancas,
581 2342 638 2371 que
659 2332 756 2363 forom
772 2332 859 2365 fiebas
873 2344 890 2364 e
903 2333 1028 2365 firmadas
1043 2344 1121 2366 anter
1138 2335 1222 2367 Dom

157 2371 275 2411 Johan,
292 2375 348 2411 Rey
370 2373 403 2403 de
422 2371 540 2411 castella
563 2382 577 2401 e
596 2371 629 2401 de
647 2373 733 2401 Leom
752 2373 786 2403 &
811 2372 918 2411 Duque
931 2373 965 2403 da
983 2373 1151 2413 Lancastre,
1170 2385 1186 2406 e
1206 2386 1222 2406 a

157 2410 269 2449 Reynha
282 2414 364 2441 Dona
379 2410 528 2450 Constanca
544 2410 602 2441 ssua
615 2409 746 2448 Molhir,
763 2412 797 2442 ὃς
811 2410 897 2450 Nos,
917 2422 964 2449 par
978 2411 1086 2450 Joham
1099 2416 1222 2443 Fernan-

156 2448 209 2478 dez
221 2452 351 2489 Audeyro
364 2459 380 2480 e
391 2459 440 2489 par
455 2448 555 2488 Vaasco
568 2451 739 2486 Dominguez
754 2448 885 2480 Chantor
899 2450 935 2480 de
949 2450 1108 2490 Braganca,
1124 2452 1221 2484 noffos

155 2486 383 2527 Procuradores,
401 2487 470 2518 Sem
484 2487 558 2518 Indo
573 2486 659 2527 Nos,
676 2488 752 2518 n'em
767 2488 864 2519 nossos
883 2488 1066 2529 Subceffors,
1082 2501 1130 2521 em
1150 2501 1219 2522 nem

153 2526 230 2557 huna
245 2527 320 2566 guisa
335 2535 435 2557 contra
453 2526 517 2557 elas.

190 2564 216 2595 E
227 2565 359 2604 Juramos
372 2576 388 2596 e
402 2565 620 2604 Prometemos,
638 2575 686 2595 em
699 2565 777 2596 bona
791 2565 815 2595 F
816 2576 863 2604 ee,
882 2565 1014 2597 lealment
1032 2567 1068 2598 de
1090 2567 1219 2599 Guardar

153 2613 169 2633 a
184 2603 273 2634 dicho
287 2607 342 2643 Rey
355 2607 428 2633 Dom
438 2603 545 2642 Joham
554 2627 563 2642 ,
581 2614 598 2634 e
611 2613 626 2633 a
639 2604 722 2634 dicha
739 2605 866 2643 Reynha,
882 2605 931 2642 sua
940 2605 1061 2644 Mdffir,
1079 2617 1106 2636 as
1121 2606 1219 2638 dichas

152 2641 300 2681 Aliancas,
318 2642 440 2679 figundo
455 2652 501 2679 par
515 2643 559 2672 los
572 2641 689 2681 dichos,
707 2641 806 2681 Johan
822 2644 983 2674 Fernandez
997 2655 1013 2675 e
1027 2645 1144 2683 Vaasc'ho
1159 2649 1218 2675 Do-

153 2684 277 2717 minguez
300 2680 430 2712 Chantor
451 2680 488 2711 de
509 2681 668 2719 Braganca,
688 2681 784 2711 noffos
800 2682 1024 2721 Procuradores,
1042 2684 1139 2714 forom
1157 2684 1217 2714 Fir-

154 2719 269 2756 mados‚
287 2730 304 2750 e
317 2719 353 2750 de
370 2729 429 2749 non
441 2719 484 2749 hir
498 2729 596 2750 contra
611 2719 674 2749 elias
689 2729 735 2749 em
752 2730 820 2750 nem
833 2721 910 2751 huna
925 2721 1014 2758 guisa,
1032 2722 1068 2751 de
1084 2733 1111 2752 as
1125 2722 1216 2752 Tenir

154 2768 170 2787 e
185 2756 314 2795 Gardar,
330 2768 378 2787 em
388 2757 460 2788 todo
475 2758 613 2796 Tempo,
632 2757 769 2795 Segundo
782 2769 829 2788 em
845 2759 898 2789 elas
912 2760 988 2790 huan
1002 2759 1216 2800 Concluydo‚e

153 2795 190 2826 de
200 2796 296 2832 J'amais
312 2805 371 2826 non
386 2795 430 2825 hir
441 2806 542 2826 contra
556 2797 620 2827 enas
634 2807 682 2826 em
697 2806 764 2826 nem
781 2797 856 2827 huna
871 2799 1001 2828 maniera.

193 2833 290 2864 Outro
308 2834 327 2863 fi
341 2857 351 2872 ,
376 2833 576 2864 Prometemos
588 2857 597 2872 ,
616 2845 673 2872 que
685 2858 694 2871 ,
721 2835 818 2874 vyndo
838 2835 923 2874 Moffi
944 2839 1026 2866 Iman
1043 2859 1052 2875 ,
1077 2838 1164 2867 Conde
1184 2839 1216 2868 de

154 2872 348 2911 cantebryxa,
366 2882 424 2902 con
440 2872 498 2902 Mil
511 2871 609 2902 Homs
620 2873 766 2910 d’Armas‚
783 2883 798 2903 e
815 2883 872 2904 con
888 2874 946 2904 Mil
956 2875 1129 2916 Archeyros,
1150 2876 1216 2907 Ari-

154 2912 204 2941 bar
217 2921 233 2941 a
245 2922 277 2941 os
292 2910 390 2940 noffos
402 2910 600 2949 Regnos,que
615 2910 682 2942 Nos
696 2911 863 2943 ocolhamos
876 2922 925 2943 em
938 2913 1007 2944 ellos
1019 2924 1056 2945 co
1070 2924 1102 2945 os
1115 2915 1216 2946 dichos

154 2949 213 2980 Mil
225 2949 324 2980 Homs
338 2949 469 2980 d’Armas
483 2960 499 2980 e
515 2949 573 2980 Mil
590 2949 767 2990 Archeyros:

190 3025 218 3055 E
238 3024 440 3057 Prometemos
461 3025 497 3056 de
519 3026 568 3056 dar
587 3036 603 3056 a
624 3037 644 3057 0
665 3026 751 3057 dicho
767 3026 866 3058 Mosse
880 3026 977 3068 Iman,
995 3029 1117 3068 eJentes
1130 3031 1214 3062 d’Ar-

155 3074 230 3102 mas,
249 3075 296 3095 em
318 3064 441 3097 Cavelos
463 3066 497 3095 δε
521 3076 568 3096 em
595 3074 689 3096 outras
711 3065 914 3104 Momaduras,
931 3078 986 3106 por
1000 3069 1076 3099 huna
1093 3071 1214 3109 Qartel

154 3103 262 3133 d'huno
275 3113 370 3142 anno,
388 3114 446 3135 con
462 3103 555 3134 Preco
569 3103 714 3134 Rezoanel
724 3127 733 3143 >
752 3114 800 3142 par
814 3115 829 3135 a
842 3106 933 3144 quella
948 3106 1093 3145 Maniera‚
1112 3119 1168 3146 que
1189 3109 1215 3140 el

155 3144 210 3179 Rey
226 3141 424 3178 d’Ingratierra
442 3141 575 3173 Mandon
586 3153 669 3182 pagar
683 3153 716 3173 os
731 3143 825 3183 Gages
840 3154 855 3174 a
867 3155 887 3175 o
899 3144 987 3176 dicho
1008 3147 1094 3186 Moffi
1114 3150 1215 3188 Iman,

153 3189 172 3209 e
181 3190 197 3208 a
211 3189 243 3209 os
257 3179 357 3210 dichos
374 3180 432 3210 Mil
443 3180 557 3211 Homes
570 3182 710 3212 d'Armas.

192 3216 326 3257 Outrofi,
341 3218 540 3249 Prometemos
555 3220 590 3249 de
603 3220 745 3259 Recebir,
760 3232 776 3251 e
789 3221 830 3251 far
845 3221 987 3261 Recebir,
1003 3233 1023 3253 0
1036 3223 1124 3255 dicho
1132 3225 1215 3256 Con-

154 3255 210 3294 de,
229 3266 244 3286 e
260 3255 369 3287 Gentes
381 3256 509 3286 d'Armas
523 3259 755 3297 amigavehnem,
775 3259 877 3290 Como
900 3262 1019 3301 Amigos
1040 3273 1056 3293 e
1074 3263 1215 3302 Beinque-

156 3303 270 3333 sentos,
289 3305 336 3325 em
351 3294 442 3325 noffas
456 3294 541 3325 villas
553 3297 586 3327 δε
599 3296 754 3334 Caste110s3
772 3308 788 3327 e
801 3298 862 3328 lhos
878 3299 1011 3330 Faremos
1032 3302 1152 3332 deliurar
1166 3314 1215 3334 em

155 3343 213 3370 que
227 3333 335 3371 possam
351 3334 418 3364 Seer
431 3333 567 3373 Seguros,
576 3335 607 3364 &
620 3335 782 3366 Salvament
797 3337 867 3368 estar
881 3338 918 3367 de
932 3338 1034 3369 dentro
1049 3339 1101 3370 dos
1116 3341 1214 3372 nossos

155 3371 297 3412 Regn053
315 3373 519 3403 Prometiendo
537 3382 553 3402 a
576 3373 645 3403 Nos
665 3384 686 3403 o
705 3373 793 3403 dicho
814 3375 899 3413 Moffiv
914 3379 1002 3406 Imam
1019 3388 1035 3407 e
1049 3377 1215 3416 Capitaanes

156 3410 274 3440 deliurar
294 3421 326 3441 os
345 3410 444 3440 dichos
469 3410 608 3441 Castellos
627 3421 643 3441 e
665 3411 768 3449 villas,
787 3414 880 3450 quand
903 3414 980 3444 ollies
996 3414 1065 3446 Nos
1078 3416 1216 3447 Mandar-

157 3458 240 3486 mos²
257 3448 282 3478 E
297 3450 334 3479 de
345 3459 396 3479 nos
409 3459 480 3479 nom
495 3449 571 3480 fazer
585 3450 622 3480 de
634 3451 677 3481 los
689 3449 819 3489 Guem,
837 3461 854 3481 e
865 3451 901 3482 de
915 3462 969 3483 nos
983 3455 1114 3493 guardare
1135 3456 1216 3487 nosse

156 3487 273 3518 Service
304 3498 320 3518 e
334 3487 386 3518 dos
398 3488 495 3518 nossos
508 3488 637 3526 Regnos.

195 3525 233 3556 Et
252 3510 319 3564 aiii,
337 3536 427 3556 como
444 3537 464 3556 0
484 3526 571 3557 dicho
586 3527 690 3559 Conde
705 3538 721 3559 e
735 3527 844 3560 Gentes
858 3528 990 3560 d'Armas
1005 3531 1108 3562 Forem
1126 3532 1216 3563 ariba-

155 3564 202 3595 das
223 3574 271 3595 em
292 3564 387 3595 noffos
405 3564 523 3599 Regnos
537 3589 546 3603 ‚
563 3565 633 3596 Nos
652 3566 872 3598 Cometaremos
893 3567 1003 3599 Guerra
1022 3571 1215 3610 abertement‚

155 3613 210 3642 por
226 3602 311 3642 Mar,
328 3604 361 3634 &
377 3613 430 3640 por
444 3603 560 3641 Tierra,
578 3614 677 3636 contra
689 3615 721 3636 os
735 3605 852 3644 Regnos
865 3606 901 3636 de
916 3606 1063 3647 castellas,
1081 3619 1127 3638 em
1143 3620 1158 3639 a
1168 3611 1216 3647 ju-

155 3641 230 3672 dado
251 3642 339 3672 dicho
360 3644 413 3680 Rey
433 3642 492 3671 dom
512 3641 638 3682 Joham,
654 3654 670 3673 e
688 3643 723 3673 da
742 3644 824 3675 dicha
846 3646 958 3685 Reyuha
974 3646 1037 3685 ffiaea
1058 3647 1182 3686 Molhir‚
1199 3658 1215 3678 a

157 3680 242 3710 noffo
256 3680 307 3711 leal
319 3681 424 3720 podet,
444 3681 476 3710 &
490 3691 505 3710 a
521 3680 628 3711 Nossas
644 3681 775 3719 Proprias
790 3682 946 3723 Costages,
964 3695 978 3714 a
998 3695 1031 3715 ca
1053 3695 1110 3722 que
1122 3686 1214 3717 delos

157 3719 280 3787 {pestem
300 3729 355 3758 que
376 3719 439 3749 Seia
459 3719 602 3750 cobrudos
621 3730 654 3750 os
673 3721 774 3752 dichos
799 3722 934 3761 Regum,
949 3733 989 3753 ou
1010 3735 1026 3754 a
1039 3733 1124 3754 moor
1137 3734 1215 3762 parte

186 3767 202 3787 e
213 3768 248 3787 as.
274 3784 275 3787 ,

196 3795 294 3826 Outro
307 3796 342 3834 fi,
359 3795 559 3827 Promctemos
574 3806 647 3836 que,
665 3797 801 3837 tragendo
812 3808 882 3828 com
897 3798 967 3835 Sigo
981 3809 1001 3828 o
1019 3800 1106 3830 dicho
1128 3803 1214 3831 Conde

157 3832 190 3862 a'e
206 3835 378 3865 Cantabrixa
395 3836 453 3866 ssen
469 3836 491 3866 F
494 3836 567 3874 ilho,
587 3846 642 3874 que
657 3836 725 3867 Nos
740 3836 873 3867 Casemos
887 3847 956 3868 com
972 3838 996 3867 el
1012 3849 1026 3868 a
1040 3838 1149 3877 Iffanta
1168 3842 1214 3869 do-

158 3881 197 3900 na
220 3873 338 3903 Beatriz
356 3875 432 3906 nossa
455 3875 549 3912 Filha3
566 3875 599 3905 &
619 3885 638 3905 o
658 3875 792 3906 Faremos
807 3876 931 3906 Recebir
947 3886 998 3916 por
1016 3877 1097 3916 Rey,
1115 3879 1214 3915 depois

156 3909 193 3939 da
213 3909 310 3941 Nossa
329 3911 444 3952 Morte,
462 3914 596 3953 Segundo
614 3924 670 3952 que
687 3915 736 3953 foy
760 3915 936 3953 promendo,
955 3926 1007 3953 por
1025 3915 1124 3954 Joban
1147 3920 1213 3947 Fer-

157 3948 268 3978 nandez
284 3951 427 3989 Andeyro,
445 3963 491 3983 em
504 3953 589 3983 nosib
605 3963 693 3990 nom,

196 3986 238 4024 E,
256 3997 309 4026 por
329 3988 389 4018 esto
413 3991 479 4021 sseer
501 3991 576 4022 Mais
599 3991 695 4022 Firme
713 3991 746 4022 &
769 3991 882 4030 Stavel‚
902 3991 1082 4024 Mandamoz
1096 3994 1141 4024 faz
1156 3994 1214 4025 esta

158 4023 261 4064 Carta,
280 4027 387 4065 Synada
399 4027 450 4058 dos
464 4030 560 4062 noffos
574 4029 745 4069 Nombres,
757 4040 773 4061 e
787 4030 902 4062 Seelada
914 4032 967 4062 dos
981 4032 1049 4063 Nos
1063 4034 1215 4074 vesdadey-

157 4072 202 4095 ros
213 4065 309 4097 Seelos
323 4064 445 4097 Grands.

1598 2042 1716 2077 Eadem
1732 2043 1847 2078 ·Litera
1870 2044 1992 2079 Latine.

1261 2179 1455 2242 DOminus
1466 2178 1644 2218 Fernandus,
1662 2182 1718 2210 Dei
1723 2178 1836 2218 grand,
1854 2179 1919 2211 Rex
1931 2179 2104 2220 Portugaiiae
2122 2183 2157 2215 δε
2176 2181 2321 2223 Algarbji„

1346 2217 1402 2248 una
1418 2229 1475 2249 cum
1489 2219 1602 2258 Regina
1614 2218 1742 2250 Domina
1757 2219 1909 2258 Leonora,
1926 2231 1985 2249 mea
2000 2222 2104 2259 Uxore,

1300 2295 1441 2336 Volumus,
1456 2294 1494 2331 ὠ
1511 2296 1693 2335 concedimus,
1708 2294 1746 2332 ὀ·
1763 2296 1920 2336 Habemus,
1933 2305 1984 2336 pro
1996 2300 2093 2328 Firmis
2107 2296 2145 2334 ὠ·
2158 2299 2320 2340 stabilibus,

1260 2345 1348 2364 omnes
1362 2335 1555 2374 Alligantias‚
1572 2334 1728 2375 quaefac‘lae
1743 2335 1780 2371 &¹
1788 2335 1914 2376 firmatae
1927 2344 2007 2365 erant
2023 2339 2095 2367 inter
2113 2341 2255 2368 Dominum
2266 2339 2321 2380 Jo-

1260 2373 1384 2405 hannem
1394 2398 1403 2413 ,
1421 2374 1533 2413 Regem
1548 2374 1679 2405 Castellae
1694 2377 1727 2407 &
1741 2375 1877 2412 Legionis
1893 2372 1930 2409 ὠ
1952 2378 2054 2405 Ducem
2073 2376 2262 2416 Lancastriae,
2280 2377 2320 2413 &-

1260 2411 1406 2450 Reginam
1428 2412 1590 2444 Dominam
1614 2412 1813 2444 Constantiam
1828 2438 1838 2452 ,
1849 2412 1931 2453 stram
1952 2416 2068 2444 Uxorem
2084 2439 2092 2453 ,
2116 2416 2145 2450 φ
2175 2419 2232 2445 Nos
2246 2441 2255 2455 ,
2268 2425 2320 2455 per

1255 2450 1417 2489 Johannem
1438 2452 1576 2482 Fernandi
1595 2451 1746 2491 Audeyro,
1764 2451 1801 2487 ὠ·
1818 2461 1869 2491 per
1883 2452 2032 2484 Velascum
2047 2453 2200 2485 Dominici
2216 2459 2318 2485 Canto-

1258 2500 1313 2519 rem
1336 2489 1459 2530 Ecclefiae
1480 2491 1512 2520 de
1534 2494 1700 2530 Braganca,
1714 2490 1814 2531 nostros
1835 2494 2042 2530 Procuratores,
2053 2492 2113 2532 sine
2126 2495 2210 2524 eundo
2224 2501 2320 2524 contra

1257 2528 1320 2558 illas
1331 2537 1379 2567 per
1394 2531 1471 2567 Nos,
1486 2528 1535 2558 vel
1547 2528 1701 2568 Succeffirres
1716 2529 1829 2569 nostros,
1846 2529 1899 2559 ullo
1912 2531 2001 2569 modo,

1295 2569 1338 2596 Et
1353 2567 1492 2605 Juramus
1505 2566 1543 2601 ῤ’
1560 2569 1745 2598 Promittimus
1754 2592 1762 2605 ,
1771 2568 1841 2597 bona*
1857 2569 1921 2598 Fide
1931 2591 1940 2606 ,
1958 2567 2077 2606 legaliter
2090 2569 2233 2609 observare
2248 2571 2320 2601 dieto

1257 2604 1334 2641 Regi
1358 2606 1489 2636 Domino
1508 2606 1650 2644 Johanni,
1666 2606 1704 2641 (ὃν
1726 2608 1805 2636 Δι’έῗαε
1826 2607 1962 2646 Reginae,
1982 2608 2036 2638 1⁴21ae
2056 2608 2170 2647 Uxori,
2184 2609 2319 2649 praefatas

1257 2644 1432 2681 Alligantias
1446 2668 1456 2683 ,
1477 2652 1557 2682 prout
1573 2653 1622 2683 per
1643 2645 1726 2674 diuos
1742 2668 1751 2683 ‚
1765 2645 1927 2684 Johannem
1947 2646 2086 2676 Fernandi
2108 2645 2146 2680 (ῤ’
2168 2646 2319 2679 Velascurn

1255 2681 1410 2713 Dominici
1423 2687 1567 2713 Cantorem
1582 2687 1610 2713 in
1623 2683 1740 2724 Ecclefia
1760 2684 1792 2713 de
1814 2687 1960 2721 Braganca
1970 2707 1978 2723 ,
1995 2683 2093 2725 nostros
2112 2688 2319 2725 Procuratores,

1247 2719 1367 2760 fuerant
1384 2725 1530 2760 Firmatae,
1549 2721 1587 2756 ὠ
1603 2733 1655 2751 non
1669 2726 1706 2752 ire
1723 2730 1817 2752 contra
1830 2733 1874 2751 eas
1886 2722 1938 2752 ullo
1951 2725 2025 2752 modo
2034 2747 2043 2762 ,
2053 2723 2105 2762 sed
2116 2735 2161 2753 eas
2173 2729 2270 2755 Tenere
2285 2736 2319 2754 ac

1255 2758 1428 2799 Observare,
1443 2763 1472 2790 in
1487 2764 1556 2790 omni
1572 2764 1711 2799 Tempore,
1730 2772 1757 2790 eo
1772 2761 1844 2790 modo
1856 2772 1906 2802 quo
1920 2769 2002 2791 erant
2017 2762 2149 2802 Conclufiz’
2159 2786 2169 2802 ,
2186 2762 2224 2798 &¹
2245 2775 2316 2794 nun-

1257 2808 1340 2838 quam
1355 2802 1394 2828 ire
1410 2806 1502 2828 contra
1518 2809 1561 2828 eas
1574 2810 1726 2840 quocunque
1739 2800 1821 2829 modo.

1291 2837 1417 2876 Inficper,
1426 2838 1610 2867 Promittimus
1623 2838 1698 2878 quod
1708 2840 1913 2904 quandocunque
1926 2841 2035 2867 venerit
2042 2841 2173 2869 Dominus
2186 2839 2318 2871 Edmun-

1253 2873 1305 2905 dus
1319 2900 1329 2914 ,
1355 2874 1465 2907 Comes
1485 2875 1677 2914 Cantebrigiae
1692 2899 1701 2914 ,
1726 2887 1782 2904 cum
1805 2879 1850 2904 Mi
1862 2876 1885 2904 le
1904 2876 2064 2905 Hominibus
2085 2880 2233 2907 Armorum
2249 2902 2257 2915 ,
2275 2878 2316 2913 &-

1254 2924 1312 2943 cum
1328 2913 1408 2944 Mille
1423 2918 1599 2952 Sagittariis,
1617 2914 1748 2952 applicare
1764 2918 1791 2943 in
1806 2913 1900 2952 nostris
1913 2917 2009 2951 Regnis
2019 2938 2028 2952 2
2042 2915 2118 2954 quod
2139 2918 2197 2945 Nos
2219 2916 2272 2946 illis
2285 2920 2316 2946 in

1253 2953 1397 2992 Occursum
1418 2953 1531 2990 ibimus,
1550 2963 1607 2981 curn
1624 2953 1703 2982 dietis
1724 2952 1805 2982 Mille
1826 2952 1986 2982 Hominibus
2009 2957 2159 2984 Armorum
2181 2954 2219 2990 (ὢν
2233 2955 2317 2986 Mille

1254 2995 1292 3021 Sa
1309 2995 1421 3021 ittariis.

1289 3003 1477 3060 {remittimus
1496 3032 1579 3057 etiam
1600 3030 1667 3058 dare
1685 3030 1756 3059 dift'o
1778 3028 1912 3060 Domino
1931 3029 2104 3069 Edmundo,
2127 3030 2164 3065 ὠ·
2181 3031 2315 3062 Gentibus

1254 3071 1419 3107 Armorum,
1437 3067 1573 3107 in‘Equis
1592 3065 1630 3102 ὠ
1652 3066 1715 3097 aliis
1736 3067 1814 3097 rebus
1836 3068 2014 3108 Equestribus
2028 3092 2036 3106 ,
2050 3078 2099 3107 pro
2123 3080 2178 3099 una
2203 3077 2316 3100 Uuarta

1253 3109 1340 3136 Parte
1361 3112 1438 3137 unius
1460 3109 1566 3144 Anni,
1584 3106 1624 3135 ad
1640 3108 1762 3136 Pretium
1785 3107 1947 3136 rationabile
1962 3131 1971 3145 ,
1988 3109 2075 3137 eodem
2099 3109 2171 3137 modo
2188 3131 2197 3147 ,
2213 3120 2262 3148 quo
2282 3110 2316 3138 de

1254 3147 1393 3176 Mandata
1409 3146 1494 3182 Regis
1512 3144 1621 3182 Angliae
1636 3144 1787 3174 Solvuntur
1803 3146 1890 3175 Vadia
1903 3147 1972 3175 dicto
1988 3145 2124 3176 Domino
2139 3147 2312 3185 Edmundo,

1253 3182 1292 3219 (VJ
1305 3185 1385 3214 diffls
1398 3184 1478 3213 Mille
1492 3183 1651 3212 Hominibus
1665 3186 1822 3213 Armorum.

1292 3223 1310 3243 ²*
1329 3224 1384 3253 Ad
1395 3223 1464 3259 haec,
1480 3224 1666 3251 Promittimus
1689 3224 1825 3260 Recipere,
1845 3221 1882 3257 ᾤ’
1905 3225 1994 3260 Recfpi
2008 3224 2119 3264 facere,
2138 3225 2236 3253 dio‘lum
2261 3226 2311 3252 Co·
2327 3243 2341 3258 0

1252 3265 1361 3300 mitem,
1379 3260 1417 3296 εὖ·
1431 3264 1529 3291 Gentes
1543 3263 1711 3299 Armorum,
1730 3260 1938 3299 Amicabiliter,
1946 3262 2019 3329 licut
2036 3267 2147 3294 Amicos
2162 3264 2199 3299 όν
2222 3268 2308 3295 Bene-

1252 3305 1408 3338 venientes,
1426 3304 1453 3329 in
1468 3298 1563 3337 nostris
1575 3299 1658 3329 Villis
1673 3298 1710 3334 &
1726 3299 1864 3338 Castellis5
1883 3298 1920 3334 c&
1936 3300 1989 3330 ilts
1994 3301 2127 3341 faciemus
2146 3303 2308 3338 deliberari,

1253 3339 1324 3369 unda?
1339 3339 1433 3378 poffint
1453 3338 1500 3376 effe
1522 3340 1626 3375 Securi,
1644 3337 1683 3371 ὠ·
1703 3349 1811 3367 manere
1830 3341 1894 3367 Tuti
1917 3339 1992 3376 infra
2008 3343 2100 3376 Regna
2113 3341 2220 3379 nostra,
2241 3345 2310 3372 Pro-

1254 3382 1392 3407 mitteutes
1412 3377 1512 3412 Nobis,
1532 3377 1618 3405 didius
1642 3375 1788 3407 Dominus
1809 3376 1976 3406 Edmundus
1998 3377 2035 3411 «ᾖν
2057 3382 2216 3418 Capuan-ei,
2233 3381 2310 3411 dieze

1254 3419 1283 3446 V
1282 3415 1346 3446 illas
1360 3415 1398 3451 (ἔγ
1415 3413 1547 3454 castella,
1565 3415 1722 3454 quandocun
1741 3426 1772 3444 ue
1786 3414 1988 3452 mandabimus,
2006 3415 2168 3455 Reststuere,
2187 3419 2224 3452 ά
2247 3419 2309 3457 indg
2328 3420 2332 3424 '

1254 3454 1342 3484 Nobis
1361 3465 1414 3485 non
1427 3454 1522 3493 facere
1543 3456 1694 3492 Guerram,
1728 3469 1732 3475 ·
1770 3457 1887 3483 Servare
1907 3453 1994 3482 Nobis
2016 3458 2164 3485 Servitium
2180 3456 2311 3497 Nostrum

1253 3495 1451 3532 Regnorumque
1465 3490 1618 3530 nostrorum.

1291 3535 1351 3569 Et,
1370 3532 1450 3571 quani
1473 3530 1548 3559 citius
1568 3531 1659 3561 didius
1678 3528 1789 3560 Comes
1809 3539 1840 3557 ac
1860 3531 1960 3558 Gentes
1980 3534 2129 3561 Armorum
2155 3536 2185 3562 in
2213 3533 2310 3574 nostris

1253 3573 1350 3608 Regnis
1364 3569 1552 3608 applicuerint,
1571 3571 1629 3598 Nos
1642 3568 1770 3608 faciemus
1791 3571 1924 3597 Guerram
1948 3569 2071 3608 Aperte,
2083 3579 2131 3608 per
2153 3575 2235 3601 hiare
2245 3596 2254 3607 ,
2269 3572 2308 3608 &-

1248 3617 1298 3647 per
1309 3614 1437 3645 Terram,
1456 3613 1549 3636 contra
1567 3610 1658 3644 Regna
1674 3606 1812 3644 Castellae,
1830 3610 1858 3634 in
1873 3606 2041 3642 Adjumento
2056 3610 2121 3637 dicti
2138 3609 2224 3648 Regis
2240 3611 2308 3642 Do-

1253 3649 1323 3678 mini
1353 3648 1469 3677 ohannis
1484 3645 1522 3680 &⁶
1537 3646 1616 3675 dic‘lae
1631 3646 1752 3679 Regin-ve
1766 3645 1820 3675 sune
1834 3643 1959 3682 Uxoris.¹
1979 3657 2036 3674 cum
2048 3646 2133 3686 nostro
2145 3647 2225 3686 legali
2241 3652 2308 3678 Pos-

1245 3686 1294 3724 se,
1311 3647 1350 3721 g
1365 3686 1404 3714 ad
1415 3683 1516 3724 nostras
1532 3685 1657 3723 Proprias
1671 3682 1828 3722 Expensas,
1847 3683 1926 3723 usque
1939 3695 1991 3724 quo
2003 3685 2174 3725 Conqusfierit
2196 3686 2234 3722 &¹
2252 3688 2308 3727 fin:

1252 3727 1417 3764 Recuperata
1428 3724 1502 3752 arcia
1514 3724 1606 3760 Regna
1615 3747 1624 3760 ,
1642 3729 1692 3751 aut
1708 3725 1804 3760 Major
1819 3724 1888 3751 Pars
1903 3723 2050 3752 eorundem.

1291 3802 1477 3830 Promittimus
1492 3821 1502 3835 ,
1517 3797 1620 3836 infirper
1636 3821 1645 3836 ,
1664 3797 1739 3838 quod
1747 3821 1756 3836 ‚
1774 3799 1844 3827 diclo
1867 3797 1987 3829 Comite
2010 3798 2198 3840 Cantebrigiae
2218 3805 2311 3834 Secum

1252 3839 1363 3868 ducente
1375 3838 1471 3868 Filium
1484 3841 1578 3875 Suum,
1599 3837 1647 3866 Illi
1666 3837 1861 3866 Martiae-imus
1876 3836 2012 3867 Infantam
2028 3837 2188 3869 Dominam
2204 3840 2307 3873 Beatri-

1251 3887 1317 3907 cem
1326 3900 1335 3916 ,
1355 3875 1468 3916 nostram
1480 3875 1593 3911 Filiam3
1603 3873 1640 3909 (ἐν
1655 3876 1729 3904 Eum
1735 3874 1869 3914 faciemus
1883 3878 1959 3913 recipi
1969 3886 2018 3914 pro
2032 3879 2116 3915 Rege,
2139 3877 2175 3917 ost
2190 3879 2310 3919 nostram

1252 3920 1389 3953 Mortem,
1398 3916 1485 3954 juxta
1516 3915 1570 3943 uod
1581 3915 1735 3953 Promissum
1742 3913 1857 3954 suerat,
1871 3915 2092 3952 per-Iohannem
2134 3920 2250 3949 ornandi
2270 3919 2308 3949 de

1252 3954 1403 3992 Andeyro,
1422 3957 1451 3982 in
1462 3964 1494 3981 πο
1520 3963 1548 3981 ro
1565 3955 1688 3982 Nomine.

1288 3997 1335 4022 Ac
1371 4000 1402 4021 ut
1417 3991 1463 4020 hoc
1487 3993 1509 4019 it
1524 3994 1608 4028 magis
1622 3994 1740 4020 Firmum
1755 3989 1793 4025 ῤ’
1815 3990 1934 4028 stabile,
1951 3992 2119 4022 Mandamus
2138 3992 2218 4033 istam
2239 3998 2311 4025 Car-

1253 4038 1313 4061 tam
1333 4015 1408 4068 fieri,
1425 4033 1567 4066 Signatum
1585 4028 1679 4068 nostris
1699 4029 1877 4068 Nominibus,
1893 4027 1931 4064 (φ
1950 4028 2105 4068 Sigillatam
2125 4031 2219 4071 nostris
2235 4035 2310 4062 veris

1254 4068 1352 4107 sigillis
1369 4071 1488 4105 Magnis.

2233 4125 2314 4156 Dant

2354 3243 2423 3281 vn!

2326 3282 2391 3317 264.
