2561 4251
22 252 82 287 knn.
92 253 135 284 D.

29 292 114 339 3380.

12 337 59 369 *¹3⁶2
74 339 104 368 ²:

0 1799 9 1814 ³
22 1792 150 1828 ssnri.D.

39 1834 125 1872 1380.

3 1873 70 1901 .'An.
89 1881 116 1910 3.

19 1915 47 1940 R.
63 1920 92 1938 2.

19 1949 105 1986 Claus.
127 1958 154 1986 3.

3 1991 49 2019 ¹8.
60 1997 131 2016 2.m.

20 2034 68 2064 ⁸132
85 2026 111 2056 d·

2 2143 41 2180 ἢ*
54 2144 122 2176 vn.

3 2196 8 2211 .
21 2193 86 2224 Β472

732 163 841 204 ET
926 161 1193 203 ACTA

159 252 311 291 Centenis,
330 251 363 283 &
383 250 513 281 Vintenis
533 251 619 288 poni,
643 251 676 281 ὃς
699 259 765 288 eos,
783 249 821 280 fic
844 248 977 279 Armatos
1015 247 1171 285 Arraiatos,
1187 248 1220 278 &

158 292 309 329 IVIunitos,
332 291 360 319 in
383 289 556 319 Arraiatione
577 289 738 327 hujusmodi
758 290 846 319 teneri
870 271 1041 317 Faciendum
1049 287 1113 330 hita
1140 286 1219 323 qued

159 340 264 361 omnes
276 327 434 367 hujusmodi
447 326 590 357 Homines
607 327 640 358 ad
664 327 767 363 Arma,
789 326 916 363 Armati,
933 325 1096 361 Hobelarn,
1114 325 1146 354 ὃς
1170 323 1220 354 Sa-

158 369 276 405 gittarii,
295 366 419 405 prompti
435 365 486 396 sint
501 366 534 396 &
550 367 634 402 parati
646 365 680 396 ad
696 365 949 402 proficiscendum,
967 364 996 393 in
1012 362 1219 392 Defensionem

159 406 353 437 Marchiarum
366 404 399 434 &
420 403 510 442 Regni
524 404 613 434 nostri
635 402 856 442 praedietorum‚
872 403 1001 440 quotiens
1023 410 1057 430 ex
1080 400 1219 430 Hostium

158 444 316 476 Incurfibus
335 441 499 472 Periculum
517 441 632 481 aliquod
650 442 783 479 imineat,
800 442 833 472 &
855 440 936 478 super
950 440 1009 470 hoc
1022 448 1056 469 ex
1073 447 1152 476 parte
1166 449 1221 469 no-

159 483 215 514 stra
226 482 328 512 fuerint
342 481 520 518 praemuniti,

195 520 233 551 Et
245 519 280 549 ad
294 529 395 549 omnes
410 519 553 550 Homines
566 516 727 554 hujusmodi
742 516 776 546 ad
800 516 905 554 Arma,
924 515 1057 546 Armaros
1066 538 1075 553 ,
1093 514 1222 545 Hobela-

160 560 217 590 rios
232 558 266 588 &
278 557 456 595 Sagittarios,
474 557 509 586 ad
523 556 566 592 se,
584 556 614 584 in
629 554 723 585 forma
744 554 896 592 praeditffta,
915 554 1117 591 Arraiandum,
1137 555 1170 584 ὃ(
1193 555 1221 583 in

159 595 370 627 Defensionem
394 595 588 626 Marchiarum
611 592 811 630 praedietarum
835 603 868 623 ac
890 592 918 622 R
957 593 986 622 ni
1005 591 1222 623 nost1·i&fide-

159 635 231 666 lium
248 634 412 665 nostrorum
426 632 567 671 ejusdem,
586 632 717 669 quotiens
731 631 764 661 &
780 631 892 669 quando
907 632 934 661 in
957 632 1070 670 iguerit,
1089 632 1121 661 &
1139 638 1223 667 prout

159 683 213 711 pro
227 673 376 704 salvatione
391 670 587 701 Marchiarnm
598 679 631 699 ac
654 668 749 708 Regni
770 669 858 699 nostri
878 668 992 707 Angliae
1011 671 1045 701 &
1066 669 1222 712 Ligeornum

150 711 325 742 ‚nostrorum
341 709 462 748 ejusdem
476 708 578 738 melius
593 707 676 738 vobis
692 707 821 745 expedire
836 707 993 745 videbitur,
1009 707 1222 745 congregari-&c

160 751 251 789 uniri,
269 751 302 781 ὃς
316 750 344 779 in
360 747 566 777 Defenfionem
579 756 679 777 eorum
694 746 889 776 Marchiarum
904 746 999 784 Regni
1013 746 1046 776 ὃς
1063 745 1224 781 Ligeorum

158 788 327 818 nostrorum
343 784 500 824 proficisci,
517 785 602 823 duci,
620 785 653 815 &
667 786 785 821 morari,
806 794 855 821 per
870 784 1125 814 Incarcerationem
1145 782 1224 813 Cor-

160 836 267 864 porum
282 824 413 861 suorum,
432 834 465 854 ac
488 823 661 861 Captionem
677 822 832 852 Terrarum
846 822 879 852 ὃς
895 821 1143 852 Tenementorum
1162 822 1225 852 suo-

160 874 228 894 rum
243 865 272 893 in
287 862 410 892 Manum
426 862 570 898 nostram,
589 862 622 891 &
636 860 693 890 aliis
707 861 759 890 viis
772 860 805 889 ὃς
819 859 911 889 modis
927 860 1028 897 quibus
1050 858 1150 889 melius
1172 869 1223 898 pro

161 902 322 932 Salvatione
335 902 368 932 &
383 900 558 931 Defensione
574 899 770 929 Marchiarum
786 897 880 937 Regni
894 899 927 928 ὃς
944 897 1083 928 Fidelium
1110 896 1224 927 nostro-

160 949 227 970 rum
247 940 451 977 praedictorum
472 940 501 969 in
523 939 576 968 hac
599 945 677 974 parte
699 936 828 974 expedire
847 935 968 968 videritis
981 960 991 975 ,
1025 934 1165 975 Distringi
1190 936 1223 966 δε

160 977 307 1015 Compelli
320 977 499 1014 faciendum,
1135 1012 1141 1018 ⁴
1184 1013 1188 1018 .
1203 1013 1208 1018 .

200 1016 237 1046 Et
251 1017 318 1047 ideo
334 1017 415 1046 vobis
429 1014 594 1045 mandamus
610 1011 690 1049 quod
704 1013 779 1043 circa
794 1012 948 1050 praemissa,
969 1022 1037 1044 cum
1061 1022 1142 1043 omni
1161 1012 1225 1042 dili-

162 1056 276 1092 geutia,
294 1053 464 1121 lugendatis,
480 1053 513 1084 &
535 1062 567 1083 ea
590 1051 773 1083 effectualiter
795 1052 926 1090 Faenus,
944 1051 977 1082 &
996 1052 1174 1089 exequamini
1195 1052 1224 1082 in

176 1103 258 1124 orma
290 1102 326 1121 rae
348 1092 417 1122 icta:

162 1094 180 1125 f
202 1103 313 1161 Dartius
328 1139 423 1160 autern
436 1129 568 1161 universis
583 1129 616 1160 &
632 1127 740 1167 singulis
761 1124 984 1159 Constabulariis
1003 1127 1169 1158 Castrorum
1190 1128 1224 1159 ὃς

165 1169 320 1206 Villarum,
338 1168 581 1206 Vicecomitibus,
600 1167 778 1204 Majoribus‚
802 1166 926 1204 Ballivis,
953 1168 986 1198 &
1007 1166 1064 1197 aliis
1084 1166 1224 1197 Fidelibus

164 1204 285 1246 nostris,
303 1209 332 1237 in
347 1205 494 1237 Comitatu
510 1208 543 1238 &
557 1206 694 1236 Marchiis
708 1205 864 1243 praedietis,
879 1205 939 1234 tam
963 1204 1034 1234 infra
1054 1205 1225 1243 Libertates,

164 1245 252 1283 quam
274 1254 367 1283 eXtra,
384 1245 504 1276 Tenore
526 1244 727 1281 Praesentium,
745 1244 775 1272 in
797 1243 953 1280 Mandatis,
973 1242 1052 1280 quod
1072 1244 1172 1281 vobis,
1190 1244 1223 1274 &

165 1283 319 1322 Deputatis
340 1283 438 1314 vestris
445 1308 458 1321 „
469 1283 503 1314 ad
524 1283 695 1314 Mandatum
719 1281 844 1314 vestrum
862 1283 895 1313 &
909 1282 1018 1312 alterius
1033 1281 1179 1319 vestrfim,
1195 1283 1224 1311 in

156 1320 311 1360 ,praernissis
332 1322 466 1352 faciendis
487 1323 520 1353 &
541 1320 728 1359 exequendis,
748 1318 927 1351 Intendentes
947 1319 1014 1357 sint,
1036 1319 1225 1357 Responden-

165 1371 224 1399 tes,
242 1359 444 1398 Consulentes,
460 1361 494 1391 ὃς
511 1359 694 1396 Auxiliantes,
713 1359 859 1396 quotiens,
879 1358 1008 1396 quando,
1026 1359 1059 1389 &
1075 1367 1159 1396 prout
1172 1359 1226 1397 eis,

165 1401 200 1431 ὃς
212 1409 313 1429 eorum
329 1399 461 1436 cuilibet,
479 1398 549 1429 scire
562 1398 679 1429 feceritis
691 1406 725 1426 ex
739 1405 816 1434 parte
827 1396 929 1428 nostra.

202 1437 236 1467 In
249 1438 344 1476 cujus,
362 1438 422 1468 &c.
536 1475 538 1477 Ι
714 1469 716 1471 ,
1129 1472 1135 1479 ι

239 1475 329 1507 Teste
344 1474 427 1515 Rege
441 1475 515 1513 apud
527 1473 815 1506 westmonasterium
824 1496 833 1512 ,
849 1473 964 1504 decimo
976 1472 1023 1503 die
1036 1472 1145 1504 Martii.

637 1552 690 1579 Per
702 1547 785 1588 ipficm
798 1551 895 1587 Regem
910 1547 947 1584 ὠ·
962 1548 1116 1579 Concilium.

249 1695 299 1732 De
315 1695 569 1736 Proclamasione,
585 1692 676 1741 ficper
693 1691 944 1740 Acqusstionibus
964 1693 1161 1738 Wzllenfium.

172 1789 292 1847 REX
310 1787 485 1820 Vicecomiti
502 1787 639 1826 Salopiae,
658 1787 791 1819 Salutem.

188 1843 191 1847 ·
271 1827 368 1866 Cum,
388 1827 421 1858 ad
437 1827 658 1865 Qerimoniam
679 1826 850 1865 Magnarum
872 1826 906 1857 ὃς
925 1826 1046 1857 aliorum
1068 1825 1230 1857 Comitatus

169 1867 315 1905 praediciti,
340 1876 373 1896 ac
393 1864 592 1896 Comitatuum
614 1864 796 1902 Wigorniae,
822 1864 1002 1903 Srafforfflae,
1021 1865 1229 1903 Gloucestriae,

169 1907 203 1935 &
216 1905 396 1935 Herefordiae
406 1926 416 1942 ,
432 1903 546 1942 Nobis,
565 1904 593 1933 in
608 1902 795 1933 Parliamento
819 1903 936 1942 nostro,
952 1903 1024 1941 apud
1046 1903 1230 1934 Westmona-

171 1943 305 1981 sterium,
324 1943 368 1973 die
382 1942 488 1980 Lunae,
507 1942 637 1980 proximo
650 1941 714 1979 post
731 1941 846 1972 Festum
868 1941 963 1972 Sanc‘ti
982 1942 1110 1980 Hillarii,
1125 1942 1228 1973 ultimo

170 1983 329 2020 praeterito,
345 1989 442 2019 tent0,
459 1980 580 2018 smitam,
595 1979 632 2010 de
644 1990 681 2010 eo
695 1980 848 2018 (videlicet)
870 1980 948 2018 quod
967 1981 1143 2018 quamplures
1164 1981 1231 2011 Ho-

170 2021 261 2051 mines
273 2020 309 2050 de
323 2019 428 2050 Wallia
445 2019 582 2057 (quorum
595 2028 695 2049 omnes
708 2017 904 2049 Antecessbres
916 2019 955 2049 sui
977 2021 1055 2049 mere
1076 2019 1231 2050 Wallenses

170 2059 327 2096 extiterunt)
371 2057 515 2096 uamplura
535 2056 638 2088 Terras
657 2057 690 2087 &
711 2056 890 2087 Tenementa
904 2080 914 2095 ,
940 2059 970 2087 in
994 2057 1093 2088 Feodo
1109 2081 1119 2096 ‚
1141 2059 1175 2089 &
1195 2058 1230 2088 ad

172 2097 347 2128 Terminum
389 2098 453 2134 itae,
471 2106 505 2127 ac
518 2096 573 2126 alio
587 2094 694 2132 modo,
713 2096 799 2134 magis
813 2095 911 2132 solito,
928 2096 980 2126 hiis
993 2096 1106 2134 diebus,
1123 2098 1153 2126 in
1167 2096 1230 2128 Co-

171 2137 315 2167 mitatibus
328 2135 483 2175 praedietis,
492 2136 539 2172 qui
553 2134 647 2165 eidem
656 2133 756 2164 Terrae
771 2134 790 2154 ²*
804 2133 848 2163 W
850 2134 918 2163 alliae
930 2135 1091 2165 immediate
1105 2135 1231 2173 adjacent

170 2176 226 2244 fiae
243 2175 416 2212 marchiam,
432 2174 527 2205 eidem
540 2170 763 2212 perquisierunt,
781 2172 913 2204 &indies
926 2175 1089 2212 perquirere
1104 2184 1165 2204 non
1180 2175 1231 2205 de-

171 2214 191 2245 si
220 2223 269 2246 unt

209 2253 264 2284 Per
275 2239 409 2292 ³quorum
426 2253 674 2291 procurationem,
697 2253 846 2291 auxilium,
862 2252 1027 2291 consilium,
1045 2254 1080 2285 &
1102 2252 1230 2283 favorem

169 2292 269 2322 diversi
283 2292 483 2323 Malefaemres
497 2292 651 2323 Wallenses
660 2315 669 2330 ,
686 2292 723 2323 de
736 2292 913 2331 Cognitione
928 2292 975 2323 sua
988 2293 1022 2323 &
1041 2291 1156 2322 Notitia
1165 2316 1174 2329 ,
1189 2293 1233 2321 in-

169 2330 212 2361 fra
225 2330 387 2362 Comitatus
401 2330 566 2369 praedictos,
584 2332 614 2361 in
629 2329 731 2370 magna
754 2330 947 2369 multitudine,
966 2330 1114 2369 aliquando
1139 2330 1233 2366 (vide—

170 2369 249 2407 licet)
265 2379 314 2407 per
331 2368 461 2400 Centum
473 2370 507 2400 &
524 2368 693 2407 Ducentos,
711 2369 860 2407 aliquando
883 2372 954 2400 vero
976 2380 1024 2407 per
1045 2368 1233 2407 Trescentos,

173 2408 220 2438 vel
245 2407 352 2446 Majori
373 2407 528 2445 Numero,
545 2407 635 2438 modo
656 2407 804 2438 Guerrino
821 2409 942 2445 armiati,
967 2409 1060 2438 subito
1083 2409 1232 2445 intrantes,

173 2446 280 2477 ibidem
299 2445 402 2477 diversa
425 2446 607 2484 Homicidia,
626 2445 770 2484 Felonias,
788 2445 1045 2486 Transgreffiones,
1071 2447 1105 2477 ὃς
1123 2447 1173 2477 alia
1193 2446 1232 2477 E-

171 2486 300 2522 normia,
318 2493 382 2516 ante
393 2485 456 2515 haec
472 2493 600 2522 tempora
614 2484 825 2522 perpetrarunt,
844 2486 877 2516 &
892 2485 977 2515 indies
992 2493 1167 2526 perpetrant,

209 2523 330 2561 Subito,
349 2524 406 2554 hoc
423 2524 528 2560 Fadio,
548 2523 581 2553 ad
596 2523 701 2553 diversa
723 2522 863 2553 Dominia
886 2524 914 2553 in
935 2523 978 2554 W
980 2524 1058 2562 allia,
1074 2525 1122 2554 ubi
1142 2523 1234 2554 Mini-

173 2560 222 2592 stri
244 2561 332 2592 nostri
352 2562 521 2592 eorumdem
543 2560 744 2592 Comitatuum
760 2561 992 2599 Jurisdiffionem
1013 2562 1146 2600 puniendi
1170 2573 1234 2593 eos-

170 2599 256 2638 dem,
274 2609 304 2631 ut
326 2601 443 2639 dicunt,
462 2610 520 2630 non
542 2600 646 2630 liabent
667 2600 830 2637 aliqualem,
851 2600 986 2631 recedunt
993 2624 1002 2639 ,
1021 2601 1052 2631 ὃ(
1068 2601 1168 2631 exinde
1182 2604 1233 2631 ite-

170 2639 239 2676 rum
262 2639 379 2670 redeunt
401 2639 599 2677 quamtocius,
623 2638 782 2676 hujusmodi
804 2637 956 2670 Malefasta
974 2639 1178 2678 perpetrando,
1205 2641 1233 2670 in

172 2676 261 2707 nostri
272 2677 434 2715 Jaeturam,
452 2677 612 2715 Populique
624 2676 714 2707 nostri
727 2676 928 2708 Comitatuum
951 2678 1154 2716 praedictorum
1174 2689 1233 2708 non

174 2713 326 2745 minimam
342 2715 561 2754 Depreffionem
576 2717 609 2747 ὃ(
626 2715 802 2752 Terrorem,
822 2715 1048 2754 Darnpnumque
1063 2726 1120 2746 non
1141 2718 1236 2747 modi-

174 2761 242 2782 cum
256 2754 288 2784 &
303 2753 484 2791 Gravamen,
504 2753 584 2792 quod
599 2753 759 2784 timendum
772 2753 829 2792 est,
848 2754 976 2791 proceffu
999 2756 1148 2793 temporis,
1168 2755 1234 2785 Ma-

169 2792 233 2829 jora
251 2791 354 2822 horum
375 2791 525 2829 Pericula,
565 2792 622 2822 uod
643 2792 729 2828 absit,
745 2792 811 2821 inde
831 2794 944 2822 evenire
964 2793 1169 2832 formidantur,
1185 2795 1234 2825 nisi

173 2830 309 2867 celerius,
325 2831 354 2859 in
368 2830 421 2860 hac
439 2838 531 2867 parte,
567 2840 584 2859 e
599 2829 744 2859 Remedio
758 2840 887 2869 congruo
900 2831 1094 2869 provideatur,

211 2867 261 2898 De
277 2868 382 2898 assensu
397 2868 597 2904 Praelatorum,
617 2867 786 2905 Magnarum
797 2891 806 2907 ,
822 2870 854 2899 δε
866 2869 1004 2907 aliorum,
1023 2871 1050 2899 in
1068 2870 1237 2902 parliamen—

173 2914 207 2938 to
228 2906 328 2937 nostro
351 2906 528 2937 existentium
543 2931 552 2943 ,
578 2905 782 2936 Ordinavimus
795 2931 804 2944 ,
829 2907 952 2937 districte
973 2908 1151 2944 prohibendo
1166 2932 1175 2948 ,
1199 2911 1236 2940 ne

173 2945 252 2984 quis,
269 2946 347 2975 mere
363 2945 530 2982 wallensis,
545 2944 664 2982 Terras,
681 2945 878 2984 Tenemenm,
897 2946 941 2976 vel
956 2945 1112 2985 Redditus,
1130 2949 1159 2978 in
1173 2948 1236 2979 Co-

174 2984 318 3014 mitatibus
332 2983 490 3021 praedictis,
510 2983 580 3014 ultra
595 2983 707 3021 Aquam
723 2983 759 3013 de
777 2983 908 3015 Severnia
928 2985 1019 3015 versus
1038 2985 1188 3025 Walliam,
1207 2988 1236 3017 in

176 3022 296 3061 Feodo,
313 3022 347 3052 ad
361 3022 536 3052 Terminum
551 3021 644 3060 Vitae,
663 3021 707 3052 vel
724 3022 892 3061 Annorum,

213 3061 248 3091 N
251 3061 279 3091 isi
294 3061 350 3098 ipse
361 3060 397 3091 de
412 3060 576 3091 Retinentia
591 3059 789 3091 Dominorum
807 3061 904 3098 Regni
918 3061 1005 3092 nostri
1019 3063 1052 3092 &
1075 3063 1162 3099 bonae
1185 3064 1239 3095 Fa—

177 3108 234 3129 mae
255 3100 354 3136 fuerit,
373 3108 405 3129 ac
427 3099 613 3130 sufficientem
635 3099 822 3130 Securitatem
844 3100 879 3130 de
902 3101 982 3130 bono
1005 3101 1097 3131 Gestu
1119 3102 1184 3140 su0,
1203 3105 1237 3134 &

177 3134 254 3182 Pace
268 3137 364 3168 nostra
378 3137 567 3169 conservanda
581 3147 643 3177 erga
658 3138 762 3177 Ligeos
773 3138 885 3169 nostros
901 3139 1030 3179 fideliter,
1045 3141 1172 3171 invenire
1187 3152 1239 3179 po-

178 3183 261 3213 terit,

216 3213 267 3244 De
281 3222 386 3244 caetero
400 3214 555 3252 perquirat,
572 3215 617 3246 vel
632 3216 792 3253 perquirere
805 3216 953 3252 praesumat
965 3218 1170 3256 quovismodo,

217 3249 255 3282 Et
265 3274 274 3289 ,
292 3252 311 3282 si
327 3253 386 3289 quis
399 3252 547 3282 Wallenfis
559 3252 650 3291 aliqua
668 3255 789 3293 Terras,
805 3255 1002 3293 Tenementa,
1021 3256 1066 3286 seu
1086 3256 1241 3296 Redditus,

178 3290 245 3329 post
260 3290 517 3320 proclamationem
532 3291 669 3327 praesentis
683 3291 895 3331 ordinationis,
914 3302 1010 3324 contra
1024 3294 1148 3325 formam
1171 3297 1240 3332 ejus-

179 3329 245 3358 dem
256 3352 265 3367 ‚
284 3328 389 3358 ibidem
403 3328 577 3366 perquifierit
589 3330 617 3359 in
631 3329 654 3358 F
656 3330 749 3367 eodo,
767 3341 803 3360 eo
816 3331 893 3368 ipso,
904 3332 1026 3371 illa‘erga
1043 3333 1109 3363 Nos
1126 3334 1240 3364 &Hae-

179 3367 258 3398 redes
275 3367 388 3398 nostros
409 3366 576 3405 forisfaciat,
595 3367 614 3397 sl
626 3367 663 3397 de
677 3366 792 3406 Nobis,
810 3369 856 3400 vel
871 3379 935 3407 erga
946 3370 1015 3400 alios
1033 3370 1200 3411 Domitios,
1220 3373 1240 3402 fi

180 3405 218 3435 de
231 3406 303 3443 aliis,
322 3405 421 3436 eadem
438 3405 617 3435 Tenementa
631 3414 794 3445 teneantur,

218 3443 274 3482 Et,
299 3443 319 3473 fi
339 3443 372 3474 ad
396 3442 568 3474 Terminum
590 3443 681 3481 Vitae,
705 3445 750 3475 vel
771 3446 924 3476 Annorum
940 3468 950 3484 ,
972 3446 1062 3484 aliqua
1081 3447 1184 3477 Terras
1207 3449 1240 3479 ὃς

180 3482 361 3513 Tenementa
380 3480 415 3511 de
435 3489 539 3512 caetero
559 3482 750 3522 perquisierit,
776 3484 949 3514 Terminum
971 3484 1051 3515 suum
1075 3487 1102 3515 in
1123 3486 1243 3525 eisdem,

180 3521 217 3565 de
237 3530 410 3559 quocunque
430 3528 591 3559 teneantur,
616 3531 679 3561 erga
700 3521 769 3553 Nos
787 3523 821 3553 ὅτ
842 3522 977 3553 Haeredes
999 3523 1111 3554 nostros
1134 3525 1244 3555 forisfa-

179 3568 234 3591 ciat

217 3583 255 3628 E't
269 3596 393 3635 insuper,
408 3596 444 3628 de
460 3596 564 3628 assensu
578 3598 729 3637 praediCtO,
744 3599 947 3631 Ordinavimus
970 3600 1068 3638 quod,
1085 3600 1104 3630 si
1127 3601 1177 3637 qui
1198 3600 1242 3630 alii

181 3636 337 3667 Wallenses
352 3658 362 3673 ,
388 3636 418 3665 in
440 3635 543 3666 eisdem
565 3635 759 3668 Comitatibus
779 3639 960 3678 Residentes,
986 3639 1032 3669 vel
1053 3638 1244 3675 imposterum

181 3675 337 3713 moraturi,
353 3673 511 3712 hujusmodi
526 3673 743 3706 Multitudinem
757 3677 946 3708 Walleulium
961 3677 1165 3714 conduxerint,
1175 3687 1242 3713 pro-

182 3714 339 3744 curaverint
376 3713 421 3743 vel
436 3712 499 3742 alias
511 3713 676 3751 consilium,
694 3715 843 3752 auxilium,
861 3716 906 3746 vel
919 3716 1048 3746 favorem
1070 3716 1241 3752 praebuerint

182 3751 304 3790 eisdem,
322 3736 357 3781 ad
378 3750 535 3790 hujusmodi
560 3750 711 3782 Malefaeta
730 3753 838 3783 ibidem
860 3754 895 3783 de
915 3763 1022 3784 caetero
1045 3754 1240 3791 perpetranda,

182 3790 217 3820 &
233 3790 300 3820 inde
315 3789 409 3821 debite
427 3787 566 3820 ConviCti
578 3789 699 3828 fuerint,
717 3790 835 3821 habeant
851 3792 884 3822 &
900 3793 1044 3822 incurrant
1066 3793 1149 3822 talem
1172 3792 1242 3822 Poe-

181 3836 249 3857 nam
264 3828 297 3857 &
311 3827 511 3866 Punitionem,
530 3837 562 3857 ac
572 3828 649 3858 idem
659 3827 806 3866 Judicium
822 3831 850 3859 in
864 3830 1016 3866 omnibus,
1031 3830 1118 3867 qualia
1141 3831 1242 3867 praedi-

180 3865 220 3895 <Sti
235 3864 435 3897 Malefaetores
449 3869 622 3897 incurrerent
636 3867 668 3898 &
682 3866 832 3901 haberent,
850 3868 869 3898 si
885 3868 1060 3905 personaliter
1075 3868 1146 3898 infra
1160 3869 1241 3908 Reg-

178 3912 250 3943 num
264 3903 408 3943 nostrum,
426 3915 461 3935 ex
477 3905 528 3935 hac
544 3904 640 3943 causa,
661 3903 746 3942 Capti
759 3905 870 3937 fuiffent
884 3908 917 3937 ὃς
933 3905 1085 3943 Οοηνίἑὶί,

219 3940 368 3984 Nolumus
389 3951 500 3981 tamen,
521 3954 574 3974 nec
595 3943 637 3973 est
656 3944 821 3974 intentionis
843 3944 964 3982 nostrae,
982 3945 1080 3975 colore
1102 3944 1243 3983 praesentis

182 3978 394 4017 Ordinationis,
408 3981 513 4019 aliquos
526 3981 698 4019 Wallenses,
717 3981 806 4012 Bonae
822 3982 917 4012 Famae
936 3993 1001 4022 erga
1022 3983 1090 4013 Nos
1110 3985 1143 4014 δε
1162 3983 1242 4023 Reg-

185 4027 256 4048 num
279 4017 407 4047 nostrum
428 4019 590 4059 existentes,
608 4020 753 4058 restringi,
773 4021 843 4057 quin
862 4021 910 4059 ipsi
931 4024 963 4053 ἃ
986 4031 1085 4051 eorum
1107 4022 1243 4060 quilibet,

181 4056 286 4126 inzaoliils
307 4054 499 4124 gqmlitatillffls
520 4058 617 4098 Regni
636 4058 751 4098 nostri,
773 4059 876 4095 Terras
896 4061 931 4093 &
950 4060 1132 4092 Tenementa
1154 4060 1243 4092 libere

1278 162 1749 219 PUssLICA.
2280 182 2331 218 97

1260 248 1420 286 perquirere
1435 249 1467 279 ὅ(
1482 248 1604 286 habere,
1621 259 1653 279 ac
1669 251 1753 280 etiarn
1770 250 1923 289 Operatios
1937 252 1982 281 sea
2007 252 2192 281 Laboratores
2214 252 2321 289 aliquos

1262 286 1412 323 aliqualiter
1424 288 1518 324 artari,
1537 289 1604 325 quin
1620 288 1667 325 ipsi
1684 289 1788 326 ubique
1802 290 1830 318 in
1848 288 1955 320 Rectum
1971 291 2068 319 nostro
2090 291 2226 327 prm-Leto
2249 292 2322 327 paci-

1261 323 1316 353 fice
1334 325 1456 361 morari,
1474 327 1600 362 operari,
1619 327 1650 356 ὃ(
1668 327 1738 356 inter
1753 327 1819 356 alius
1833 327 1965 357 Sabinos
1979 328 2089 357 nostros
2101 330 2176 358 licite
2198 338 2320 358 conver-

1260 363 1307 392 sari
1324 362 1446 400 valeant,
1465 363 1535 394 sicut
1551 365 1623 401 prius
1637 364 1728 394 facere
1743 365 1880 402 solebant,
1900 375 1982 402 prout
1997 368 2025 395 in
2044 367 2230 397 Ordinatione
2250 377 2322 404 pra:-

1263 399 1339 430 diet&
1352 401 1459 436 plenius
1476 404 1652 440 continetur,

1298 438 1370 468 Tibi
1392 439 1569 478 praecipimus
1590 440 1669 477 quod
1689 439 1909 471 Ordinationern
1929 441 2092 478 praeduram
2121 444 2149 472 in
2176 443 2247 473 locis
2270 444 2320 473 ubi

1262 477 1362 506 melius
1378 477 1504 516 expedire
1519 477 1636 515 videris,
1655 479 1712 507 ram
1728 481 1755 507 in
1771 480 1855 516 pleno
1869 480 2018 509 Coniitatu
2033 489 2100 518 tuo,
2121 481 2207 518 qufim
2229 491 2320 519 exoa,

1263 515 1293 543 in
1311 514 1411 552 Feriis,
1431 514 1582 553 Mesatis,
1601 517 1633 546 &
1649 517 1705 546 aliis
1721 516 1828 555 Locis,
1844 519 1871 547 in
1896 518 1997 548 Balliva
2016 528 2078 555 tua,
2098 521 2155 548 iiim
2177 520 2245 549 insta
2270 520 2319 550 Li-

1264 553 1401 590 bertates,
1428 554 1513 590 quam
1536 562 1626 592 extra,
1652 554 1767 591 publice
1789 556 1952 592 proclamari
1975 558 2008 588 ὃς
2032 558 2121 586 teneri
2145 557 2225 588 facias
2242 559 2320 597 julita

1264 590 1400 620 Formam
1416 592 1449 621 ὃς
1462 591 1610 621 Tenorem
1626 592 1755 624 ciusdem.

1279 628 1392 672 uTeste
1411 629 1497 666 Rege
1517 630 1590 667 apud
1613 629 1919 669 westmonasterium,
1937 632 2051 663 decimo
2072 635 2154 664 tertio
2174 633 2219 665 die
2241 635 2320 666 Mars,

1263 674 1304 697 tn.

1321 741 1489 773 Consimilia
1508 742 1605 774 Brevia
1620 743 1774 782 diriguntur
1789 744 2014 777 Vicecomitibus
2029 747 2200 787 subscriptis,
2218 749 2268 780 sub

1612 782 1710 813 eadem
1723 782 1797 814 Data
1806 797 1816 822 3
1835 785 1964 815 videlicet
1973 808 1982 823 ,

1265 860 1293 886 V
1294 859 1420 886 icecomiti
1434 857 1613 898 Herefhrdiae.

1816 863 1845 889 V
1845 864 1970 889 isecomiti
1982 864 2005 889 G
2008 861 2157 899 loncestriae.

1266 899 1295 926 V
1296 899 1420 926 icecomiti
1436 899 1596 936 zbygorniae.

1816 902 1844 928 V
1843 903 1969 928 icecomtti
1983 900 2146 938 Staffirdiae.

1423 1022 1450 1049 ³ss
1476 1027 1525 1059 De
1539 1025 1711 1059 Tmehmdo
1733 1037 1802 1059 cum
1821 1027 2010 1074 Adverfizrio
2028 1032 2168 1062 Franciae.

1265 1110 1345 1171 LE
1360 1106 1428 1148 Roy
1442 1119 1473 1148 a,
1491 1109 1645 1140 l'onurable
1658 1110 1729 1142 Pere
1741 1121 1775 1141 en
1792 1112 1882 1149 Dieu,
1901 1113 2047 1153 l'Evrffiue
2067 1114 2098 1142 de
2118 1111 2271 1153 Rourestre,
2291 1114 2324 1144 δεῖ

1340 1159 1372 1185 a,
1391 1158 1450 1178 noz
1465 1148 1561 1178 cheres
1576 1150 1609 1180 &
1627 1149 1729 1187 foialx,
1746 1150 1846 1188 Johan
1859 1155 1915 1180 Sire
1928 1152 1958 1180 de
1973 1152 2104 1189 Gabbam,
2123 1152 2221 1190 Johan
2232 1155 2326 1181 Deve-

1265 1192 1349 1223 reux',
1367 1186 1496 1224 Capitein
1511 1186 1546 1216 de
1561 1186 1657 1217 nostre
1671 1188 1743 1218 Ville
1759 1188 1794 1220 de
1809 1189 1926 1227 Caleys,
1942 1190 2039 1219 Rohert
2055 1191 2086 1219 de
2101 1189 2220 1228 Afhemn
2237 1190 2323 1227 Capi-

1266 1227 1323 1255 tein
1338 1225 1374 1255 de
1389 1224 1485 1255 nostre
1498 1224 1613 1255 Chastel
1632 1226 1667 1255 de
1690 1225 1806 1265 Gynes,
1824 1230 1910 1256 Bri-'en
1930 1229 1961 1257 de
1979 1229 2114 1266 stapleton
2137 1229 2262 1259 Gardt-in
2287 1229 2322 1259 de

1265 1263 1362 1293 nostre
1376 1263 1490 1293 Chastel
1502 1263 1538 1294 de
1553 1263 1671 1302 Caleys‚
1689 1265 1740 1303 δε,
1759 1265 1854 1295 nostre
1868 1267 1952 1296 chere
1973 1266 2074 1305 Clerc,
2097 1267 2214 1297 Meistre
2238 1270 2320 1296 Wau-

1264 1308 1307 1330 ter
1309 1303 1354 1369 [rie
1367 1299 1598 1370 SkirSlalwezDean
1613 1303 1647 1332 de
1662 1303 1740 1334 Seint
1756 1303 1873 1343 Μαι-[γη
1888 1304 1980 1335 Grant
1998 1305 2034 1336 de
2048 1306 2173 1336 Londres
2188 1305 2323 1336 Dofffiur

1266 1349 1294 1370 es
1335 1349 1402 1379 oys,
1441 1351 1454 1370 a
1466 1350 1493 1371 ut
1518 1363 1523 1369 .

1302 1377 1401 1408 Savoir
1416 1389 1486 1408 vous
1501 1378 1600 1409 saisons
1617 1388 1688 1418 que,

1305 1416 1359 1446 Pur
1381 1417 1494 1447 honour
1514 1418 1547 1448 ὃς
1567 1427 1719 1449 reverence
1738 1418 1774 1450 de
1787 1419 1879 1459 Dieu,
1899 1421 1931 1452 &
1947 1420 1982 1451 de
1998 1421 2076 1453 Seint
2090 1421 2205 1461 Esglise,
2225 1422 2258 1453 ὃς
2274 1431 2325 1460 pur

1268 1454 1295 1484 le
1308 1455 1372 1484 bien
1384 1454 1420 1485 de
1434 1455 1500 1485 Paix
1509 1478 1518 1492 ‚

1307 1492 1355 1523 De
1369 1493 1472 1523 l’assent
1485 1493 1534 1523 des
1548 1493 1673 1534 PrelatZ,
1691 1495 1823 1535 Nobles,
1839 1498 1871 1528 &
1887 1506 1975 1528 autres
1992 1497 2104 1528 Grantz
2128 1500 2160 1530 ὃς
2182 1499 2268 1536 Sages
2291 1499 2327 1529 de

1268 1530 1364 1561 nostre
1379 1531 1514 1562 Roialme
1527 1532 1717 1570 d’Engleterre
1727 1557 1736 1571 ,

1306 1569 1343 1599 Et
1359 1578 1406 1610 par
1421 1580 1486 1611 mye
1499 1571 1523 1600 la
1537 1571 1703 1609 constance,
1724 1572 1787 1610 quel
1803 1571 1890 1603 Nous
1909 1583 1998 1604 avons
2018 1573 2055 1604 de
2076 1584 2135 1605 voz
2155 1575 2240 1614 Sens,
2259 1575 2327 1607 Dis-

1269 1609 1414 1646 crecions,
1432 1608 1575 1647 Loialtez‚
1594 1610 1626 1640 &c
1640 1610 1837 1648 Avisamentz,

1307 1647 1387 1677 Vous
1401 1658 1489 1677 avons
1503 1647 1666 1687 Ordeinez,
1686 1648 1838 1686 Deputez,
1858 1649 2009 1688 Commis,
2029 1652 2062 1681 ὃ(
2076 1650 2215 1688 ΕΠ·ῑὶ)Ιί7,,
2234 1652 2327 1682 Orde-

1270 1693 1361 1723 nons,
1380 1683 1548 1723 Deputons,
1567 1685 1789 1724 Commettons,
1809 1690 1841 1718 ὃς
1860 1688 2034 1726 Establions,
2050 1689 2085 1718 de
2097 1689 2191 1719 nostre
2206 1701 2329 1721 ccrzenie

1270 1725 1397 1762 science,
1417 1735 1462 1762 par
1484 1725 1508 1754 la
1529 1724 1629 1755 Tenur
1651 1725 1685 1755 de
1708 1735 1754 1756 ces
1767 1726 1903 1763 presentes
1916 1727 2043 1764 Lettres,
2064 1736 2122 1757 noz
2138 1729 2205 1759 vrais
2221 1728 2328 1759 Procu-

1269 1772 1363 1801 reurs,
1379 1764 1411 1794 &
1428 1763 1575 1810 Messagez
1588 1763 1741 1802 especialx,

1307 1800 1445 1832 Donantz
1457 1802 1490 1833 ὃς
1506 1802 1726 1833 eommettantz
1741 1813 1754 1832 a
1770 1809 1841 1833 vous
1863 1802 1965 1841 Cynk,
1984 1803 2109 1842 Qpatre,
2127 1814 2166 1834 ou
2187 1805 2272 1835 Trois
2293 1806 2330 1837 de

1268 1849 1359 1877 vous,
1378 1840 1409 1877 (si
1433 1850 1504 1870 vous
1523 1847 1593 1869 touz
1617 1850 1653 1870 ne
1674 1848 1775 1879 purrez
1797 1851 1811 1870 a
1829 1851 1863 1871 ce
1884 1842 2028 1879 eitendre)
2052 1843 2141 1880 pleine
2160 1843 2328 1883 Austorioe,

1270 1877 1439 1916 Poiffance,
1468 1879 1502 1908 &
1526 1877 1714 1909 Mandement
1734 1879 1867 1916 especiale
1889 1882 1921 1910 ὃς
1949 1881 2059 1916 general
2075 1904 2082 1916 ,
2117 1881 2303 1912 d'Alierubler
2319 1908 2330 1922 ‚

1269 1915 1434 1955 Convenit,
1459 1917 1584 1954 Traiter,
1607 1917 1783 1954 Composer,
1808 1917 1975 1957 Trmiiger,
2004 1918 2119 1948 P..cifier
2133 1942 2143 1957 ,
2168 1922 2199 1950 ἃ
2223 1922 2330 1957 pleine-

1272 1963 1352 1985 ment
1371 1955 1532 1992 Accorder,
1557 1955 1600 1985 sur
1621 1964 1690 1985 touz
1712 1955 1748 1986 les
1773 1955 1902 1993 Debatz,
1923 1956 2139 1996 Contencions,
2159 1958 2332 2000 (QiestionS,

1270 1993 1410 2031 Guerres,
1432 1994 1549 2032 Riotes,
1564 1994 1597 2023 &
1618 1993 1774 2031 Descortz‚

1308 2031 1400 2062 Meuz
1414 2033 1447 2063 &
1464 2031 1629 2070 demesnez,
1647 2042 1686 2072 ou
1700 2042 1715 2062 a
1738 2042 1835 2063 meuer
1857 2033 1889 2063 &
1909 2032 2060 2072 dcmener,
2079 2044 2206 2072 parcmre
2226 2034 2333 2075 Nous,

1271 2079 1330 2100 noz
1352 2071 1480 2109 Uncles,
1499 2071 1532 2101 ὃ(
1551 2079 1637 2101 autres
1662 2070 1778 2102 Persom
1795 2072 1830 2101 de
1843 2071 1937 2102 nostre
1952 2073 2042 2110 Snnlt,
2062 2083 2120 2103 noz
2135 2074 2269 2111 Subura,
2290 2075 2330 2105 A·

1273 2110 1342 2147 mis,
1363 2109 1472 2147 Alliez,
1490 2108 1629 2146 Aidantz,
1648 2109 1681 2139 &
1698 2110 1860 2140 Adherentz
1873 2120 2052 2149 queconqes,
2070 2113 2105 2141 dc
2121 2122 2170 2142 cea
2186 2113 2217 2142 ὃς
2231 2113 2292 2142 dela
2308 2114 2333 2144 la

1273 2147 1373 2186 Meer,
1391 2148 1474 2178 d'une
1490 2147 1571 2186 Part,
1583 2149 1622 2189 ⁴&c
1637 2148 1731 2178 nostre
1746 2146 1919 2187 Adverfhire
1934 2150 1965 2179 de
1984 2153 2105 2189 France,
2122 2150 2159 2180 ses
2181 2151 2279 2190 Frers,
2299 2153 2332 2182 &

1272 2186 1351 2224 Filz,
1370 2187 1403 2217 ὅτ
1417 2195 1504 2217 autres
1519 2186 1633 2216 Perlons
1649 2186 1684 2216 de
1699 2187 1747 2217 son
1771 2187 1862 2225 Sank,
1880 2188 1918 2218 ses
1941 2188 2075 2227 Subgitz,
2096 2189 2202 2228 Amys,
2223 2191 2334 2228 Alllez,

1273 2225 1411 2263 Aidantz,
1427 2226 1460 2256 &
1480 2224 1626 2255 Adherens
1646 2225 1856 2264 quelconques‚
1875 2236 1909 2255 en
1929 2227 2040 2264 general
2062 2238 2100 2257 ou
2123 2237 2158 2257 en
2181 2229 2332 2267 especiale,

1273 2264 1336 2294 lour
1354 2263 1540 2302 Procureurs,
1557 2264 1590 2294 &
1608 2263 1751 2301 Messages
1766 2265 1869 2295 d'autre
1884 2263 1967 2303 Part,

1308 2302 1345 2332 Et
1358 2302 1425 2332 aussi
1439 2302 1473 2333 de
1490 2302 1616 2332 Prendre
1630 2304 1662 2333 ὃς
1679 2302 1844 2340 Accorder,
1863 2312 1898 2332 en
1914 2304 2007 2334 Noun
2032 2303 2068 2334 de
2088 2314 2175 2342 nous,
2194 2305 2229 2336 de
2252 2311 2334 2337 toutz

1274 2351 1399 2371 maneres
1411 2341 1458 2372 des
1472 2342 1592 2371 Trieues
1605 2342 1637 2372 ὃ(
1654 2339 1840 2371 Abstinences
1855 2341 1891 2371 de
1907 2341 2031 2372 Guerres
2041 2366 2049 2380 ,
2063 2352 2139 2372 entre
2156 2343 2256 2382 Nous,
2274 2353 2333 2376 noz

1274 2379 1403 2418 Uncles,
1421 2381 1453 2410 ὃς
1468 2389 1554 2410 autres
1568 2379 1747 2409 Personesde
1770 2380 1864 2410 nostre
1880 2380 1973 2419 Sank,
1993 2390 2051 2411 noz
2070 2381 2207 2420 Subgitz‚
2225 2383 2332 2422 Amys,

1275 2418 1385 2457 Alliez,
1409 2418 1545 2455 Eldantz,
1571 2419 1603 2449 &
1629 2418 1793 2448 Adlierentz
1817 2427 1999 2457 queconques
2014 2443 2023 2457 ,
2053 2419 2088 2450 de
2109 2430 2157 2450 cea
2176 2421 2209 2451 δε
2229 2421 2289 2452 dela
2309 2423 2334 2452 la

1276 2457 1379 2495 Meer,
1396 2459 1428 2488 ὃς
1453 2457 1547 2487 nostre
1569 2458 1611 2485 dit
1626 2458 1815 2495 Adversaire,
1836 2458 1873 2487 ses
1888 2457 1997 2495 Frei'es,
2019 2457 2095 2496 Filz,
2114 2459 2147 2489 ὃς
2161 2468 2249 2489 autres
2264 2459 2334 2490 Per-

1274 2495 1354 2526 sones
1376 2495 1411 2526 de
1432 2496 1480 2526 son
1503 2496 1595 2533 Sanlt,
1614 2494 1652 2524 ses
1673 2496 1809 2535 Stibgitz,
1830 2495 1933 2534 Arnys,
1954 2496 2063 2533 Alliez,
2082 2496 2202 2527 Eidantz
2220 2499 2253 2527 δε
2276 2499 2337 2529 Ad-

1275 2535 1393 2565 herentz
1408 2544 1604 2572 queconques,
1624 2543 1670 2570 par
1687 2532 1823 2570 Manere,
1842 2534 1963 2571 Forme,
1980 2535 2012 2565 &
2027 2534 2212 2573 Condicion,
2232 2538 2265 2566 ὃς
2288 2545 2336 2574 par

1278 2573 1305 2640 sil
1325 2573 1409 2612 Long
1423 2573 1534 2610 Teinps
1547 2582 1562 2601 a
1575 2572 1674 2609 durer,
1693 2581 1780 2602 come
1799 2571 1922 2602 nieistier
1936 2573 2023 2611 serra,
2039 2581 2077 2604 ou
2093 2574 2154 2604 bon
2173 2584 2244 2605 vous
2266 2575 2338 2605 sem-

1277 2612 1297 2641 b
1309 2621 1350 2641 era

1314 2635 1508 2681 Ec’ensement
1522 2649 1558 2680 de
1581 2648 1710 2687 Tretier,
1729 2649 1871 2688 Ordenir,
1890 2650 1923 2680 ὃς
1945 2649 2108 2688 Accorder,
2125 2651 2248 2689 ovesque
2270 2657 2337 2682 nos-

1277 2696 1318 2718 tre
1339 2689 1380 2718 dit
1403 2689 1584 2725 Adverlaire,
1601 2699 1640 2718 ou
1664 2688 1701 2718 ses
1724 2688 1910 2726 Procureurs,
1926 2688 1967 2717 sur
1992 2688 2146 2726 Alliances,
2163 2689 2339 2720 Consedera-

1278 2728 1350 2764 cies,
1369 2728 1402 2758 ὃς
1417 2728 1539 2764 amities,
1558 2727 1609 2756 soit
1623 2727 1639 2756 il
1654 2737 1699 2763 par
1718 2726 1843 2766 Mariage
1857 2728 1889 2757 3<
1905 2726 2052 2757 Contraite
2067 2729 2103 2758 de
2127 2727 2337 2766 Matrimoigne

1277 2765 1311 2794 de
1327 2765 1422 2795 nostre
1436 2765 1559 2796 Persone
1575 2766 1705 2803 meisme,
1724 2776 1763 2795 ou
1779 2775 1827 2802 par
1842 2775 1917 2795 autre
1933 2766 1999 2795 voie
2014 2767 2209 2804 quelconque,
2228 2767 2277 2798 soit
2300 2777 2337 2797 en

1277 2806 1385 2843 general
1400 2815 1438 2834 ou
1454 2814 1489 2834 en
1501 2804 1649 2841 especiale,
1665 2813 1751 2833 corne
1764 2814 1832 2833 vous
1845 2804 1976 2833 semble-ra
1992 2804 2069 2839 bon,

1314 2842 1352 2873 Et
1371 2843 1412 2873 sur
1434 2853 1565 2881 quatique
1586 2843 1653 2872 serra
1674 2842 1728 2871 enii
1750 2841 1846 2878 Parle,
1868 2842 1898 2870 T
1900 2842 1981 2878 raitc,
2000 2841 2162 2878 Compose,
2180 2840 2339 2880 Transige,

1283 2880 1403 2920 Pacilie,
1422 2882 1454 2911 ὃς
1478 2881 1609 2911 Accorde
1628 2881 1663 2910 de
1685 2889 1776 2910 tontes
1798 2880 1834 2909 les
1855 2877 1963 2908 Choses
1984 2880 2016 2908 δε
2032 2879 2153 2909 Articles
2172 2880 2284 2917 susdiiZ,
2303 2882 2337 2911 ὃς

1281 2920 1403 2950 chescun
1427 2919 1462 2949 de
1485 2929 1554 2956 eux,
1573 2929 1624 2956 pur
1645 2918 1733 2948 Nous
1755 2919 1787 2948 ὃς
1802 2916 1897 2947 nostre
1913 2917 2021 2953 Partie,
2039 2922 2162 2955 ovesque
2175 2928 2245 2948 ceux
2261 2920 2296 2948 de
2313 2919 2339 2949 la

1280 2958 1372 2989 Partie
1392 2958 1518 2995 adverse,
1537 2957 1572 2986 de
1594 2956 1618 2985 la
1641 2956 1755 2985 Fermei·
1777 2957 1809 2986 &
1833 2955 1960 2985 Affeurer
1983 2966 2030 2993 par
2052 2956 2121 2994 Foi,
2139 2956 2171 2986 &
2195 2966 2243 2994 par
2257 2958 2340 2988 Sere-

1281 3007 1377 3035 ment,
1395 3008 1410 3027 a
1423 2997 1513 3026 doner
1526 3006 1560 3025 en
1575 2995 1677 3024 l'ulime
1691 2994 1725 3023 de
1742 2994 1845 3032 Nous,

1319 3036 1356 3066 Et
1377 3035 1412 3066 de
1433 3035 1560 3066 Ouroier
1580 3034 1612 3063 ὃ(
1638 3032 1758 3070 Donet,
1777 3033 1818 3063 sur
1841 3042 1912 3070 cco,
1930 3033 1963 3063 &
1979 3032 2016 3062 les
2030 3031 2254 3070 Dependenccs,
2269 3041 2338 3064 touz

1281 3084 1390 3104 maners
1408 3074 1456 3104 des
1475 3072 1634 3107 Caucions,
1655 3071 1798 3108 Seurtees,
1813 3070 1991 3108 Promesles,
2010 3070 2210 3108 Obligacions,
2229 3071 2338 3101 Lettres

1281 3113 1405 3150 SealleZ,
1424 3120 1502 3142 tantz
1515 3112 1547 3141 &
1562 3111 1635 3139 tieux
1649 3120 1735 3140 corne
1749 3109 1860 3139 tnestier
1876 3110 1944 3139 serra
1954 3133 1962 3147 ,
1981 3119 2016 3138 en
2033 3119 2088 3139 neu
2102 3110 2174 3147 Cas,
2195 3111 2230 3139 les
2245 3118 2338 3147 queax

1282 3151 1370 3182 Nous
1392 3152 1492 3181 volons
1510 3151 1590 3178 avoir
1611 3149 1657 3177 tiel
1682 3148 1796 3185 Effeci,
1822 3148 1946 3185 Vigour,
1969 3150 2000 3177 ὀὶ
2027 3148 2188 3185 Fertnetee,
2213 3157 2298 3177 corne
2319 3147 2338 3178 si

1283 3200 1355 3220 nous
1371 3190 1407 3220 les
1423 3189 1535 3219 ettilons
1550 3188 1627 3216 done
1642 3188 1674 3217 &
1692 3187 1735 3216 tiiit
1751 3197 1785 3215 en
1800 3186 1895 3215 nostre
1911 3185 2018 3224 Prot-re
2033 3186 2165 3223 persone,

1318 3228 1355 3258 Et
1375 3229 1410 3258 de
1434 3228 1525 3263 Fure,
1545 3225 1703 3262 Executer,
1722 3225 1876 3262 Expediet,
1896 3225 1928 3254 &
1956 3225 2156 3261 Accoirplier,
2176 3233 2226 3260 pur
2251 3223 2339 3253 Nous

1281 3267 1314 3298 δί
1330 3266 1424 3296 nostre
1440 3265 1543 3299 Pii-ne,
1557 3272 1620 3293 tout
1636 3273 1765 3300 quatique
1780 3275 1795 3293 a
1812 3263 1887 3292 faire
1898 3263 1967 3292 serra
1982 3273 2016 3292 eti
2032 3273 2087 3292 tieu
2105 3262 2159 3291 Cae
2176 3263 2207 3292 ἃ
2223 3262 2260 3290 les
2276 3261 2339 3291 De-

1281 3306 1454 3343 pendences,
1478 3304 1509 3333 ὃ(
1531 3312 1662 3338 qualique
1684 3302 1771 3331 Nous
1794 3301 1898 3330 ferroris
1920 3301 2047 3330 meismes
2069 3301 2086 3330 li
2110 3301 2206 3330 nostre
2230 3300 2339 3336 Propre

1282 3343 1404 3374 Persone
1418 3353 1433 3381 y
1448 3343 1533 3371 fenile
1552 3346 1691 3378 prelente,
1711 3340 1826 3377 suppose
1841 3350 1897 3377 que
1914 3340 1982 3376 pluis
2001 3339 2133 3376 especiale
2152 3337 2340 3369 Mandement

1283 3392 1330 3412 ent
1344 3383 1438 3412 serroit
1451 3380 1540 3416 requis
1549 3403 1559 3416 ,
2300 3416 2305 3420 ·

1320 3420 1357 3450 Et
1380 3420 1577 3455 promettons,
1604 3416 1749 3447 loialment
1775 3418 1807 3447 ὃς
1827 3425 1861 3445 en
1885 3416 1945 3444 bon
1966 3414 2031 3452 foy,
2056 3414 2150 3456 ,At-oir
2169 3416 2202 3446 &
2228 3414 2339 3452 Tenir,

1282 3468 1354 3490 touz
1371 3459 1453 3496 Jours
1473 3457 1560 3485 ferme
1580 3456 1612 3485 &
1636 3456 1765 3491 agreulsse
1787 3464 1858 3491 quan
1876 3464 1930 3490 que
1950 3453 2025 3482 1²:11oe
2049 3456 2133 3489 lerra,
2154 3452 2196 3482 sur
2220 3462 2289 3483 touz
2306 3454 2339 3483 &

1283 3499 1404 3527 chescun
1432 3496 1478 3525 des
1500 3493 1609 3523 Clioles
1627 3494 1788 3524 avauntdizz
1803 3515 1812 3528 ,
1841 3492 1883 3520 sur
1904 3491 2035 3520 Cancron
2053 3494 2083 3521 b<
2107 3492 2284 3527 Obligacion
2304 3491 2341 3521 de

1284 3544 1355 3566 touz
1370 3544 1428 3565 noz
1444 3534 1538 3568 Bit-ns,
1557 3532 1693 3568 presente>-
1707 3534 1740 3562 &
1755 3541 1769 3559 a
1787 3540 1879 3565 venir,
1897 3534 1960 3558 lanz
1972 3539 2093 3568 jarunmys
2109 3530 2192 3571 saite,
2210 3529 2287 3567 dire,
2302 3539 2339 3559 ne

1284 3575 1443 3611 pul-polles,
1462 3582 1495 3601 cn
1513 3571 1657 3607 Ingement
1672 3581 1708 3599 ne
1722 3572 1756 3599 ‹le
1769 3570 1849 3604 hors,
1865 3568 1965 3597 ascune
1980 3569 2063 3597 cliole
2079 3579 2092 3597 a
2109 3569 2269 3597 lencontrer

1322 3613 1402 3642 Doni
1423 3621 1467 3647 par
1490 3609 1722 3645 Teimoigmnce
1744 3608 1779 3636 de
1802 3606 1896 3635 nothe
1919 3606 2012 3635 Grant
2036 3606 2112 3643 δραι,
2131 3616 2166 3635 en
2181 3606 2276 3634 nostre
2290 3604 2342 3634 Pa-

1284 3650 1340 3687 leys
1362 3651 1396 3680 de
1415 3645 1654 3683 xslscihnonstier,
1673 3647 1698 3675 le
1722 3646 1829 3675 Prinier
1849 3645 1913 3681 jour
1932 3644 2083 3680 d’Averill,
2110 3645 2174 3673 l'sln
2195 3645 2234 3673 du
2257 3652 2343 3681 grace

1285 3688 1385 3726 Mille,
1402 3686 1589 3723 Troil'centz,
1607 3687 1640 3716 δ’.
1655 3684 1760 3714 Oetant
1771 3708 1779 3721 ,
1799 3686 1831 3713 ὅ(
1847 3690 1884 3712 ue
1899 3682 1991 3712 nostre
2008 3681 2113 3719 Regae
2128 3683 2242 3712 'sterce

1847 3761 1905 3788 Par
1918 3758 1942 3787 le
1959 3761 2007 3788 Roi
2019 3757 2055 3792 ἐν
2066 3757 2116 3797 fin
2131 3757 2242 3797 Consbil.

1373 3896 1399 3922 δὲ
1426 3899 1472 3929 De
1489 3895 1582 3927 Salvo
1603 3893 1755 3926 Conduflu
1770 3903 1824 3939 pro
1844 3888 2098 3936 Ambaffiztoribus
2116 3893 2255 3926 Fram‘iae.

1340 3983 1363 4013 E
1388 3982 1455 4020 Roy
1476 3991 1491 4009 a
1512 3987 1582 4009 touz
1602 3988 1662 4008 naz
1685 3978 1887 4012 Lieutemntz,
1902 3976 2096 4018 uScnelblialx,
2122 3976 2255 4014 Bailliffs,
2270 3977 2343 4007 Pro-

1363 4021 1462 4056 vostz,
1480 4017 1585 4054 Mairs,
1605 4017 1775 4054 Eschevins,
1801 4015 1940 4056 Gardeins
1963 4014 2009 4044 des
2033 4014 2121 4044 Portz
2143 4016 2175 4046 ὃς
2200 4014 2343 4053 Paffages,

1284 4063 1317 4093 &
1330 4070 1345 4091 a
1358 4068 1429 4091 touz
1443 4065 1501 4087 noz
1514 4065 1602 4087 autres
1615 4055 1764 4095 Justicers,
1780 4053 1932 4122 (giriden,
1949 4054 1982 4084 ὃς
1999 4054 2122 4092 Subglz,
2138 4063 2176 4084 ou
2191 4053 2343 4121 letugssri'egg-

2336 4112 2346 4127 2

2340 253 2414 282 Ann.
2425 251 2454 281 D

2358 292 2441 328 1380.

2338 333 2388 356 Rsc.
2411 340 2435 357 ι,

2342 1028 2359 1045 ¹*
2380 1030 2447 1056 vit.

2342 1068 2405 1102 248.

2347 1103 2472 1134 AnnD,

2369 1143 2454 1181 1380.

2344 1187 2394 1209 Aa.
2416 1192 2441 1218 Ξ,

2341 1225 2370 1247 R.
2394 1231 2419 1247 2.

2342 1263 2426 1285 Franr.
2450 1267 2475 1289 z.

2341 1302 2370 1324 R.
2393 1307 2415 1323 2.
2438 1306 2474 1323 η).

2315 1345 2386 1364 .11.

2365 3750 2383 3769 ¹*
2406 3752 2472 3779 v11.

2363 3799 2427 3823 249.

2358 3826 2434 3856 Ann.
2450 3826 2490 3856 D.

2386 3866 2472 3904 1380.

2357 3907 2409 3930 An.
2431 3913 2455 3939 3.

2356 3947 2384 3969 R.
2407 3951 2432 3968 2.

2361 3985 2434 4006 Fran.
2447 3987 2472 4013 3.

2357 4022 2385 4043 R.
2408 4026 2432 4043 2.
2451 4025 2489 4043 m.

2359 4064 2399 4081 ιι.
