2561 4251
184 0 295 190 l„

63 241 141 272 Ann.
155 239 197 270 D.

86 281 170 320 1380.

63 321 116 347 Ric.
135 329 160 347 2.

62 440 191 472 Ann.D.

87 480 173 518 1380.

58 522 102 546 An
132 528 156 554 3.

60 560 88 583 R.
111 566 137 583 2.

57 598 144 622 Franc.
166 603 190 631 3.

60 636 90 660 R.
104 642 116 659 2
135 642 161 659 m

61 679 84 698 ι.

49 1940 70 1960 ⁸
91 1940 157 1968 VII.

50 1981 115 2008 260.

48 2064 126 2096 Ann.
138 2065 179 2097 D.

10 2116 14 2120 “
74 2106 156 2146 1380.

46 2147 100 2172 An.
119 2154 142 2182 3.

46 2187 77 2212 lt.
99 2193 124 2212 2.

46 2223 133 2261 Claus.
155 2234 180 2262 3.

47 2264 75 2289 R.
93 2272 118 2291 2.
139 2272 177 2291 m.

50 2299 96 2335 38.
113 2301 140 2331 d.

214 305 263 336 De
281 293 480 335 Permittendo
500 296 698 328 Excercitum
721 295 806 339 Regis
830 293 953 324 Intrare
973 288 1097 324 Villam
1118 287 1188 321 Cale
1198 290 1221 320 ια’
1234 288 1270 325 (ῥ’

594 341 705 375 ibidem
725 341 892 386 Hospitari.

212 429 344 489 REX,
362 429 468 460 ἀίῐεέὶο
489 428 522 460 &
539 424 611 458 fideli
625 427 692 464 suo,
711 424 842 465 Johanm'
855 427 1021 463 Devereux,
1039 421 1200 462 Capitaneo
1212 419 1275 453 vil-

283 470 318 498 1ae
333 468 437 498 nostrae
450 467 567 505 Calesii‚
586 466 720 497 Salutem.

247 507 352 538 Literas
368 506 487 545 vestras,

248 546 406 584 Paffagiurn
422 543 588 575 Excerciti'is
602 542 708 580 nostri,
1045 579 1050 585 ·
1221 574 1224 576 v

251 585 312 624 Qi
333 585 383 615 sub
403 583 622 614 Gubernatione
640 580 784 612 Cariffimi
803 580 948 613 Avunculi
963 578 1069 617 nostri,
1087 579 1196 608 Comitis
1212 576 1274 606 Bu>-

210 624 388 661 kmghamiae,
408 622 516 652 ibidem
531 622 561 651 in
574 622 708 660 proximo
724 619 816 652 versus
829 629 919 659 partes
931 618 953 650 F
955 620 1077 656 ranciae,
1095 616 1165 648 Deo
1179 615 1272 653 duce,

209 661 251 693 est
263 662 460 698 Tranliturus‚

245 700 408 738 specialiter
421 707 581 739 tangentes,

244 739 345 770 Nobis
359 740 392 770 ὃ(
406 737 545 769 Concilio
562 746 649 775 nuper
663 735 754 767 missas
768 736 833 768 sane
847 735 1053 768 intelleximus:

246 778 336 815 Super
353 788 407 816 qua
421 776 538 815 quidem
552 776 674 807 Materia
686 775 795 806 matura
811 775 1025 806 Deliberatione
1045 780 1115 804 cum
1128 791 1140 811 ,
1157 770 1273 803 cariffi-

208 826 261 848 mo
283 815 438 847 Avunculo
459 815 558 846 nostro
571 837 582 854 ,
605 814 734 853 Johanne
755 816 824 851 Rege
843 813 966 854 Castellae
987 812 1027 849 ό*
1041 814 1166 848 Legionis
1182 810 1273 842 Duce

208 854 398 893 Lancastriae,
417 864 450 885 ac
466 855 523 884 aliis
536 853 671 884 Dominis
685 854 718 884 &
735 852 917 893 Magnatibus
930 852 1024 895 Regni
1037 850 1128 881 'nostri
1140 850 1188 880 An
1198 849 1272 894 ¹liae,

206 893 364 934 praehabita
376 918 385 932 ‚
411 893 522 924 videtur
540 892 644 923 eisdem
665 892 745 931 quod
758 891 921 922 Excercitus
935 890 1085 928 praedictus
1100 899 1150 928 per
1195 888 1272 919 illam

206 932 332 964 nostram
348 933 532 971 praedidiam,
550 940 635 969 prout
648 940 746 969 antea,
763 939 896 968 ternpore
910 929 1035 960 Domini
1053 930 1091 957 Ε.
1110 937 1201 965 nuper
1216 929 1272 957 Re-

203 975 246 1009 gis
266 970 378 1009 Angliae
392 996 401 1009 ‚
427 971 484 1002 Avi
506 969 598 1000 nostri
614 988 625 1009 ,
650 968 709 1000 fieri
730 969 835 1000 solebat
849 993 859 1006 ‚
884 967 1039 999 neceffario
1055 967 1114 1005 jam
1136 965 1271 1011 Transire

205 1011 370 1049 oportebit,
389 1011 422 1041 &
438 1010 466 1040 in
481 1009 580 1040 eadem
614 1008 634 1038 fi
649 1007 762 1039 necesse
776 1007 876 1045 fuerit,
895 1006 1000 1044 Recipi
1015 1006 1049 1037 δε
1062 1004 1224 1044 Hospitari:

245 1049 283 1080 Et
296 1049 364 1080 ideo
378 1047 519 1078 Volumus
531 1047 565 1078 δε
581 1033 675 1077 Vobis
696 1045 870 1078 Mandamus
886 1044 963 1082 quod
979 1045 1049 1074 inter
1063 1044 1141 1083 Vos,
1155 1044 1208 1088 ὃς,
1225 1043 1270 1074 di-

205 1087 314 1118 lefium
336 1089 369 1119 ὃς
392 1086 504 1117 fidelem
526 1085 655 1117 nostrum
670 1109 681 1123 ‚
707 1084 861 1115 Walterum
883 1085 951 1113 Fitz
972 1085 1089 1113 Wauter
1103 1082 1217 1114 &alios
1231 1082 1269 1113 de

208 1124 347 1157 Concilio
369 1125 450 1163 ipsius
472 1125 598 1156 Comitis
611 1148 620 1162 ‚
647 1124 696 1162 qui
715 1131 800 1162 penes
815 1132 866 1154 vos
882 1131 917 1153 ex
930 1122 983 1153 hac
999 1119 1083 1160 causa
1094 1121 1123 1151 in
1136 1122 1270 1160 proximo

205 1165 268 1195 sunt
289 1164 425 1195 accessuri
440 1188 450 1202 ‚
475 1164 503 1193 in
525 1173 555 1193 ea
574 1162 658 1194 Parte
673 1162 761 1193 talem
775 1161 900 1192 debitam
914 1160 1138 1191 Ordinationem
1150 1160 1271 1199 faciatis,

204 1213 271 1271 {zi
286 1203 376 1272 &32³⁰
386 1201 741 1272 u‘ill‘ffffssicffi'essxffissl‘ss'⁵
753 1198 1269 1276 220355e352331⁶ll2⁵13¹35²ffimlsslss

201 1279 248 1310 seu
273 1251 601 1311 {locu‘iinentumpvestri
615 1301 625 1317 ‚
648 1279 681 1309 ὅ(
702 1259 896 1308 ἓόὶάπίοωω
911 1262 1078 1320 nostrorum
1092 1276 1219 1315 ibidem,
1235 1286 1269 1308 ac

203 1317 403 1349 Mercatorum
427 1319 460 1349 &
482 1318 601 1349 aliorum
620 1317 841 1349 inhabitantium
860 1316 889 1345 in
904 1314 978 1346 Villa
990 1314 1145 1355 praedicta,
1164 1315 1270 1355 Recipi

203 1358 307 1395 poterit
323 1357 356 1388 ὅ(
369 1356 530 1395 Hospitari‚

241 1395 351 1426 Gentes
363 1395 471 1426 nostras
484 1396 594 1434 insuper
607 1394 643 1426 de
655 1393 759 1426 eodem
775 1392 926 1425 Excercitu
934 1416 945 1432 ,
962 1391 998 1424 de
1011 1400 1143 1430 ternpore
1155 1393 1183 1423 in
1194 1400 1269 1424 tem-

201 1442 269 1473 pus,
288 1445 355 1465 cum
371 1434 479 1465 ibidem
493 1435 694 1472 applicuerint,
712 1431 818 1464 Villam
833 1431 961 1463 nostram
976 1432 1141 1474 praedffitam
1157 1433 1268 1470 intrare,

202 1474 237 1504 &
259 1475 287 1503 in
307 1473 406 1503 eadem
429 1473 534 1511 Recipi
549 1498 559 1511 ,
581 1472 746 1512 Recolligi‚
770 1473 803 1504 &
825 1470 990 1510 Hospitari‚
1009 1473 1066 1501 line
1080 1480 1268 1509 quocumque

202 1509 418 1550 Impedimento
425 1534 434 1550 ,
454 1511 659 1550 permittendo:

242 1551 272 1581 Si
285 1554 355 1581 vero
373 1560 422 1590 per
435 1549 584 1581 Assensum
600 1549 923 1590 Capitaneorum,quos
935 1547 1020 1587 illuc,
1034 1556 1098 1580 ante
1111 1548 1267 1579 adventum

203 1588 274 1620 dicti
297 1588 424 1620 Comitis
440 1612 450 1627 ‚
476 1590 572 1620 venire
592 1590 747 1626 contigerit
763 1611 772 1627 ‚
788 1588 876 1618 dictas
891 1586 999 1618 Gentes
1013 1587 1120 1618 nostras
1134 1588 1268 1617 inducere

202 1629 237 1660 ἃ
253 1630 373 1659 excitare
388 1629 532 1666 poterim,
550 1627 584 1657 ad
599 1627 646 1658 Lo
667 1627 781 1657 'andum
797 1627 830 1658 &
840 1625 1017 1656 Morandum
1030 1626 1126 1657 secure
1142 1627 1170 1656 in
1179 1624 1270 1656 Cam-

205 1668 264 1704 pis,
283 1667 317 1697 ad
334 1668 458 1705 ipsorum
473 1667 562 1706 magis
577 1665 635 1697 Pro
656 1666 785 1696 cuum&
803 1665 1006 1695 Aisiamentum
1016 1687 1026 1704 ,
1041 1665 1074 1695 δε
1087 1664 1172 1695 dic’tae
1187 1665 1270 1695 Villae

202 1704 310 1773 nostr-az¹
325 1704 564 1737 Exonerationem
574 1728 583 1744 ,
600 1705 658 1736 hoc
671 1703 771 1735 Nobis
784 1703 817 1735 δε
832 1701 969 1734 Concilio
984 1703 1084 1735 nostro
1098 1712 1160 1734 non
1175 1703 1271 1735 modi-

202 1753 271 1774 cum
313 1753 412 1775 aceret.

238 1754 328 1813 Telste
342 1782 423 1822 Rege
437 1782 510 1821 apud
525 1780 835 1819 Westmonasterium,
853 1780 993 1813 vicesimo
1009 1780 1056 1812 die
1067 1780 1154 1821 Junii.

225 1927 254 1954 ²¹1⁵
279 1927 330 1961 De
351 1927 431 1962 Dolo
451 1930 488 1966 (ῥ’
513 1927 600 1961 mala
619 1927 693 1962 Fide
710 1928 898 1962 Gallicorum
919 1953 930 1969 ,
956 1929 987 1958 in
1005 1926 1186 1961 tranando.-
1211 1927 1247 1961 de

424 1978 544 2010 Guerra
556 1977 759 2025 prosequenda
769 1990 778 2016 ,-
801 1980 838 2016 ώ-
853 1976 890 2010 de
910 1974 1045 2010 Orando.

203 2072 259 2130 R
269 2071 352 2110 EX,
369 2071 529 2103 Venerabili
548 2072 578 2103 in
599 2069 718 2103 Christo
733 2069 830 2109 Patri,
848 2073 892 2101 A.
907 2070 1009 2104 eadem
1022 2071 1128 2111 gratia,
1145 2070 1268 2111 Episcopo

281 2110 458 2152 Wgornienfi
494 2111 628 2142 Salutem.

236 2149 334 2181 Sciatis
348 2150 428 2189 quod
442 2135 511 2181 Nos
524 2160 632 2189 nuper,

238 2188 454 2220 Considerantes
471 2189 587 2228 qualiter
601 2187 782 2221 Effiifionem
797 2186 952 2220 Christiani
964 2187 1132 2227 sanguinisg

235 2227 269 2258 ln
289 2228 494 2259 Prosecutione
505 2227 579 2267 Juris
594 2228 690 2266 Regni
706 2228 739 2259 &
756 2225 886 2259 Coronae
901 2226 1046 2267 Franciae,

236 2267 330 2306 Qiod
345 2267 380 2299 ad
393 2266 558 2298 Dominum
573 2267 748 2297 Edwardum
761 2277 851 2304 nuper
864 2269 962 2305 Regem
976 2265 1091 2305 Angliae
1105 2269 1208 2298 Aoum
1220 2278 1270 2297 no-

193 2304 284 2346 strum
298 2314 357 2337 tem
401 2316 430 2337 re
444 2305 494 2337 suo
509 2305 649 2344 spectabat
665 2328 676 2344 ,
700 2307 734 2337 δε
754 2305 788 2336 ad
803 2304 873 2337 Nos
888 2304 954 2343 post
968 2305 1060 2345 ipsum
1074 2316 1124 2344 per
1140 2306 1270 2338 Descen-

199 2345 261 2376 sum
276 2344 352 2376 haere
373 2346 483 2376 itarium
498 2346 637 2385 pertinere
649 2344 822 2384 dinoscitur,

237 2383 303 2414 Hiis
316 2384 432 2423 diebus,
449 2384 509 2414 tam
528 2392 657 2421 tempore
675 2382 800 2421 ejusdem
816 2385 883 2413 Avi
903 2381 1003 2423 nostri,
1022 2393 1137 2416 necnon
1153 2384 1187 2416 δε
1200 2383 1268 2415 Do-

201 2423 274 2457 mini
289 2423 428 2453 Edwardi
442 2431 511 2453 tunc
533 2424 662 2460 Principis
675 2421 785 2451 Walliae
808 2423 902 2451 Patris
916 2421 1017 2461 nostri,
1036 2424 1122 2460 quam
1136 2421 1269 2461 Nostro,

238 2459 292 2491 Per
307 2461 330 2491 F
331 2461 389 2492 acta
403 2460 534 2492 bellicosa
543 2483 552 2499 ‚
570 2461 642 2491 inter
656 2459 726 2490 Nos
741 2460 774 2491 &
788 2459 994 2499 Adverfirrium
1006 2460 1123 2501 nostrum
1136 2464 1268 2500 Francia,

200 2497 387 2530 diversimode
403 2500 435 2531 &
450 2499 641 2537 multipliciter
657 2507 721 2529 ante
733 2499 796 2529 haec
810 2508 942 2536 tempora
952 2498 1099 2537 dispersam
1108 2522 1118 2538 ,

237 2536 289 2568 Ob
309 2538 453 2569 honorem
475 2537 690 2575 Omnipotentis
712 2536 794 2576 Dei,
818 2537 851 2568 &
871 2537 998 2576 gloriosae
1013 2537 1140 2576 Virginis
1164 2537 1267 2571 Mariae

201 2574 304 2606 Matris
320 2576 391 2614 suae,
408 2586 441 2608 ac
456 2575 562 2615 Populi
574 2574 728 2607 Christiani
743 2576 971 2615 tranquillitatem
987 2576 1020 2608 &
1034 2578 1174 2616 quietem,

240 2614 405 2646 Abhorrere
421 2615 582 2654 possemus,

239 2652 378 2684 Diversos
392 2653 527 2684 Nuncios
542 2653 655 2685 nostros
664 2677 675 2693 ‚

240 2691 287 2722 Ad
304 2691 519 2731 Tractandum,
538 2702 606 2723 cum
620 2692 704 2723 Parte
717 2691 787 2724 dieti
803 2691 959 2724 Adversarii
975 2693 1081 2733 nostri,
1096 2693 1177 2733 super
1189 2692 1271 2726 Pacis

202 2728 395 2770 Concordia,
415 2742 462 2769 per
478 2732 567 2770 ipsum
583 2731 715 2762 subtiliter
727 2731 880 2770 promissa,

241 2769 288 2800 Ad
305 2770 440 2809 Sumptos
461 2770 574 2801 nostros
592 2770 709 2809 grandes
728 2770 761 2801 ὃ(
783 2771 893 2808 varios,
910 2769 945 2801 ad
961 2768 1042 2801 Loca
1057 2769 1180 2809 diverfii‚
1199 2781 1267 2802 cum

203 2806 349 2839 Potestate
362 2809 511 2840 sufficienti
545 2808 645 2847 pluries
660 2807 875 2839 destinavimus:

243 2846 281 2878 Et
302 2847 368 2878 licet
389 2848 474 2878 iidem
496 2832 610 2879 bluncii
629 2847 740 2885 nostri,
767 2846 801 2877 ad
815 2846 886 2878 Dies
899 2847 932 2878 &
947 2846 1045 2886 Loca,
1062 2848 1132 2878 inter
1150 2847 1222 2885 ipsos
1235 2849 1270 2879 &

204 2884 342 2916 Nuncios
359 2886 446 2917 Partis
467 2886 587 2917 adversae
609 2887 790 2916 concorditer
808 2885 954 2924 assignata,
974 2885 1108 2916 Nomine
1123 2886 1221 2917 nostro
1236 2887 1269 2917 &

203 2933 259 2961 pro
280 2926 365 2955 nobis
379 2948 388 2962 ,
410 2925 490 2963 super
509 2925 584 2955 Pace
599 2926 631 2956 δε
649 2923 812 2955 Concordia
827 2924 986 2963 hujusmodi
1001 2925 1196 2955 rationabiliter
1211 2933 1266 2955 tra-

203 2962 280 2992 erare
294 2963 393 3001 saepiiis
405 2963 431 2994 se
445 2964 617 3001 obtulerint,
636 2964 732 2993 ibdem
748 2972 842 2993 tamen
865 2963 1056 3003 Adverfiarius
1071 2962 1156 3002 noster
1169 2986 1178 3001 ,
1198 2962 1268 2994 Pro-

202 3000 290 3031 miffis
311 3010 344 3031 ex
366 3011 442 3039 parte
464 3001 510 3033 sua.
530 3001 682 3033 satisfacere
702 3001 860 3032 volumarie
882 3003 1095 3040 praetermittens
1111 3024 1121 3040 ‚
1143 3011 1230 3031 novas
1253 3012 1269 3033 a

203 3040 287 3069 nobis
303 3040 404 3070 studuit
419 3042 566 3077 impetrare
580 3039 725 3077 Inducias,
745 3050 773 3071 ut
786 3040 841 3079 sic,
860 3050 930 3071 cum
946 3039 1137 3071 Dilationibus
1153 3041 1186 3071 &
1202 3039 1269 3071 Per-

202 3078 413 3109 tracslationibiis
435 3078 593 3116 hujusmodi
609 3102 618 3117 ,
643 3088 742 3109 contra
756 3078 824 3110 Nos
837 3079 870 3110 &
884 3080 967 3110 nobis
981 3078 1210 3110 Adhaerentesad
1227 3080 1269 3110 A-

203 3116 266 3147 <stus
281 3117 396 3148 bellicos
411 3118 596 3148 commodius
612 3118 638 3147 se
651 3126 770 3155 pararet:

240 3155 334 3186 Unde
357 3156 425 3186 Nos
444 3157 527 3194 (quos
543 3155 754 3186 Praeteritorum
771 3155 857 3187 Ratio
878 3155 977 3187 didicit
999 3155 1139 3195 praenoffe
1151 3155 1265 3193 Futura)

202 3194 276 3224 aliud
294 3195 376 3224 nobis
390 3195 526 3233 superesse
542 3194 716 3225 Remedium
735 3204 799 3231 erga
815 3194 925 3225 dietum
935 3194 1139 3235 Adefhrium
1151 3194 1267 3235 nostrum

205 3234 266 3270 (qui
287 3233 354 3263 Nos
369 3256 378 3271 ‚
403 3242 433 3263 ut
455 3234 636 3271 praemittitur
649 3257 658 3270 ,
687 3233 725 3263 sic
751 3233 781 3263 D
792 3242 809 3263 ε
820 3241 840 3262 ι.
850 3241 871 3263 υ
881 3243 893 3264 s
903 3242 915 3263 1
925 3234 960 3270 τ)
987 3235 1035 3264 nisi
1048 3244 1097 3273 per
1112 3234 1268 3264 Fortunam

204 3271 342 3310 Guerrae,
360 3281 418 3301 non
432 3272 576 3310 videntes,
594 3270 766 3302 cariffimum
776 3271 962 3303 Avunculum
977 3272 1125 3309 nostrum,
1138 3271 1266 3301 Thomam

203 3313 332 3340 Comitem
356 3310 561 3348 Bukinghamiae
574 3333 583 3347 ,
607 3307 856 3340 Constabulan'um
881 3310 1011 3341 nostrum
1041 3311 1150 3350 Angliae
1162 3333 1172 3348 ,
1197 3320 1266 3341 cum

227 3349 369 3379 uibusdam
385 3350 442 3379 aliis
457 3349 653 3387 Magnatibus,
673 3347 838 3387 Equitibus‚
856 3349 889 3379 ὃ(
904 3348 1048 3381 Peditibus
1062 3349 1159 3386 Regni
1178 3349 1268 3379 nostri

202 3358 316 3426 angliae
333 3411 342 3425 ,
366 3388 458 3418 versus
481 3397 568 3426 partes
582 3387 811 3425 Transmarinas‚
829 3387 863 3416 ad
880 3386 988 3419 didium
1007 3388 1200 3419 Adversarium
1215 3397 1268 3418 no-

204 3425 294 3456 strum
309 3427 341 3457 &
358 3426 435 3464 suos,
454 3436 523 3457 curn
538 3426 594 3456 Dei
610 3425 766 3465 adjutorio,
784 3426 902 3456 nomine
913 3426 1012 3457 nostro
1024 3450 1034 3465 ,
1054 3425 1264 3458 Debellandum

204 3465 271 3501 (pro
286 3474 322 3495 eo
335 3464 413 3503 quod
426 3465 459 3494 ad
475 3474 563 3502 partes
583 3465 655 3503 illas,
673 3464 706 3494 ad
722 3465 840 3511 praesens
849 3487 857 3501 ‚
870 3465 1046 3504 personaliter
1059 3464 1192 3496 accedere
1206 3475 1264 3494 non

202 3502 340 3571 valgmus)
363 3503 398 3533 de
418 3504 590 3534 avisamento
609 3505 695 3534 totius
711 3503 837 3533 Concilii
859 3503 950 3534 nostri
964 3504 1095 3535 duximus
1106 3502 1265 3535 Transmit-

203 3549 250 3571 ten
273 3551 335 3571 um:

242 3580 287 3610 Ac
301 3579 386 3618 Nos,
405 3580 540 3618 sperantes
556 3580 672 3611 indubie
688 3580 769 3618 quod
785 3580 867 3611 Facta
878 3580 1020 3611 bellorum
1037 3582 1070 3614 &
1084 3580 1263 3618 Triumphus

204 3626 264 3647 non
278 3620 306 3647 iri
323 3618 465 3649 Loricatae
485 3618 589 3649 Geniis
604 3619 758 3657 Numero,
776 3620 879 3649 virtute
892 3618 1058 3651 Excercitfis
1091 3628 1137 3650 aut
1149 3619 1265 3649 humani

204 3654 311 3686 brachii
333 3657 497 3687 fortitudine
518 3659 701 3695 proveniant,
719 3659 758 3687 set
771 3666 804 3687 ex
821 3658 907 3695 Deo,
925 3660 953 3687 in
968 3662 1045 3696 cujus
1059 3645 1188 3689 &ubfidio
1205 3658 1265 3695 (qui

204 3691 399 3725 Intentionurn
420 3697 553 3726 omniurn
573 3695 614 3725 est
635 3695 789 3731 Cognitor)
817 3704 908 3726 totam
938 3698 1110 3734 reposuimus
1132 3695 1264 3726 fiduciam

205 3734 306 3761 mentis
327 3733 430 3764 nostrae
445 3758 455 3771 ,
482 3733 656 3764 confidentes
679 3727 796 3764 firmiter
819 3735 899 3772 quod
916 3735 971 3771 ipse
987 3735 1124 3766 Summus
1140 3733 1220 3764 Deus
1237 3736 1263 3772 (a

207 3777 267 3805 quo
281 3772 374 3800 omnis
390 3772 515 3802 Vidloria
530 3772 669 3810 procedit)
693 3772 789 3802 Nobis
803 3796 812 3809 ,
838 3782 871 3803 ac
886 3772 965 3803 dicto
981 3773 1135 3804 Avunculo
1148 3772 1264 3810 nostro,

209 3807 246 3849 &¹
259 3807 314 3836 aliis
331 3809 378 3838 sibi
392 3810 585 3840 Assistentibus
597 3834 606 3847 ,
621 3811 648 3839 in
664 3809 867 3840 Prosecutione
879 3810 953 3847 Juris
967 3812 1055 3842 nostri
1065 3837 1073 3849 ,
1093 3821 1128 3841 eo
1141 3811 1262 3848 amplius

207 3853 267 3888 erit⁴
277 3847 432 3888 sav—orabilis
455 3850 486 3878 ὅ(
510 3850 645 3887 propitius
661 3872 669 3887 ‚
696 3850 755 3886 quo
770 3848 860 3886 plures
872 3850 945 3887 apud
960 3860 1026 3881 eum
1040 3859 1187 3888 propterea
1200 3858 1265 3879 cor-

205 3882 303 3913 dialius
319 3886 504 3915 intercedent:

244 3919 321 3966 Cum
341 3923 431 3958 itaque
454 3924 542 3953 vestra
558 3949 566 3962 ‚
591 3926 770 3964 aliorumque
790 3923 970 3956 Clericorum
986 3950 996 3963 ,
1014 3927 1200 3957 Subditorum
1216 3935 1266 3956 ve-

208 3957 330 4002 strorum
344 3982 353 3996 ,
369 3963 426 4003 tam
443 3960 646 4001 Regularium,
665 3966 752 4001 quarn
767 3964 959 4002 Secularium,
977 3966 1080 3995 devota
1097 3964 1262 3994 Precamina

208 3996 308 4027 Nobis
321 4008 353 4027 ac
371 3997 427 4026 aliis
441 3999 599 4042 supradietis
617 4002 667 4032 lint
683 4002 717 4031 ad
742 4004 799 4032 hoc
823 4011 979 4041 oportuna,
998 4004 1089 4033 velitis
1104 4006 1176 4040 ergo
1189 4004 1261 4040 peti-

205 4045 290 4074 mus,
308 4045 360 4074 pro
376 4045 584 4074 recuperatione
599 4038 673 4076 Juris
694 4040 783 4071 nostri
795 4040 924 4079 praedieti
938 4041 970 4072 ὃς
984 4042 1059 4073 felici
1071 4040 1263 4079 Expeditione

664 112 1467 162 CONVENTIONES;
1524 114 1912 170 LITERAE;

1313 199 1384 230 dieti
1407 200 1552 231 Avunculi
1570 201 1683 240 nostri,
1705 211 1739 233 ac
1759 202 1880 233 aliorum
1900 203 1937 233 de
1949 201 2098 237 comitiva
2113 205 2173 245 sua,
2192 213 2308 237 necnon
2400 208 2527 246 Ann.D⁴

1311 237 1386 268 Pace
1401 238 1536 270 Ecclefiae
1551 240 1584 271 &
1597 239 1714 278 Regni,
1731 240 1842 271 devotis
1856 241 2102 275 Intercesfionibus
2114 269 2124 283 ,
2147 243 2300 275 Miffiirum
2315 213 2378 276 ge<3
2422 251 2508 291 1380.
2523 246 2530 261 ³

1310 276 1512 308 lebrationibus
1526 299 1537 316 ,
1562 278 1675 316 aliisque
1696 278 1808 309 Pietatis
1827 279 1944 310 Officiis
1964 280 2068 311 affidue
2091 292 2207 314 exorare
2218 285 2252 315 δε
2268 285 2378 314 exorari
2397 293 2448 321 mc,
2467 300 2494 323 ι,

1312 315 1423 354 facere,
1440 326 1490 354 ac,
1507 326 1624 356 propter
1636 317 1714 355 hoc,
1732 316 1953 348 Praedicationes
1968 314 2002 348 8(
2016 315 2210 353 Procesfiones
2224 347 2233 361 ‚
2258 322 2376 360 aliasque

1313 353 1384 385 Deo
1403 355 1550 393 placabiles
1571 355 1687 386 Hostias
1703 379 1713 395 ,
1737 366 1787 393 per
1808 355 1868 387 Vos
1881 374 1891 394 -,
1910 366 1944 387 ac
1965 364 2082 392 caeteros
2101 360 2135 390 de
2149 360 2255 399 Clero,
2274 361 2378 392 vestrae

1312 392 1458 424 Dioecesis
1472 418 1482 430 ,
1507 394 1703 432 quoscumque
1712 418 1723 433 ,
1748 394 1904 435 Exemptos
1916 418 1927 434 ,
1953 394 1987 425 &
2001 404 2060 425 non
2073 395 2229 437 Exemptos
2238 425 2247 438 ,
2267 400 2374 431 devote

1311 431 1371 462 fieri
1393 433 1427 464 &
1447 431 1570 472 offerri,
1595 441 1625 464 ut
1639 434 1734 464 eidem
1746 433 1913 469 ¹Avunculo
1936 432 2038 464 nostro
2052 457 2063 471 ,
2080 439 2114 466 ac
2129 436 2185 467 aliis
2197 438 2376 478 supradistis,

1311 469 1392 509 quod
1413 471 1513 501 nostris
1532 471 1578 503 seu
1598 482 1699 503 eorum
1716 469 1831 503 Meritis
1850 471 1956 511 assequi
1970 481 2032 503 non
2045 472 2148 511 valeat,
2166 476 2262 508 vestris
2277 479 2310 509 &
2324 487 2377 509 eo-

1311 518 1379 540 rum
1391 506 1639 542 Interceffionibus
1651 511 1788 549 largiatur.
2374 511 2378 515 ’

1347 547 1440 579 Teste
1451 547 1538 587 Rege
1549 550 1624 588 apud
1636 548 1945 589 Westmonasterium,
1962 549 2100 582 vicesimo
2113 555 2215 590 quai-to
2227 552 2274 584 die
2283 554 2376 592 junii

1793 628 1848 656 Per
1861 625 1945 666 ipfinn
1956 628 2054 665 Regem
2065 625 2106 663 ὠ·
2119 626 2272 658 Concilium.

1347 701 1501 773 gonfigdz'a
1521 705 1629 734 Brevia
1650 699 1804 741 diriguntur
1815 700 1928 742 singulis
1946 702 2080 743 Episcopi}
2100 713 2151 744 per
2171 703 2308 743 Angliam
2323 704 2377 744 fio&

1313 753 1346 772 ‘a
1365 753 1407 772 em
1451 754 1469 772 a
1483 753 1512 773 a.

1433 881 1462 913 *τ
1486 887 1546 920 Pro
1564 886 1694 919 Domino
1708 883 1748 932 'd‘
1765 886 1894 931 Duras,
1916 884 1954 919 de
1970 883 2257 934 Recompenshrionn
2395 888 2502 957 :617st

1312 963 1455 1050 RESX
1468 979 1633 1025 anibus,
1652 979 1688 1012 ad
1703 990 1795 1022 quos,
1811 981 1874 1015 &c.
1891 981 2027 1014 Salutem.
2397 994 2475 1026 Am
2486 995 2529 1027 D;

1430 1028 1508 1050 ciatis
1521 1019 1618 1059 quod,
2419 1036 2506 1074 1380.

1343 1056 1424 1101 Cum
1446 1057 1516 1089 Nos
1530 1081 1542 1097 ,
1565 1058 1697 1091 Decimo
1715 1058 1822 1092 oetavo
1844 1058 1890 1090 die
1910 1056 2015 1098 Aprilis
2029 1081 2040 1098 ‚
2064 1056 2154 1091 Anno
2175 1057 2277 1098 Regni
2289 1058 2378 1091 nostri
2394 1077 2446 1103 An.
2461 1084 2492 1110 4·

1307 1103 1404 1165 anng
1411 1120 1501 1180 ’'ratia
1522 1135 1617 1167 nostra
1629 1134 1756 1182 speciali,
1773 1136 1807 1169 δε
1821 1146 1876 1175 pro
1887 1137 1971 1168 bono
1982 1135 2120 1181 Serv-itio,
2137 1136 2218 1176 quod
2225 1160 2237 1182 ,γ
2252 1136 2374 1173 dilectus
2397 1116 2473 1189 {ihs}
2480 1161 2510 1189 4·
2550 1124 2552 1128 Ι

1307 1172 1342 1202 &
1359 1172 1414 1204 fide
1425 1183 1446 1204 is
1468 1170 1564 1205 noster
1578 1199 1587 1212 ‚
1613 1173 1772 1205 Gaillardus
1790 1174 1921 1215 Durfhrd
1930 1199 1940 1214 ,
1958 1174 2104 1206 Dominus
2123 1174 2160 1205 de
2179 1175 2273 1206 Duras
2286 1175 2320 1207 &
2337 1176 2376 1207 de
2395 1193 2415 1217 R
2445 1199 2459 1217 2
2490 1199 2517 1220 m

1307 1210 1498 1251 Blanqueford
1514 1233 1525 1252 ,
1547 1214 1631 1244 nobis
1652 1215 1815 1253 impendit,
1838 1216 1872 1246 δε
1894 1213 2039 1252 impendet
2059 1214 2089 1243 in
2110 1213 2257 1252 futurum,
2276 1215 2310 1246 &
2344 1225 2377 1246 ro
2393 1210 2425 1263 9⁸
2465 1211 2471 1219 '
2517 1210 2527 1227 ⁵

1306 1259 1344 1280 eo
1358 1250 1439 1289 quod
1451 1250 1522 1292 ipse,
1541 1252 1692 1283 occasione
1706 1254 1846 1291 praesentis
1863 1252 2002 1291 Guerrae,
2021 1251 2168 1291 Majorem
2181 1250 2295 1283 Partem
2332 1263 2378 1283 er-
2414 1248 2422 1257 ⁹

1307 1297 1402 1358 rapum
1424 1290 1536 1336 suarum
1557 1292 1587 1322 in
1606 1290 1751 1323 Dominio
1773 1291 1874 1323 nostro
1896 1291 2059 1331 Aquitaniae
2071 1291 2179 1329 amisit,
2197 1291 2268 1322 sicut
2282 1291 2379 1327 sumus

1306 1337 1336 1358 in
1349 1338 1451 1360 ormari

1352 1366 1381 1397 C
1389 1378 1409 1398 ο
1419 1377 1441 1398 Ν
1451 1352 1494 1399 c'iz
1506 1377 1518 1399 s
1526 1377 1538 1399 s
1550 1378 1567 1399 is
1579 1378 1602 1400 R
1613 1378 1625 1400 1
1634 1377 1661 1401 M
1671 1378 1694 1400 υ
1703 1379 1716 1401 s
1746 1369 1899 1409 praedieto*
1918 1368 2062 1400 Gaillardo
2093 1368 2244 1400 Ducentas
2278 1365 2380 1401 Libras

1307 1404 1514 1450 Sterlingorum
1530 1407 1626 1448 Regni
1640 1409 1730 1439 nostri
1745 1410 1879 1448 Angliae,
1898 1408 1944 1439 vel
1959 1408 2095 1440 Valorem
2111 1408 2235 1448 ejusdem
2248 1405 2379 1439 Summae

1307 1453 1336 1473 in
1359 1445 1408 1476 alia
1432 1445 1573 1484 Moneta,
1590 1448 1783 1486 percipiendas
1804 1449 1949 1479 annuatim
1967 1447 2002 1478 ad
2022 1447 2181 1478 Terminos
2204 1446 2302 1477 Saneti
2317 1446 2382 1477 Mi-

1307 1482 1408 1514 chaelis
1422 1485 1455 1515 &
1470 1484 1585 1516 Paschae
1602 1495 1652 1524 per
1666 1487 1786 1525 aequales
1801 1487 1971 1524 Portiones,
1987 1495 2038 1524 per
2053 1495 2152 1516 manus
2166 1483 2380 1517 Constabularii

1307 1521 1397 1552 nostri
1412 1521 1574 1563 Burdegalae
1590 1526 1637 1562 qui
1652 1535 1706 1563 pro
1721 1533 1853 1564 tempore
1868 1524 2003 1562 foret‚de
2016 1523 2144 1555 Exitibus
2153 1523 2292 1560 Receptae
2306 1523 2378 1564 suae,

1306 1561 1454 1604 quousque
1474 1562 1624 1607 praedif‘ltus
1642 1562 1799 1594 Gaillardus
1812 1564 1915 1611 Terras
1936 1563 1994 1594 suas
2015 1562 2163 1607 praedidtas
2176 1561 2380 1600 Recuperave-

1306 1600 2291 1684 Siraf-¹³53&galiffa?ffiiissiffilffisllfffflaffnfgfflss
2303 1610 2379 1679 3523:

1307 1677 1388 1707 dietis
1404 1677 1514 1714 plenius
1530 1688 1711 1718 continetur,

1346 1714 1383 1746 Et
1405 1717 1442 1748 ita
1463 1716 1558 1748 existat
1582 1718 1661 1756 quod
1677 1716 1886 1757 postmodum,
1905 1717 2023 1749 diledms
2036 1717 2070 1749 ὃς
2085 1717 2174 1748 fidelis
2187 1717 2303 1757 noster,
2319 1717 2378 1757 Jo-

1264 1773 1267 1775 »
1306 1752 1411 1784 hannes
1425 1758 1558 1786 Dominus
1568 1756 1600 1786 de
1613 1756 1718 1787 Nevill
1727 1781 1737 1795 ‚
1762 1756 1879 1788 Locum
1893 1756 2024 1788 nostrum
2037 1763 2133 1787 tenens
2148 1757 2178 1786 in
2198 1759 2320 1795 partibus
2335 1757 2379 1789 A-

1309 1795 1460 1833 quitaniae,
1480 1793 1572 1826 Dedit
1587 1796 1620 1826 &
1634 1794 1784 1827 Conceffit
1800 1819 1809 1834 ,
1834 1806 1884 1835 per
1900 1796 2007 1827 Literas
2021 1795 2078 1826 suas
2094 1795 2240 1834 Parentes,
2259 1797 2377 1834 praefato

1309 1832 1468 1873 Gaillardo,
1486 1844 1540 1872 pro
1555 1835 1636 1865 bono
1650 1835 1773 1866 Servitio
1786 1835 1852 1874 suo,
1872 1834 2007 1866 Domino
2022 1836 2060 1864 E.
2079 1842 2169 1871 nuper
2182 1835 2247 1871 Regi
2261 1834 2377 1873 Angliae

1308 1871 1378 1902 Avo
1390 1872 1490 1903 nostro
1503 1874 1536 1905 &
1551 1873 1634 1904 nobis
1649 1873 1796 1912 impenso,
1811 1874 1846 1905 &
1862 1873 1940 1913 quod
1955 1872 2105 1913 praediCtus
2119 1871 2278 1902 Gaillardus
2293 1873 2378 1904 nobis

1308 1910 1398 1941 indies
1419 1912 1557 1951 impendit
1578 1913 1612 1944 &
1634 1911 1782 1951 impendet
1804 1913 1833 1943 in
1856 1913 2003 1950 futurum,
2019 1921 2071 1949 ac,
2086 1910 2185 1941 habito
2200 1909 2326 1949 respediu
2341 1911 2377 1943 ad

1310 1949 1500 1981 Amissionem
1523 1950 1679 1982 Terrarum
1701 1951 1811 1982 suarum
1838 1951 2036 1990 praedi&arum
2053 1975 2063 1988 ‚
2094 1949 2312 1987 Praeposituram
2341 1950 2378 1982 de

1308 1987 1431 2028 Baiona‚
1448 1999 1516 2021 cum
1538 1990 1674 2021 omnibus
1694 1988 1835 2021 Proficuis
1849 2013 1859 2029 ‚
1875 1989 1996 2028 Feodis,
2012 1987 2167 2025 censibus,
2186 1986 2377 2028 Redditibus,

1308 2028 1343 2060 ὅ(
1359 2027 1570 2059 Emolumentis
1583 2052 1592 2067 ,
1615 2028 1650 2059 ad
1664 2039 1728 2060 earn
1744 2030 1946 2067 pertinentibus
1956 2052 1966 2066 ,
1982 2028 2017 2059 ad
2033 2036 2124 2059 totam
2139 2027 2235 2059 Vitam
2248 2027 2378 2067 praediffl

1309 2066 1464 2105 Gaillardi,
1482 2068 1518 2098 ita
1533 2066 1613 2106 quod
1629 2068 1685 2106 ipse
1699 2068 1765 2098 inde
1787 2067 1868 2099 faciat
1891 2067 1993 2099 Nobis
2014 2068 2047 2098 &
2059 2065 2178 2096 Nostris
2193 2065 2277 2096 Hom
2316 2067 2377 2098 ‘um

1310 2106 1455 2145 Ligeum,
1472 2106 1506 2137 &
1521 2107 1572 2136 alia
1584 2106 1651 2145 Jura
1666 2107 1700 2138 &
1712 2105 1838 2138 Deveria
1879 2116 1922 2138 uae
1940 2105 2008 2136 ind'e
2024 2104 2085 2135 fieri
2097 2104 2221 2143 debent,
2236 2075 2380 2148 &nesebin

1308 2145 1341 2176 &
1354 2144 1487 2176 consueta
1501 2143 1638 2184 existunt,
1657 2155 1724 2184 quas
1738 2145 1855 2184 quidem
1897 2146 1977 2176 iteras
1993 2143 2123 2176 Parentes
2137 2142 2244 2182 praefati
2257 2143 2379 2177 Locum

1307 2183 1437 2216 nostrum
1452 2184 1572 2216 tenentis
1585 2184 1755 2224 inspeximus
1770 2185 1800 2214 in
1814 2184 1866 2216 hac
1880 2184 1982 2222 verba,

1340 2262 1464 2294 ΟΗΑΝ
1483 2262 1586 2295 Suu:
1609 2271 1656 2295 ne
1676 2262 1898 2303 Νενιιιε,
1917 2262 2086 2295 Lieutenant
2097 2261 2288 2301 d’Aquitane,
2302 2270 2377 2301 pour

1349 2301 1445 2333 nostre
1466 2302 1670 2334 Treffoverairi
1693 2302 1829 2342 Seigneur
1855 2309 1876 2333 ι.
1886 2310 1905 2333 Ε
1931 2301 2019 2333 Ror
2046 2310 2096 2332 m:
2124 2299 2294 2332 FRANcE
2321 2309 2340 2333 Ε
2350 2308 2377 2337 τ,

1305 2340 1649 2373 D'ENGLETERRE.

1343 2383 1444 2410 Savoir
1451 2379 1558 2421 faisi'ms
1573 2389 1644 2412 touz
1656 2390 1712 2419 que
1724 2389 1797 2411 nous
1805 2403 1815 2420 ,

1341 2417 1421 2450 Pour
1442 2420 1481 2450 les
1503 2421 1575 2450 boris
1596 2421 1630 2451 &
1653 2420 1814 2460 aggreables
1834 2419 1980 2458 Services‚
1998 2427 2072 2458 que,
2091 2416 2189 2449 nostre
2202 2416 2324 2449 trescher
2338 2418 2373 2449 δε

1305 2454 1372 2487 bien
1397 2467 1462 2488 ame
1475 2481 1485 2496 ,
1509 2457 1660 2488 Guaillard
1678 2460 1710 2488 de
1731 2457 1854 2498 Duffort
1866 2483 1876 2497 ,
1895 2457 1958 2489 Sire
1971 2457 2007 2489 de
2024 2457 2135 2496 Duras,
2153 2467 2168 2488 a
2183 2456 2231 2487 fait
2249 2466 2264 2486 3
2278 2454 2376 2487 nostre

1304 2495 1527 2528 Treffouverain
1540 2500 1666 2535 Seigneur
1680 2497 1704 2527 le
1715 2500 1772 2537 Roy
1797 2498 1860 2535 (qui
1876 2496 1973 2528 Dieux
1987 2496 2111 2534 absoille)
2129 2496 2162 2526 &
2177 2495 2244 2533 fait,
2263 2494 2298 2524 de
2306 2496 2375 2534 jour

1303 2544 1340 2564 en
1355 2544 1432 2566 autre
1444 2560 1453 2574 ,
1473 2536 1701 2567 continuelment
1715 2546 1730 2566 a
1745 2539 1795 2566 Roi
1810 2535 1896 2576 nostre
1911 2536 1953 2566 dit
1965 2539 2090 2573 Seigneur
2105 2535 2155 2572 qui
2171 2543 2185 2564 a
2199 2532 2308 2571 present
2321 2533 2375 2572 est,

1304 2573 1337 2604 &
1355 2574 1411 2605 fera
1427 2585 1476 2614 par
1493 2583 1586 2613 temps
1599 2584 1613 2604 a
1628 2576 1728 2613 venir,

1340 2611 1396 2652 Et,
1413 2613 1469 2644 heu
1485 2613 1584 2651 regard
1600 2623 1615 2643 a
1630 2622 1665 2644 ce
1679 2622 1754 2651 que,
1770 2620 1785 2642 a
1799 2611 1879 2643 cause
1892 2611 1929 2643 de
1944 2621 1991 2643 ces
2006 2610 2147 2650 presentes
2160 2609 2303 2648 Guerres,
2322 2608 2341 2639 ss
2357 2619 2373 2641 a

1303 2651 1390 2691 pardu
1405 2652 1455 2683 son
1471 2651 1545 2683 Lieu
1560 2652 1593 2684 δι
1608 2651 1724 2682 Chastel
1738 2652 1775 2681 de
1790 2650 1903 2690 Duras,
1921 2651 1955 2682 &
1971 2650 1997 2680 la
2011 2651 2161 2690 greigneur
2176 2648 2268 2678 Partie
2281 2650 2317 2678 de
2333 2647 2375 2678 ses

1304 2700 1393 2761 affre}
1406 2687 1529 2761 'Igu-es,
1547 2690 1670 2729 Remea,
1688 2691 1722 2723 &
1739 2689 1909 2729 Revenues‚
1928 2690 1978 2728 qui
1990 2690 2069 2721 avoir
2084 2697 2121 2719 en
2135 2687 2164 2718 le
2177 2686 2249 2717 Paiis
2262 2687 2295 2718 ὃ(
2305 2685 2375 2717 Du·-

1305 2740 1321 2760 c
1344 2740 1360 2760 e
1393 2739 1409 2760 e
1457 2739 1540 2761 uiene

1344 2768 1372 2799 A
1387 2769 1461 2800 icelli
1474 2752 1639 2808 Guai'llard,
1656 2767 1692 2800 de
1706 2767 1803 2800 nostre
1814 2767 1937 2799 certaine
1952 2766 2091 2804 Science,
2108 2765 2142 2797 &
2158 2763 2196 2795 du
2216 2762 2328 2794 Pouoir
2341 2763 2377 2796 &

1307 2807 1459 2838 Audiorite
1473 2807 1566 2849 Royal
1576 2832 1585 2846 ,
1603 2807 1675 2839 dont
1689 2818 1761 2839 nous
1775 2807 1876 2845 usons,
1894 2807 1948 2837 Av
1957 2816 1977 2837 0
1988 2814 2010 2837 N
2022 2815 2035 2837 s
2054 2804 2086 2836 D
2095 2813 2115 2834 ο
2125 2812 2147 2834 N
2159 2811 2181 2833 N
2192 2812 2211 2834 ε
2232 2812 2250 2834 E
2261 2811 2283 2833 τ·
2302 2801 2375 2832 ΟΤ-

1306 2854 1444 2877 Tnoie
1460 2870 1470 2885 ‚
1490 2846 1699 2878 Donnoisis
1722 2854 1775 2878 ΕΤ
1791 2846 2079 2882 ΟττκοιοΝς,
2095 2852 2144 2881 par
2157 2851 2204 2872 ces
2218 2840 2375 2880 presentes,

1304 2895 1320 2914 a
1333 2885 1443 2916 Terme
1464 2885 1500 2916 de
1516 2885 1571 2916 Vie
1586 2908 1596 2924 ,
1620 2886 1644 2916 la
1667 2885 1806 2917 Prevoste
1826 2884 1863 2915 de
1879 2883 1984 2915 Baione
1998 2907 2008 2921 ,
2026 2891 2096 2913 avec
2111 2889 2181 2911 touz
2193 2880 2231 2910 les
2245 2877 2374 2922 Proffiz,

1305 2923 1394 2961 Feus,
1412 2924 1510 2962 Cens,
1531 2923 1657 2962 Rentes,
1675 2924 1846 2961 Revenues,
1864 2923 1897 2954 &
1913 2918 2244 2961 aurresEsmolumentz,
2255 2926 2275 2960 ¹a
2290 2916 2372 2948 icelle

1304 2971 1485 2999 appartenans
1498 2987 1507 3000 ,
1550 2964 1620 2993 armi
1640 2972 1674 2993 ce
1687 2962 1754 3001 qu’il
1769 2971 1804 2992 en
1819 2961 1880 2993 face
1895 2969 1929 2990 au
1944 2955 2147 3002 Roy‚.nostre
2159 2955 2200 2986 dit
2215 2954 2371 2999 seigneur,

1306 3001 1340 3032 &
1364 3010 1411 3031 aus
1431 3001 1510 3032 soens
1564 3010 1667 3040 omage
1689 3001 1746 3039 lige
1767 3001 1852 3031 &les
1864 3007 1955 3029 autres
1970 2997 2065 3028 Droiz
2079 2995 2112 3026 &
2130 2993 2256 3025 Devorrs
2270 3003 2318 3031 qui
2333 3002 2370 3024 en

1305 3039 1433 3077 doyvent
1448 3040 1520 3070 estre
1533 3040 1590 3071 faiz
1602 3040 1635 3070 &
1648 3040 1710 3070 sont
1725 3039 1799 3068 duez
1813 3039 1846 3070 &
1859 3035 2046 3068 acoustumez
2055 3057 2065 3073 ‚

1342 3078 1371 3108 Si
1388 3076 1535 3109 Mandons
1553 3080 1587 3110 &
1606 3076 1829 3107 Commandons
1850 3085 1866 3106 a
1880 3083 1950 3106 touz
1962 3074 1999 3104 les
2015 3073 2114 3117 Gens,
2135 3070 2319 3102 Demourans
2335 3071 2370 3103 &

1306 3113 1446 3147 Habitans
1467 3126 1503 3147 en
1524 3117 1549 3147 la
1569 3116 1626 3147 dite
1647 3114 1785 3147 Prevoste
1808 3115 1844 3145 de
1857 3113 2001 3150 Baionne‚
2020 3111 2165 3143 Gentieux
2181 3110 2317 3154 &.³}¹tse³
2333 3109 2370 3140 de

1305 3155 1429 3193 quelque
1449 3154 1518 3185 estat
1539 3164 1579 3185 ou
1600 3153 1754 3185 condicion
1771 3153 1850 3190 qu'ils
1867 3151 1971 3190 soient,
1991 3152 2024 3183 &
2041 3159 2131 3181 autres
2146 3159 2161 3179 a
2176 3158 2225 3185 qui
2239 3148 2257 3193 ¹.¹
2271 3156 2371 3187 appar-

1305 3193 1417 3230 tendra‚
1437 3203 1493 3230 que
1512 3203 1546 3223 au
1567 3193 1609 3224 dit
1629 3192 1689 3224 Sire
1710 3191 1746 3222 de
1770 3191 1862 3222 Duras
1875 3215 1885 3228 ,
1910 3200 1996 3221 come
2012 3200 2027 3220 a
2043 3186 2164 3232 Preifost
2180 3186 2264 3217 surdit
2276 3225 2286 3231 Ἰ
2299 3196 2338 3217 ου
2355 3195 2371 3217 3

1302 3231 1353 3261 son
1373 3229 1508 3262 suffiffant
1530 3231 1699 3262 Lieutenant
1712 3254 1721 3269 ,
1747 3230 1835 3261 soient
1852 3228 2002 3260 Obeissant
2016 3229 2049 3260 &
2066 3227 2250 3266 diligaument
2264 3209 2372 3256 senten·

1303 3269 1436 3338 dfisss‚f&
1456 3281 1472 3300 a
1494 3270 1513 3299 li
1533 3270 1627 3340 fagnt
1640 3271 1672 3302 &
1689 3269 1725 3300 de
1740 3269 1805 3308 Luy
1823 3276 1971 3309 receyvant
1987 3267 2014 3298 le
2033 3266 2180 3298 Serement
2201 3263 2370 3295 acoustume

1304 3318 1320 3338 e
1348 3319 1376 3339 re
1403 3319 1439 3339 ait
1451 3319 1486 3339 en
1504 3318 1531 3340 te
1588 3318 1630 3339 as:

1342 3347 1506 3386 Mandons,
1521 3357 1557 3378 en
1580 3348 1672 3378 oultre
1712 3357 1727 3378 3
1745 3355 1816 3378 touz
1838 3345 2032 3382 Seneschaux,
2048 3343 2155 3387 Juges,
2174 3340 2281 3380 MairS,
2298 3339 2369 3372 Pre-

1303 3394 1379 3424 voz,
1396 3386 1429 3417 &
1451 3397 1467 3417 a
1488 3394 1558 3417 touz
1580 3395 1668 3417 autres
1679 3372 1843 3425 Juffic1ers,
1858 3383 2053 3427 Officersz&
2069 3380 2215 3411 Ministres
2228 3379 2266 3410 du
2283 3378 2370 3419 Roy,

1304 3425 1400 3455 nostre
1413 3425 1453 3455 dit
1468 3424 1602 3464 Seigneur
1616 3426 1649 3457 &
1664 3424 1773 3455 nostres
1782 3448 1791 3464 ,
1809 3434 1849 3455 ou
1862 3433 1878 3453 a
1891 3423 1963 3453 leurs
1980 3422 2169 3452 Lieuxtenans
2183 3443 2193 3458 ‚
2211 3419 2244 3450 &
2259 3428 2274 3449 a
2287 3418 2369 3449 ches-

1303 3473 1361 3493 cun
1376 3464 1467 3494 d'eulx
1478 3487 1486 3502 ,
1504 3474 1559 3502 que
1570 3463 1605 3493 de
1619 3464 1644 3493 la
1658 3463 1714 3495 dite
1730 3462 1885 3499 Prevoste,
1905 3470 1975 3491 avec
1989 3468 2061 3490 touz
2073 3459 2111 3489 les
2126 3456 2368 3502 Prouffiz‚Feuz,

1303 3500 1400 3541 Cens,
1416 3502 1543 3541 Remes,
1560 3501 1730 3540 Revenues,
1748 3503 1782 3533 δε
1797 3509 1886 3532 autres
1904 3499 2101 3529 Esmolumens
2114 3520 2124 3541 ,
2136 3506 2157 3540 3
2172 3496 2253 3526 icelle
2266 3504 2364 3538 appar-

1301 3550 1414 3579 tenans,
1433 3540 1556 3579 laiisent,
1575 3541 1683 3578 facerit,
1701 3541 1734 3571 ὃς
1750 3539 1865 3570 suffient
1880 3538 1940 3568 user
1954 3538 1988 3568 &
1999 3537 2064 3576 Joir
2083 3535 2275 3574 pailiblement
2289 3532 2365 3563 ledit

1298 3584 1357 3609 Sire
1378 3581 1410 3609 a'e
1431 3582 1526 3609 Duras
1540 3601 1550 3617 ,
1571 3580 1650 3617 qute
1664 3580 1698 3610 &
1713 3578 1809 3609 selonc
1825 3578 1850 3608 la
1865 3577 1985 3608 Teneur
2000 3577 2034 3608 &
2049 3574 2175 3613 Purport
2189 3572 2226 3603 de
2241 3581 2288 3602 ces
2303 3577 2364 3600 noz

1300 3618 1412 3649 Lettres
1426 3618 1571 3655 Patentes;

1335 3656 1511 3693 Notiffians‚
1527 3665 1575 3694 par
1589 3665 1636 3686 ces
1648 3654 1787 3693 presentes
1795 3679 1804 3693 ‚
1822 3664 1878 3692 que
1892 3653 1969 3684 ceste
1984 3651 2116 3695 presente>
2132 3649 2163 3680 D
2171 3658 2191 3679 o
2200 3655 2222 3692 131
2233 3657 2253 3677 Α
2261 3655 2278 3676 c
2287 3655 2298 3676 1
2306 3655 2326 3675 0
2336 3652 2361 3675 N

1300 3704 1371 3726 nous
1391 3695 1447 3725 Lui
1468 3704 1556 3725 avons
1579 3693 1626 3724 fait
1642 3704 1690 3732 par
1704 3693 1793 3724 raison
1808 3694 1841 3725 &
1856 3693 2006 3729 descharge
2019 3691 2055 3721 de
2071 3689 2165 3733 Milles
2179 3687 2278 3730 Livres
2293 3683 2364 3714 Mo-

1301 3735 1367 3763 noie
1389 3733 1549 3763 Courrante
1561 3754 1571 3769 ‚
1597 3742 1652 3770 que
1666 3732 1760 3762 nostre
1774 3733 1815 3762 dit
1830 3735 1955 3769 Seigneur
1971 3730 1994 3760 le
2007 3732 2062 3768 Roy
2082 3728 2118 3757 Li
2130 3734 2206 3756 avort
2221 3724 2239 3743 *⁵
2255 3723 2364 3754 Donne
2384 3749 2400 3767 ᾖ
2419 3750 2474 3778 VH

1300 3772 1333 3802 &
1347 3771 1491 3802 Guarante
1501 3771 1538 3802 de
1551 3771 1584 3801 &
1600 3772 1644 3801 sur
1656 3770 1694 3802 les
1708 3770 1860 3802 Revenues
1875 3770 1913 3800 du
1925 3767 2046 3798 Chastel
2054 3766 2090 3796 de
2103 3762 2258 3795 Bordeaux.
2478 3769 2488 3778 ·

1338 3847 1448 3878 Donne
1468 3858 1484 3878 a
1503 3846 1669 3878 Bourdeaux
1681 3870 1690 3885 ,
1713 3847 1804 3878 soubz
1818 3846 1845 3877 le
1857 3845 1920 3876 Seel
1936 3843 2030 3887 Royal
2042 3841 2078 3871 de
2093 3838 2188 3883 nostre
2201 3837 2316 3877 Office,
2333 3838 2360 3883 le

1300 3887 1337 3955 {Sve-
1347 3887 1467 3964 &8thst
1484 3885 1581 3922 Mars,
1601 3886 1668 3916 l'An
1683 3885 1718 3917 de
1733 3885 1830 3917 Grace
1843 3883 1926 3921 Mill,
1943 3878 2360 3917 Troiscentz‚Soixante,Dix

1340 4001 1427 4041 Nos,
1444 4002 1481 4032 de
1493 4001 1592 4032 Gratia
1607 4001 1704 4032 nostra
1718 3999 1842 4039 speciali,
1859 3999 1893 4029 ὅτ
1906 4007 1959 4035 pro
1973 4005 2010 4026 eo
2025 3994 2104 4034 quod
2118 3994 2194 4026 idem
2201 3991 2360 4024 Gaillardus

1302 4039 1411 4073 Literas
1430 4041 1538 4072 nostras
1555 4041 1716 4079 praeditstas,
1734 4037 1823 4069 fibide
1835 4036 1917 4067 dictis
1929 4035 2071 4067 Ducentis
2087 4034 2181 4067 Libris
2200 4029 2362 4099 Αητὲὲὲῗαίξῗ

2385 3789 2453 3817 262.
