2561 4251
720 197 843 238 ET
921 198 1185 245 ACTA

0 285 56 309 mn·
72 272 114 304 D·
130 281 210 321 quod
233 281 287 320 ipse
307 279 456 310 nobiscum
477 280 551 311 bene
571 281 604 312 δε
626 280 740 313 fideliter
763 282 865 321 stabit,
889 284 918 313 in
934 282 1052 314 Guerris
1066 283 1183 322 nostris,

8 322 95 354 1373·
131 329 231 351 contra
243 317 500 362 omnes-Homines
517 320 565 356 qui
579 319 693 357 possunt
705 322 801 351 vivere
815 322 860 351 vel
872 323 963 359 mori,
982 323 1183 361 cujuscumque

0 357 45 393 ἓν·
68 361 95 389 3·
130 356 239 395 Status,
259 356 456 400 Conditionis,
474 356 626 395 Nationis,
644 358 812 398 Dignitatis‚
825 361 870 390 seu
883 360 1106 390 Praeeminentiae
1125 362 1182 390 exi-

130 397 220 433 stant,
238 397 265 425 in
281 394 407 434 praesenti
422 418 431 434 ‚
456 396 500 427 vel
516 397 545 426 in
560 396 674 435 futuro,
693 397 789 428 Nobis
808 398 978 430 adversantes
999 398 1045 428 seu
1060 398 1184 430 adversa·

129 444 222 471 turos,

165 473 250 503 Duce
262 471 295 502 &
310 467 644 513 CivitateuJanuenfium‘,
663 473 693 503 in
707 483 810 505 eorum
824 473 937 513 propri&⁴
953 474 986 506 ὃς
995 472 1185 514 justavCausfi,

130 511 271 542 dumtaxat
283 512 405 548 exceptis
412 535 421 548 ,

167 547 367 580 Conceffimus
389 549 483 579 eidem
498 548 631 579 Galeoto
650 549 821 580 Trescentos
845 550 967 581 Francos
990 550 1078 589 Auri,
1095 552 1187 589 perci-

130 587 250 626 piendos
262 587 374 656 sinffiilis
390 588 496 625 Annis,
513 586 551 616 de
563 587 711 618 Thesauro
725 588 841 627 nostro,
859 589 892 619 ad
905 589 1063 619 Terminos
1072 589 1186 620 Paschae

131 627 166 696 ts&
186 625 281 694 Sgnfssti
306 665 311 670 .
343 626 452 659 ichaelis
465 649 475 662 ,
502 635 551 663 per
565 625 683 663 aequales
699 626 864 666 Portiones,
881 627 915 659 ad
930 636 1020 659 totam
1034 627 1130 659 Vitam
1144 630 1187 666 ip-

143 674 186 696 ius
230 674 244 694 a
255 674 322 695 eou.
368 685 373 689 -
398 683 405 697 :
532 684 535 687 Δ
654 684 658 685 ⁷

170 702 447 780 sseffflulsg'eggaud
458 739 742 773 Westmonasterium
756 766 766 781 ,
781 742 927 774 tricesimo
939 743 984 774 die
998 741 1188 773 Novembris.

821 820 872 847 Per
888 817 969 858 ipfimt
983 818 1088 856 Regem.

0 947 124 982 *V11.32.
169 940 196 967 ᾗ
223 945 282 976 Pro
297 944 432 976 Domina
451 942 603 975 Alianora
621 940 658 974 de
675 943 767 992 Bruys
779 969 789 984 ‚
816 942 964 989 Comittffa
981 942 1018 976 de
1036 922 1157 977 Carich.

0 1021 69 1053 Anss·
79 1020 120 1050 D·
219 1027 311 1058 Obilis
325 1027 455 1058 Domina
469 1026 610 1056 Al-'anora
629 1027 661 1055 de
674 1029 761 1062 Bruys
770 1050 780 1065 ,
793 1026 942 1058 Comitissa
955 1028 990 1058 de
1004 1026 1109 1058 Carich
1119 1050 1129 1067 ,
1147 1028 1197 1058 ha-

14 1067 99 1099 1373·
237 1067 285 1096 bet
301 1066 405 1096 Literas
428 1065 516 1101 Regis
534 1064 569 1094 de
589 1064 765 1104 Condutftu,
785 1066 926 1095 veniendo
943 1067 971 1095 in
985 1066 1120 1105 Regnum
1137 1066 1199 1096 An-

0 1102 44 1126 Aa.
54 1108 102 1133 47·
141 1106 219 1148 glire,
238 1114 307 1134 curn
322 1104 467 1142 Sexaginta
481 1103 569 1141 Equis
582 1114 610 1133 in
619 1102 765 1134 Comitiva
779 1104 845 1146 sua,
858 1106 974 1143 peregre
988 1106 1079 1135 versus
1093 1105 1201 1143 glorio-

0 1141 21 1164 Ε·
43 1146 68 1173 3·
142 1149 203 1174 lum
220 1145 370 1172 Martirem
384 1144 504 1171 Beatum
517 1141 645 1171 Thomam
658 1144 875 1181 Cautuariensem
890 1165 899 1180 ,
916 1153 964 1180 per
978 1142 1152 1173 Dominium
1167 1144 1200 1174 &

0 1180 57 1203 S'tot-
77 1183 122 1208 47·
146 1180 319 1212 Potest-atem
339 1180 427 1219 Regis
441 1202 451 1218 ,
475 1179 584 1210 ibidem
605 1180 745 1210 morando
759 1205 768 1219 ‚
793 1181 826 1212 &
848 1182 949 1211 exinde
970 1182 999 1211 in
1018 1181 1144 1212 Scotiam
1159 1192 1202 1212 re·

0 1217 126 1249 E.3.m.1.
143 1219 276 1257 denudo,
294 1229 344 1255 per
359 1228 447 1249 unum
463 1219 580 1249 Annum
592 1219 741 1248 duraturas.

182 1256 272 1289 Teste
287 1256 371 1297 Rege
383 1256 458 1296 apud
474 1256 779 1295 westmonasterium,
794 1257 901 1288 ottavo
913 1257 960 1288 die
974 1257 1151 1288 Decembris.

335 1322 506 1364 Consimiles
523 1333 630 1364 Litetas
644 1333 681 1363 de
692 1331 792 1363 eadem
809 1331 902 1364 Causa
917 1334 1017 1374 luber,

184 1410 306 1450 Jacobus
320 1411 351 1440 de
363 1408 488 1446 Douglas
503 1409 535 1439 de
547 1408 674 1438 Daweth
687 1408 830 1440 Chivaler.

149 1539 198 1570 De
222 1535 324 1569 Terris
339 1561 349 1578 ‚
377 1546 433 1581 per
454 1537 621 1568 Dominum
646 1533 683 1567 de
707 1531 831 1566 Lebreto
849 1533 1045 1578 Furisfhsbi5‚
1071 1533 1206 1578 conceffis.

155 1620 287 1677 REX
307 1619 468 1658 Omnibus,
485 1618 519 1648 ad
535 1627 624 1656 quos,
643 1618 703 1649 &c.
724 1616 854 1648 Salutem.

252 1659 421 1689 Scmris
440 1656 540 1695 quod,

192 1697 273 1728 Cum
288 1720 297 1735 ,
322 1695 475 1728 cariffimus
490 1694 572 1724 Filius
588 1693 691 1734 noster,
707 1697 831 1734 Princeps
851 1696 992 1734 (tempore
1004 1706 1063 1734 quo
1077 1696 1212 1734 Princeps

154 1734 314 1773 Aquitaniae
335 1735 434 1770 extitit)
460 1733 519 1764 Co
529 1741 552 1764 N
562 1742 604 1763 cr:
615 1743 626 1763 s
637 1742 668 1763 51
680 1742 692 1763 s
701 1742 740 1764 se
749 1742 772 1763 ’r
788 1756 797 1772 ,
823 1733 930 1765 dileeto
950 1735 983 1765 ὃς
1003 1735 1077 1765 fideli
1098 1734 1210 1772 nostro,

154 1774 286 1804 Nicholao
304 1774 397 1803 Bonde
416 1772 551 1804 Chivaler
563 1795 573 1810 ,
591 1781 643 1809 pro
655 1771 738 1802 Bono
751 1771 871 1803 Servitio
887 1773 937 1804 suo
950 1796 959 1810 ,
977 1773 1057 1804 ἀίξὶο
1073 1773 1145 1803 Filio
1160 1783 1213 1803 no-

155 1813 212 1844 stro
226 1822 296 1843 tunc
311 1812 457 1850 impenso,
475 1811 573 1842 omnia
587 1810 692 1840 Terras
702 1832 711 1848 ,
727 1809 922 1850 Tenementa,
939 1811 1086 1849 Hospitia,
1103 1812 1214 1849 Vineas,

152 1851 272 1889 Boscos,
293 1851 389 1887 Prata,
409 1849 552 1887 Pasturas,
569 1848 723 1887 Redditus,
739 1848 859 1886 Tailles,
876 1850 909 1880 &
923 1850 972 1880 alia
987 1850 1119 1888 Servitia,
1135 1848 1163 1880 V
1166 1860 1215 1880 en-

152 1891 201 1921 das
218 1891 251 1922 &
273 1888 490 1926 Retrovendas,
509 1888 542 1918 &
556 1888 657 1918 omnia
677 1886 726 1916 alia
734 1886 810 1955 [Isura
825 1889 858 1919 δι’.
873 1887 996 1919 Deveria
1009 1898 1216 1926 quaecumque,

152 1938 221 1959 curn
240 1927 418 1958 pertinentiis
434 1949 444 1965 ‚
469 1927 498 1956 in
513 1926 658 1964 Burdeux‚
677 1925 733 1955 Bur
754 1926 848 1964 cloys,
867 1927 900 1956 &
915 1925 1046 1965 Medok,
1064 1926 1100 1956 de
1114 1926 1210 1956 Terris

154 1969 188 1998 &
207 1965 426 1996 Haereditaribus
448 1974 512 2002 quae
532 1964 566 1994 ad
588 1963 693 1994 Manus
710 1964 837 2002 praediffi
858 1965 919 1994 Filii
939 1964 1052 2002 nostri,
1067 1964 1216 1995 occasione

155 2004 322 2042 Forisr'aeti,
342 2002 564 2042 Inobedientiae‚
582 2003 615 2034 &
633 2001 808 2033 Rebellionis
821 2004 930 2032 Domini
945 2003 976 2032 de
991 2003 1110 2042 Lebret,
1129 2004 1214 2035 deve-

155 2051 223 2074 runt

197 2067 275 2120 (Quae
299 2079 415 2118 quidem
436 2080 536 2111 omnia
554 2078 655 2109 Terrae
669 2103 678 2116 .,
701 2079 882 2110 Tenementa
897 2104 906 2118 ,
928 2079 1077 2118 Hospitia,
1097 2080 1214 2118 Vineae,

157 2119 239 2151 Bosci
252 2142 261 2156 ,
289 2118 370 2149 Prata
383 2141 393 2157 ,
420 2118 545 2149 Pasturae
556 2140 566 2155 ,
584 2116 722 2148 Redditus
737 2141 747 2156 ‚
766 2118 885 2157 Tailles,
904 2118 1036 2157 Servitia,
1056 2118 1166 2149 Vendae
1179 2119 1213 2149 &

158 2157 352 2189 Retrovendae
361 2180 370 2195 ‚
384 2157 451 2196 Jura
463 2158 496 2188 δε
510 2156 633 2186 Deveria
642 2179 650 2193 ,
668 2165 738 2186 cum
753 2155 929 2187 Pertinentiis
941 2180 950 2195 ,
969 2158 1084 2194 praefato
1098 2157 1216 2188 Nicho-

158 2196 203 2226 lao
218 2205 306 2233 nuper
319 2206 368 2233 per
379 2195 488 2225 distum
502 2194 605 2224 Filium
622 2194 750 2224 nostrum
763 2195 910 2234 concessa,
929 2197 1010 2226 certis
1026 2196 1061 2227 de
1078 2196 1162 2226 causis
1176 2205 1218 2225 ra-

158 2234 358 2272 tionabilibus,
377 2242 508 2271 tanquam
524 2232 632 2270 nostra,
647 2233 707 2269 jam
721 2241 800 2271 capta
813 2233 917 2265 suntin
934 2233 1058 2265 Manum
1071 2233 1214 2272 nostram,

158 2273 192 2304 δί
209 2271 335 2303 Centum
353 2272 463 2309 Libras,
482 2270 526 2301 vel
541 2272 615 2301 circa
629 2271 705 2301 illam
719 2271 869 2302 Summam
886 2296 895 2312 ,
912 2273 1027 2311 possunt
1041 2274 1148 2311 valere,
1167 2282 1217 2310 per

160 2311 298 2348 Annum,
317 2309 356 2350 de,
370 2309 492 2341 Moneta
504 2318 634 2340 currente
647 2311 677 2339 in
693 2309 776 2340 dietis
791 2310 935 2350 Partibus,
955 2321 985 2342 ut
1000 2313 1180 2350 accepimuS,

199 2349 267 2379 Nos
282 2373 291 2385 ,
311 2348 534 2379 consideratione
547 2348 670 2386 ejusdem
690 2348 753 2379 Filii
769 2348 875 2387 nostri,
894 2350 1020 2381 volentes
1036 2350 1152 2388 praefato
1163 2351 1220 2379 Ni-

160 2386 250 2417 cholao
267 2387 397 2417 Gratiam
418 2387 510 2417 facere
531 2385 679 2424 specialem
694 2410 703 2425 ,
730 2386 762 2416 D
772 2397 790 2417 E
801 2396 839 2418 DI
849 2396 876 2417 M
884 2397 907 2418 U
916 2397 929 2419 s
948 2389 981 2419 δε
999 2389 1027 2419 C
1037 2399 1057 2418 o
1068 2397 1088 2418 N
1099 2398 1115 2419 c
1124 2397 1141 2418 e
1151 2397 1182 2418 ss
1191 2397 1219 2418 1-

162 2433 244 2456 Mus
269 2425 363 2456 eidem
383 2425 516 2457 Nicholao
530 2448 540 2463 ‚
563 2435 616 2461 pro
639 2426 718 2455 bono
736 2425 859 2458 Servitio
879 2427 956 2464 quod
978 2428 1033 2464 ipse
1047 2428 1105 2457 tarn
1122 2426 1220 2456 Nobis

161 2465 251 2502 quam
264 2463 345 2494 dieto
358 2463 431 2494 Filio
444 2463 544 2494 nostro
559 2463 723 2501 impendet,
741 2466 839 2494 omnia
853 2465 1004 2503 praedidia,
1023 2465 1142 2501 Terras,
1158 2464 1221 2494 Te-

163 2510 296 2533 nementa
309 2524 320 2540 ,
343 2500 494 2540 Hospitia,
512 2501 630 2537 Vincas,
649 2501 771 2539 Boscos,
788 2501 867 2533 Prata
873 2526 883 2542 ‚
901 2503 1044 2542 pasturas,
1062 2503 1220 2540 Redditus,

161 2540 266 2571 Tailles
280 2565 290 2579 ,
314 2541 347 2572 δι’.
366 2540 418 2571 alia
432 2540 549 2572 Servitia
565 2561 576 2577 ,
601 2539 714 2572 vendas
736 2541 770 2572 ὃς
786 2541 995 2575 Retrovendass
1013 2542 1046 2573 &
1059 2543 1157 2572 omnia
1169 2542 1219 2571 alia

159 2578 227 2617 Jura
245 2580 279 2610 δε
298 2577 424 2610 Deveria
437 2603 447 2617 ,
472 2588 542 2610 cum
563 2577 740 2609 Pertinentiis
789 2579 882 2610 eidem
897 2579 1030 2610 Nicholao
1044 2590 1092 2617 per
1109 2580 1221 2610 didtum

163 2617 266 2647 Filium
284 2616 415 2647 nostrum
438 2627 526 2654 nuper
546 2616 680 2649 conceffit
695 2640 705 2655 ,
728 2627 744 2646 a
764 2627 800 2648 eo
819 2619 932 2656 integre
946 2618 1018 2649 licut
1031 2619 1122 2649 dietus
1137 2618 1222 2648 Filius

163 2655 260 2685 noster
273 2665 305 2685 ea
321 2654 460 2693 praedicto
474 2654 606 2685 Nicholao
621 2655 776 2694 concessit,

202 2693 412 2724 HABENDA
432 2694 464 2725 ὃς
487 2693 714 2732 TENENDA,
733 2694 767 2724 ad
787 2702 878 2726 totam
902 2694 999 2726 Vitam
1020 2694 1147 2733 praediffi
1167 2696 1223 2724 Ni-

166 2731 269 2768 cholai,
287 2731 322 2760 de
340 2731 438 2762 Nobis
454 2755 464 2770 ‚
482 2732 515 2762 &
529 2731 698 2762 Haeredibus
714 2731 832 2770 nostris,
847 2743 897 2771 per
913 2733 1009 2763 eadem
1022 2733 1157 2771 Servitia,
1176 2742 1224 2769 per

167 2779 231 2807 quae
250 2770 340 2799 didius
355 2772 486 2798 Dominus
506 2770 538 2798 de
553 2769 656 2799 Lebret
672 2780 703 2800 ea
717 2772 807 2802 tenuit
819 2781 883 2802 ante
898 2771 1103 2809 For-issaetum,
1120 2771 1226 2801 Inobe-

168 2808 317 2844 dientiam,
335 2808 369 2837 ὃς
384 2807 585 2840 Rebellionem
602 2808 772 2847 supradieta3

207 2845 250 2876 Ita
262 2845 370 2883 semper
385 2845 482 2883 quod,
500 2846 564 2883 post
581 2845 710 2877 Mortem
723 2847 849 2884 praedieti
864 2847 1009 2884 Nicholai‚
1026 2847 1145 2884 Terrae,
1164 2846 1225 2877 Te—

169 2892 302 2914 nementa
316 2906 326 2921 ,
351 2882 480 2921 Hospitis
495 2906 505 2921 ,
531 2884 629 2915 Vineae
643 2907 652 2919 ,
676 2884 775 2922 Bosci,
792 2886 889 2921 Prata,
908 2885 1048 2924 Pastum,
1070 2886 1226 2923 Redditus,

170 2922 294 2959 Tailles,
313 2922 449 2959 Servitia,
468 2921 578 2952 Vendae
591 2923 625 2952 &
640 2922 850 2961 Retrovendae,
865 2923 932 2962 Jura
948 2924 981 2954 &
1001 2923 1122 2954 Deveria
1137 2924 1227 2962 supra-

171 2960 243 2990 dieta
257 2984 266 2995 ,
292 2970 360 2990 cum
381 2959 558 2990 Pertinentiis
574 2982 583 2996 ‚
609 2970 659 2998 per
673 2960 740 2990 Nos
755 2962 872 2998 praefato
886 2962 1034 2993 Nichoiao
1049 2962 1086 2992 fic
1106 2962 1135 2992 D
1145 2973 1164 2992 A
1174 2971 1226 2992 TA

172 3000 205 3030 &
231 2997 259 3029 C
267 3008 288 3029 o
298 3007 321 3028 N
331 3008 347 3029 c
356 3007 373 3028 E
383 3007 396 3029 s
404 3008 417 3029 s
425 3008 444 3028 A
461 3021 470 3036 ,
495 2998 529 3029 ad
546 2997 615 3029 Nos
634 2999 668 3030 &
681 2998 819 3030 Haeredes
840 2999 951 3030 nostros
964 3001 1073 3040 integre
1086 3009 1227 3033 revertan-

171 3045 226 3068 tur.

211 3074 725 3153 Inssfflgsgpff‘dcwestmomstefmm,
741 3114 857 3147 decimo
871 3115 916 3146 die
930 3115 1110 3148 Decembris.

1 1611 78 1644 Ann.
94 1610 134 1643 D,

23 1658 110 1690 1373·

2 1693 53 1718 An.
71 1699 118 1724 47.

1 1732 32 1757 Ε.
53 1737 79 1765 3.

4 1767 70 1802 Vasc-
89 1774 136 1800 47·

5 1807 136 1842 E.3.m.i.

673 3192 727 3220 Per
742 3193 835 3221 Breve
849 3192 882 3221 de
897 3193 1016 3223 Privato
1028 3192 1124 3229 sigillo.

178 3264 266 3324 ET
290 3263 458 3307 Mandatum
477 3265 517 3294 est
532 3265 687 3296 Senescallo
709 3264 795 3306 Regis
810 3266 973 3306 Vaseoniae,
993 3269 1026 3299 ὃ(
1041 3268 1229 3299 Constabula-

255 3303 296 3334 rio
320 3302 409 3338 Regis
428 3301 613 3340 Burdegalae,
638 3305 686 3341 qui
705 3314 781 3334 nunc
802 3306 864 3336 sunt
877 3329 886 3344 ,
911 3309 955 3336 vel
972 3310 1018 3344 qui
1035 3317 1085 3344 pro
1100 3316 1229 3345 tempore

175 3342 297 3379 sinerint,
315 3341 347 3371 δε
362 3350 461 3370 eorum
475 3341 568 3377 alteri,
585 3341 629 3371 seu
643 3352 742 3372 eorum
758 3343 839 3374 Loca
852 3346 1027 3381 tenentibus,
1048 3345 1126 3382 quiid
1135 3347 1228 3376 eidem

180 3378 313 3408 Nicholao
333 3380 430 3408 omnia
443 3379 576 3416 praeditsta
588 3379 691 3409 Terras
727 3380 924 3420 Tenementa,
942 3382 1088 3420 Hospitia‚
1109 3384 1228 3422 vineas,

180 3417 285 3446 Boscos
300 3439 310 3455 ,
332 3416 411 3447 Prata
424 3441 432 3455 ,
460 3416 582 3447 Pasturas
597 3440 606 3454 ,
631 3403 772 3457 Rediiitus
783 3442 792 3457 2
816 3419 936 3458 Tailles,
955 3421 1086 3458 Servitia,
1102 3421 1231 3460 vendas,

180 3454 393 3497 Retrovendas,
405 3454 490 3492 Jura,
506 3457 539 3486 &
553 3455 694 3495 Deveria,
711 3466 778 3486 cum
793 3456 979 3496 Pertinentiis,
995 3459 1043 3489 fibi
1059 3469 1106 3497 per
1122 3459 1165 3489 Re
1183 3471 1231 3490 em

184 3496 222 3522 lic
246 3493 365 3523 DATA
387 3495 421 3523 δε
447 3492 658 3524 Comassa
674 3517 685 3533 ,
715 3496 773 3525 una
799 3505 867 3526 cum
889 3495 1014 3527 Exitibus
1037 3497 1104 3527 inde
1124 3508 1139 3528 a
1190 3508 1233 3529 ata

183 3530 380 3567 Praesentium,
398 3531 455 3561 fine
469 3531 602 3562 dilatione
615 3531 723 3563 liberari
733 3556 743 3571 ,
761 3533 794 3564 ὃ(
809 3535 835 3564 ei
850 3543 898 3571 per
910 3534 936 3564 se
952 3535 996 3564 vel
1012 3535 1232 3566 Procuratorem

183 3570 263 3600 suum
281 3569 391 3606 plenam
406 3570 439 3598 &
455 3570 602 3607 pacificam
617 3569 821 3602 Poffeffionetn
836 3572 901 3602 inde
916 3573 1018 3605 habere
1032 3573 1143 3611 faciant,
1156 3576 1234 3612 juttta

183 3608 333 3638 Tenorem
351 3606 507 3637 Literarum
523 3607 610 3646 Regis
625 3608 840 3649 praedic‘tarurng
856 3611 915 3643 vult
926 3612 1004 3642 enim
1020 3611 1084 3642 Rex
1104 3613 1176 3649 ipsos
1192 3614 1234 3642 in-

185 3647 222 3678 de
236 3657 303 3683 erga
318 3645 434 3682 Regem
448 3647 596 3676 exonerari.

222 3685 290 3715 Dat.
310 3693 340 3715 ut
356 3684 441 3721 supra.

24 3819 177 3854 wit-1133.

7 3855 174 3889 wainni).

40 3904 146 3960 A¹374=

39 3943 153 4008 127¹?st
192 3962 404 4023 SAnQifflmo
424 3968 453 3996 in
474 3966 592 3998 Christo
614 3966 688 3997 Patri
711 3968 744 3998 &
766 3967 900 3998 Domino
914 3992 924 4005 ,
950 3967 1085 3999 Domino
1098 3972 1240 4009 Gregorio,

39 4012 94 4036 pas,
108 4019 155 4044 47,
249 4000 353 4032 Divina
373 4003 571 4044 Providentia,
586 4005 775 4035 Sacrosanthe
794 4006 936 4036 Romanae
954 4017 987 4037 ac
1001 4007 1171 4039 Universalis
1184 4010 1241 4040 Ec—

41 4050 69 4073 E.
80 4054 135 4084 ἔρ,
147 4058 171 4075 2,
190 4039 280 4069 clesiae
301 4043 406 4069 Summo
423 4042 547 4082 Pontifici
559 4066 569 4081 ‚
593 4044 752 4073 Edwara'us
770 4067 778 4082 ,
799 4043 856 4074 Dei
869 4043 973 4083 gratia,
991 4048 1050 4075 Rex
1062 4049 1183 4077 Franciae

27 4091 111 4119 *rh-4·
190 4077 321 4117 Anglile,
339 4079 372 4111 &
388 4078 534 4112 Dominus
547 4080 711 4120 Hiberniae,
730 4082 831 4115 devota
841 4082 949 4114 Pedum
961 4083 1064 4116 Oscula
1081 4086 1240 4117 beatorum.

191 3824 212 3846 *
234 3824 293 3858 Ad
307 3828 421 3872 Papam
432 3852 442 3867 ,
466 3823 501 3857 de
519 3825 666 3858 Elefflone
684 3825 901 3873 Archiepiftopi
920 3828 1071 3872 Eborum,
1096 3834 1132 3869 &-
1150 3834 1239 3877 Regio

572 3872 696 3919 Affinfit
714 3873 859 3909 adhibito.

1270 199 1746 242 PussttcA.
2223 214 2275 254 15

1259 285 1385 317 Vacante
1413 296 1500 324 nuper
1523 286 1649 317 Ecclesia
1670 284 1829 316 Cathedrali
1850 284 1925 316 beati
1946 283 2023 317 Petri
2041 282 2174 316 Eborum
2189 306 2199 324 ,
2225 293 2275 324 per
2297 282 2422 317 Ann.D,

1225 322 1375 363 Mortem,
1394 325 1481 355 felicis
1497 325 1694 355 recordationis
1708 347 1718 362 ,
1741 323 1881 362 Johanxis
1894 325 1925 353 de
1939 324 2085 363 Thoresby,
2107 324 2200 354 ultimi
2221 325 2276 355 Ar·
2316 330 2401 364 13742

1225 362 1394 402 chiepiscopi
1409 363 1464 393 loci
1479 363 1564 400 illius,
1584 362 1748 400 Capitulum
1764 361 1848 392 dieite
1860 361 1993 393 Ecclesiae
2004 361 2138 399 (Decano
2151 362 2274 401 ejusdem
2298 365 2362 393 Edv.
2380 375 2406 402 3.

1224 400 1254 430 in
1269 402 1382 431 remotis
1397 402 1508 437 aperite)
1530 401 1674 432 voluntate
1690 401 1815 430 unanimi
1831 401 1864 431 ὃς
1882 401 2032 437 consensu,
2055 401 2156 431 Virum
2178 400 2274 431 Vene-

1225 438 1342 468 rabilem
1363 440 1396 470 &
1413 437 1578 469 Discretum
1592 462 1601 477 ,
1622 439 1791 477 Magistrum
1811 437 2002 468 Alexasidrum
2016 439 2046 468 de
2061 439 2176 478 Nevill,
2192 437 2275 470 Con-

1226 478 1395 507 canonicum
1416 477 1493 507 suum
1515 477 1610 514 (petita
1634 477 1707 514 prius
1728 488 1743 507 a
1764 477 1846 507 nobis
1871 476 1999 508 Licentia
2021 476 2150 513 Eligendi
2163 501 2172 516 ‚
2191 485 2275 515 prout

1227 517 1313 545 moris
1328 514 1368 544 est
1378 537 1387 553 ,
1402 515 1435 545 &
1449 515 1576 552 optenta)
1598 514 1745 551 Eligerunt
1765 517 1793 544 in
1808 515 1885 545 lirum
1905 515 2157 553 Archiepiscopum
2175 516 2207 546 ὃς
2222 515 2276 546 Pa-

1228 552 1346 591 storem,
1368 552 1503 590 nobisque
1516 562 1584 582 cum
1599 553 1725 583 instantia
1737 553 1922 590 supplicarunt
1938 563 1968 584 ut
1980 553 2139 592 hujusmodi
2151 553 2278 584 Eleetioe

1228 593 1256 621 ni
1264 592 1325 660 &te
1341 590 1488 621 Assensum
1502 591 1609 629 regium
1623 592 1747 628 praebere
1762 601 1905 623 curemus:

1301 640 1332 659 os

1265 654 1350 705 lprm}
1370 666 1498 706 Magistri
1513 665 1661 697 Alexandri
1676 666 1879 697 considerantes
1895 667 2002 698 Merita
2017 665 2166 698 Probitatis

1266 707 1310 736 Ac
1324 706 1458 742 sperantes
1471 704 1577 736 dictam
1594 704 1748 735 Ecclesiam
1767 705 1797 742 (si
1814 705 1893 746 ipsius
1916 706 2063 740 Regimini
2084 692 2235 746 praesicleat)
2253 707 2282 736 in

1230 743 1448 778 Temporalibus
1468 744 1501 774 δε
1525 742 1714 780 Spiritualibus
1730 766 1739 780 ,
1765 753 1812 782 per
1835 744 1915 780 ipsius
1938 743 2232 783 Circumspeetionem
2248 745 2282 776 δί

1231 781 1418 819 Industriam,
1435 781 1555 811 salutaria
1569 780 1648 818 posse
1663 780 1796 818 suscipere
1810 780 2003 819 Incrementa,

1267 820 1410 850 Electioni
1429 818 1572 856 praedietae
1591 818 1749 856 hujusmodi
1764 820 1892 856 Regium
1913 819 2058 850 Affensum
2073 821 2236 851 adhibemus
2249 820 2283 852 &

1232 858 1378 895 favorem,
1399 857 1434 888 Et
1448 857 1506 887 hoc
1522 857 1619 887 vestrae
1631 856 1775 888 Sanetitati
1789 856 1973 896 significamus
1990 868 2036 895 per
2054 859 2219 896 praesentes,
2238 867 2287 896 ut,

1235 896 1314 966 ¹quod
1329 896 1362 926 ad
1376 906 1429 927 vos
1446 896 1564 933 pertinet
1584 897 1612 925 in
1634 896 1684 926 hac
1698 905 1791 934 parte,
1811 896 1922 925 ulterius
1936 898 2037 935 exequi
2049 897 2202 936 dignemini
2216 896 2286 928 cum

1247 945 1340 964 avore.

1274 972 1309 1003 In
1327 973 1420 1010 cujus,
1440 972 1501 1002 &c.

1312 1010 1378 1041 Dat.
1397 1012 1426 1041 in
1440 1010 1545 1041 Palatio
1559 1009 1657 1040 nostro
1671 1008 1878 1040 Westmonast.
1897 1009 1991 1047 primo
2005 1008 2050 1040 die
2059 1010 2189 1050 Januarii.

2080 1084 2162 1124 Dupl.

1445 1214 1502 1244 Pro
1519 1209 1661 1258 Johanne
1681 1208 1806 1254 Fastolfo
1819 1237 1828 1252 ‚
1854 1208 1890 1242 de
1906 1208 2094 1243 Intendena'o.

1313 1295 1394 1334 EX,
1413 1295 1558 1326 Universis
1572 1296 1605 1325 &
1621 1295 1730 1334 singulis
1746 1294 1896 1331 Dominis,
1916 1292 2111 1333 Magnatibus,
2128 1295 2299 1334 Admirallis,
2320 1307 2386 1338 Am,
2411 1303 2454 1338 D,

1261 1369 1265 1374 .
1291 1369 1295 1374 ⁵
1325 1334 1498 1371 Capitaneis,
1517 1333 1576 1368 &a
1596 1334 1655 1364 tam
1671 1335 1699 1363 in
1716 1334 1836 1370 partibus
1852 1332 2072 1371 Transniarinis,
2091 1334 2176 1372 quarn
2189 1333 2297 1365 Cisma-
2348 1332 2433 1384 13-24„

1245 1378 1310 1399 rinis
1324 1372 1497 1410 constitutiS,
1515 1372 1548 1402 ad
1565 1381 1651 1409 quos,
1670 1372 1730 1402 &c.
1749 1371 1882 1401 Salutem.
2320 1388 2361 1412 An
2387 1365 2434 1419 {45-

1282 1408 1362 1439 Cum
1383 1412 1523 1440 mittamus
1538 1433 1548 1448 ,
1571 1409 1687 1440 dilectos
1702 1410 1734 1440 ὅτ
1748 1409 1839 1439 fideles
1853 1407 1980 1446 nostros,
1998 1409 2160 1439 Nishslaum
2173 1411 2204 1440 de
2220 1413 2298 1447 Dag-
2321 1427 2350 1450 E.
2370 1433 2394 1459 3

1245 1447 1337 1477 worth
1361 1447 1485 1478 Militem
1498 1471 1508 1485 ,
1529 1447 1686 1486 Johannem
1702 1446 1819 1486 Fastolf,
1837 1448 1868 1477 ὃ(
1883 1447 2010 1476 Thomam
2024 1451 2136 1477 Duram
2146 1472 2155 1487 ,
2172 1449 2206 1479 ad
2222 1459 2300 1487 quae—
2322 1467 2396 1489 Fran·
2408 1460 2454 1495 43,

1244 1484 1310 1553 gam
1334 1485 1592 1554 ὃοςέςῖῐεάΝεὲοῑὶᾶ
1607 1509 1616 1524 ,
1633 1495 1684 1516 nos
1697 1486 1848 1524 specialiter
1863 1487 2018 1525 tangentia,
2038 1496 2066 1515 in
2083 1488 2197 1518 <liveriis
2213 1487 2301 1518 Parti·
2323 1504 2352 1527 E.
2377 1509 2401 1535 3,

1268 1533 1297 1554 us
1309 1533 1342 1553 ex
1364 1534 1379 1554 e
1401 1534 1446 1554 ien
1467 1534 1482 1554 a

1283 1534 1362 1592 NosP
1366 1563 1430 1600 (pro
1444 1572 1480 1592 eo
1489 1548 1569 1602 ²quod
1582 1561 1617 1592 N
1653 1561 1711 1592 otIa
1725 1561 1770 1591 illa
1784 1560 1903 1591 insidunt
1918 1561 2015 1591 intime
2036 1564 2118 1593 nobis
2134 1563 2230 1601 'cordi)
2248 1574 2301 1594 vo-

1248 1601 1351 1639 lentes,
1369 1610 1422 1641 pro
1442 1601 1526 1632 celeri
1546 1599 1623 1637 Expe
1644 1601 1732 1630 itione
1754 1599 1920 1632 eorumdem
1939 1597 2151 1640 Negotiorum,
2169 1603 2197 1631 in
2206 1612 2302 1640 ‚quan-

1249 1647 1311 1670 tum
1327 1640 1481 1677 poterimus
1513 1638 1679 1676 providere,
1695 1638 1795 1676 vobis,
1811 1637 1844 1668 &
1859 1637 1972 1667 cuilibet
1986 1637 2115 1669 vestrum
2127 1662 2136 1676 ‚
2155 1640 2304 1677 specialiter

1251 1676 1425 1716 In'ungimus
1437 1677 1469 1708 ὃς
1485 1663 1654 1707 Mandamus
1666 1676 1794 1714 quatinus
1807 1675 1909 1705 eisdem
1918 1698 1928 1712 ‚
1946 1675 2099 1716 Nicholao,
2113 1677 2257 1716 Johanni,
2272 1679 2305 1708 ὃς

1249 1687 1371 1754 Τέοηω,
1389 1716 1422 1746 &
1444 1725 1543 1746 eorum
1565 1715 1698 1750 cuilibet,
1715 1715 1744 1744 in
1759 1715 1892 1745 omnibus
1909 1714 1942 1745 &
1956 1713 2089 1753 singulis,
2106 1726 2169 1753 quae
2186 1715 2310 1754 Expedi-

1249 1755 1358 1785 tionem
1381 1753 1416 1784 N
1418 1755 1580 1793 egotiorum
1602 1753 1800 1791 praedidtorum
1813 1762 1988 1783 concernunt
2002 1753 2045 1782 vel
2060 1764 2235 1785 concernere
2255 1765 2309 1792 po-

1251 1800 1358 1830 terunt,
1378 1792 1523 1822 Auxilium
1536 1793 1569 1823 &
1585 1792 1741 1830 Pavorem,
1760 1801 1822 1828 quae
1840 1791 1982 1833 poteritis,
2001 1791 2089 1821 nostri
2106 1794 2226 1830 intuitu³
2242 1803 2310 1824 cum

1251 1830 1358 1861 effeitu
1373 1831 1535 1868 praebeatis,
1553 1831 1586 1861 &
1600 1840 1662 1867 eos,
1681 1829 1749 1859 hinc
1760 1830 1793 1860 ὃ(
1809 1829 1891 1866 inde,
1907 1839 1956 1866 per
1970 1829 2107 1868 Terram,
2125 1830 2171 1861 vel
2186 1842 2235 1869 per
2245 1830 2311 1862 Ma-

1252 1879 1297 1907 re,
1316 1879 1384 1900 cum
1399 1868 1592 1906 Hominibus,
1618 1868 1724 1906 Equis,
1740 1868 1773 1898 &
1789 1867 1940 1897 Hernesiiis
1957 1867 2021 1905 suis,
2041 1870 2170 1906 quotiens
2182 1870 2231 1899 sibi
2253 1871 2311 1907 pla-

1251 1908 1358 1945 cuerit,
1379 1907 1465 1937 libere
1481 1907 1591 1937 transire
1604 1906 1770 1944 permittatis
1806 1906 1838 1936 ὃς
1854 1907 1892 1935 eis
1906 1906 1938 1935 &
1953 1915 2052 1936 corum
2069 1907 2184 1937 cuilibet
2200 1909 2227 1937 in
2244 1909 2312 1946 hiis3

1253 1956 1318 1984 quae
1333 1946 1415 1976 vobis
1434 1955 1468 1976 ex
1490 1953 1564 1982 parte
1579 1944 1673 1975 nostra
1695 1928 1868 1986 esposiierint
1883 1966 1892 1981 ,
1910 1943 1953 1974 vel
1970 1944 2123 1981 exposuerit
2145 1946 2241 1984 aliquis
2263 1956 2313 1976 eo-

1251 1994 1330 2022 rum,
1352 1983 1529 2015 Intendentes
1542 1983 1595 2014 sitis
1609 1983 1641 2014 ὃ(
1655 1981 1883 2020 Relpondentes,
1902 1983 2155 2022 quotienscumque
2167 1994 2238 2022 opus
2253 1985 2314 2015 fue—

1253 2024 1289 2053 rit
1301 2022 1345 2052 vel
1361 2022 1480 2052 necesse.

1291 2060 1325 2091 In
1341 2061 1418 2098 cujus
1452 2061 1512 2091 &c.

1326 2097 1416 2129 Teste
1425 2085 1512 2138 ’Rege
1527 2097 1599 2139 apud
1611 2095 1919 2135 Westmonasterium,
1937 2096 2059 2128 secundo
2073 2097 2118 2128 die
2132 2098 2286 2130 Februarii.

2322 1548 2359 1566 m.
2377 1546 2421 1563 22.

1300 2232 1359 2267 Ad
1382 2236 1496 2280 Papam
1520 2259 1530 2275 ‚
1560 2231 1596 2265 de
1627 2233 1700 2263 Loco
1718 2257 1727 2273 ,
1758 2242 1814 2278 pro
1835 2233 1983 2274 Nuncit's,
2003 2231 2092 2278 fhper
2109 2230 2273 2265 Concordia
2293 2245 2295 2247 ¹

1600 2280 1809 2322 Traflaturis,
1834 2280 1987 2328 Eliges-nlo.

1259 2365 1470 2428 SAnt‘Rtiffimo
1493 2367 1520 2396 in
1545 2363 1662 2395 Christo
1684 2364 1758 2395 Patri
1779 2365 1914 2396 Domino
1931 2367 2074 2401 Gregorio,
2093 2363 2201 2395 Divina
2215 2365 2316 2398 Provi-

1316 2405 1425 2443 dentia,
1443 2403 1632 2435 Sici—osanetae
1645 2402 1787 2434 Romanae
1811 2404 1845 2434 &
1868 2402 2038 2432 Univerllilis
2061 2402 2196 2434 Ecclefiae
2210 2409 2315 2434 sumno

1258 2441 1399 2482 Pontifici,
1417 2443 1593 2479 Edwardus,
1612 2441 1667 2471 Dei
1682 2441 1787 2480 gratia,
1805 2444 1864 2471 Rex
1879 2444 2000 2470 Frassciae
2013 2440 2050 2475 (ᾤ’
2060 2442 2189 2480 Angliae,
2207 2444 2315 2474 &Do-

1258 2483 1351 2512 minus
1367 2481 1531 2518 Hiberniae,
1548 2480 1652 2510 devota
1668 2479 1778 2511 Pedum
1792 2480 1884 2511 oscula
1899 2479 2057 2510 Beatorum.

1297 2519 1443 2550 PATER
1472 2519 1751 2557 Bearissiiue,

1254 2569 1256 2572 ’
1297 2558 1346 2588 De
1367 2558 1523 2588 Sanfftitatis
1542 2556 1641 2588 vestrae
1660 2556 1731 2586 facie
1745 2579 1754 2595 ‚
1772 2555 1957 2587 Reverendus
1972 2555 2070 2594 Pater,
2084 2557 2261 2597 Bangorenfis
2273 2559 2313 2587 E-

1253 2597 1386 2636 piscopus,
1405 2597 1438 2626 ὅ(
1451 2597 1495 2626 alii
1508 2595 1719 2625 Ambaxiatores
1733 2594 1842 2633 nostri,
1861 2594 1894 2625 ad
1909 2593 2033 2624 nostram
2046 2596 2220 2635 praesentiam
2235 2606 2316 2627 acce-

1259 2635 1373 2672 dentes,
1393 2634 1551 2672 Beneficia,
1569 2632 1694 2670 Gratias,
1715 2633 1775 2664 *ἃ
1791 2633 1926 2663 Honores
1939 2633 2123 2670 exposuerunt
2137 2635 2218 2665 nobis
2233 2645 2316 2673 quae,

1260 2672 1504 2710 contemplatione
1518 2671 1624 2709 nostri,
1643 2672 1738 2702 eadem
1755 2672 1890 2702 Sanititas
1904 2672 1940 2701 eis
1955 2671 2040 2710 fecit,

1298 2710 1411 2748 Insuper
1432 2720 1466 2740 ex
1488 2720 1587 2740 eorum
1608 2710 1719 2748 Dtffis,
1738 2711 1771 2742 &
1787 2710 1881 2740 vestris
1895 2709 1997 2740 Literis
2013 2709 2191 2748 specialibus,
2211 2712 2313 2742 merito

1261 2750 1343 2779 nobis
1357 2750 1453 2787 gratis,
1471 2748 1564 2779 debite
1579 2748 1739 2786 informati,
1758 2748 1793 2778 de
1808 2748 1898 2779 vestra
1913 2747 2078 2778 Affeffione
2093 2748 2215 2787 sincera,
2233 2760 2318 2788 quam

1262 2797 1326 2827 erga
1346 2787 1414 2818 Nos
1436 2788 1528 2826 geritis
1542 2810 1551 2824 ,
1570 2786 1606 2816 de
1621 2786 1722 2817 Gratia
1736 2787 1843 2824 speciali
1858 2788 1891 2818 &
1906 2786 1942 2816 de
1954 2785 2121 2824 Deliderio,
2140 2788 2218 2825 quod
2234 2789 2320 2819 habe-

1250 2828 1296 2857 ‘tis
1319 2834 1350 2856 ut
1374 2827 1444 2856 inter
1467 2825 1647 2856 Santstitatem
1664 2825 1783 2856 vestram
1797 2826 1829 2855 ὃ(
1847 2824 1914 2855 Nos
1930 2824 2073 2861 peculiaris
2088 2824 2204 2855 Amoris
2220 2827 2320 2856 vincu-

1264 2865 1324 2895 lum
1347 2864 1513 2902 singulariter
1532 2863 1662 2893 lolidetur
1679 2886 1688 2900 ,
1712 2872 1745 2892 ex
1767 2863 1854 2892 nostri
1869 2863 1961 2892 cordis
1977 2862 2126 2892 visceribus
2141 2865 2237 2901 gratias
2251 2864 2321 2894 refe-

1263 2913 1369 2939 rentes,
1388 2903 1582 2933 Dilefflonem
1596 2902 1755 2939 hujusmodi
1769 2924 1779 2939 ,
1804 2911 1872 2932 cum
1888 2901 2068 2931 incremento
2082 2903 2236 2940 continuo,
2256 2903 2322 2933 inti-

1265 2943 1313 2972 me
1330 2941 1502 2971 affcstamus.

1302 2979 1346 3010 Ex
1369 2979 1468 3010 vestae
1482 2979 1565 3008 etiam
1588 2977 1744 3008 Sanffiratis
1767 2976 1885 3013 Literis,
1904 2977 1937 3008 δε
1951 2976 2138 3008 Nunciorum
2157 2976 2320 3009 nostrorum

1265 3018 1433 3055 Relatione,
1451 3018 1609 3054 accepimus
1628 3016 1706 3053 quod
1717 3015 1811 3053 ‚super
1828 3015 1927 3046 vestrae
1939 3015 2084 3046 Serenitati
2099 3016 2243 3054 expolitis,
2258 3027 2322 3054 quae

1265 3056 1334 3087 Nos
1349 3066 1480 3094 gravant,
1499 3053 1661 3085 Beatitutlini
1677 3053 1775 3083 vestrae
1792 3053 1892 3091 placuit
1908 3063 1938 3084 ut
1954 3055 2086 3092 interim,
2112 3053 2244 3085 stantibus
2260 3054 2322 3084 Ne-

1266 3096 1350 3133 gotiis
1366 3103 1449 3132 prout
1465 3095 1491 3122 in
1505 3093 1623 3130 quadam
1639 3091 1765 3129 Cedulzi,
1782 3093 1810 3121 in
1827 3093 1927 3122 Literis
1943 3093 2040 3122 vestris
2061 3093 2169 3123 inclusa
2183 3117 2192 3129 ,
2211 3094 2320 3130 plenius

1266 3135 1445 3167 continetur,
1461 3142 1509 3169 per
1522 3131 1626 3167 aliquos
1642 3129 1727 3160 Viros
1742 3129 1911 3168 prudentes,
1929 3130 1964 3160 de
1980 3130 2074 3161 vestris
2089 3132 2121 3161 ὃς
2135 3132 2249 3167 nottrks,
2268 3141 2320 3167 pro

1266 3171 1396 3212 ponenda
1425 3169 1589 3200 Concordia
1616 3170 1644 3198 in
1668 3168 1810 3205 praemiffis
1826 3192 1835 3206 ,
1866 3168 2052 3206 Colloquium
2074 3169 2236 3199 haberemus
2252 3181 2260 3205 3
2287 3170 2320 3199 ὃ(

1266 3210 1345 3249 quod
1365 3209 1432 3239 Nos
1454 3209 1670 3239 convenientem
1696 3207 1809 3236 Locum
1831 3217 1884 3244 pro
1909 3207 1984 3238 fafito
2007 3207 2163 3245 hujusmodi
2187 3207 2321 3245 eligamus

1267 3249 1356 3281 vestra
1372 3247 1504 3278 Sanctitas
1519 3255 1705 3276 contentatur.

1304 3287 1394 3324 Super
1407 3286 1525 3323 quibus,
1541 3283 1739 3313 deliberatione
1755 3283 1860 3314 matursi
1877 3283 1969 3314 habita
1985 3306 1994 3322 ‚
2014 3283 2127 3314 Bonum
2144 3281 2319 3312 Concordiae

1268 3324 1448 3356 desiderantes
1456 3346 1465 3360 ‚

1307 3364 1423 3393 Interim
1441 3360 1535 3392 Caufis
1551 3360 1620 3398 illis,
1639 3369 1702 3398 quae
1717 3360 1744 3388 in
1761 3359 1854 3389 nostra
1869 3359 1952 3389 Curia
1966 3359 2131 3388 ventilantur
2147 3382 2156 3396 ,
2175 3358 2320 3397 suspensis,

1268 3403 1301 3433 &
1321 3402 1376 3431 aliis
1397 3399 1615 3430 Conditionibus
1628 3421 1637 3435 ‚
1664 3407 1745 3434 prout
1768 3398 1870 3427 Litcrae
1892 3396 1988 3428 vestra:
2010 3398 2179 3433 erpolcunt,
2199 3398 2225 3426 in
2249 3396 2321 3428 statu

1270 3440 1380 3477 positis,
1397 3439 1499 3468 &hoc
1518 3436 1604 3474 usque
1617 3436 1649 3466 ad
1666 3436 1768 3465 instans
1784 3435 1897 3465 Festum
1915 3436 1986 3465 beati
1998 3435 2133 3472 joliannis
2148 3435 2275 3473 34³1.stae
2288 3459 2296 3474 ‚

1308 3477 1388 3508 Cum
1410 3478 1478 3506 certi
1499 3475 1631 3505 fuerimus
1651 3474 1688 3504 de
1700 3474 1883 3505 Nunciorum
1898 3473 2056 3504 vestrorum
2069 3473 2191 3504 adventu
2205 3475 2234 3504 in
2250 3474 2321 3504 Bru-

1272 3526 1321 3554 ges
1337 3516 1380 3546 vel
1395 3514 1542 3545 Callefium
1552 3536 1561 3550 ,
1963 3549 1968 3555 ¹

1311 3554 1410 3591 Quem
1423 3553 1534 3583 illorum
1549 3550 1693 3581 Beatitudo
1706 3549 1796 3580 vestra
1811 3549 1997 3588 praeelegerit,

1310 3592 1390 3622 Cum
1412 3591 1446 3621 ad
1466 3590 1567 3621 Sedem
1585 3589 1780 3626 Apostolicam
1804 3588 1865 3618 Viri
1886 3588 1950 3618 tales
1965 3588 2001 3617 de
2017 3587 2116 3618 nostris
2130 3587 2225 3619 secure=
2240 3597 2323 3618 acce-

1271 3630 1338 3661 dere
1352 3637 1505 3668 nequeant,
1521 3628 1620 3666 quibus
1634 3627 1701 3657 Nos
1716 3627 1871 3665 hujusmodi
1885 3625 2015 3663 Negotia
2027 3629 2207 3657 committet:
2223 3626 2322 3663 digna-

1276 3679 1386 3706 remur,

1312 3706 1448 3737 Nuncios
1462 3703 1571 3735 nostros
1583 3703 1779 3733 destinabimus
1795 3702 1922 3740 indilate3

1314 3744 1425 3775 Idcirco
1453 3743 1488 3778 (P
1496 3753 1515 3772 A
1524 3750 1546 3771 'r
1556 3751 1572 3772 Ε
1582 3751 1606 3771 R
1631 3740 1651 3771 S
1660 3750 1678 3770 Α
1689 3749 1709 3770 Ν
1720 3750 1766 3771 cT
1775 3742 1804 3778 a)
1829 3741 1864 3771 de
1885 3741 1971 3771 altero
1998 3740 2198 3778 predictorum
2224 3740 2324 3772 Loco-

1277 3792 1359 3820 rum,
1378 3791 1463 3820 quem
1482 3780 1614 3811 Sanctitas
1633 3778 1722 3809 vestra
1740 3779 1848 3810 duxerit
1868 3778 2025 3818 eligendum
2041 3801 2050 3816 ,
2075 3780 2107 3809 &
2122 3779 2158 3808 de
2172 3779 2323 3818 Tempore

1278 3831 1336 3860 quo
1351 3820 1434 3851 vestri
1446 3818 1479 3848 N
1483 3819 1558 3849 uncii
1572 3817 1676 3847 ibidem
1691 3819 1912 3856 comparebunt,
1930 3819 1963 3848 &
1978 3816 2014 3847 de
2031 3817 2170 3885 Qtffiffle
2182 3817 2305 3855 ipsorum
2315 3841 2325 3856 ,

1277 3859 1374 3890 eadem
1397 3857 1531 3888 Sanetitas
1550 3855 1618 3886 Nos
1638 3855 1789 3887 certificare
1808 3857 1937 3895 dignetur
1951 3878 1961 3894 ,
1979 3865 2009 3885 ut
2023 3858 2073 3885 noi
2089 3857 2110 3885 ri
2121 3855 2248 3893 ibidem,
2266 3856 2328 3886 abs-

1279 3908 1334 3936 que
1349 3896 1477 3933 defeetu,
1495 3894 1596 3924 eisdem
1610 3894 1718 3925 valeant
1738 3895 1870 3932 obviare,
1890 3895 1938 3924 ubi
1954 3902 2090 3931 quantum
2105 3895 2276 3932 poterimus,
2293 3894 2328 3923 si*

1280 3946 1316 3966 ne
1337 3934 1465 3965 Coronae
1486 3932 1588 3963 nostrae
1606 3932 1792 3969 imposterum
1808 3932 1953 3968 Laesione,
1971 3932 2069 3962 libenti
2082 3933 2179 3963 animo
2192 3932 2327 3963 faciemus

1278 3975 1312 4005 ad
1328 3981 1445 4002 omnem
1457 3972 1563 4000 bonam
1578 3969 1771 4001 Concordiam
1785 3979 1866 4009 atque
1881 3970 1994 4000 Pacem.

1317 4011 1505 4053 Supplicantes
1516 4009 1640 4046 quatinus
1650 4031 1660 4046 ,
1678 4009 1757 4046 super
1773 4009 1856 4039 causis
1871 4006 2032 4046 praemiffis,
2051 4007 2281 4046 Suspenfionem,
2299 4009 2328 4037 in

2340 2374 2414 2405 Ann.
2426 2372 2468 2404 D.

2338 2422 2454 2488 Αὲῑῖΰὲῑ

2339 2496 2367 2518 ε,
2389 2500 2416 2527 3.

2338 2528 2474 2566 Claus.48.

2339 2572 2457 2632 Egydm.

2339 2615 2474 2680 ἶν’]ῐζμ,

1200 4046 1239 4083 &⁴
1280 4049 1369 4081 vestra
1393 4047 1479 4077 Curia
1499 4047 1659 4077 inchoatam
1676 4070 1685 4084 ,
1707 4055 1789 4085 prout
1812 4046 1879 4077 Nos
1900 4047 1983 4076 etiam
1999 4069 2009 4084 ,
2028 4045 2047 4076 si
2063 4046 2121 4077 hoc
2136 4046 2182 4078 fiat
2197 4049 2226 4077 in
2241 4045 2328 4075 Curia

1280 4087 1375 4119 nostra
1386 4109 1396 4125 ‚
1414 4087 1564 4124 faciemus,
1581 4084 1697 4117 durante
1710 4085 1845 4117 Tradkatu
1859 4084 1904 4116 seu
1919 4083 2078 4123 Colloquio
2091 4082 2331 4153 [3αάἰῶῃέἒὶξῖ
