2561 4251
102 177 223 210 Ann.D

123 221 209 259 1381.

101 260 152 287 liic.
173 269 199 289 ι.

76 2325 180 2355 Ibidem.

74 2950 172 2979 *vir

75 3000 139 3027 3¹²·

72 3028 151 3058 Ann.
167 3026 207 3056 D.

103 3067 189 3104 1381.

71 3109 167 3141 A71.4.

72 3149 101 3172 R.
124 3154 148 3170 2v

72 3186 159 3209 Franc.
179 3194 207 3219 4.

72 3224 103 3248 R.
118 3231 191 3250 zan.

77 3628 155 3660 Ann.
168 3624 210 3655 D.

100 3664 184 3707 1331.

77 3708 130 3732 Aa.
146 3716 175 3741 4.-

76 3747 107 3769 R.
126 3753 152 3770 2.

77 3785 142 3809 διαὶ.
161 3793 188 3818 4.

76 3822 105 3846 R.
130 3830 155 3847 2.
172 3829 210 3848 m·

222 2420 261 2460 fic

254 107 331 138 122

245 181 388 212 Hostium
409 180 572 210 nostrorum
593 176 754 208 incursibus
771 176 923 213 evitandis,
942 185 975 205 ac
993 175 1051 205 aliis
1066 174 1152 204 causis
1168 171 1322 211 quamplu-

246 221 339 257 ribus,
360 219 395 249 de
409 218 592 248 Avisamento
607 215 733 247 Concilii
748 215 854 253 nostri,
872 214 1005 244 duximus
1021 211 1223 242 Ordinandum
1239 209 1321 248 quod

247 259 346 289 omnia
368 259 401 288 ἃ
424 255 526 292 singula
549 255 669 291 Placita,
685 264 784 285 coram
804 254 904 290 vobis,
918 254 947 282 in
961 251 1065 282 eodem
1082 251 1181 281 Banco
1195 249 1321 293 penden—

247 297 301 334 tia,
319 297 386 325 hinc
403 294 436 323 ad
449 293 574 325 Ociabas
589 293 684 324 Sandri
702 291 868 328 Michaelis,
887 292 1025 328 proximo
1042 290 1164 327 futuras,
1184 289 1319 326 plantan-

245 335 297 371 da,
317 334 401 371 usque
421 331 456 362 ad
478 332 587 363 easdem
607 332 733 362 Ostabas
752 332 781 360 in
804 329 910 361 eodem
932 328 1029 367 Statu,-
1055 339 1117 368 quo
1137 337 1216 360 nunc
1240 327 1319 365 sunt,

246 373 444 404 contineantur
459 380 493 401 ex
507 371 593 403 causis
606 369 779 407 supradietis:
1310 387 1313 391 -

283 409 322 440 Et
334 409 401 440 ideo
417 410 500 440 vobis
514 410 679 440 mandamus
694 407 775 446 quod
790 407 889 438 omnia
902 407 936 438 &
950 406 1054 446 singula
1075 405 1197 443 Placita,
1217 413 1316 449 coram

242 449 345 486 vobis,
364 449 392 478 in
410 447 514 478 eodem
530 447 644 485 Banco,
662 447 697 477 de
710 446 830 477 OCtabis
846 445 1066 484 Qindenarum
1082 445 1194 475 Sancta:
1217 443 1318 474 Trini-

246 488 323 524 tatis,
351 487 385 517 &
406 486 442 516 de
462 486 613 523 Crastino,
638 485 775 523 Ombis,
792 485 826 516 &
852 484 1016 522 Quindenis
1035 483 1198 514 Nativitatis
1218 482 1316 526 Sanffi

242 525 380 563 johannis
402 524 548 564 Baptistae,
569 526 703 562 proximo
725 523 843 561 futuris,
868 523 1040 562 placitanda,
1065 521 1152 560 usque
1173 521 1207 551 ad
1228 521 1316 551 dietas

245 563 372 594 Ostabas
394 564 490 594 Sanc'ti
515 563 683 602 Michaelis,
701 564 730 593 in
750 562 856 594 eodem
876 563 971 601 Statu,
991 572 1051 599 quo
1074 571 1152 591 nunc
1173 561 1252 598 sunt,
1272 559 1318 591 vel

244 603 303 633 effe
320 603 473 640 deberent,
497 602 516 632 si
538 602 655 640 Brevia,
673 602 747 633 dicia
766 602 875 633 Placita
887 609 1050 646 tangentia,
1068 609 1169 643 coram
1185 598 1269 642 vobis
1288 599 1318 628 in

243 641 349 672 eodem
372 641 468 672 Banco
490 641 602 672 fuissent
624 641 796 680 Retornata,
821 640 1000 678 Adjornetis‚
1018 640 1052 670 &
1079 637 1223 676 Partibus,
1240 637 1318 668 dieta

245 679 374 719 Negotia
388 680 425 711 fic
437 680 674 719 Prosequentibus
683 704 692 718 ,
706 680 814 711 easdem
828 677 956 711 chabas
970 678 1069 710 saneti
1081 677 1233 709 Michaelis
1245 686 1319 715 prae-

244 718 349 759 figatis,
1198 742 1211 749 „

282 756 486 788 Mandavimiis
505 758 583 788 enim
596 757 712 793 singulis
729 757 960 789 Vicecomitibus
975 755 1074 796 Regni
1087 754 1319 794 nostri-Angliae,

242 796 325 834 quod
353 797 453 826 omnia
472 795 572 827 Brevia
586 819 595 835 ,
629 796 786 835 Originalia
807 797 842 827 &
861 796 1006 834 judicialia
1019 820 1028 831 ,
1057 805 1090 826 ac
1113 795 1164 825 alia
1183 794 1314 837 Retorna

241 844 452 873 quaecumque,
471 835 556 873 hinc,
576 835 609 865 ad
623 836 733 866 easdem
752 835 879 866 Oetabas
895 835 992 865 Sancti
1018 833 1183 870 Michaelis,
1202 842 1252 870 per
1268 842 1313 870 ip-

241 873 285 905 sos
308 883 410 904 coram
434 875 516 905 vobis
539 874 742 912 Retornanda,
771 884 856 912 penes
879 874 950 911 ipsos
972 872 1148 912 singillatim,
1172 872 1259 908 usque
1276 871 1311 901 ad

241 911 352 943 easdem
374 912 500 943 Oetabas
519 912 619 944 Saneti
640 912 793 944 Michaelis
815 913 987 949 Retineant,
1005 913 1038 944 &
1059 920 1129 943 tunc
1150 920 1182 940 ea
1203 909 1313 941 Retor-

241 960 319 982 nent.

280 990 317 1020 Et
330 990 462 1021 volumus
476 989 555 1030 quod
568 1001 638 1028 vos,
656 1001 690 1021 ex
703 990 766 1028 ipsis
781 990 932 1028 Brevibus,
951 998 1020 1020 tunc
1045 987 1255 1027 Retornandis,
1269 995 1312 1018 ta-

240 1028 299 1059 lem
316 1029 484 1059 Processum
502 1039 601 1060 coram
617 1031 700 1060 vobis
713 1031 743 1059 in
756 1029 860 1060 eodem
877 1028 973 1060 Banco
994 1028 1118 1064 faciatis,
1137 1026 1250 1065 qualem
1270 1026 1312 1057 fe-

241 1067 345 1098 ciffetis
359 1068 375 1098 fi
393 1068 467 1105 dies,
486 1069 515 1098 in
530 1068 614 1099 dietis
630 1068 766 1099 Brevibus
780 1069 924 1106 contenti,
943 1065 1046 1105 absque
1063 1065 1311 1097 Discontinuatio-

240 1116 294 1143 ne,
312 1114 358 1136 aut
377 1106 522 1137 Dilatione
538 1116 708 1138 tenerentur.

276 1144 367 1176 Teste
382 1145 465 1185 Rege
479 1145 553 1184 apud
569 1146 754 1177 Londoniam
765 1155 811 1178 xv.
829 1145 876 1177 die
889 1144 978 1185 Junii.

897 1224 952 1253 Per
970 1220 1053 1261 ipftm
1070 1224 1176 1259 Regem.

240 1297 361 1354 REX
374 1299 547 1332 Vicecomiti
563 1299 675 1331 Kantiae
689 1300 823 1332 Salutem.

340 1338 435 1377 Quia,
454 1341 514 1370 tam
527 1349 643 1378 propter
660 1339 797 1370 inauditas
813 1341 845 1371 ὃς
860 1338 1020 1370 Horribiles
1033 1337 1257 1369 commotiones
1271 1336 1305 1367 &

237 1371 458 1408 Insurreustiones
479 1378 582 1417 Populi
604 1378 702 1416 Regni
724 1378 814 1409 nostri
837 1378 966 1417 Angliae,
985 1379 1073 1416 quam
1093 1387 1145 1415 pro
1170 1375 1306 1406 Periculis

236 1422 272 1442 ex
288 1414 427 1447 Hostium
442 1416 609 1448 nostrorum
626 1417 782 1448 Incursibus
798 1417 951 1455 evitandis,
969 1427 1002 1447 ac
1018 1417 1076 1446 aliis
1097 1415 1184 1447 causis
1203 1424 1305 1453 quam-

237 1451 365 1489 pluribus
379 1480 388 1493 ,
412 1455 448 1486 dc
470 1455 653 1487 Avisamento
672 1456 798 1487 Concilii
819 1455 924 1494 nostri,
950 1455 1082 1486 duximus
1104 1454 1305 1484 Ordinandum

234 1493 317 1527 quod
332 1495 431 1525 onmia
445 1494 568 1533 Placita,
586 1496 644 1526 tam
657 1505 756 1526 coram
773 1494 890 1529 Nobis,
908 1495 994 1532 quarn
1008 1495 1038 1524 in
1061 1493 1212 1524 communi
1233 1492 1305 1522 Ban-

233 1538 272 1559 co
288 1533 452 1570 pendentia,
470 1533 537 1564 hinc
550 1534 584 1564 ad
599 1533 726 1565 Octabas
738 1534 832 1564 Sanc‘ti
849 1533 1000 1564 Michaelis
1011 1556 1020 1572 ,
1038 1534 1175 1571 proximo
1189 1531 1306 1569 futuras,

237 1567 415 1609 Placitanda,
434 1572 518 1611 usque
533 1573 567 1602 ad
585 1573 694 1603 easdem
710 1572 836 1602 Ocrabas
858 1574 886 1602 in
905 1572 1009 1604 eodem
1030 1573 1125 1609 Statu,
1144 1580 1204 1609 quo
1227 1579 1304 1600 nunc

235 1607 316 1645 sunt,
335 1613 531 1642 contineantur
545 1621 579 1642 ex
591 1612 678 1642 caulis
693 1611 855 1648 supradietis
865 1635 874 1650 ,

258 1646 346 1690 .lei
360 1650 540 1689 pi-aecipimus
555 1651 635 1688 quod
647 1651 745 1680 omnia
759 1649 874 1689 Brevia,
889 1650 948 1680 tam
963 1648 1115 1687 Originalia
1125 1673 1134 1685 ,
1153 1648 1238 1685 quarn
1252 1647 1305 1685 Ju-

234 1684 361 1725 dicialia,
379 1698 410 1718 ac
434 1689 484 1719 alia
505 1688 632 1719 Retorna
652 1697 861 1727 quaecumque,
881 1689 946 1718 hinc
970 1688 1003 1717 ad
1027 1688 1137 1718 easdem
1162 1686 1305 1725 octabas,

236 1733 286 1761 per
297 1725 361 1763 Te,
378 1737 477 1757 coram
494 1727 608 1765 Nobis,
626 1728 671 1758 seu
694 1729 722 1758 in
742 1727 838 1758 Banco
863 1727 1019 1765 praedicto,
1038 1726 1238 1762 Retornanda,
1257 1736 1306 1763 pe-

235 1773 286 1792 nes
301 1764 366 1803 Te,
386 1765 470 1805 usque
485 1765 519 1796 ad
536 1766 646 1797 easdem
662 1766 804 1804 Odiabas,
824 1765 974 1805 Retineas,
995 1766 1029 1796 &
1050 1774 1119 1796 tunc
1141 1772 1172 1795 ea
1196 1764 1306 1795 Retor-

234 1810 298 1831 nes:

272 1839 455 1879 Praecipimus
469 1843 519 1874 ribi
534 1843 740 1874 nichilominus
754 1843 835 1883 quod
860 1842 986 1874 debitam
1009 1841 1219 1873 Executionem
1239 1851 1306 1872 om—

231 1879 314 1909 nium
330 1880 462 1911 Brevium
477 1881 660 1921 nostrorum,
679 1883 863 1914 Scaccarium
879 1881 1009 1913 nostrum
1022 1882 1216 1922 tangentium,
1232 1882 1305 1919 juxta

232 1916 383 1949 Tenorem
398 1921 567 1951 eorumdem
576 1945 591 1960 ,Α
604 1922 663 1953 fieri
679 1922 778 1960 facias,

234 1995 239 2001 ἣ
264 1956 308 2001 ‘Et
332 1959 417 1988 etiam
440 1960 607 1996 proclamari
630 1961 701 1991 infra
725 1960 905 1991 Comitatum
920 1959 1092 2000 praedictum
1110 1959 1189 1998 quod
1202 1969 1305 1991 omnes

231 1995 288 2032 111¹,
307 1998 354 2035 qui
371 1998 474 2029 liabent
489 1999 566 2029 diem
582 2001 612 2029 in
627 1999 730 2030 eodem
744 2000 912 2037 Scaccario,
931 2009 980 2036 per
1004 1998 1166 2037 Rotulum,
1185 1998 1231 2029 seu
1255 2009 1304 2036 per

233 2033 340 2079 Breve,
359 2036 393 2066 ad
409 2036 667 2077 Computandum,
687 2039 732 2069 seu
747 2038 780 2068 ad
796 2040 847 2069 alia
863 2037 1027 2068 faciendum
1049 2037 1176 2075 ibidem,
1194 2038 1228 2068 ad
1247 2039 1306 2069 dies

233 2073 283 2103 sibi
299 2074 378 2104 datos
388 2098 397 2114 ,
415 2076 448 2106 ad
462 2076 624 2108 faciendum
639 2087 671 2108 ea
685 2087 751 2117 quae
772 2078 821 2108 fibi
840 2078 979 2116 pertinent
996 2078 1027 2106 in
1042 2076 1096 2107 hac
1111 2085 1197 2115 parte.

271 2112 362 2144 Teste
377 2124 407 2146 ut
425 2115 512 2154 supra.

869 2157 921 2185 Per
938 2153 1020 2195 ipsum
1040 2156 1144 2193 Regem.

268 2228 421 2269 Confimilia
436 2234 543 2263 Brevia
557 2233 710 2271 diriguntur
716 2232 831 2274 singulis
844 2236 872 2263 V
873 2231 1049 2262 icecomitibus
1056 2239 1104 2271 per
1119 2230 1264 2269 Angliam.

232 2306 377 2362 REX,
396 2309 537 2355 carissimo
562 2310 718 2355 Avunciilo
738 2309 858 2349 nostro,
883 2309 1012 2349 Johanni
1033 2312 1099 2348 Regi
1119 2308 1241 2350 Castellae
1262 2307 1300 2344 &-

307 2350 434 2384 Legionis
451 2347 530 2379 Duci
546 2348 734 2388 Lancastriae,
751 2350 887 2380 Salutem.

268 2383 362 2424 Qia,
389 2386 450 2422 &·c.
475 2394 507 2416 ut
524 2385 611 2428 fitpra
635 2387 714 2429 usque
735 2387 786 2427 ibi,
817 2397 852 2418 ex
873 2388 958 2419 causis
978 2387 1154 2426 supradictis,
1176 2386 1214 2422 ὠ·
1236 2394 1299 2417 tunc

278 2445 286 2460 2

268 2462 357 2492 Vobis
373 2463 541 2495 mandamus
557 2465 636 2504 quod
651 2467 749 2495 omnia
762 2465 862 2496 Brevia
875 2465 908 2496 &
926 2464 1080 2503 Mandata,
1098 2464 1207 2503 Vobis,
1219 2464 1299 2495 Can-

227 2499 358 2542 cellario,
373 2502 534 2540 Justiciario
576 2504 820 2542 vicecomitibus,
838 2513 885 2535 aut
898 2504 955 2534 aliis
970 2503 1110 2534 Ministris
1126 2503 1222 2534 vestris
1236 2506 1299 2542 qui-

229 2537 417 2582 buscumque,
444 2542 513 2571 infra
534 2527 716 2573 Comitatum
738 2542 864 2573 vestrum
887 2542 1073 2581 Lancastrie,
1090 2542 1214 2580 directa,
1230 2543 1298 2574 hinc

227 2576 262 2605 ad
282 2579 390 2622 easdem
413 2579 555 2617 Oetaeas,
595 2591 624 2611 er
642 2581 720 2619 Vos,
746 2581 1192 2620 cancellarium,Justiciarium,
1212 2582 1238 2612 V
1242 2584 1299 2612 ice-

228 2624 368 2658 comitem
378 2641 387 2653 ,
403 2627 449 2647 aut
467 2618 534 2649 alios
551 2618 575 2648 ix
590 2619 700 2650 inistros
713 2620 822 2650 vestros
839 2620 988 2658 praedietos
998 2644 1007 2659 ‚
1021 2630 1119 2650 coram
1138 2619 1237 2651 Nobis
1252 2621 1298 2652 seu

227 2663 256 2683 m
271 2653 368 2686 Banco
382 2656 521 2698 przedicffo
538 2656 736 2696 Retoinanda,
757 2669 842 2695 penes
858 2669 925 2695 VOS,
942 2668 990 2689 aut
1011 2659 1125 2689 cosdem
1149 2659 1298 2690 Ministros

227 2693 355 2737 vestros,
374 2698 459 2732 usque
480 2696 514 2725 ad
535 2695 661 2726 octabas
681 2696 826 2734 praedic'tas
850 2697 996 2735 Retineri,
1015 2698 1048 2729 &
1063 2707 1131 2729 tunc
1145 2709 1177 2729 ea
1193 2698 1298 2730 Retor-

227 2741 288 2772 nari
303 2733 415 2762 ficintis.

265 2770 354 2803 Teste
370 2781 400 2802 ut
414 2772 502 2810 supra.

468 2823 470 2826 ·
917 2812 971 2841 Per
991 2810 1073 2851 ipsum
1086 2814 1190 2850 Regem.

497 2933 523 2960 ὅ·
549 2937 607 2968 Pro
624 2936 701 2968 Filio
719 2938 842 2969 Comitis
858 2935 894 2968 de
911 2938 1023 2970 Denia.

228 3018 361 3076 REX,
380 3030 429 3057 per
454 3020 558 3050 Literas
578 3021 634 3051 suas
654 3020 802 3059 Parentes,
821 3023 907 3061 usque
927 3020 960 3051 ad
982 3021 1098 3053 Festum
1113 3022 1209 3054 Sancti
1233 3023 1295 3054 Mi-

300 3059 418 3096 chaelis,
440 3061 574 3096 proximo
596 3061 739 3098 futurum,
766 3060 925 3096 duraturas,
947 3060 1063 3099 suscepit
1086 3063 1112 3091 in
1133 3062 1239 3092 salvum
1261 3064 1293 3093 &

228 3097 356 3127 securum
374 3096 565 3127 Conciti-{tum
577 3097 675 3135 suum,
694 3108 726 3129 ac
746 3100 775 3128 in
797 3099 1013 3129 Protec‘iionem
1033 3101 1066 3131 &
1087 3100 1293 3132 Defeniionem

227 3135 284 3164 suas
298 3136 443 3174 speciales,
461 3135 607 3175 Alscmsum
619 3136 718 3166 filium
731 3141 842 3167 Comitis
862 3139 894 3168 de
916 3140 1010 3177 Deen,
1026 3138 1215 3169 Prisonarium
1234 3140 1293 3177 Jo-

226 3173 324 3203 hannis
346 3174 461 3212 Shakel,
488 3176 632 3206 veniendo
650 3177 679 3205 in
702 3175 841 3213 Regnum
863 3177 976 3214 Anglize
992 3201 1001 3215 ‚
1048 3187 1077 3207 er
1098 3177 1237 3208 Dominia
1257 3180 1291 3209 ὃς

227 3211 402 3243 potestatem
414 3212 525 3250 Regis,
543 3215 601 3244 tam
616 3224 665 3251 per
679 3213 800 3244 Terram
810 3239 819 3252 ‚
837 3217 925 3253 quam
940 3225 988 3254 per
1003 3216 1028 3245 N
1040 3226 1086 3251 are
1099 3226 1168 3246 cum
1184 3215 1293 3247 Tribus

228 3251 274 3282 vel
291 3251 425 3290 Qiatuor
439 3251 588 3289 Equitibus
601 3253 629 3282 in
645 3251 795 3284 Comitiva
809 3253 871 3292 sua,
890 3255 997 3285 ibidem
1017 3255 1170 3293 morando²
1189 3256 1223 3286 ὃς
1243 3264 1291 3285 ex-

228 3290 294 3320 inde
310 3290 344 3320 ad
362 3300 450 3328 partes
465 3290 594 3328 Proprias
609 3291 756 3321 redeundo

264 3328 354 3360 Teste
366 3329 450 3369 Rege
462 3329 537 3367 apud
550 3329 688 3361 London.
708 3330 784 3361 xviii.
803 3330 848 3361 die
859 3330 946 3369 Junii.

917 3410 972 3438 Per
985 3406 1070 3449 ipfiaem
1083 3411 1185 3446 Regem.

506 3531 674 3565 Indentura
692 3534 884 3580 Treugarnm
900 3536 924 3566 S
924 3538 1012 3567 sofiaeo

308 3616 374 3647 AEc
392 3616 675 3656 INDENTURA,

341 3655 426 3686 Fufia
444 3655 518 3694 apud
542 3655 716 3694 Abchestre,
732 3657 809 3694 juxta
830 3656 946 3696 Ayton,
967 3656 1095 3688 Decimo
1115 3656 1220 3688 oetavo
1243 3659 1290 3692 die

229 3693 442 3761 plensfisjunii,
463 3694 552 3725 Anno
566 3693 691 3725 Domini
714 3695 878 3733 Milesimo,
898 3695 1141 3734 Tresceniefimo,
1160 3695 1289 3737 Odioge-

240 3740 298 3761 imo
338 3742 430 3769 rimo,
699 3738 702 3741 “

267 3769 359 3807 inter,
377 3771 488 3801 inclitos
502 3770 649 3808 Principes
663 3771 696 3802 ὃς
713 3771 877 3808 Dominos,
899 3772 1064 3804 Dominum
1080 3772 1197 3803 Ducem
1213 3773 1289 3804 Lan-

228 3807 350 3849 cfistrize,
361 3808 474 3839 Locum
490 3817 633 3839 tenentem
647 3809 676 3839 in
692 3810 813 3847 partibus
828 3810 942 3847 Angli-<e
955 3812 1047 3843 versus
1062 3811 1205 3842 Marchias
1216 3812 1288 3843 Sco-

228 3851 292 3881 tiae,
310 3855 341 3874 ac
365 3846 599 3877 Commissarium
620 3848 786 3886 specialem,
805 3849 974 3880 Sereniffimi
994 3850 1149 3888 Principis,
1163 3849 1288 3882 Domini

226 3884 355 3919 Ricardi,
374 3884 431 3913 Dei
445 3886 549 3925 gratia,
566 3886 657 3923 Regis
675 3886 787 3925 Angliae
800 3886 924 3925 illustris,
937 3890 973 3918 ab
988 3899 1059 3926 una,
1072 3889 1106 3919 <Sc
1121 3887 1287 3920 Dominum

226 3919 387 3958 Johamiem
407 3925 535 3953 Comitem
555 3925 586 3953 de
606 3925 725 3964 Carryk,
745 3924 990 3964 Primogenituin,
1008 3937 1041 3957 ac
1059 3926 1175 3956 Locum
1189 3935 1288 3957 tenen-

225 3967 286 3988 tem
300 3983 309 3996 ,
320 3960 353 3989 &
369 3959 601 4003 Commiffarium
614 3963 777 4001 specialem,
792 3963 962 3994 Sereniffimi
985 3966 1080 3996 Princi
1102 3966 1141 4003 is,
1160 3964 1285 3997 Domini

225 3996 354 4036 Robem,
371 3997 429 4028 Dei
442 3999 527 4037 gratia
533 4023 543 4038 ,
560 4003 636 4039 Regis
649 4002 785 4034 Scotvr'um
800 4001 930 4042 illustris,
947 4013 962 4034 a
978 4002 1061 4034 Parte
1071 4013 1087 4034 a
1097 4004 1136 4041 ia,

712 85 1985 143 CONVENTIONE'S,‘LITERAE,

1398 169 1429 200 T
1440 178 1457 200 a
1467 180 1479 201 s
1489 179 1512 201 τ
1521 181 1541 202 Α
1551 180 1574 201 τ
1583 181 1606 202 u
1616 183 1639 203 R
1661 172 1756 211 Qiod
1764 197 1774 210 ,

1397 208 1479 239 Cum
1490 210 1540 247 ipsi
1557 212 1771 249 convenifl'ent,
1791 210 1866 248 apud
1882 209 2055 252 ΑῩῖδῆζάῗε
2072 213 2211 245 Mercurii
2232 214 2339 247 ultimo
2359 225 2433 255 prae-

2448 181 2555 223 Amr.

2469 224 2561 262 1381=i

1360 249 1444 278 terito
1470 249 1644 286 (videlicet)
1670 249 1862 280 Duodeciino
1880 250 1928 281 die
1948 252 2087 290 praesentis
2109 253 2218 288 Mensis
2235 253 2333 292 Junii,
2361 266 2430 288 cum
2444 263 2497 292 Ric.
2516 273 2546 300 2...

1360 285 1587 318 Continuatione
1602 286 1726 318 Die'rum
1740 288 1937 327 sequentium,
1955 289 2081 327 usquein
2095 292 2229 331 praesens,
2250 302 2303 331 pro
2324 294 2432 326 haben—

1357 325 1392 354 da
1416 324 1613 365 Cognitione,
1633 327 1780 365 primitiis,
1798 326 1832 357 &
1852 335 1918 357 ante
1938 329 2053 366 omnia,
2071 331 2162 362 modo
2175 331 2274 362 debito
2289 333 2323 363 &
2338 333 2432 365 hone-

1359 363 1422 403 ste,
1436 375 1476 397 ‚an
1492 364 1666 397 MAGNAE
1691 365 1992 404 Titi-:ueAE,alias
2005 367 2083 397 initae
2095 369 2167 399 inter
2181 370 2211 400 R
2250 381 2303 409 na,
2319 371 2430 404 Fraecae

1358 402 1480 447 nterim,
1492 405 1531 436 ’δε
1555 403 1652 445 Culpa
1674 405 1769 444 cuius,
1786 404 1841 435 vel.
1853 414 1932 442 non,
1951 413 2037 442 prout
2046 405 2231 446 ali<¹³.s,a11tid¹
2256 411 2430 451 erewicum,

1358 442 1514 478 primodie
1526 443 1636 475 Mensis
1647 443 1847 481 Novembris,
1863 443 1969 474 ultimo
1980 445 2123 481 praeterito
2131 447 2178 482 ,in
2190 447 2330 479 Traeiatu
2343 450 2431 482 fuerit

1357 480 1545 521 inchoatum,
1563 483 1597 513 &
1617 482 1828 521 postmodum,
1846 492 1896 521 per
1917 481 2025 513 Literas
2049 481 2163 514 Clausas
2182 485 2298 526 Regum
2314 488 2429 529 Angliae

1357 518 1391 548 &
1405 518 1530 559 Senti-02,
1548 518 1794 560 Concordarum,¹
1936 539 1939 543 ν
2123 543 2129 552 ⁴.
2209 547 2213 549 i
2261 537 2281 553 ⁴.

1395 556 1448 595 Et,
1467 559 1538 589 cum
1560 569 1575 589 a
1596 559 1681 591 Parte
1695 561 1829 598 Angliae,
1843 570 1897 598 pet
1912 559 2028 591 Partem
2044 559 2167 598 Scotiae,
2185 561 2310 599 pluribus
2325 566 2427 605 praefa-

1356 601 1452 626 torum
1466 596 1578 628 dierum
1593 598 1680 629 dietae
1692 598 1923 630 Continuationis
1937 609 1952 629 a
1964 599 2045 630 dicto
2061 600 2107 630 die
2123 598 2264 632 Mercurii
2275 604 2362 643 citra,
2375 615 2426 646 pe-

1354 641 1458 678 teretur
1473 634 1625 667 Instantiiis
1640 637 1817 676 Adimpletio
1832 638 1956 675 praefatae
1970 638 2176 677 Cognitionis,
2194 637 2319 671 dicendo
2331 643 2357 674 se
2376 654 2425 682 pa-

1353 680 1441 703 ratam
1456 675 1611 714 adimplere
1626 676 1746 707 eandem
1762 675 1855 706 modis
1868 676 1956 706 debiti
1973 699 1984 715 ‚

1390 712 1533 752 Quatinus
1554 716 1686 754 tangebat
1705 715 1792 752 ipsam
1814 714 1928 745 Partem
1979 714 2079 754 ngliae,
2097 717 2225 754 quamvis
2247 716 2376 750 assereret
2396 721 2423 752 se

1351 759 1474 795 paratam
1497 753 1652 792 adimplere
1673 753 1781 784 dictam
1800 752 2026 793 Cognitionem,
2040 755 2116 791 juxta
2129 755 2298 787 Trafflturn
2315 758 2423 795 praeha-

1352 789 1462 828 bitum,
1481 793 1599 831 rogabat
1617 801 1712 823 tamen
1733 792 1846 823 Partem
1866 791 1973 822 Scotiae
1996 793 2111 830 (quam,
2128 801 2160 823 ut
2178 794 2262 832 dixit,
2288 796 2422 829 credebat

1350 827 1432 867 super
1447 831 1505 861 hoc
1517 831 1661 868 avisatam)
1677 831 1757 870 quod
1774 832 1944 869 exprimeret
1959 831 2009 860 sibi
2023 831 2181 869 Articulos,
2198 833 2301 870 quibus
2319 837 2422 867 innite-

1351 867 1446 911 batur,
1467 878 1517 906 per
1539 879 1612 908 quos
1631 871 1775 908 reputabat
1796 869 1929 907 Treugas
1951 870 2075 906 Fractasg
2095 869 2130 900 &
2144 872 2421 906 modumhabendae

1348 905 1435 976 (Ικὲἷῗ
1457 907 1660 947 Cognitionis,
1679 918 1767 948 quem
1786 907 1854 939 Pars
1871 910 1981 940 Scotiae
2001 907 2158 939 aestimabat
2174 908 2306 941 debitum
2319 913 2353 944 ὅ(
2365 913 2422 952 ho7

1347 954 1385 975 ne
1431 955 1479 977 tn:
1539 964 1541 967 -

1385 984 1433 1015 Ad
1453 985 1531 1024 quod
1546 986 1686 1024 respondit
1704 985 1769 1017 Pars
1782 985 1904 1025 Scodae,

1389 1023 1545 1061 Quom)
1563 1025 1764 1063 Pniiuuixi,
1783 1024 1883 1063 quod,

1386 1060 1469 1100 Ubi,
1495 1064 1524 1093 in
1546 1062 1812 1094 INDENTURA
1839 1063 2126 1094 TREUGARUM
2143 1081 2163 1103 ‚·
2176 1064 2327 1095 conceaGtur
2348 1067 2425 1107 qubd

1346 1108 1435 1130 omnes·
1452 1104 1552 1132 Gentes
1568 1100 1606 1137 &0
1622 1101 1723 1140 fiaebditi
1738 1103 1816 1140 Regis
1830 1105 1926 1132 Scotiae
1949 1102 2277 1142 Intercommunicabunt,
2296 1108 2422 1136 Conver-

1341 1137 1539 1180 s'ahuntur,&
1555 1141 1800 1180 Mercandifizbunt
1817 1150 1874 1170 cum
1888 1140 2007 1171 omnibus
2021 1139 2200 1177 Gentibus&
2208 1142 2328 1181 subditis
2341 1147 2422 1183 Regis

1344 1177 1460 1215 Angli-e
1468 1203 1478 1218 ,
1494 1179 1578 1210 libere>
1585 1204 1594 1218 ,
1607 1181 1715 1220 pacifice*
1725 1203 1734 1219 ,
1742 1181 1800 1220 sine
1813 1178 1918 1219 Aresta
1927 1203 1936 1218 ‚
1947 1179 1998 1210 vel
2005 1179 2057 1210 alio
2069 1181 2260 1219 Inpedimenta
2268 1204 2278 1220 ,
2295 1185 2338 1212 ita
2350 1187 2421 1213 ami-

1346 1216 1470 1248 cabiliter
1487 1219 1551 1255 ficut
1566 1219 1672 1249 deberet
1685 1219 1748 1259 fieri
1761 1226 1873 1257 tempore
1888 1219 1961 1249 bonae
1977 1217 2118 1257 Pacis,&
2125 1219 2184 1259 fine
2201 1219 2351 1261 Ostenfione
2366 1225 2420 1252 Li—

1342 1262 1471 1285 terarum
1485 1258 1518 1287 de
1524 1257 1608 1296 salva
1623 1260 1777 1297 Condud'i‘u,

1379 1294 1492 1326 Contra
1513 1297 1595 1327 istam
1617 1296 1845 1328 Conceffionem
1865 1296 2003 1333 denegata
2028 1294 2069 1326 est
2083 1294 2287 1336 Communio,
2306 1297 2418 1331 Subdiu·

1344 1331 1434 1376 Regis
1450 1334 1556 1366 Scotiae
1570 1335 1737 1374 Trucidati,
1754 1336 1857 1374 Capti,
1878 1336 1912 1367 ὃ(
1928 1335 2112 1372 Depraedati,
2130 1334 2165 1366 δε
2184 1334 2262 1366 dieta
2284 1336 2420 1377 Denega-

1343 1379 1386 1401 t10
1399 1372 1629 1404 Communionis
1644 1375 1697 1406 fuit
1711 1375 1883 1413 proclamata
1899 1376 1926 1404 in
1948 1374 2070 1413 Anglia,
2085 1374 2134 1412 &,
2154 1375 2285 1411 quamvis
2308 1375 2359 1406 ista
2379 1386 2422 1407 ffl-

1335 1410 1404 1442 -sent
1429 1413 1556 1444 intimata
1568 1413 1669 1451 saepiiis
1683 1412 1892 1444 Commisiariis
1914 1413 2046 1453 Angliae,
2063 1414 2094 1442 in
2118 1411 2273 1451 Marchiis,
2292 1414 2422 1452 quando-

1344 1459 1402 1486 que
1415 1449 1492 1490 Regi
1506 1451 1618 1491 Angliae
1628 1475 1637 1490 ‚
1655 1453 1689 1483 ad
1705 1453 1793 1483 finem
1809 1462 1840 1484 ut
1853 1452 1970 1483 cessaret
1982 1452 2018 1482 ab
2040 1451 2200 1490 hujusmodi
2223 1451 2421 1490 Impedimeir.

1344 1496 1392 1525 t0‚
1410 1489 1444 1519 δε
1468 1499 1499 1522 ut
1520 1491 1692 1522 servarentur
1714 1492 1837 1531 Treugae
1852 1501 1912 1529 quo
1928 1491 1963 1521 ad
1980 1490 2251 1530 Communionem,
2270 1500 2419 1530 nunquam

1344 1534 1440 1557 tamen
1463 1528 1516 1559 fuit
1542 1529 1633 1560 secuta
1653 1530 1742 1568 aliqua
1762 1529 1916 1568 Emenda,
1942 1530 1981 1561 set
2005 1529 2169 1566 Denegatio
2191 1528 2421 1563 Communionis

1346 1567 1435 1633 malgis
1448 1566 1608 1606 obstinate,
1628 1568 1685 1599 sine
1698 1569 1777 1600 causa
1793 1568 1941 1600 sufficienti
1951 1593 1960 1607 ,
1978 1569 2011 1599 &
2026 1567 2204 1607 injustissime
2217 1568 2381 1600 observata:

1415 1614 1469 1635 anc
1484 1606 1593 1636 caufiam
1611 1610 1754 1647 proposuit
1768 1619 1828 1646 pars
1841 1608 1948 1638 Scoiiae
1963 1615 2098 1645 tanquam
2114 1606 2320 1647 sufficientem,
2333 1610 2419 1640 etiam

1345 1642 1365 1672 si
1378 1642 1434 1673 sola
1450 1644 1534 1682 esset,
1554 1656 1621 1676 cum
1637 1646 1847 1677 Protestatione
1859 1646 2028 1685 adjungendi
2043 1645 2152 1685 plures,
2169 1647 2242 1677 cum
2257 1646 2339 1685 super
2353 1658 2420 1680 mc>-

1343 1680 1383 1711 do
1398 1684 1600 1722 cognoscendi
1609 1684 1692 1715 fuerit
1706 1685 1944 1716 Concordatum:

1385 1720 1505 1759 Qvoa
1516 1732 1537 1752 D
1564 1723 1584 1754 S
1595 1732 1612 1753 E
1624 1732 1670 1753 cu
1681 1732 1800 1754 NDUM
1815 1746 1825 1762 ,
1849 1725 1949 1754 dicunt
1971 1722 2053 1761 quod
2075 1722 2186 1753 Modus
2206 1734 2223 1754 c
2265 1725 2419 1764 noscendi,

1343 1757 1456 1790 debitus
1477 1762 1511 1792 &
1531 1761 1686 1801 honestus,
1710 1763 1751 1793 est
1773 1772 1825 1801 per
1845 1763 1986 1800 utriusque
2008 1761 2038 1799 R
2076 1762 2104 1791 ni
2127 1771 2204 1799 pares
2261 1773 2362 1794 umero
2384 1765 2418 1796 &

1345 1796 1445 1842 Gradu
1465 1799 1576 1839 Staius,
1596 1800 1710 1832 Elec‘tos
1734 1804 1767 1833 δε
1788 1801 1917 1840 juratos,
1936 1803 1974 1832 ita
1989 1802 2050 1839 quo
2078 1823 2087 1838 ,
2104 1800 2259 1832 secundum
2276 1805 2419 1842 magnitu-

1343 1836 1441 1867 dinem
1464 1839 1602 1878 Articuli,
1623 1841 1702 1878 super
1723 1851 1780 1879 quo
1801 1841 1930 1871 habenda
1953 1840 1994 1870 est
2015 1838 2172 1878 Cognitio,
2196 1839 2296 1878 Pares,
2321 1842 2416 1879 quoad

1345 1874 1448 1907 statum
1461 1901 1470 1915 ,
1496 1879 1635 1916 eligantur
1659 1878 1785 1918 Maiores
1807 1879 1854 1910 vel
1875 1878 2027 1916 Minores,
2051 1876 2089 1908 set
2113 1887 2172 1916 quo
2192 1877 2226 1908 ad
2247 1877 2417 1911 Numerum

1344 1913 1454 1952 semper
1477 1917 1528 1948 sint
1548 1918 1686 1958 aequales,
1706 1928 1773 1949 narn
1798 1919 1826 1948 in
1850 1917 2059 1948 Controverliis
2073 1918 2146 1947 inter
2159 1916 2264 1954 Regna
2278 1919 2418 1956 qualibus-

1344 1963 1471 1997 cumque
1491 1956 1542 1987 iste
1567 1956 1674 1988 Modus
1695 1957 1736 1988 est
1758 1957 1854 1989 solitus
1876 1958 1910 1989 &
1931 1960 2074 1988 consonus
2087 1955 2107 1975 ’¹²
2123 1954 2281 1994 AEquitati,
2300 1958 2334 1989 &
2357 1967 2418 1989 non

1343 1992 1470 2025 dissonus
1479 1994 1541 2032 Juri
1557 1994 1735 2027 Communi:

1383 2031 1448 2062 Pars
1473 2044 1543 2065 vero
1556 2035 1668 2074 Angliae
1683 2035 1795 2066 asseruit
1805 2034 1935 2074 Treugas
1950 2032 2098 2072 praedictas
2112 2043 2172 2064 non
2187 2032 2246 2064 effe
2264 2032 2312 2064 sui
2323 2033 2419 2074 Culpa

1345 2069 1469 2102 Violatas
1484 2073 1528 2104 seu
1546 2072 1677 2113 Ruptas,
1691 2073 1818 2105 offerens
1828 2074 1858 2104 se
1875 2080 1997 2113 paratam
2012 2073 2046 2103 ad
2061 2071 2291 2103 Reformandum
2308 2074 2342 2105 ὃς
2358 2073 2419 2104 Re-

1343 2108 1462 2141 formari
1483 2112 1645 2143 faciendum
1656 2136 1665 2151 ,
1684 2114 1703 2144 si
1727 2123 1792 2152 quae
1805 2122 1855 2150 per
1868 2122 1917 2143 eos
1931 2111 2036 2142 fuerint
2051 2112 2080 2142 in
2095 2112 2268 2143 contrarium
2282 2111 2416 2151 Attemp-

1342 2156 1414 2193 tata,
1432 2150 1598 2182 dumtamen
1613 2152 1798 2182 confimiliter
1814 2152 1864 2182 fibi
1881 2150 1945 2182 fiat:

1378 2186 1415 2219 Et
1439 2190 1586 2221 videbatur
1609 2189 1685 2221 Parti
1709 2191 1898 2230 Anglicorum
1920 2187 2002 2228 quod
2025 2189 2070 2220 via
2090 2187 2275 2228 Cognitionis
2289 2211 2298 2226 ,
2323 2189 2416 2221 oblata

1341 2234 1390 2264 per
1414 2226 1526 2264 Partem
1548 2229 1654 2259 Scotiae
1669 2253 1678 2268 ,
1701 2239 1761 2261 non
1782 2229 1834 2263 fuit
1855 2227 2040 2266 rationabilis,
2067 2227 2181 2266 debita,
2202 2237 2256 2258 nec
2281 2227 2415 2268 honesta,

1341 2270 1396 2295 nec
1412 2267 1440 2296 in
1458 2267 1533 2297 illam
1547 2268 1757 2307 consentirent,

1379 2304 1436 2335 PR
1449 2314 1541 2344 1Mo,
1562 2307 1641 2346 Qia
1664 2317 1719 2338 nec
1743 2306 1839 2338 ufitata
1860 2315 1914 2337 nec
1936 2305 2069 2336 consueta
2081 2305 2111 2335 in
2122 2305 2183 2335 tam
2195 2304 2248 2335 alta
2265 2304 2415 2344 Qiaestio-

1341 2352 1394 2380 ne,
1413 2344 1445 2374 &
1459 2347 1627 2383 propterea,
1646 2346 1716 2376 cum
1733 2355 1793 2376 non
1809 2346 1841 2376 {it
1851 2345 1915 2384 juri
1929 2344 2071 2380 consona,
2087 2343 2126 2374 set
2151 2352 2251 2374 contra
2268 2343 2345 2382 Juris
2367 2354 2416 2374 or-

1339 2381 1456 2450 giirgem,
1473 2386 1502 2413 in
1524 2384 1577 2414 suis
1597 2384 1717 2415 Calibus
1738 2384 1916 2423 introducta,
1939 2384 1975 2414 ad
1995 2382 2240 2421 Consequentiam
2262 2382 2332 2412 trahi
2354 2392 2416 2414 non

1361 2431 1375 2451 e
1399 2431 1425 2452 et

1378 2460 1397 2489 S
1409 2469 1426 2490 i:
1436 2445 1453 2490 c
1463 2468 1485 2490 u
1497 2470 1517 2491 N
1528 2471 1548 2491 D
1557 2472 1594 2500 o,
1614 2463 1678 2502 quia
1702 2461 1837 2502 Qiaestio
1859 2459 2021 2500 huiusmodi
2036 2460 2187 2491 concernit
2199 2458 2358 2490 Honorem
2379 2460 2414 2491 &

1340 2497 1367 2527 V
1370 2499 1520 2536 ituperium
1537 2501 1624 2540 Regis
1638 2501 1767 2540 AngHee,
1785 2502 1818 2532 &
1837 2501 1874 2531 lic
1887 2510 1951 2530 earn
1967 2500 2111 2530 terminari
2131 2509 2180 2536 per
2202 2499 2285 2536 ipsius
2308 2498 2414 2538 Ligeos

1339 2537 1372 2567 δε
1386 2537 1522 2568 Subditos
1537 2549 1595 2569 non
1608 2540 1677 2571 elset
1689 2541 1864 2570 conveniens
1878 2547 1924 2569 aut
1937 2537 2098 2569 consonum
2114 2536 2245 2567 Rationi.

1377 2575 1414 2606 Et
1427 2577 1623 2615 subsequenter
1639 2578 1715 2608 dicta
1730 2577 1796 2608 Pars
1812 2577 1927 2613 Angliae
1946 2575 2085 2606 offerebat
2099 2574 2181 2613 quod
2196 2575 2362 2614 eligeretur,
2376 2577 2413 2606 de

1339 2612 1485 2646 Consensu
1500 2616 1641 2654 utriusque
1655 2616 1760 2654 Partis,
1781 2625 1851 2647 unus
1868 2615 2002 2652 Princeps
2016 2613 2204 2652 Catholicus‚
2222 2614 2312 2644 neutri
2335 2613 2411 2645 Parti

1339 2651 1494 2692 suspen-us,
1513 2656 1562 2692 qui
1586 2654 1677 2692 posset
1699 2654 1779 2693 super
1803 2653 1976 2693 Quaestione
1993 2652 2154 2691 hujusmodi
2167 2652 2357 2692 cognoscere,
2375 2653 2410 2684 δε

1338 2700 1401 2721 earn
1425 2692 1493 2723 Fine
1511 2694 1610 2724 debito
1633 2695 1784 2724 terminare
1797 2716 1806 2731 ,
1834 2693 1938 2730 absque
1959 2691 2126 2730 praejudicio
2145 2692 2227 2722 unius
2247 2691 2343 2730 Regni
2364 2692 2410 2722 vel

1337 2730 1447 2773 alterius
1462 2733 1491 2761 in
1506 2733 1581 2770 aliis,
1599 2733 1678 2770 cujus
1690 2732 1830 2770 Principis
1846 2731 2093 2762 Determinationi
2108 2730 2187 2761 dic'ta
2211 2729 2278 2760 Pars
2297 2729 2410 2768 Angliae

1339 2779 1368 2798 in
1383 2771 1519 2801 omnibus
1535 2771 1618 2801 vellet
1635 2771 1719 2801 stare:

1375 2808 1423 2839 Illa
1440 2810 1533 2847 itaque
1546 2811 1591 2840 via
1607 2810 1657 2840 libi
1673 2810 1819 2840 videbatur
1835 2807 2002 2840 rationabilis
2016 2807 2049 2839 &
2063 2806 2197 2846 honesta,

1375 2846 1398 2876 P
1410 2856 1432 2877 R
1445 2858 1453 2877 i
1466 2856 1492 2878 M
1503 2858 1541 2886 o,
1559 2849 1709 2887 Qoni‘am
1719 2872 1728 2888 ,
1745 2857 1779 2879 ex
1800 2858 1860 2886 quo
1877 2848 1972 2887 Reges
1986 2846 2101 2884 Angliae
2114 2847 2148 2878 &
2163 2845 2275 2889 Scotiae‘
2284 2854 2344 2875 non
2358 2845 2408 2889 ha-

1336 2883 1407 2915 berit
1422 2886 1482 2923 ipsis
1500 2887 1703 2926 Superiorem,
1719 2889 1767 2926 qui
1782 2886 1866 2925 possit
1889 2885 2092 2924 Qiaestionem
2117 2883 2275 2928 hujusmodi
2294 2883 2410 2914 Termi-

1337 2932 1419 2961 nare,
1435 2925 1540 2962 justum
1555 2925 1596 2956 est
1612 2927 1645 2957 ὃς
1659 2935 1776 2963 cequum
1789 2925 1867 2963 quod
1884 2926 1913 2954 i'n
1929 2925 2015 2954 alium
2030 2929 2285 2959 compromittant,

1374 2962 1418 2992 SE
1428 2973 1443 2993 c
1453 2973 1473 2993 U
1485 2973 1506 2993 N
1517 2973 1564 2994 Do
1574 2989 1582 2999 ,
1602 2965 1672 2994 cum
1693 2964 1817 2995 Intentio
1832 2963 1920 2993 Partis
1938 2961 2066 3000 Angliae,
2085 2970 2136 2998 per
2150 2959 2333 2999 Indenturas,
2351 2959 2403 2990 Li-

1336 3007 1422 3038 teras,
1440 3012 1472 3032 ac
1487 3003 1549 3032 alias
1564 3002 1744 3040 Evidentias,
1761 3002 1870 3032 ibidem
1884 3001 2034 3038 exhibitas,
2052 3000 2104 3030 fuit
2115 2998 2288 3029 sufficienter
2301 2999 2404 3029 funda-

1336 3046 1378 3076 ta,
1397 3041 1431 3071 δε
1446 3041 1538 3072 lucide
1551 3041 1706 3079 declarata,
1726 3049 1757 3071 ut
1770 3040 1915 3071 videbatur
1930 3037 2050 3076 eisdem,
2067 3037 2237 3067 rationabile
2248 3037 2290 3068 est
2310 3037 2406 3076 hujus-

1337 3078 1416 3107 modi
1435 3079 1636 3117 Qaestionem
1651 3088 1751 3119 coram
1767 3078 1886 3109 Arbitro
1906 3075 2080 3107 indifferenti
2099 3075 2235 3115 tranare,
2251 3076 2286 3107 &
2306 3084 2405 3108 eontra

1335 3118 1476 3147 rationem
1490 3118 1531 3148 est
1544 3118 1725 3148 committere
1740 3116 1819 3149 Rem
1835 3116 1989 3154 Fortunae,

1372 3155 1528 3194 TERTIO,
1544 3157 1668 3186 consona
1681 3155 1723 3186 est
1735 3155 1797 3194 Juri
1811 3155 1924 3186 Divino
1937 3154 1971 3186 &
1991 3152 2149 3192 Humano,
2167 3153 2201 3184 &
2219 3152 2295 3192 quafi
2317 3163 2402 3185 com-

1334 3196 1474 3232 muniter,
1494 3204 1525 3225 ut
1538 3194 1625 3233 dicit,
1643 3196 1673 3225 in
1683 3195 1821 3225 omnibus
1836 3192 1944 3224 Mundi
1956 3193 2080 3231 partibus
2094 3192 2198 3223 usitata.
2391 3202 2393 3205 ¹

1370 3231 1435 3262 Pars
1456 3235 1527 3264 vero
1548 3233 1655 3264 Scotiae
1674 3233 1751 3264 hunc
1773 3232 1897 3263 modum
1922 3231 2114 3271 cognoscendi
2133 3230 2244 3261 dicebat
2262 3239 2323 3261 non
2343 3230 2401 3262 esst

1332 3279 1494 3309 congruum
1516 3272 1561 3303 vel
1581 3271 1752 3310 honestum,
1771 3272 1837 3310 quia
1855 3272 1902 3302 vix
1925 3272 1971 3303 vel
1991 3280 2050 3301 non
2070 3270 2243 3300 inveniretur
2265 3269 2332 3300 Rex
2353 3269 2400 3300 vel

1333 3307 1487 3348 Princeps,
1505 3319 1598 3349 gratus
1613 3313 1661 3341 uni
1674 3311 1768 3349 Parti,
1789 3311 1857 3349 quin
1873 3309 1941 3341 esset
1953 3309 2092 3348 suspectus
2105 3308 2184 3339 alteri
2197 3307 2288 3338 Parti:
2308 3308 2342 3339 &
2356 3307 2401 3338 di-

1332 3346 1429 3378 stantia
1453 3348 1605 3380 Locorum
1625 3352 1659 3382 ὅ(
1680 3348 1829 3380 difficultas
1848 3348 1977 3379 trahendi
2005 3347 2125 3378 Exteros
2155 3346 2190 3377 ad
2219 3346 2400 3390 subeundum

1333 3395 1420 3417 onera
1443 3389 1481 3417 eis
1503 3389 1625 3425 inutilia,
1651 3389 1744 3426 potius
1763 3388 1857 3419 forent
1876 3386 2089 3424 impedimento
2107 3385 2195 3423 qu‘am
2218 3385 2400 3416 Promotiom

1332 3425 1515 3463 expediendae
1531 3426 1726 3467 Cognitionis:
1747 3428 1781 3458 &
1794 3426 1885 3458 forsan
1900 3426 1946 3455 ille
1958 3424 2068 3455 Modus
2080 3424 2234 3454 traheretur
2248 3424 2278 3454 in
2294 3423 2401 3454 Exem—

1332 3463 1432 3503 plum,
1457 3466 1485 3495 in
1509 3466 1672 3505 posterum,
1698 3467 1728 3496 in
1750 3465 1882 3498 similibus
1900 3463 2032 3501 Casibus,
2050 3472 2100 3501 per
2121 3461 2200 3501 quod
2219 3462 2312 3500 posset
2332 3461 2399 3505 Rea

1332 3502 1378 3532 ille
1399 3504 1521 3535 clamare
1541 3505 1591 3534 sibi
1610 3503 1661 3542 Jus
1679 3504 1736 3535 esse
1757 3503 1964 3540 Superioritatis
1976 3503 2056 3540 super
2070 3501 2101 3531 R
2157 3511 2188 3539 a,
2208 3501 2300 3539 Qiod
2321 3500 2397 3530 Parti

1331 3541 1458 3582 scotiae,
1477 3551 1592 3581 propter
1607 3542 1770 3574 Exilitatetn
1784 3541 1943 3580 Potentiae,
1962 3540 2062 3571 debeat
2083 3550 2101 3570 e
2125 3550 2142 3571 e
2163 3540 2278 3578 timon',
2296 3547 2399 3576 quam-

1332 3581 1375 3611 vis
1391 3580 1457 3612 Pars
1470 3582 1602 3620 Angliae,
1621 3580 1725 3611 confisa
1740 3579 1777 3610 de
1793 3579 1992 3620 Magnitudine
2006 3579 2164 3617 Potentiae,
2180 3577 2253 3608 Hoc
2274 3577 2320 3607 vel
2343 3577 2397 3621 hu-

1326 3619 1452 3656 jusmodi
1475 3621 1594 3650 Timere
1615 3629 1675 3650 non
1696 3619 1828 3650 haberet:
1848 3621 1882 3650 δε
1904 3618 1956 3649 iste
1967 3617 2077 3649 Modus
2090 3616 2132 3648 est
2145 3615 2283 3647 inauditus
2297 3615 2331 3646 &
2353 3625 2398 3646 in-

1329 3658 1440 3696 solitus,
1460 3660 1524 3697 quia
1539 3668 1598 3689 non
1614 3657 1655 3688 est
1669 3658 1780 3689 solitum
1793 3666 1870 3689 eittra
1884 3657 1915 3687 R
1972 3666 1986 3686 a
1999 3657 2045 3687 seu
2061 3653 2198 3686 Confinia
2210 3652 2397 3698 eorumdem,

1329 3698 1410 3734 super
1426 3697 1558 3735 Qierelis
1570 3706 1690 3734 eorum,
1699 3695 1861 3727 Mendicari
1874 3696 1909 3726 ab
1951 3697 2033 3726 xteris
2045 3694 2183 3732 Suffragia
2196 3691 2396 3736 Discussionis,

1330 3735 1468 3775 Consilii,
1487 3736 1533 3766 vel
1555 3736 1794 3771 Terminationis,
1813 3735 1858 3766 sed
1881 3736 1996 3772 omnia,
2015 3742 2047 3764 ut
2069 3732 2232 3770 praefertur‚
2252 3729 2306 3760 suis
2319 3731 2396 3762 Sub-

1329 3775 1409 3812 ditis,
1427 3774 1543 3805 Paribus
1555 3774 1693 3805 Numero
1708 3774 1741 3805 &
1757 3773 1873 3812 Gradu,
1890 3783 1973 3810 agere
1988 3773 2022 3803 &
2036 3770 2171 3810 implere;
2190 3778 2245 3813 nec
2258 3769 2327 3801 effet
2340 3770 2395 3800 ho-

1328 3812 1442 3842 nesturn
1459 3812 1572 3850 Regnis
1588 3813 1668 3850 quod
1682 3812 1776 3843 EXteri
1788 3813 1976 3849 intelligerent
1992 3817 2097 3852 tantam
2117 3806 2304 3852 Debilitatem
2325 3808 2397 3839 Pru-

1328 3852 1431 3881 dentiae
1452 3851 1638 3890 Regnorum,
1658 3851 1738 3889 qubd
1759 3860 1862 3881 eorum
1882 3848 2018 3889 Qerelas
2034 3847 2087 3876 suls
2111 3846 2249 3878 nescirent
2263 3846 2397 3878 Confiliis

1328 3890 1464 3920 discutere
1477 3890 1510 3919 &
1524 3891 1685 3920 terminare.

1366 3927 1500 3958 Tandem
1515 3929 1586 3957 cum
1599 3928 1678 3965 super
1693 3927 1752 3957 hoc
1765 3926 1874 3963 modo,
1891 3924 1990 3954 debito
2002 3922 2036 3953 &
2051 3921 2191 3961 honesto,
2209 3923 2395 3961 Cognitionis

1326 3966 1432 4002 praefati
1446 3965 1567 3996 Articuli
1582 3965 1618 3996 sic
1632 3967 1808 3996 altercaretur
1823 3966 1895 3993 inter
1909 3969 2014 3999 partes,
2034 3970 2087 3991 nec
2100 3962 2179 3999 super
2193 3961 2251 3993 hoc
2264 3964 2393 3993 invicem

1325 4004 1553 4041 concordarent,
1572 4013 1625 4041 pro
1642 4004 1751 4043 Qiiete
1766 4001 1870 4039 Populi
1885 4000 2027 4038 utriusque
2040 3999 2155 4040 Regni,
2173 4000 2278 4039 placuit
2291 4001 2392 4069 Ρῐκῗὲ

2437 1965 2538 1996 *vm

2437 2015 2503 2043 3¹3-
