2561 4251
88 297 166 337 Anu.
180 301 224 336 D.

109 350 192 381 1352.

240 221 293 262 80
720 207 1288 257 CONVENTIO

1317 197 1510 257 NES,
1565 205 1951 255 L1TERAE‚

2418 284 2493 321 Ann.
2508 290 2550 329 D.

2440 337 2524 369 1352.

88 384 155 410 ΞΜ·
177 390 203 417 3·
241 393 301 426 Pro
323 395 409 426 Duce
435 389 625 435 Lancastriae‚
657 389 700 422 ad
721 392 824 422 Partes
847 386 1064 431 transmarInas
1077 410 1088 426 ‚
1116 382 1206 429 fhper
1229 382 1297 427 qm'-
1341 386 1543 431 Excufhtoria
1560 399 1615 434 pro
1638 382 1775 434 Epiftopo
1803 384 2021 427 Armacham,
2044 397 2080 417 ne
2102 388 2133 417 in
2152 385 2277 431 persbna
2298 386 2401 416 veniat
2413 371 2479 396 mv.
2498 378 2526 405 3·

290 439 427 485 bustiam,
452 445 586 488 nequiter
597 437 657 483 fibi
677 448 731 484 per
755 439 872 470 Ducem
895 435 931 466 de
954 432 1140 478 Brunswick
1154 429 1299 476 impositis,

279 489 456 535 professuro-

85 568 162 601 ,Ann-
181 567 222 599 D·
244 573 331 628 RE
339 574 371 605 X
390 574 550 611 Omnibus,
567 571 601 603 ad
617 580 696 609 qUOS,
711 569 773 600 &c.
810 567 944 613 Salutem.
1150 602 1154 607 .

117 616 201 645 ¹252·
340 613 513 651 supplicavit
527 612 622 648 nobis,
636 608 753 639 dileetus
775 605 1007 644 Consanguineus
1028 604 1061 635 &
1083 601 1169 633 fidelis
1188 598 1301 637 noster,

89 649 156 674 ΕΜ)-
177 655 202 680 3·
240 650 381 682 Henricus
396 652 463 682 Dux
481 648 646 681 Laneastriae
659 655 698 684 ut,
1043 681 1048 686 .
1279 675 1284 680 ·

85 687 137 711 An.
155 685 200 711 2⁶·
276 690 357 720 Cum
374 691 429 727 ipse
444 689 477 719 ad
495 696 583 726 partes
595 685 821 721 Transmarinas,
841 693 894 721 pro
907 682 933 713 se
946 682 982 724 de
998 677 1182 724 quibusdam,
1202 685 1300 719 nequi-

83 726 115 749 E.
139 731 164 757 3·
239 736 280 759 ter
296 729 344 758 sibi
361 738 409 767 per
425 745 439 750 -
453 744 464 749 -
481 744 494 750 -
519 726 633 756 Ducem
653 725 689 755 de
708 723 822 754 Brunsw
836 723 862 764 ,k
884 722 1035 764 impolitis,
1051 715 1206 761 excusando
1228 716 1259 753 (li
1283 724 1300 744 a

83 760 200 823 {at-2⁶·
238 767 323 796 nobis
344 766 502 796 Licentiam
522 766 650 804 optinere
679 760 786 797 valeat)
834 759 974 797 isposuerit
1001 767 1030 787 in
1051 764 1185 795 proximo
1214 751 1299 792 profi-

109 819 114 823 ·
129 806 153 832 3·
173 804 199 834 P·
236 805 311 834 cisci.

84 844 110 861 ²·
124 845 160 863 η’·
171 835 197 867 8·
272 842 399 873 Velimus
412 843 438 872 ei
455 842 612 872 Licentiam
624 839 698 869 illam
715 837 750 868 ad
765 838 821 868 hoc
836 834 994 867 concedere
1005 833 1166 874 gratiosam,

71 1445 146 1477 Ann.
162 1445 201 1476 D.

91 1494 174 1524 1352.

68 1527 121 1550 Aa.
140 1526 184 1550 26.

68 1565 98 1588 E.
115 1571 139 1596 3.

66 1600 204 1635 Claufi26.

69 1640 132 1672 1:13.
147 1648 183 1665 m.

68 1682 113 1710 15.

56 2245 133 2277 Ann.
148 2246 189 2278 D.

77 2293 160 2324 1352.

57 2326 110 2350 An.
127 2327 171 2351 26.

52 2383 190 2429 ,sc-orsa.

52 2439 190 2475 E.3.m.3.

53 2519 73 2539 ‘¹‘
84 2524 184 2560 V-743·

49 3195 124 3226 Ann.
141 3194 182 3228 D.

69 3243 150 3272 1352.

48 3276 102 3299 Aa.
121 3275 164 3300 26.

49 3313 81 3336 Ε.
100 3319 123 3346 3.

50 3348 140 3384 Claus.

53 3386 98 3412 26.
113 3389 142 3413 E.
160 3395 185 3421 3.

51 3431 89 3450 m.
101 3431 142 3451 ιι.

270 880 336 911 Nos
356 881 433 919 (licet
449 879 592 918 praesentia
605 878 686 916 ipsius
700 875 917 912 Consanguinei
931 873 1016 916 nostri
1032 869 1189 916 commode
1204 878 1297 913 carere

234 921 356 950 minime
377 919 531 956 valeamus)
560 917 682 948 volentes
701 924 814 952 tamen,
833 923 884 955 pro
899 914 979 950 ipsius
994 920 1118 954 nominis
1135 910 1168 940 δε
1183 909 1297 938 honoris

231 958 390 988 defensione
413 959 445 988 ὅ(
467 957 631 994 salvatione,
647 953 840 991 supplicationi
862 954 916 981 iuae
935 960 1055 980 annuere
1073 959 1103 978 m
1126 948 1178 978 liac
1201 955 1296 993 parte,

231 996 418 1026 concessimus
431 996 522 1026 eidem
540 994 617 1024 Duci
634 991 817 1028 Lancastriae,
835 988 914 1027 quod
928 987 1000 1025 ipse,
1019 997 1085 1019 cum
1103 986 1176 1030 Uno
1191 986 1295 1014 Lomi-

232 1042 278 1072 te,
296 1035 327 1064 ὃς
344 1035 489 1069 Sexaginta
505 1032 649 1063 Militibus
660 1033 692 1061 ὃς
709 1029 1046 1072 Αττηίςειιίεῃπιεφτμπι
1060 1026 1146 1071 Equis
1165 1025 1198 1054 &
1213 1022 1293 1053 Her-

231 1073 309 1103 neiiis
319 1096 327 1111 ,
343 1073 378 1103 ad
392 1067 480 1103 dicias
495 1071 603 1109 Partes,
619 1079 652 1101 ex
670 1067 751 1099 causa
765 1066 913 1105 praedieta,
929 1064 1007 1095 licite
1023 1065 1056 1095 ὃς
1070 1073 1188 1102 impune
1205 1061 1293 1092 valeat

249 1110 377 1141 roficisci.

227 1121 247 1151 p
267 1148 300 1179 In
314 1151 410 1187 cujus,
430 1149 491 1180 &c.
510 1158 561 1187 pro
574 1146 671 1178 nostro
686 1143 863 1182 beneplacito
881 1142 1027 1183 duraturas,
1131 1179 1135 1184 Ι
1195 1179 1199 1184 ¹

305 1188 394 1218 Teste
413 1187 494 1226 Rege
512 1187 583 1225 apud
601 1181 900 1220 westmonasterium,
924 1181 1060 1212 vicelimo
1074 1187 1158 1211 tertio
1172 1177 1217 1208 die
1231 1177 1292 1208 Au-

229 1224 312 1263 gusti.

404 1358 461 1389 Pro
486 1353 640 1391 Edwardo
664 1352 698 1386 de
725 1352 868 1393 Balliolo,
896 1351 972 1396 Rege
995 1349 1102 1380 Scotiae.

288 1439 354 1472 EX
375 1440 584 1472 Colieetoribus
603 1439 735 1470 Decimse
757 1439 790 1469 ὃς
811 1434 1055 1476 Qintaedecirnae
1070 1433 1099 1462 in
1113 1431 1286 1472 Estrithingo

223 1445 283 1509 R
304 1481 332 1509 i'n
346 1478 493 1510 Comitatu
508 1479 641 1509 Eborum
651 1501 660 1515 ,
678 1477 807 1507 Salutem.
933 1513 937 1518 ,

260 1518 430 1550 Mandamus
443 1519 527 1547 vobis
544 1516 633 1555 quod,
651 1515 757 1546 dilecto
774 1513 994 1549 Consanguineo
1011 1509 1119 1548 nostr0,
1136 1509 1282 1541 Edwardo

220 1558 255 1588 de
280 1557 410 1595 Balliolo,
430 1555 507 1593 Regi
528 1555 651 1591 Scotiae,
671 1553 716 1584 vel
738 1554 794 1590 ejus
818 1553 846 1582 in
867 1552 1018 1593 hac-parte
1042 1549 1207 1586 Attornato,
1225 1548 1282 1578 illas

222 1596 367 1626 Ducentas
386 1595 480 1625 Libras
501 1595 576 1632 (quas
592 1592 684 1623 eidem
702 1591 796 1629 Regi,
815 1592 844 1620 in
859 1586 1213 1633 Sublidiuiiilixpensarum
1223 1587 1281 1617 sua-

219 1645 299 1672 rum,
318 1633 522 1670 assignavimus)
544 1631 578 1662 de
594 1631 730 1668 Denariis,
744 1630 779 1660 de
795 1627 918 1659 Decima
932 1628 965 1657 &
980 1625 1201 1669 Qintadecima
1209 1635 1281 1662 prae-

218 1673 318 1710 dietis,
337 1673 365 1702 in
388 1671 565 1707 Estrithingo
587 1668 737 1707 praedieto,
755 1666 1000 1706 provenientibus,
1015 1663 1227 1707 percipiendas,
1245 1664 1278 1693 &

217 1711 292 1741 unde
310 1710 359 1740 fibi
372 1711 436 1740 duas
448 1709 548 1739 Tallias
562 1708 597 1738 de
621 1706 750 1744 Recepta
775 1705 916 1737 Scaccarii
936 1702 1020 1733 nostri
1042 1702 1126 1732 levari
1146 1701 1280 1740 fecimus,

218 1750 274 1779 sine
291 1749 421 1778 dilatione
436 1757 612 1786 quacumque
623 1746 744 1783 solvatis,
1049 1781 1054 1786 ι
1196 1780 1202 1785 .

254 1787 435 1824 Recipientes
452 1787 489 1816 ab
506 1795 560 1824 eo,
577 1784 621 1815 vel
637 1784 716 1814 dieto
730 1784 780 1814 suo
798 1781 963 1818 Attornato,
980 1780 1083 1811 Tallias
1098 1779 1278 1819 supradietas,

215 1826 248 1857 &
268 1826 370 1855 Literas
388 1825 613 1863 Acquietamiae,
629 1832 693 1860 quae
706 1822 871 1852 sufficientes
886 1820 989 1850 fuerint
1005 1820 1033 1848 in
1048 1818 1099 1862 liae
1116 1827 1206 1856 parte,

250 1863 287 1893 Et
304 1873 354 1893 nos
370 1864 451 1893 vobis
467 1862 549 1900 inde,
569 1863 598 1892 in
613 1860 744 1897 Compto
758 1858 868 1896 vestm,
888 1858 921 1889 ad
936 1858 1118 1888 Scaccarium
1135 1855 1276 1894 nostrum,

212 1901 337 1932 debitam
355 1901 561 1932 Allocationem
578 1899 678 1929 habere
693 1898 836 1928 faciemus.
1051 1934 1056 1938 .
1207 1933 1211 1938 ¹

250 1939 335 1972 Teste
355 1939 437 1978 Rege
453 1938 526 1978 apud
545 1937 846 1974 westmonasterium,
868 1934 1011 1966 tricesimo
1029 1932 1074 1963 die
1092 1931 1221 1971 Augusti.

785 2015 839 2043 Per
857 2010 961 2041 Billam
978 2009 1172 2051 Uaefizurariae.

233 2145 292 2176 Pro
315 2142 392 2175 dicio
415 2146 510 2190 Rege,
546 2145 577 2174 in
601 2140 772 2188 Angliam,
804 2139 840 2173 de
864 2136 1020 2173 Mandat·
1044 2138 1147 2183 Regis,
1173 2147 1247 2169 ven-

705 2199 783 2221 turv-

274 2245 340 2278 EX
359 2248 420 2278 &c.
457 2247 590 2278 Salutem.

310 2285 445 2316 Volentes
470 2286 633 2322 Securitati,
664 2282 816 2321 Magnifici
838 2281 993 2321 Principis,
1023 2279 1157 2312 Edivardi
1179 2280 1269 2318 Regis

208 2322 331 2361 Scotiae,
348 2323 555 2362 Consanguinei
568 2323 655 2353 nostri
667 2322 816 2359 cariffinss,
832 2323 881 2361 qui
896 2323 931 2353 ad
947 2321 1013 2351 Nos
1026 2321 1056 2350 in
1071 2318 1268 2358 Angliam‚de

209 2362 342 2391 mandato
356 2362 470 2400 nostro,
490 2372 578 2399 nuper
593 2362 686 2400 venit,
701 2360 862 2398 providere,

245 2399 423 2436 Suscepimus
435 2399 525 2436 ipsum
539 2399 671 2437 Regem,
693 2399 853 2436 Homines,
873 2397 1046 2435 Familiares,
1063 2399 1176 2438 Equos,
1193 2394 1269 2440 Her-

208 2438 296 2475 nelia,
315 2437 389 2467 Bona
403 2438 436 2468 ὃ(
454 2437 511 2467 Res
533 2437 579 2467 sua
600 2447 785 2475 quaecumque
792 2460 802 2475 ,
818 2436 923 2466 ibidem
939 2438 1077 2468 morando
1111 2439 1145 2469 &
1167 2436 1269 2465 exinde

207 2484 260 2512 pro
276 2476 417 2506 voluntate
431 2475 476 2506 sua
491 2476 670 2513 transeundo,
686 2486 718 2505 ac
731 2475 765 2506 ad
778 2475 878 2505 eadem
889 2474 1027 2511 Regnum
1036 2477 1068 2507 δε
1083 2461 1268 2512 Potestatem,

205 2513 239 2543 ad
264 2513 450 2552 quascumque
474 2522 560 2550 partes
583 2514 728 2551 Regni&
752 2512 896 2543 potestatis
915 2513 933 2531 *
957 2514 1143 2554 eorumdem,
1161 2513 1267 2550 libere,

204 2552 452 2592 quotienscumque
468 2553 500 2583 ὃ(
514 2552 749 2590 quandocumque
764 2551 857 2582 eidem
874 2550 950 2586 Regi
973 2552 1124 2592 placuerit,
1146 2553 1203 2582 tam
1219 2561 1270 2592 per

202 2588 340 2627 Terram,-
356 2592 440 2628 qu'am
456 2601 502 2628 per
519 2590 615 2627 Mare,
630 2590 779 2628 veniendo,
797 2591 829 2620 &
843 2589 879 2619 de
893 2589 997 2620 eisdem
1011 2592 1134 2628 partibus
1148 2592 1178 2620 in
1193 2590 1266 2620 Sco-

202 2628 268 2657 tiam
291 2628 450 2666 redeundo,
472 2630 498 2658 in
524 2628 732 2658 Protesilonem
747 2630 779 2659 &
796 2627 998 2658 Defensionem
1021 2629 1144 2660 nostram
1164 2628 1267 2666 specia-

202 2664 276 2703 lem,
294 2676 408 2696 necnon
423 2668 450 2696 in
467 2666 571 2696 salvum
586 2668 618 2697 ὃς
633 2666 755 2696 securum
771 2666 959 2697 Condueturn
975 2667 1117 2705 nostrum,
1141 2668 1267 2698 nolentes

202 2704 283 2742 quud
306 2704 382 2734 idem
406 2704 486 2742 ReX,
508 2706 654 2735 occasione
679 2703 814 2734 Reccss-sis
833 2704 904 2734 suia
928 2707 1048 2742 partibus
1064 2706 1196 2743 Angliae,
1223 2705 1265 2736 vel

202 2751 293 2772 morie
306 2742 359 2772 suae
372 2744 400 2772 in
417 2744 539 2780 partibus
553 2743 655 2773 Scotiie
664 2765 672 2780 ,
687 2752 733 2773 aut
747 2742 799 2773 aliti
814 2752 991 2781 quacumque
998 2744 1034 2774 de
1041 2745 1122 2775 causa
1131 2755 1178 2783 per
1186 2744 1265 2782 Nos,

202 2780 248 2809 vel
268 2779 413 2811 Ministros
430 2781 539 2811 nostros
556 2781 762 2820 quoscumque,
774 2781 978 2819 occasionetur,
992 2782 1152 2813 molestetur
1166 2784 1194 2813 in
1217 2783 1265 2813 ali—

201 2829 277 2857 quo,
292 2818 334 2848 seu
351 2828 497 2857 gravetur,

238 2855 274 2886 Et
287 2858 352 2887 ideo
370 2859 450 2888 vobis
467 2857 628 2888 mandamus
644 2857 722 2896 quod
734 2857 829 2888 eidem
844 2856 933 2896 Regi,
948 2856 1008 2892 &a
1022 2866 1105 2898 prout
1128 2862 1157 2889 in
1169 2858 1265 2899 fims'li-

202 2893 249 2924 bus
263 2898 366 2924 Literis
380 2897 411 2925 de
425 2897 573 2926 Conduau,

239 2932 273 2963 In
295 2934 389 2972 cujus,
407 2936 468 2965 ἃς.
488 2944 536 2972 per
552 2944 639 2964 unum
657 2934 771 2965 Annum
787 2934 934 2965 duraturas

273 2971 360 3002 Teste
379 2972 463 3010 Rege
478 2973 550 3011 apud
569 2972 868 3011 westmonasterium,
885 2973 962 3003 sexto
983 2972 1029 3004 die
1046 2973 1225 3013 Septembris.

247 3101 354 3132 Lirem
376 3100 459 3146 mifflz
485 3098 647 3133 Nobilibus
667 3104 703 3138 ὠ·
731 3102 943 3133 Communitati
968 3101 1052 3134 Villae
1075 3101 1111 3134 de
1135 3103 1216 3152 Pyft.

263 3183 344 3253 Εὸὶῗ,
362 3184 470 3216 dilectis
488 3184 553 3224 sibi,
569 3184 729 3216 Nobilibus
746 3186 780 3217 &
799 3185 1006 3217 Communitati
1026 3186 1109 3217 Villae
1125 3187 1161 3217 de
1179 3186 1262 3225 Pyse,

301 3234 314 3253 a
327 3232 410 3254 utem.

238 3261 359 3292 Veniens
374 3262 406 3291 ad
423 3261 507 3300 Nos,
525 3261 640 3292 dilee'ms
654 3263 753 3299 nobis,
772 3261 947 3293 Banduchius
962 3262 1111 3299 Maskerel,
1130 3272 1198 3292 cum
1209 3262 1261 3292 Li-

202 3301 266 3332 teris
280 3300 376 3330 vestris
385 3300 421 3330 de
436 3300 602 3337 Credentia,
621 3301 700 3330 nobis
714 3310 747 3336 ex
764 3309 837 3337 parte
851 3300 939 3331 vestra
955 3300 1116 3338 supplicavit
1136 3309 1185 3339 ut,

239 3338 320 3370 Cum
335 3348 385 3368 vos
400 3347 487 3369 certos
504 3338 633 3368 Nuncios
647 3339 679 3368 ὅ(
695 3338 886 3369 Procuratores
898 3341 927 3369 in
942 3339 1077 3375 Angliam
1087 3362 1096 3377 ,

240 3377 286 3407 Ad
307 3375 527 3415 prosequendum
550 3376 767 3407 Restitutionem
790 3377 932 3415 cujusdam
956 3377 1048 3406 Navis
1063 3377 1145 3407 Villae
1159 3376 1259 3407 vestrae

204 3415 345 3452 praedietae
380 3425 466 3453 nuper
481 3417 510 3444 in
525 3414 610 3446 Portu
626 3414 661 3444 de
679 3415 848 3446 Sandewico
871 3425 919 3453 pei·
935 3414 1065 3445 Subditos
1088 3415 1212 3453 nostros,
1230 3425 1259 3446 ut

204 3453 317 3490 dicitur,
340 3437 523 3492 depraedatae,

240 3489 276 3520 Et
291 3491 324 3521 ad
343 3492 521 3523 ti·a&andum
536 3491 571 3521 de
591 3491 670 3525 Ligis
695 3491 728 3521 ὃς
758 3493 895 3530 perpetuis
923 3491 1062 3521 Amicitiis
1076 3513 1085 3528 ,
1103 3492 1173 3521 inter
1196 3491 1260 3522 Nos

200 3528 235 3597 ἐς
255 3527 385 3559 Subditos
411 3529 518 3560 nostros
543 3540 575 3560 ac
595 3529 738 3560 Homines
763 3528 982 3560 Communitatis
999 3529 1144 3567 praedietae
1161 3531 1261 3560 ineun-

223 3576 243 3596 is

241 3589 433 3640 Disposueritis
448 3606 578 3636 destinare
587 3630 597 3645 ,

243 3642 371 3673 Velimus
385 3643 508 3673 Nunciis
520 3646 552 3674 &
563 3644 793 3675 procuratoribus
800 3643 941 3682 praedizfi‘tis
955 3643 1061 3674 salvum
1071 3643 1261 3675 Conduetum

206 3680 363 3712 concedere
379 3682 504 3716 gratiose.

241 3717 309 3748 Nos
327 3718 546 3755 (Supplicationi
566 3721 664 3751 vestra:
685 3722 713 3750 in
738 3721 790 3751 bac
814 3728 889 3758 parte
908 3720 1075 3756 annuentes)
1101 3720 1259 3758 hujusmodi

206 3754 393 3822 ἓοῑὲάυὲὶυιῃ
414 3755 534 3793 praefatis
558 3758 678 3788 Nunciis
696 3760 728 3789 δε
750 3759 982 3789 procuratoribus
1001 3758 1131 3788 duximus
1154 3768 1261 3790 conce-

227 3803 260 3822 en
282 3804 348 3831 um,

245 3831 372 3874 Volentes
387 3830 464 3869 quod
477 3832 535 3861 tim
550 3832 634 3862 iidem
650 3834 761 3864 Nuncii
778 3836 809 3866 &
832 3835 1030 3865 Procuratores
1052 3834 1156 3872 vestri,
1175 3836 1262 3873 quam

205 3879 378 3906 quicumque
393 3870 438 3899 alii
453 3869 641 3909 Mercatores,
659 3872 693 3901 de
712 3873 736 3901 V
740 3873 785 3903 illa
800 3873 887 3904 vestra
902 3872 1037 3911 praedicta
1070 3873 1099 3902 in
1122 3873 1260 3909 Regnum

207 3906 332 3949 nostruin
348 3907 480 3949 Angliae.
499 3917 566 3937 cuni
585 3908 668 3951 Bonis
681 3910 714 3939 δε
730 3910 928 3942 Mercimoniis
940 3911 1000 3948 suis,
1017 3894 1091 3941 saivo
1108 3911 1141 3941 &
1154 3912 1260 3950 secure,

210 3943 259 3973 sub
274 3944 408 3986 Tuitione
424 3947 457 3976 &
472 3945 653 3976 Protetihone
674 3947 771 3977 nostris
792 3951 902 3980 veniant
909 3972 918 3988 ,
937 3950 971 3980 δε
990 3951 1019 3978 in
1035 3949 1136 3979 eodem
1152 3949 1261 3986 Regno

209 3981 410 4024 sav·oraliiliter,
426 3992 453 4012 ut
467 3984 612 4021 nostrates,
631 3986 842 4023 pertractentur,
861 3988 893 4017 ὃς
916 3987 1017 4017 exinde
1033 3987 1141 4017 redeant
1162 3988 1262 4026 absque

211 4019 430 4062 impedimento,
448 4030 529 4057 prout
544 4023 596 4051 suae
610 4023 740 4059 placuerit
755 4024 907 4062 voluntati,
925 4025 1059 4055 solvendo
1071 4025 1107 4056 de
1122 4025 1206 4057 Bonis
1227 4027 1260 4058 &

212 4056 412 4089 2Mercimoniis
427 4057 477 4087 suis
493 4058 641 4089 Custumas
652 4061 684 4090 &
702 4059 822 4090 Deveria
837 4062 928 4092 debita
940 4064 972 4093 &
988 4063 1086 4094 usitata.

285 4094 352 4126 Dat.
371 4096 399 4126 in
419 4095 524 4128 Palatio
543 4097 639 4128 nostro
657 4098 781 4128 Westm.
796 4099 871 4131 sexto
885 4101 931 4132 die
952 4101 1131 4141 SeptembrisE

1383 434 1428 466 ad
1450 436 1657 469 Parliamenta
1670 463 1680 479 ,
1707 433 1855 470 Dubliniae
1878 432 2044 474 celebrata,
2077 433 2158 479 quod
2184 445 2254 466 cum
2282 434 2397 474 Cruce,

1386 493 1455 515 ante
1469 484 1505 528 se
1527 485 1644 527 erebia,
1670 486 1743 518 illuc
1755 485 1861 530 ficare
1883 480 2021 516 accedere
2040 485 2152 527 nequit.

1341 567 1427 621 RE
1436 567 1467 598 X
1485 569 1676 608 omnibus,ad
1688 579 1767 609 quos,
1779 569 1841 600 &c.
1876 567 2009 599 Salutem.
2413 555 2489 586 Ann-
2505 555 2546 594 D-

1438 607 1540 638 Sciatis
1553 609 1649 647 quod,
2318 640 2324 646 ¹
2348 639 2354 645 ,
2436 603 2520 634 ¹352·

1378 644 1458 675 Cum
1481 646 1568 683 inter,
1588 646 1766 677 Venerabilec
1783 644 1890 683 Patres,
1912 643 1939 682 J.
1961 642 2217 681 Archiepiscopum
2236 639 2400 676 Dublmiae,
2413 636 2465 662 ⁴¹²²·
2483 635 2529 664 2⁶·

1337 684 1371 714 δε
1388 683 1427 714 R.
1447 684 1700 722 Archiepiscopum
1717 682 1993 721 Armachanensem,
2008 682 2157 713 Hiberniae
2172 679 2339 718 Primatem,
2354 677 2396 722 su-
2412 675 2444 698 E.
2465 681 2491 708 3-

1337 732 1386 760 per
1402 721 1569 761 Bajulatione
1584 723 1677 753 crucis
1688 722 1769 758 ipsius
1783 721 1996 759 Archiepiscopi
2012 718 2242 752 Armachanenfis
2252 717 2328 762 infra
2343 714 2397 760 Cr·
2413 713 2469 738 Par.
2499 712 2544 747 ²⁶³.

1338 761 1470 800 vitatem,
1490 760 1668 798 Dioecefim,
1685 760 1718 791 &
1734 759 1914 790 Provinciam
1929 759 2091 799 Dubliniae,
2110 757 2203 797 gravis
2217 756 2401 788 Diffenfioms
2414 751 2442 776 Ε·
2461 757 2487 786 3·
2499 756 2525 787 P·

1337 800 1450 829 materia
1474 800 1506 830 sit
1520 809 1632 837 exorta,
2418 795 2524 825 ²·m·5·

1374 837 1489 875 Propter
1503 838 1578 876 quod
1593 838 1670 868 idem
1686 835 1919 886 Archiepiscopus
1933 834 2163 880 Armachanensis
2176 842 2236 865 non
2252 831 2342 872 potest
2356 831 2396 863 se-

1335 878 1404 906 cure
1420 886 1490 907 cum
1504 877 1615 916 Cruce,
1632 885 1694 907 ante
1709 885 1774 906 eum
1787 877 1897 914 ereeta,
1914 874 1949 906 ad
1965 873 2164 913 Parharnenta,
2180 873 2344 909 Tractatus,
2361 871 2396 901 &

1336 913 1479 953 Consilia,
1499 915 1569 946 infra
1582 915 1670 946 dietas
1686 913 1856 954 Civitatem,
1874 912 2052 956 Dioecefim,
2070 913 2103 943 ὃς
2124 912 2306 957 Provinciam
2332 909 2399 954 Du‘.

1335 952 1429 982 bliniae
1453 953 1618 984 celebranda
1645 954 1699 984 sive
1728 954 1864 993 tenenda,
1880 954 1936 984 sine
1967 961 2047 989 gravi
2067 949 2276 982 Commouone
2296 947 2399 987 Populi

1339 990 1479 1059 diffiarum
1495 993 1632 1031 partium,
1648 991 1800 1031 accedere,

1403 1040 1434 1060 os

1366 1053 1452 1099 Tam'
1468 1068 1504 1099 de
1524 1069 1737 1100 conservatione
1757 1067 1836 1099 Pacis
1858 1067 1985 1099 Partium
2006 1064 2224 1106 praediemrum,
2248 1065 2332 1104 quam
2354 1064 2391 1096 de

1330 1104 1406 1137 Statu
1418 1106 1488 1137 dieti
1503 1107 1731 1139 Armachanenlis
1746 1107 1958 1145 Archiepiscopi
1972 1106 2092 1144 soliciti,

1352 1144 1411 1187 „Ac
1427 1145 1553 1177 volentes
1566 1146 1695 1184 periculis
1710 1146 1743 1176 &
1759 1145 1918 1184 Dampnis,
1936 1155 1998 1184 quae
2014 1154 2048 1176 ex
2063 1142 2222 1181 hujusmodi
2237 1141 2394 1173 Dissensio-

1328 1182 1410 1213 nibus
1423 1186 1534 1215 evenire
1547 1193 1692 1223 poterunt,
1706 1185 1840 1222 obviare,

1365 1220 1566 1253 Conceffimus
1579 1223 1672 1253 eidem
1689 1222 1911 1261 Archiepiscopo
1928 1220 2164 1258 Armachanenfi,
2179 1219 2257 1259 quod
2272 1218 2339 1257 ipse,
2353 1217 2389 1262 ad

1326 1260 1550 1297 comparendum
1566 1261 1743 1299 personaliter
1755 1262 1787 1291 in
1809 1260 2019 1297 Parliamentis,
2036 1258 2183 1297 Consiliis,
2200 1258 2233 1290 &
2246 1258 2393 1300 Tradiati-

1327 1298 1396 1335 bus,
1416 1299 1486 1329 infra
1503 1299 1591 1329 diCtas
1611 1298 1786 1337 Civitatem,
1801 1298 1981 1339 Dioecefim,
2006 1298 2039 1328 &
2061 1296 2245 1340 Provinciam
2270 1295 2394 1327 Dublin.

1326 1337 1467 1375 tenendis,
1491 1338 1646 1369 nullatenus
1668 1337 1874 1377 compellatur,
1901 1347 1973 1374 nec,
2016 1345 2110 1374 ropter
2132 1335 2291 1367 Absentiam
2314 1335 2392 1366 suam

1325 1374 1520 1412 Personalem,
1540 1386 1588 1413 per
1602 1376 1679 1414 Nos,
1696 1376 1932 1414 velJustitiarium
1948 1385 1986 1405 no
2013 1384 2075 1405 rum
2091 1373 2250 1411 Hiberniae,
2265 1381 2311 1404 aut
2327 1373 2390 1404 Mi-

1324 1412 1421 1457 nistros
1436 1413 1542 1458 nostros
1556 1414 1657 1445 Terrae
1679 1414 1822 1452 praedietae
1844 1414 2053 1454 quoscumque,
2070 1412 2278 1450 occasionetur,
2296 1413 2390 1450 impe-

1323 1459 1392 1532 tatpr
1399 1453 1809 1522 ffussgffidfgqbfflvffiifflffi
1824 1490 2018 1522 Procuratores
2035 1489 2095 1521 suos
2114 1487 2280 1532 sufficientes
2293 1488 2328 1519 ad
2343 1487 2384 1532 faj
2402 1489 2421 1511 ¹*
2431 1493 2541 1529 V·744·⁴

1320 1528 1453 1560 ciendum
1476 1540 1525 1567 ea,
1541 1540 1605 1568 quae
1625 1529 1700 1560 idem
1722 1529 1956 1568 Archiepiscopus
1980 1528 2211 1560 Armachanenlis
2232 1527 2338 1571 faceret
2362 1530 2382 1558 li

1319 1566 1638 1637 fflaesergceget&&bad
1652 1568 1882 1637 congengtiendunti
1898 1568 2036 1637 hiis,qiiiae
2050 1564 2384 1611 in.Parliamentis,Con-

1351 1615 1381 1634 iis
1494 1616 1521 1636 ra
1554 1617 1588 1637 ati
1611 1617 1640 1638 us
1674 1616 1711 1636 rae
1732 1618 1738 1636 i
1772 1617 1793 1637 is
1805 1616 1863 1637 con
1904 1616 1953 1637 erit
1967 1617 1999 1637 or
2020 1616 2098 1636 inari.

1356 1628 1481 1681 In'cujus
1496 1645 1556 1675 &c.
1576 1618 1709 1683 quamtum
1725 1647 1807 1676 nobis
1820 1616 1952 1682 pladfferit
1968 1645 2113 1675 duraturas.

1355 1681 1443 1714 Teste
1456 1681 1540 1721 Rege
1557 1684 1629 1722 apud
1636 1683 1940 1723 westmonasterium,
1959 1683 2130 1715 duodecimo
2144 1682 2190 1714 die
2203 1683 2391 1722 Septembris.-

2011 1725 2064 1754 Per
2082 1721 2163 1762 ipsicm
2180 1725 2285 1761 Regem.

1426 1850 1486 1882 Pro
1509 1847 1687 1896 Engelberto
1710 1850 1823 1883 Comitc
1846 1849 1882 1883 de
1907 1848 2028 1893 Adark,
2052 1847 2088 1882 de
2101 1851 2280 1884 Annuitate.

1321 1931 1443 1987 REX
1461 1933 1660 1974 Thesaurario,
1678 1935 1712 1966 &
1728 1934 1893 1967 Camerariis
1904 1934 1972 1974 suis,
1989 1934 2120 1966 Salutem.

1419 1971 1500 2003 Cum
1517 1983 1569 2004 nos
1584 1983 1689 2012 nuper,

1353 2011 1460 2079 Ῑηωὲι]ἱ
1472 2010 1609 2049 Homagii
1624 2012 1658 2043 &
1674 2012 1834 2058 Fidelitatis,
1854 2023 1929 2058 quae,
1946 2014 2031 2044 bonae
2046 2013 2207 2050 memoriae,
2226 2008 2385 2048 Adulphus,
2397 2029 2471 2062 Ann-
2484 2029 2526 2064 n-

1315 2050 1927 2127 nupJegCngri'tigsossetelrwgglrzsitpaogsffilcgitlss²
1945 2090 2028 2120 nobis
2046 2100 2096 2128 per
2109 2099 2176 2121 eum
2191 2085 2333 2126 impensa,
2350 2087 2383 2118 δε
2395 2078 2508 2137 ΑΞΞΞΞ·

1309 2139 1359 2167 per
1375 2128 1478 2167 ipsum,
1496 2127 1530 2157 &
1547 2126 1683 2158 Haeredes
1696 2128 1772 2166 suos,
1791 2129 1997 2167 impendenda,
2392 2151 2410 2174 E
2442 2131 2448 2136 '
2498 2128 2508 2139 '

1346 2167 1400 2198 Per
1420 2165 1528 2209 Literas
1548 2165 1655 2196 nostras
1678 2164 1806 2197 Parentes
1826 2166 2055 2198 Concefferimus
2075 2167 2168 2198 eidem
2190 2164 2318 2205 Comiti‚
2335 2167 2369 2198 &
2389 2169 2434 2214 [fb
2443 2157 2491 2214 ᾗ),

1308 2204 1474 2236 Haeredibus
1491 2203 1559 2241 suis,
1578 2203 1811 2242 Qiadringentos
1833 2205 1968 2236 Florenos
1988 2205 2024 2236 de
2045 2205 2200 2244 Florentia,
2218 2205 2374 2242 percipien-
2391 2197 2425 2251 Σὲ
2435 2197 2470 2252 ‘E
2491 2205 2498 2214 “

1310 2243 1378 2282 dos,
1397 2242 1623 2285 singulisAnnis,
1641 2242 1675 2273 ad
1687 2242 1870 2275 scaccarium
1891 2243 2029 2282 nostrum,
2045 2244 2079 2275 ad
2093 2243 2248 2275 Terminos
2260 2241 2375 2275 Paschae
2389 2272 2416 2291 m
2429 2247 2434 2252 “
2472 2245 2479 2252 “
2497 2232 2517 2263 3⁸

1311 2283 1460 2351 &Esasslffl
1475 2280 1632 2320 Michaelis,
1649 2291 1699 2319 per
1712 2282 1829 2320 aequales
1845 2281 2011 2321 Portiones,
2420 2285 2426 2291 ‘
2442 2271 2469 2300 3⁶

1371 2330 1381 2351 t
1431 2331 1480 2357 os,

1345 2358 1402 2389 Pro
1423 2369 1459 2389 eo
1499 2357 1576 2396 uod,
1593 2357 1712 2389 dileerus
1730 2358 1763 2389 δε
1785 2357 1873 2389 fidelis
1893 2357 2006 2396 noster,
2024 2357 2229 2397 Engelbertus‚
2248 2359 2331 2391 Filius
2343 2361 2377 2392 &

1307 2395 1405 2428 Haeres
1419 2398 1481 2435 ejus
1495 2407 1540 2426 em
1558 2397 1696 2436 Adulpbi,
1714 2396 1893 2436 Homagium
1908 2398 1942 2427 &
1957 2397 1979 2426 F
1981 2398 2130 2428 idelitatem
2144 2397 2227 2427 nobis
2242 2398 2325 2437 fecit,
2342 2399 2377 2430 &

1306 2434 1395 2467 dietas
1410 2436 1513 2467 Literas
1528 2435 1633 2466 nostras
1648 2434 1774 2466 Parentes
1789 2436 1869 2465 nobis
1885 2435 2021 2474 restituit,

1342 2474 1389 2505 Ac
1408 2484 1460 2512 pro
1484 2474 1605 2504 Servitio
1619 2473 1699 2511 ipsius
1721 2473 1907 2512 Engelberti,
1925 2475 1984 2511 jam
2006 2473 2132 2504 Comitis
2155 2472 2192 2504 de
2214 2473 2319 2514 Mark,
2338 2475 2372 2506 δί

1305 2510 1465 2544 Haeredum
1480 2511 1592 2542 suorum
1609 2534 1619 2550 ,
1633 2511 1746 2549 Nobis,
1765 2512 1797 2543 &
1811 2512 1981 2543 Haeredibus
1996 2512 2113 2550 nostris,
2130 2513 2333 2552 impendendo,

1343 2551 1576 2582 Concesserimus
1598 2550 1690 2580 eidem
1715 2549 1889 2587 Engelberto
1917 2550 2150 2589 Qadringentos
2180 2551 2312 2582 Florenos
2334 2552 2372 2583 de

1306 2588 1445 2621 Florentia
1465 2589 1562 2628 (Pretii
1575 2589 1722 2627 cujussibet
1735 2589 1840 2619 Trium
1855 2587 2021 2619 Solidorum
2039 2588 2257 2627 sterlingorum)
2278 2593 2372 2628 perci-

1305 2627 1422 2664 piendos
1435 2629 1531 2659 eidem
1547 2626 1741 2666 Engelberto,
1758 2629 1793 2659 &
1808 2627 1980 2658 Haeredibus
1995 2626 2063 2665 suis,
2079 2627 2192 2664 fingulis
2213 2629 2318 2667 Annis,
2335 2628 2371 2659 ad

1305 2665 1487 2697 Scaccarium
1510 2666 1697 2704 praedietum,
1717 2675 1765 2703 per
1786 2665 1902 2704 aequales
1923 2665 2082 2703 Portiones,
2115 2675 2196 2703 prout
2218 2667 2246 2696 in
2270 2667 2373 2698 Literis

1304 2705 1404 2735 nostris
1422 2704 1599 2742 patentibus,
1616 2704 1682 2734 inde
1697 2703 1852 2742 confectis,
1889 2704 1975 2733 lenitis
1991 2705 2167 2742 continetur,

1343 2742 1435 2774 Vobis
1454 2742 1618 2774 mandamus
1643 2742 1721 2781 quod
1744 2742 1839 2772 eidem
1888 2743 1972 2773 omiti
1988 2742 2217 2780 Qadringentos
2238 2743 2370 2775 Florenos

1303 2781 1337 2811 de
1355 2781 1510 2819 Florentia,
1528 2781 1564 2811 de
1580 2781 1665 2811 Anno
1685 2782 1819 2819 proximo
1830 2781 1890 2818 jam
1907 2782 2018 2818 futuro,
2035 2781 2072 2810 de
2090 2779 2240 2818 Thesauro!
2255 2782 2370 2821 nostro,

1303 2829 1361 2859 prae
1379 2821 1506 2851 manibus
1522 2819 1647 2858 solvatis,
1666 2818 1845 2860 Recipientes
1868 2820 1904 2850 ab
1927 2819 2029 2850 eodem
2045 2818 2162 2849 Comite
2178 2819 2284 2851 Literas
2313 2820 2370 2852 suas

1303 2859 1522 2896 Aequietantiae,
1541 2858 1598 2888 hoc
1614 2857 1796 2888 testificantes.
2096 2893 2101 2896 ¹

1339 2896 1423 2928 Teste
1436 2898 1521 2936 Rege
1534 2896 1607 2935 apud
1617 2895 2030 2936 Westmonasterium,decimo
2043 2897 2142 2935 quinto
2157 2895 2202 2926 die
2217 2895 2364 2927 Octobris.

2070 2937 2124 2964 Per
2140 2934 2222 2973 ipfinn
2238 2938 2329 2972 Rgem.

1501 3064 1550 3095 De
1571 3061 1738 3105 Proviſscme
1760 3059 1803 3093 ad
1825 3059 1986 3102 Ecclestam
2010 3058 2156 3094 Ehormn.

1304 3145 1485 3206 CLemens
1503 3146 1527 3178 E
1549 3136 1675 3184 iscopi'i's,
1694 3146 1795 3176 Servus
1811 3144 1964 3176 Servorum
1981 3144 2058 3183 Dei,
2074 3144 2217 3177 cariffimo
2233 3147 2262 3177 in
2277 3145 2364 3178 Chri·
2381 3145 2454 3178 Ann-
2465 3143 2489 3177 B

1379 3184 1421 3216 sto
1437 3186 1508 3215 Filio
1549 3183 1769 3223 dwardo‚Regi
1788 3183 1900 3222 Angliae
1916 3182 2043 3223 Illlustri,
2055 3183 2179 3215 Salutem
2192 3185 2225 3216 &
2240 3186 2365 3224 Aposto-
2402 3193 2490 3225 1352..

1301 3224 1388 3255 licam
1404 3224 1640 3254 Benedictionem.
2378 3228 2431 3251 Aa.
2447 3223 2486 3252 26.

1341 3263 1449 3293 Gratiae
1465 3261 1582 3291 Divinae
1597 3260 1770 3299 Praemium,
1787 3261 1821 3291 &
1837 3259 2017 3291 Praeconium
2030 3259 2174 3292 Humanae
2191 3260 2301 3300 Laudis,
2316 3273 2364 3293 ac·
2380 3266 2409 3288 E.
2432 3272 2458 3298 3·
2493 3274 2495 3277 ·

1299 3302 1432 3338 quiritur,
1452 3300 1469 3329 ii
1487 3310 1535 3337 per
1550 3299 1689 3330 Seculares
1704 3299 1846 3336 Principes
1861 3298 2044 3329 Ecclefiarum
2057 3298 2194 3337 Praelatis,
2210 3300 2362 3337 praesertirn
2378 3304 2417 3326 Ex
2437 3298 2495 3334 Orfi'
2542 3316 2561 3335 μ

1296 3338 1482 3369 Eccleliarum
1498 3337 1706 3368 Cathedralium
1722 3337 1872 3374 Regimini
1886 3337 2110 3375 praesidentibus,
2127 3338 2260 3375 oportuni
2278 3339 2364 3370 favo-
2376 3340 2402 3364 in
2423 3340 2493 3375 Tum,
2556 3337 2559 3342 '

1295 3379 1331 3407 ris
1355 3376 1535 3414 Praesidium,
1560 3377 1593 3407 ὃς
1619 3375 1722 3406 Honor
1747 3376 1873 3413 debitus,
1892 3375 2076 3413 impendatur.
2375 3385 2401 3405 n.
2421 3385 2464 3412 30·

1337 3415 1461 3446 Dudum
1484 3415 1638 3452 siquidem,
1661 3416 1746 3444 bonae
1767 3413 1931 3453 memoriae,
1956 3413 2118 3443 Willielmo
2140 3412 2362 3454 Archiepiscopo

1299 3452 1484 3491 Eboracensi,
1504 3453 1654 3490 Regimini
1669 3452 1850 3483 Eboracenfis
1867 3450 2002 3482 Eccleiiae
2025 3450 2203 3491 praesidente,
2221 3463 2290 3492 nOS,
2307 3464 2358 3485 cu-

1300 3493 1403 3529 pientes
1416 3491 1510 3522 eidem
1524 3491 1674 3529 Ecclesiae,
1691 3491 1761 3521 cum
1776 3500 1839 3520 eam
1857 3487 2046 3532 quovismodo
2060 3499 2157 3520 vacare
2172 3492 2356 3530 contingeret,

1299 3530 1484 3567 Operationis
1498 3529 1600 3560 nostrae
1620 3528 1796 3566 Ministerio,
1813 3528 1910 3558 utilem
1931 3527 2074 3565 praendere
2095 3527 2267 3565 Personam,
2286 3529 2358 3560 Pro-

1297 3570 1432 3599 viiionem
1453 3568 1576 3606 ejusdem
1599 3566 1733 3597 Ecclesiae
1754 3565 1934 3596 Ordinationi
1954 3566 1987 3596 δε
2008 3565 2191 3604 Dispositioni
2207 3566 2310 3598 nostrae
2323 3568 2357 3599 ea

1297 3607 1362 3638 vice
1380 3606 1509 3638 duximus
1529 3605 1680 3643 specialiter
1694 3604 1902 3642 reservandam,
1918 3604 2098 3635 decernendo
2117 3613 2150 3634 ex
2163 3613 2230 3634 tunc
2247 3606 2356 3637 irritum

1298 3645 1332 3675 &
1353 3646 1433 3675 inane
1450 3645 1469 3674 si
1492 3643 1570 3674 secus
1588 3643 1666 3680 super
1686 3642 1756 3680 hiis,
1782 3652 1830 3680 per
1850 3642 2044 3682 quoscunque,
2062 3642 2156 3681 quavis
2177 3642 2357 3684 austeritate,

1295 3683 1411 3713 scienter
1425 3683 1469 3712 vel
1484 3683 1661 3719 ignoranter,
1686 3682 1839 3717 contigerit
1854 3682 2021 3718 attemptari.

1337 3720 1526 3751 Postmodum
1541 3721 1631 3757 vero,
1647 3719 1762 3756 praefata
1775 3719 1921 3757 Ecclelia,
1937 3729 1986 3758 per
1999 3718 2125 3761 Obitum¹
2142 3717 2264 3756 ejusdem
2277 3719 2356 3751 Wil-

1297 3758 1402 3827 lielmid,
1415 3760 1467 3827 1qui
1483 3760 1513 3805 ip
1529 3758 1651 3826 pIaJttibus
1661 3757 1711 3788 illis
1726 3756 1865 3789 Debitum
1879 3757 1914 3788 N
1916 3767 1998 3788 aturae
2010 3755 2157 3794 persolvit,
2177 3755 2299 3788 Pastoris
2310 3758 2355 3789 so-

1309 3806 1364 3827 atio
1398 3807 1414 3827 e
1440 3805 1505 3828 ituta
1573 3805 1603 3826 os

1332 3835 1488 3866 Vacatione
1499 3818 1657 3872 h’ujusrnodi
1672 3832 1820 3872 fidedignis
1834 3832 1967 3863 relatibus
1983 3829 2146 3869 melleos,
2163 3831 2197 3862 ad
2213 3831 2355 3865 Provisio-

1296 3883 1363 3904 nem
1385 3874 1466 3911 ipsius
1486 3871 1619 3903 Ecclesiae
1640 3872 1760 3903 celerem
1780 3872 1814 3903 δε
1836 3870 1950 3901 felicem
1970 3869 2015 3905 (de
2037 3869 2093 3913 qua·
2113 3869 2235 3909 Nullus,
2254 3881 2353 3911 praeter

1296 3912 1361 3941 Nos
1396 3911 1429 3941 ea
1449 3911 1529 3948 vice,
1548 3911 1574 3941 se
1594 3910 1778 3941 intromittere
1802 3915 1926 3946 poterat,
1952 3905 2152 3938 Reservatione
2174 3908 2207 3939 δε
2229 3909 2354 3941 Decreto

1295 3934 1489 3980 obsisientibus
1499 3948 1668 3986 supradietis)
1689 3958 1725 3978 ne
1739 3944 2030 3990 prolisaeyacationis
2042 3954 2222 3986 exponeretur
2236 3945 2355 3991 Incom-⁴

1295 3987 1387 4017 modis
1420 3987 1542 4017 Paternis
1557 3987 1589 4017 &
1605 3986 1729 4017 Solicitis
1743 3985 1842 4015 Studiis
1854 3982 2042 4020 mtendentes,

1333 4010 1401 4055 Posi
1415 4023 1674 4063 Deliberationem,
1690 4033 1774 4063 quam
1787 4023 1823 4052 de
1836 4021 2017 4059 praeficiendo
2028 4020 2124 4065 eidem
2139 4020 2272 4066 Ecclesiae
2287 4022 2357 4054 Per·

1292 4063 1386 4093 sonam
1422 4062 1519 4094 utilem
1533 4063 1567 4094 δε
1581 4064 1663 4096 etiam
1684 4060 1871 4098 fruetuosam‚
1889 4068 1958 4091 cum
1981 4058 2119 4093 Fratribus
2138 4059 2238 4093 nostris
2254 4061 2354 4092 habui-

1293 4110 1354 4133 mus
1366 4086 1527 4142 diligentem
1536 4122 1546 4139 ,
2289 4134 2353 4169 De·
