2561 4251
736 144 769 185 13
796 144 836 184 Tr
902 144 939 184 A&
984 145 1022 185 (3
1061 144 1100 185 '1'
1138 145 1174 185 A&
1239 144 1271 184 l?
1310 146 1353 186 [J
1394 148 1425 187 13
1464 147 1497 188 12
1535 148 1552 188 1
1592 149 1630 189 (3
1669 150 1717 191 ii.

19 236 95 268 Ann.
109 230 145 261 D.
171 269 191 300 b
208 230 296 275 Teste
310 230 392 269 Rege
404 228 477 266 apud
494 227 766 269 PWstmonasterium,
785 230 921 262 vicesimo
937 238 1037 268 quarto
1060 229 1105 260 die
1126 229 1221 260 octo-

14 280 17 283 ·
42 279 124 312 1393.
193 280 236 299 ris.
457 291 461 296 .

22 315 71 343 Ric.
89 320 114 336 ι..
660 308 713 335 Per
725 308 817 336 Breve
833 308 865 336 de
880 309 998 336 Privato
1013 305 1111 344 Sigillo.

215 436 307 477 Super
336 433 481 464 Financia
509 435 633 465 Comitis
665 431 701 464 de
729 432 827 463 Denia
843 431 1102 476 saepememoratu,
1134 428 1169 461 de

605 479 785 526 Reprifl'zliis.

29 572 152 609 Ann-D.

46 620 130 652 1393-

24 659 74 684 An.
95 661 135 686 17.

23 697 53 721 R.
70 699 95 717 2.

25 735 81 758 ΡΜ.
105 728 145 760 ¹7·

24 773 154 802 R.2.p.1.

2 820 6 831 i
24 815 61 835 m.
81 804 122 831 18.

177 565 294 623 REX
308 565 439 596 univerfis
451 566 484 596 &
500 563 609 603 fingulis
623 563 797 601 Admirallis,
817 564 876 594 &c.
895 563 1027 594 Salutem.

273 603 505 634 Monstraverunt
520 603 618 639 nobis,
645 601 740 632 dileeti
755 601 837 638 Ligei
853 601 956 640 nostri,
983 599 1142 631 Willielmus
1159 599 1223 630 Tal—

175 642 221 672 bot
236 666 245 680 ,
270 645 349 680 Hugo
368 641 465 672 Talbot
479 663 489 679 ‚
514 638 676 670 Willielmus
700 640 863 680 Briggeford
875 664 885 679 ,
911 641 945 672 &
966 640 1112 678 Johannes
1130 641 1224 669 Luton

196 681 254 710 uoci

175 691 193 719 q
212 705 292 750 Cuin
306 718 371 757 ipsi,
385 718 443 748 tarn
458 718 486 747 in
502 718 619 754 propriis
634 717 760 747 Personis
775 718 841 755 suis,
857 718 941 755 quam
955 727 1004 755 per
1018 716 1139 747 diversos
1153 715 1225 746 Pro-

173 767 312 789 curatores
326 757 403 791 suos‚
421 755 454 784 ad
469 755 582 792 grandes
597 754 700 786 Custus
716 757 749 787 ὅ(
764 755 899 794 Expensas
922 756 999 793 suos,
1018 755 1113 785 debite
1133 755 1224 792 prose-

172 798 233 827 cuti
247 795 374 831 fuissent,
393 795 421 823 in
436 792 521 823 Curia
535 796 611 830 Regis
633 797 800 831 Aragoniae,
818 804 869 831 pro
894 794 1040 824 Solutione
1057 793 1225 823 diversarum

172 835 356 865 Summarum
365 855 374 870 ‚
392 833 429 861 eis
444 842 492 871 per
506 830 652 871 Affonfitm
664 835 790 862 Comitem
804 832 835 862 de
849 835 926 862 Dene
940 832 1096 862 debitarum
1118 831 1227 868 (videli-

174 882 220 903 cet

209 874 333 948 lgiaefato
347 907 495 940 Willielmo
511 908 542 938 de
557 908 655 938 Talbot
664 932 674 947 ‚
691 909 898 940 Trecentarum
912 909 944 940 &
958 907 1091 946 Triginta
1113 906 1227 939 Marca-

171 959 235 980 rum

210 972 335 1027 Pssaefato
348 988 472 1023 Hugoni,
490 984 708 1016 Trescentarum
723 987 756 1017 &
773 986 909 1025 Qiinque
926 985 1106 1023 Marcarum,

211 1025 338 1065 Praefato
353 1023 500 1054 Willielmo
514 1024 688 1064 Briggefhrd,
707 1024 903 1055 Ducentarum
920 1023 1080 1054 Marcarum
1090 1046 1100 1062 ,

212 1064 250 1095 Et
259 1062 378 1102 praefato
391 1061 536 1100 Johanni,
554 1062 681 1092 Centum
697 1062 877 1101 Marcmum,

211 1100 416 1140 Recuperanda
431 1123 441 1138 ‚
473 1100 542 1130 sicut
569 1111 618 1139 per
641 1101 746 1132 Literas
770 1101 955 1139 Obligatorias
977 1100 1059 1138 ipsius
1079 1098 1204 1130 Comitis
1218 1121 1228 1137 ‚

173 1139 345 1176 Sententias,
364 1138 397 1169 &
411 1147 487 1169 certa
503 1138 685 1169 Munimenta
698 1139 810 1176 publica
824 1141 906 1177 plene
922 1140 1023 1177 liquet,

212 1177 268 1215 Et,
285 1177 352 1207 licet
365 1186 471 1214 nuper,
489 1186 536 1214 per
552 1177 657 1208 Literas
670 1177 791 1215 nostras,
810 1178 860 1208 sub
874 1177 989 1207 Privato
1003 1177 1103 1216 Sigillo
1118 1175 1227 1212 nostro,

175 1215 294 1254 praefato
310 1215 388 1251 Regi
401 1215 600 1254 scripserimus,
616 1216 705 1252 ipsum
726 1215 853 1254 rogando
869 1216 901 1246 &
918 1216 1086 1252 requirendo
1102 1215 1228 1252 quatinus

175 1253 297 1292 eisdem,
319 1253 493 1290 Willielmo,
518 1253 654 1292 Hugoni,
679 1254 838 1284 Willielmo
858 1276 868 1291 ‚
891 1255 925 1284 &
940 1253 1063 1292 Johanni
1078 1276 1087 1291 ,
1109 1252 1228 1291 Justitiae

176 1293 422 1330 complementum
444 1291 548 1322 faceret
570 1293 598 1321 in
621 1292 673 1322 hac
695 1301 787 1329 parte,
805 1292 880 1322 idem
899 1301 993 1322 tamen
1015 1292 1096 1329 Rex,
1114 1291 1147 1320 ad
1170 1292 1226 1320 lioc

176 1331 341 1369 respondere
364 1340 424 1359 non
444 1340 559 1367 curanS,
585 1331 674 1367 ipsos,
688 1330 895 1367 Willielmurn,
911 1330 1089 1368 Hugonem,
1109 1328 1229 1358 wiliiel-

177 1379 275 1409 mum,
293 1370 327 1400 &
340 1367 520 1406 Johannem,
538 1378 571 1398 ac
583 1368 674 1398 dictos
688 1368 887 1399 Procuratores
907 1369 985 1405 suos,
1002 1370 1030 1397 in
1054 1369 1072 1387 ἢ*
1095 1368 1229 1397 Prosecu-

176 1410 255 1439 tione
270 1408 313 1438 sua
328 1406 479 1445 praedicta,
497 1416 545 1444 per
560 1406 775 1443 Prorogationes
790 1407 917 1445 frivolas,
935 1407 1108 1443 Diiariones,
1121 1406 1153 1436 ὃ(
1168 1405 1230 1434 alias

176 1446 308 1485 Injurias‚
325 1455 358 1475 ac
371 1455 421 1482 per
434 1455 494 1475 nori
515 1444 626 1475 modica
649 1445 788 1483 Labores,
808 1444 959 1482 Dampna,
978 1444 1100 1481 Custus,
1118 1444 1150 1473 &
1175 1442 1231 1485 Ex3

177 1486 288 1525 pensas,
306 1484 379 1515 adeo
394 1483 519 1513 indebite
534 1484 567 1513 δε
585 1484 677 1513 minus
691 1484 744 1514 rite
757 1485 866 1514 vexavit
881 1484 914 1513 &
930 1484 1069 1522 fatigavit,
1083 1480 1163 1519 quod
1183 1482 1231 1518 ipsi

178 1524 335 1565 justitiam,
359 1523 515 1559 rationem,
537 1530 584 1551 aut
599 1521 672 1552 aliud
691 1521 847 1552 remedium
870 1521 1091 1558 quodcumque,
1107 1519 1233 1549 Solutio-

181 1572 249 1593 nem
265 1561 446 1592 Summarum
458 1559 654 1599 praedic'tarum
669 1567 829 1596 tangentem
840 1582 849 1596 ,
869 1559 899 1588 in
914 1558 1000 1588 Curia
1023 1558 1150 1596 praediciti
1172 1557 1233 1587 Re—

181 1602 222 1640 gis
237 1600 337 1630 habere
352 1607 512 1636 nequeunt,
531 1598 599 1628 sicut
614 1608 664 1635 per
676 1596 897 1628 Instrumentum
913 1596 1164 1635 Publicum,super
1177 1595 1234 1627 hoc

181 1638 350 1670 confecium
356 1660 367 1676 ,
386 1637 492 1674 plenius
502 1645 613 1673 apparet
619 1658 628 1674 ‚

216 1677 309 1708 Unde
322 1676 403 1705 nobis
415 1673 601 1713 supplicarunt
616 1682 661 1712 ut,
677 1673 827 1705 Praemiffis
848 1673 1042 1713 consideratis,
1060 1672 1166 1704 Literas
1179 1682 1233 1703 no-

180 1714 247 1746 stras
261 1714 296 1744 de
312 1713 432 1751 Marqua
444 1712 537 1743 versus
552 1712 699 1750 praefatum
714 1713 829 1750 Regem
853 1714 885 1744 &
909 1713 1016 1750 Ligeos
1037 1712 1114 1749 su08,
1130 1721 1235 1749 quous-

203 1764 236 1784 ue
258 1753 376 1790 eisdem,
402 1751 578 1788 Willielmo,
601 1751 723 1787 Hugoni
738 1775 748 1788 ,
771 1751 930 1781 Willielmo
943 1774 953 1789 ,
976 1751 1010 1781 &
1027 1750 1153 1789 Johanni
1166 1773 1175 1787 ,
1199 1749 1235 1779 de

180 1764 306 1822 Summis
319 1789 472 1828 praedietis,
490 1789 545 1819 una
566 1798 634 1819 cum
655 1788 799 1819 Custubus
821 1790 854 1820 &
877 1789 1025 1827 Expensis,
1042 1798 1091 1826 per
1112 1787 1184 1826 ipsos
1201 1789 1234 1819 ὃ(

180 1829 381 1861 Procuratores
401 1828 463 1858 suos
481 1828 555 1857 circa
575 1826 680 1857 dietam
706 1827 938 1857 Prosecutionem
957 1827 1087 1864 appositis
1106 1849 1116 1864 ,
1146 1827 1179 1857 &
1200 1826 1236 1856 de

180 1878 287 1899 caetero
300 1865 489 1906 apponendis,
507 1865 628 1903 plenarie
644 1865 727 1897 fuerit
752 1865 945 1905 Satisfaetum‚
962 1864 1119 1897 concedere
1139 1864 1236 1904 digna-

183 1917 278 1938 remur

221 1930 516 1982 Nos'(Supp1icationi
530 1943 688 1982 praedffitae,
706 1945 807 1975 intuitu
818 1943 954 1983 Justitiae‚
970 1951 1002 1975 ut
1021 1943 1173 1980 convenit,
1190 1952 1238 1972 an-

183 1988 312 2019 nuentes)
334 1984 415 2013 vobis
437 1983 605 2013 Mandamus
623 1982 703 2020 quod
727 1984 861 2014 universas
883 1983 915 2013 &
935 1982 1053 2019 singulas
1068 1981 1183 2018 Naves²
1201 1980 1238 2011 de

183 2024 306 2061 partibus
323 2021 503 2060 Arragoniae,
520 2021 590 2050 infra
608 2020 783 2051 Dominium
808 2022 841 2052 &
863 2020 1035 2051 Potestatem
1055 2019 1150 2050 nostra
1166 2028 1238 2058 prae-

184 2061 275 2099 dieta,
292 2062 350 2090 tarn
363 2060 391 2089 in
406 2059 498 2097 Mari,
517 2060 602 2097 quam
617 2060 645 2088 in
657 2059 857 2089 Transmarinis
872 2060 905 2090 &
921 2058 1084 2089 Cismarinis
1100 2057 1238 2095 Partibus,

178 2101 239 2139 jam
253 2098 415 2135 existentes,
434 2099 519 2136 quam
534 2107 648 2128 exnunc
667 2105 812 2135 venturas,
829 2097 884 2128 une
904 2106 973 2127 cum
994 2095 1153 2134 Magistris,
1171 2095 1238 2125 Ma-

184 2139 303 2174 rinariis,
329 2136 431 2174 Bonis⁷
454 2135 636 2166 Mercandisis
651 2159 660 2172 ,
677 2136 710 2166 &
731 2135 828 2166 Rebus
849 2135 1010 2166 earumdem
1032 2134 1156 2165 Partium
1178 2135 1240 2172 qui-

183 2176 376 2213 bustumque,
396 2184 460 2212 quae
478 2175 508 2204 in
529 2173 661 2204 Navibus
682 2173 734 2203 illis
756 2174 882 2204 invenire
898 2175 1040 2212 poteritis,
1058 2173 1094 2202 de
1107 2181 1239 2210 tempore

183 2216 214 2245 in
228 2223 356 2252 tempus,
375 2213 491 2242 nomine
506 2211 636 2250 Marquae
649 2211 694 2242 seu
710 2211 870 2249 Reprisaliae
884 2213 945 2250 capi
960 2213 993 2243 &
1008 2211 1134 2249 arestari,
1151 2212 1184 2242 &
1206 2221 1238 2242 ea

183 2253 234 2284 sub
255 2253 325 2283 salva
345 2252 378 2282 &
398 2251 492 2281 secura
511 2250 650 2281 Custodia
667 2251 735 2288 poni
754 2250 876 2288 faciatis,
899 2250 1040 2288 quousque
1060 2250 1143 2280 vobis
1163 2250 1237 2280 aliud

158 2316 160 2318 ,
184 2290 251 2321 inde
272 2290 430 2320 duxerimus
449 2288 696 2325 demandandum,
713 2297 743 2319 ut
762 2288 828 2319 inde
850 2289 979 2319 Summas
1000 2287 1144 2327 praedie‘tas
1164 2288 1239 2319 leva-

186 2330 229 2366 ri,
255 2330 288 2360 &
310 2327 450 2366 praefatis,
475 2327 634 2358 Willielmo
648 2349 658 2364 ,
681 2326 816 2366 Hugoni,
841 2327 1019 2366 willielmo,
1046 2328 1080 2358 &
1096 2326 1240 2366 Johanni,

186 2367 243 2398 una
257 2377 326 2397 cum
340 2365 495 2403 Dampnis,
513 2365 610 2403 Misis,
626 2365 658 2395 δε
671 2364 803 2403 Expensis
817 2365 883 2404 suis,
902 2375 966 2404 quae
981 2367 1010 2395 in
1023 2365 1076 2396 hac
1091 2374 1169 2403 parte
1185 2365 1241 2396 sus-

185 2408 329 2437 tinuerunt
344 2427 354 2442 ,
386 2405 420 2435 &
449 2405 523 2434 circa
543 2402 800 2441 Recuperationem
830 2404 1014 2434 Summarum
1042 2403 1240 2441 praedictarum

187 2444 288 2475 futuris
315 2442 491 2482 temporibus
509 2441 684 2473 sustinebunt
698 2464 708 2479 ‚
735 2450 820 2480 prout
841 2443 928 2473 moris
945 2442 985 2473 est
998 2465 1009 2481 ,
1034 2442 1142 2472 liberari
1160 2442 1243 2473 facia-

188 2492 253 2513 mus
267 2494 273 2499 ·

223 2506 292 2550 Nos
313 2519 348 2549 de
368 2518 510 2555 Captione
536 2519 570 2550 &
586 2517 761 2549 Arestati'one
774 2518 920 2556 Navium,
939 2518 1156 2558 Magistrorum,
1176 2519 1243 2550 Ma-

185 2559 372 2594 rinariorum,
390 2556 554 2595 Bonorum,
574 2556 830 2597 Mercandisarum,
845 2559 878 2589 &
895 2557 1006 2588 Rerum
1023 2557 1242 2597 praedictorum,

186 2608 221 2628 ac
240 2597 275 2626 de
294 2604 357 2626 toto
379 2595 468 2625 Faeto
489 2594 584 2626 vestro
604 2597 633 2624 in
653 2596 705 2625 hac
728 2604 820 2633 parte,
844 2597 874 2626 in
895 2595 1098 2627 Cancellatiam
1119 2595 1244 2627 nostram

184 2635 319 2702 Angliae’
333 2633 369 2675 de
382 2640 511 2702 temgpore
522 2634 551 2663 in
566 2642 693 2673 tempus,
712 2633 844 2665 distinete
858 2636 891 2667 &
909 2636 1003 2673 aperte
1018 2634 1219 2673 certificantes,

279 2683 296 2701 n
311 2680 391 2707 cuius
464 2682 491 2702 c.

225 2710 315 2742 Teste
331 2694 413 2748 Reg}
428 2709 500 2749 apud
517 2708 789 2750 westmonasterium,
806 2710 941 2742 vicesimo
964 2712 1066 2750 quinto
1086 2710 1131 2742 die
1152 2711 1247 2743 Otito-

190 2751 254 2781 bris.

32 1390 51 1409 t
72 1389 138 1417 VH.

31 1430 97 1464 75&

693 2789 747 2816 Per
759 2789 851 2817 Breve
865 2788 897 2817 de
915 2790 1030 2818 Privato
1043 2786 1141 2825 sigillo.

239 2916 298 2947 Pro
313 2911 457 2960 Johanne
474 2910 653 2958 Ellefworth
673 2912 710 2945 de
731 2913 895 2959 Reprifizlia
911 2923 1029 2960 propter
1042 2913 1199 2960 praefatam

646 2962 787 3007 Caufhm.

47 3069 177 3149 A1n3n93D'
199 3046 589 3135 Κὲᾒὲἑῗὲνίεῑώῐῗὲῖῖζ
606 3086 722 3118 ἀίΙεᾶυς
742 3085 844 3127 Ligeus
866 3085 979 3125 noster,
998 3086 1142 3126 Johannes
1154 3085 1245 3116 Elles-

46 3153 160 3214 {rzip
198 3123 402 3201 ωοὲξῑέῗζὲἐζ
420 3165 477 3194 &im
488 3165 518 3194 in
531 3164 642 3202 propria
655 3162 774 3194 Persona
786 3162 848 3200 sua,
867 3165 953 3201 quem
968 3174 1017 3202 per
1035 3163 1156 3194 diversos
1176 3162 1249 3194 Pro-

71 3207 76 3212 .
118 3208 124 3214 -
198 3208 339 3230 curatores
352 3200 431 3238 suos,
449 3201 483 3230 ad
497 3202 611 3239 grandes
624 3201 757 3245 Sumptus
769 3202 802 3232 &
817 3201 957 3239 Expensas
974 3203 1052 3240 suos,
1066 3203 1162 3233 debite
1181 3212 1249 3246 pro-

47 3224 112 3252 lbid.
197 3238 305 3269 secutus
327 3238 436 3276 fuisset,
454 3239 482 3282 in
502 3238 589 3282 Curia
609 3239 636 3268 R
713 3239 867 3283 Aragoniae
903 3250 956 3279 pro
977 3241 1124 3271 Solutione
1138 3241 1250 3276 Septin-

196 3284 348 3322 gentarum.
360 3277 393 3306 δε
405 3276 631 3343 (ffinquaginta⁸
673 3286 816 3315 arcarum,
834 3287 861 3307 ei
881 3289 927 3308 em
935 3278 1064 3325 johanni
1080 3289 1130 3317 per
1145 3278 1251 3323 Asson-

189 3317 253 3354 Jum
275 3318 402 3344 Comitem
440 3325 454 3343 e
475 3317 551 3344 Dene
567 3314 743 3352 debitarum,
761 3315 966 3353 recuperanda,
982 3317 1051 3347 sicut
1071 3328 1119 3354 per
1143 3318 1248 3348 Literas

196 3354 253 3397 suas
275 3352 478 3392 obligatorias,
504 3352 674 3390 sententias,
699 3352 732 3383 &
752 3352 803 3382 alia
819 3352 1000 3384 Miinimenta
1021 3355 1148 3394 publica,
1166 3355 1248 3393 plene

197 3392 356 3459 hqffitfioet
377 3439 463 3466 nuper
484 3438 533 3465 per
554 3428 660 3459 Literas
685 3427 811 3466 nostras,
827 3427 877 3459 sub
891 3427 1006 3460 Privato
1019 3430 1115 3469 Sigillo
1136 3430 1250 3470 nostro,

199 3466 316 3534 praefalto
330 3466 404 3510 Regi
415 3466 600 3535 segipserimus
608 3489 619 3506 ‚
636 3464 696 3502 &a
714 3468 850 3506 utsupra,
863 3471 977 3498 mutatis
987 3469 1132 3499 mutandis.

237 3514 427 3587 Τείῖεςῖἑιξςῖτ
445 3528 517 3584 apud
542 3541 814 3584 Westmonasterium,
831 3542 969 3575 vicesimo
993 3545 1074 3575 tertio
1088 3544 1135 3575 die
1155 3543 1250 3576 Osto-

199 3582 266 3612 bm·
671 3621 724 3650 Per
738 3617 822 3661 ipficm
834 3622 930 3658 Regem
943 3619 980 3657 &⁶
994 3620 1144 3652 Concilium.

57 3770 61 3771 ⁷
395 3744 444 3775 De
459 3745 652 3775 Sacramenro
671 3745 756 3789 Regis
773 3744 872 3775 Scotiae
886 3744 1058 3791 recipiendo.

20 3859 25 3864 ,
56 3790 184 3868 Af3Z3D‘
262 3827 336 3865 EX,
362 3825 483 3857 Dileetis
505 3826 537 3856 &
559 3825 697 3856 Fidelibus
716 3827 781 3864 suis,
799 3828 918 3857 Gerar-do
938 3830 1031 3859 Heron
1051 3827 1202 3869 Chivaler‚
1219 3831 1253 3861 &

52 3872 105 3897 An.
128 3877 169 3904 ¹7·
281 3866 310 3903 J
324 3865 409 3895 hanni
423 3864 547 3904 Mitford
558 3864 726 3903 Armigem,
744 3864 876 3895 Salutem.

55 3911 85 3935 R.
106 3916 132 3933 2.
246 3902 343 3933 Sciatis
375 3903 449 3941 uod,

54 3949 120 3972 Scor.
145 3953 186 3978 ¹7·
247 3938 329 3970 Cum
373 3950 465 3979 reugae
477 3940 510 3971 ὃς
524 3939 700 3970 Guerrarum
716 3939 917 3980 Abstinentiae,

56 3986 85 4010 R.
103 3992 128 4010 2.
148 3990 186 4009 m,
247 3979 336 4015 Apud
350 3979 552 4017 Lenlyngham‚
577 3977 704 4009 Decimo
722 3978 829 4008 octavo
850 3979 894 4009 die
911 3980 989 4018 Junii
1002 4004 1013 4020 ,
1037 3991 1113 4013 anno
1135 3981 1258 4014 Domini

59 4021 87 4049 6.
209 4015 370 4053 Milesimo,
384 4015 628 4057 Trescentesitno,
645 4016 833 4058 Odiogesirno
847 4026 940 4056 nono,

245 4057 316 4086 Tem.
335 4056 394 4086 111.
411 4056 445 4085 Ρ.
462 4057 511 4086 11².

2259 172 2310 208 91

1297 230 1372 275 Inte-r
1395 232 1479 276 Nos,
1505 243 1557 277 pro
1578 234 1694 273 Nobis,
1712 235 1836 274 RegniS,
1855 237 1970 276 Terris,
1987 238 2150 278 Dominus,
2166 241 2306 279 Subditis,
2322 238 2449 274 Ann.D.'

1260 269 1293 314 &e
1308 270 1431 308 Alligatis
1445 271 1559 316 nostris,
1579 282 1612 302 ei<
1628 283 1681 303 una
1701 284 1792 312 parte,
1811 277 1843 306 ὃς
1866 277 2067 315 Adversarium
2086 278 2199 320 nostrum
2219 283 2307 309 Fran-
2344 286 2428 317 ¹393·

1259 318 1323 345 ιιι,
1342 319 1394 345 pro
1409 308 1448 346 se,
1468 309 1583 348 Tenis,
1603 311 1764 350 Dominiis,
1783 313 1921 352 Subditis,
1939 315 1972 346 ὃ(
1985 316 2107 357 Alligatis
2121 318 2189 355 suis,
2207 327 2240 347 ex
2257 318 2305 348 alia
2318 319 2370 345 Κίσ-
2390 326 2417 344 2·

1259 354 1352 383 pai-te,
1371 356 1477 384 captae,

1294 382 1331 413 Et
1347 385 1448 427 abinde
1462 387 1489 415 in
1503 386 1576 416 Tres
1589 397 1693 425 annos,

1297 422 1357 460 Qii
1373 423 1456 453 Sexto
1473 424 1598 455 Decimo
1611 427 1656 455 die
1672 426 1809 465 Augusti,
1822 437 1896 459 anno
1910 427 2033 461 Domini
2049 431 2309 471 Milefim0‚Tres-

1258 460 1428 528 cenfiefimo,
1447 461 1645 502 Nonagesimo
1658 464 1806 503 Secundo,
1825 466 1895 497 siniti
1908 468 2037 507 fuerunt,

1328 508 1459 537 uramrae,

1296 537 1316 581 ζ’
1336 536 1374 568 Et
1388 538 1422 582 ab
1435 537 1536 582 eodem
1551 538 1749 569 sextodecimo
1761 541 1806 571 die
1819 541 1956 581 Augusti,
1974 543 2059 582 usque
2078 545 2190 576 Festum
2211 544 2306 577 Sancti
2324 552 2339 567 ¹⁶
2358 551 2426 579 v11.

1262 574 1409 607 Michaelis
1423 578 1555 614 proximo
1568 579 1737 614 praeteritum
1755 589 1926 618 prorogatae,
2318 598 2385 626 759.

1298 614 1442 657 Vicesimo
1464 615 1569 645 octavo
1584 615 1633 657 die
1653 615 1769 653 Aprilis,
1791 627 1865 647 anno
1886 618 2008 650 Domini
2030 620 2204 660 Millesimo,
2219 623 2306 653 Tres-

1260 656 1433 691 centeiimo,
1451 653 1647 683 Nonaoeiimo
1668 654 1786 691 Tertio,
1803 665 1851 692 per
1866 656 2074 690 Ambassatores
2090 659 2199 690 nostros
2212 662 2245 692 ὃς
2266 663 2309 700 ip-

1262 691 1312 721 sius
1328 692 1483 722 Adversarii
1498 677 1601 729 nostri,
1615 690 1796 722 sufficientem
1812 692 1981 725 Potestatem
1998 698 2030 727 &
2047 697 2252 730 Auetoritatem
2273 699 2309 730 ad

1261 729 1318 759 hoc
1338 730 1482 767 habentes,
1503 729 1648 772 Elongatae
1668 730 1699 760 &
1722 740 1883 767 prorogatae
1900 733 2028 771 fuissent,
2044 745 2058 765 a
2073 736 2209 774 praedicto
2225 737 2310 768 Festo

1262 767 1356 797 Sancti
1370 768 1532 805 Michaelis,
1547 769 1680 805 proximo
1695 770 1849 807 praeterito,
1869 770 1954 809 usque
1966 771 2041 802 diem
2056 773 2150 805 Saneti
2163 773 2310 806 Michaelis

1263 807 1397 844 proximo
1412 806 1556 844 futurum,

1301 844 1386 882 Nos,

1303 881 1351 912 De
1364 882 1492 913 fidelitate
1506 883 1638 921 probata,
1653 893 1686 914 ac
1702 884 1982 924 Circumspectione,
2002 888 2035 919 &
2057 887 2191 920 Industria
2214 889 2313 922 vestris

1264 922 1387 958 providis
1403 922 1512 959 plenam
1527 922 1559 952 &
1572 921 1686 952 solidam
1701 922 1832 953 fiduciam
1848 934 2033 963 reportantes,

1302 959 1526 1002 Constituimus,
1545 959 1767 999 Deputavimus‚
1785 962 1818 991 ὃ(
1833 962 2027 1000 affignavimus
2042 974 2109 1002 vos,
2122 967 2311 1006 conjunctim,

1264 998 1297 1028 δε
1313 998 1439 1036 divium,
1457 998 1489 1028 ad
1504 997 1736 1035 proficiscendum
1750 1000 1841 1029 versus
1856 1009 1942 1036 partes
1954 1001 2076 1040 Scotiae,
2093 1003 2126 1033 ad
2149 1004 2312 1035 Sacramen-

1266 1044 1327 1066 tum
1349 1037 1517 1076 Adversarii
1537 1035 1617 1077 nostri
1638 1040 1748 1074 Scotiae,
1762 1038 1838 1074 quta
1850 1038 1983 1068 Formam
1998 1040 2184 1077 quorumdam
2201 1042 2316 1073 Articu-

1265 1074 1375 1112 lorum,
1394 1075 1572 1112 Treugarum
1584 1075 1795 1113 praedietarum,
1811 1077 1959 1113 praefatum
1976 1078 2170 1109 Adversarium
2185 1080 2316 1111 nostrum

1263 1112 1370 1143 Scotiae
1383 1114 1416 1144 &
1430 1113 1561 1143 Subditos
1574 1113 1636 1143 suos
1648 1113 1796 1152 specialiter
1811 1116 1982 1152 tangentium
1995 1116 2040 1147 seu
2061 1120 2316 1157 concernentium,

1265 1151 1416 1189 petendum
1433 1151 1465 1181 δε
1483 1151 1692 1190 recipiendum,

1302 1189 1339 1220 Et
1359 1189 1482 1220 eundem
1506 1189 1697 1220 Adversarium
1725 1189 1852 1221 nostrum
1866 1191 1988 1230 Scotiae,
2007 1195 2125 1224 nomine
2139 1194 2254 1234 nostro,
2272 1205 2317 1225 re-

1265 1228 1432 1265 quirendum
1447 1227 1481 1258 ad
1500 1228 1602 1258 Literas
1617 1227 1850 1267 Testimoniales,
1866 1230 1915 1260 sub
1930 1230 2044 1267 Magno
2061 1233 2159 1269 Sigillo
2184 1233 2250 1271 suo,
2266 1233 2315 1263 Sa-

1265 1275 1439 1296 cramentum
1461 1265 1539 1297 stium
1560 1266 1726 1304 praedietum
1748 1266 1940 1307 testificantes,
1960 1270 2041 1301 vobis
2053 1271 2231 1310 immediate,
2250 1270 2316 1310 post

1266 1304 1473 1342 praestationem
1487 1303 1607 1342 ejusdem
1616 1327 1625 1341 ‚
1643 1305 1809 1341 liberandas,

1304 1344 1349 1373 Ac
1364 1345 1445 1374 etiam
1458 1343 1492 1373 ad
1506 1342 1698 1373 Tractandum
1719 1346 1752 1375 ὅτ.
1775 1343 2036 1384 Concordandum,
2054 1347 2188 1378 Nomine
2205 1347 2318 1385 nostro,

1264 1392 1332 1412 cum
1348 1381 1510 1420 Deputatis,
1526 1381 1571 1411 seu
1584 1380 1789 1412 Commiffariis
1811 1384 1914 1419 praefati
1930 1384 2082 1415 Adversarii
2096 1385 2184 1415 nostri
2198 1386 2320 1425 Scotiae‚

1265 1420 1342 1458 super
1363 1420 1487 1458 quodam
1510 1429 1588 1450 certo
1610 1419 1656 1449 die
1678 1422 1866 1458 competenti,
1891 1423 1920 1452 iri
1944 1422 2073 1453 Marci-iia
2094 1424 2216 1462 Scotiae,
2241 1433 2317 1463 apua

1268 1458 1365 1495 Ayton
1380 1458 1424 1489 vel
1440 1458 1602 1495 Kelkowe,
1619 1459 1791 1496 optinendo,
1807 1460 1835 1488 in
1852 1470 1910 1497 quo
1923 1459 2143 1492 Conservatores
2157 1464 2320 1494 earumdem

1269 1495 1467 1533 Treugarum,
1485 1496 1521 1526 fic
1536 1505 1762 1536 prorogatarum,
1781 1506 1894 1527 necnon
1909 1496 2101 1530 Comniiffarii
2117 1502 2149 1531 &
2166 1500 2315 1540 Deputati‚

1268 1536 1327 1564 tam
1347 1543 1380 1564 ex
1400 1543 1476 1571 parte
1498 1533 1606 1571 nostra,
1631 1536 1717 1573 quam
1737 1534 1805 1565 dieti
1828 1534 1980 1567 Adversarii
2002 1538 2089 1567 nostri
2113 1538 2235 1570 Semi-x,
2262 1550 2316 1577 pro

1269 1572 1482 1604 conservatione
1495 1572 1658 1603 earumdem
1671 1574 1869 1642 T‘Css'sgmm’
1886 1585 1918 1605 ac
1939 1575 2159 1607 Reformatione
2179 1574 2317 1615 quorum-

1269 1621 1394 1647 cumque
1409 1610 1669 1649 Attemptatorum,
1688 1611 1725 1641 M
1753 1612 1904 1648 prisionum
1914 1635 1924 1651 ‚
1942 1614 1974 1643 &
1993 1613 2228 1653 Malefactorum,
2246 1626 2319 1647 con-

1269 1658 1312 1681 tra
1335 1649 1470 1680 Formam
1490 1649 1671 1686 Treugarum
1695 1649 1908 1688 praedictarum,
1928 1661 1974 1687 per
1990 1652 2100 1683 nostros
2115 1653 2148 1683 δε
2162 1654 2242 1690 ipsius
2258 1654 2319 1684 Ad-

1270 1686 1378 1718 versarii
1400 1686 1489 1718 nostri
1512 1687 1617 1718 Scotiae
1638 1687 1772 1718 Subditos
1791 1689 2010 1718 commifforum
2030 1692 2061 1720 &
2084 1700 2323 1730 perpetratorum,

1270 1726 1376 1756 ibidem
1394 1727 1561 1764 convenire,
1581 1735 1614 1756 ac
1635 1725 1823 1763 Colloquium
1845 1726 1913 1755 inde
1933 1727 2034 1757 habere
2050 1737 2181 1766 poterunt
2201 1731 2234 1760 &
2249 1731 2324 1761 Tra-

1272 1764 1399 1802 (statum,
1416 1765 1450 1795 &
1465 1764 1498 1794 ad
1513 1764 1609 1794 omnia
1624 1764 1690 1800 alia,
1708 1765 1737 1793 in
1751 1764 1809 1793 hoc
1825 1764 1884 1794 casu
1902 1765 2049 1797 necessaiia
2071 1766 2116 1797 seu
2139 1767 2322 1805 quomodoli-

1272 1804 1320 1835 bet
1331 1812 1488 1840 oportuna,
1503 1801 1662 1833 faciendum
1679 1802 1711 1832 &
1723 1803 1938 1839 exequendum·‚

1309 1841 1346 1872 Et
1360 1840 1425 1871 ideo
1441 1842 1523 1870 vobis
1538 1840 1710 1871 Mandamus
1724 1839 1902 1877 quod‚circa
1918 1840 2060 1872 Praemiffa
2073 1843 2196 1874 facienda
2212 1845 2245 1875 ὅ(
2259 1855 2324 1876 exe-

1273 1878 1399 1918 quenda,
1416 1879 1511 1910 Partes
1523 1878 1644 1917 vestras,
1663 1888 1730 1908 cum
1744 1879 1824 1908 omni
1835 1878 1977 1916 diligentia
1993 1881 2025 1911 ὃς
2040 1880 2180 1921 efficacia,
2192 1883 2325 1914 adhibea-

1274 1920 1307 1949 tis
1319 1918 1436 1948 solicitas
1451 1919 1484 1948 &
1497 1917 1642 1955 discretas,

1310 1956 1380 1986 Nos
1399 1956 1432 1986 δε
1450 1955 1609 1986 Consilium
1629 1954 1757 1985 nostrum
1778 1954 1814 1986 de
1833 1957 1969 1987 omnibus
1992 1958 2024 1987 &
2044 1958 2166 1998 singulis,
2191 1969 2254 1997 quae
2295 1969 2324 1989 er

1273 2005 1344 2032 vos,
1362 1994 1408 2024 seu
1428 1994 1544 2024 alterum
1564 1992 1709 2031 vestrum,
1726 1993 1786 2023 aista
1808 1993 1863 2024 sive
1883 1996 1960 2031 gesta
1982 1995 2084 2026 fuerint
2107 1999 2134 2026 in
2154 1997 2260 2028 Praemi
2284 2008 2323 2036 is,

1274 2032 1457 2102 cerltificantes
1466 2041 1525 2100 ,gae
1538 2032 1566 2062 in
1580 2031 1695 2069 Scriptis
1708 2031 1830 2069 plenarie
1844 2033 1876 2063 δε
1891 2034 2015 2072 expresse
2026 2035 2188 2074 redigente&

1330 2081 1347 2102 n
1363 2081 1398 2101 cu
1410 2080 1439 2099 us
1510 2079 1536 2100 c.

1312 2080 1407 2141 TesteJ
1417 2093 1498 2150 Rege
1512 2107 1584 2146 apud
1598 2107 1848 2149 Westmonast'erium
1856 2131 1866 2149 ,
1879 2109 2015 2141 vicesimo
2031 2110 2106 2142 sexto
2119 2111 2164 2143 die
2178 2111 2326 2143 Ostobris.

1745 2188 1798 2215 Per
1812 2185 1893 2225 ipficm
1906 2188 2000 2225 Regem
2019 2187 2057 2222 ὠ
2073 2187 2224 2218 Concilium.

1395 2331 1488 2374 Super
1509 2325 1697 2371 Restitutione
1717 2324 1812 2369 Castri
1830 2328 1866 2364 ᾤ’
1886 2329 1921 2360 V
1920 2327 1973 2358 illae
1987 2326 2022 2359 de
2038 2325 2218 2376 Chirburgh.

1279 2411 1411 2470 REX,
1428 2411 1532 2443 dilecto
1548 2413 1581 2444 ὃς
1596 2411 1683 2441 Fideli
1699 2410 1786 2441 Militi
1801 2410 1864 2449 suo,
1880 2410 1995 2441 Roberto
2018 2412 2178 2453 Whiteney,
2196 2422 2245 2453 ac,
2262 2412 2331 2446 dile·
2346 2416 2421 2448 Ann.
2433 2419 2473 2448 D,

1318 2489 1337 2519 S
1351 2452 1401 2496 {to
1413 2449 1528 2518 Clerigo
1541 2451 1608 2489 suo,
1625 2449 1756 2488 Johanni
1771 2448 1895 2488 Melton,
1914 2450 2045 2480 Salutem.
2363 2465 2447 2495 1393,

1340 2498 1415 2520 ciatis
1450 2499 1489 2519 uo
2344 2499 2377 2522 A,
2390 2515 2397 2522 ,
2417 2506 2424 2522 ι
2450 2517 2456 2523 ,

1318 2526 1417 2566 Cum,
1430 2499 1494 2562 (ἑός.
1512 2511 1635 2567 ἧιῄφνα
1648 2526 1679 2556 de
1700 2528 1771 2555 Dat.
1794 2534 1840 2563 14.
1860 2526 1921 2555 063.
1939 2524 2017 2566 usque
2037 2526 2090 2565 ibi,
2108 2527 2273 2567 adimplere,
2292 2527 2330 2564 &-
2347 2506 2419 2561 Κιχ,
2431 2505 2444 2530 7

1280 2573 1342 2596 tum
1368 2577 1390 2594 ¹5
2342 2576 2443 2600 Franm
2470 2573 2478 2599 ζ

1317 2566 1456 2642 EtsN’oQ
1473 2602 1677 2634 considerantes
1689 2611 1823 2639 magnam
1836 2601 2025 2640 Fidelitatem,
2043 2600 2104 2637 (ἶφι,
2116 2611 2146 2633 ut
2154 2603 2240 2643 fiepra
2253 2605 2294 2644 us
2301 2618 2331 2636 ue
2346 2615 2374 2638 R.
2396 2621 2421 2638 2.
2440 2580 2475 2638 717».

1282 2643 1336 2681 ibi,
1353 2643 1570 2673 Avunculorum
1592 2641 1773 2684 nostrorum,
1790 2638 1827 2674 ὠ
1846 2647 1911 2669 tunc
1924 2640 1979 2681 fic,
1997 2651 2029 2671 ac
2049 2642 2250 2678 praedictorum
2271 2617 2333 2675 Co·
2351 2658 2393 2686 ¹3-

1283 2682 1400 2750 mitiga]est
1408 2680 1568 2712 Arundellae
1588 2681 1622 2713 δε
1642 2679 1798 2711 Warwicae
1810 2699 1820 2716 ‚
1849 2679 1883 2709 &
1905 2679 2113 2719 quamplurium
2135 2680 2334 2721 Obligatorum

1302 2730 1340 2750 1·ae
1361 2731 1369 2749 i
1402 2730 1485 2750 orum

1281 2730 1300 2759 p
1321 2742 1553 2790 Concesserir’nus
1570 2760 1604 2791 &
1628 2758 1863 2795 promiserimus,
1882 2757 1911 2787 in
1930 2757 2118 2789 salvationem
2138 2758 2264 2790 Honoris
2284 2770 2336 2791 no-

1282 2795 1331 2826 stri
1362 2797 1396 2827 &
1410 2796 1552 2826 diuorum
1568 2797 1785 2825 Avunculorum
1798 2796 1977 2833 nostrorum,
1995 2806 2028 2827 ac
2041 2797 2161 2827 aliorum
2182 2796 2334 2829 Comitum

1281 2836 1316 2867 &
1336 2819 1534 2865 Domitiorum
1555 2833 1759 2877 Obligatorum
1781 2833 2003 2872 praedictorum,
2021 2834 2100 2871 quod
2112 2834 2186 2865 dicta
2200 2836 2332 2867 Castrum

1284 2874 1318 2904 &
1332 2873 1404 2904 Villa
1418 2872 1534 2911 praefato
1547 2882 1624 2903 nunc
1638 2871 1715 2908 Regi
1726 2870 1882 2908 Navarrae,
1899 2871 1943 2901 seu
1956 2872 2187 2903 Procuratoribus
2200 2874 2251 2905 suis
2261 2898 2270 2913 ,
2286 2876 2335 2906 ad-

1283 2912 1365 2943 citius
1379 2921 1437 2950 quo
1451 2909 1607 2941 commode
1623 2908 1683 2938 fieri
1700 2909 1820 2946 poterit,
1837 2909 2004 2948 liberentur;

1321 2949 1527 2990 Affignavimus
1541 2957 1591 2978 vos
1603 2947 1636 2978 &
1647 2947 1764 2977 alterum
1778 2945 1907 2977 vestrum
1921 2948 1955 2978 ad
1971 2949 2140 2988 petendum,
2158 2951 2192 2981 ὃς
2215 2953 2334 2983 nomine

1283 2988 1383 3020 nostro
1398 2986 1591 3025 recipiendum
1601 3007 1611 3023 ,
1627 2984 1760 3016 Castrum
1775 2985 1807 3015 &
1823 2984 1926 3016 Villam
1948 2987 2098 3025 praedidffl,
2117 2997 2192 3018 eXtra
2213 2989 2333 3029 Manus,

1283 3027 1378 3058 dileeti
1394 3027 1427 3057 &
1442 3024 1528 3056 fidelis
1543 3023 1644 3054 Militis
1659 3022 1764 3060 nostri,
1781 3022 1923 3061 Johannis
1933 3024 2044 3064 Golafre
2065 3025 2200 3056 Custodis
2219 3038 2334 3059 eorum-

1284 3066 1367 3102 dem,
1385 3064 1431 3095 vel
1450 3065 1507 3102 ejus
1529 3062 1645 3093 Locum
1670 3062 1789 3093 tenentis
1810 3061 1931 3099 ibidem,
1949 3064 1982 3094 ὅ(
1997 3066 2078 3094 etiarn
2091 3064 2226 3095 victualia
2241 3065 2335 3097 Castri

1285 3106 1318 3136 &
1341 3103 1423 3134 Viuae
1444 3101 1644 3140 praedinorum
1665 3099 1752 3138 usque
1772 3099 1806 3129 ad
1828 3099 1962 3131 Valorem
1984 3102 2068 3132 Mille
2082 3101 2263 3142 Marcarum,
2281 3106 2336 3134 una

1286 3152 1353 3174 cum
1374 3141 1510 3171 Artillaria
1529 3139 1653 3177 ibidem,
1667 3139 1743 3176 quta
1763 3136 1906 3169 Effeeium
1920 3140 2059 3178 cujusdam
2080 3140 2254 3179 Indenturae,
2270 3143 2336 3172 inde

1286 3182 1357 3211 inter
1371 3179 1437 3210 Nos
1450 3179 1482 3210 ὃ(
1497 3178 1641 3215 praefatum
1655 3176 1812 3215 Johannem
1825 3176 1936 3216 Golafre
1956 3179 2114 3215 confediae,
2133 3189 2181 3215 per
2202 3179 2337 3211 Indentu-

1286 3230 1346 3258 ras,
1365 3219 1434 3248 inter
1448 3225 1499 3246 vos
1515 3225 1560 3245 aut
1574 3216 1691 3245 alterum
1705 3213 1831 3245 vestrum
1849 3215 1882 3245 &
1905 3218 2051 3253 praefatum
2073 3216 2231 3254 Johannem
2252 3217 2336 3247 Gola-

1278 3257 1327 3297 fre
1340 3257 1383 3288 vel
1398 3256 1453 3293 ejus
1466 3254 1582 3288 Locum
1597 3261 1740 3285 tenentem
1757 3254 1817 3292 (ea,
1856 3262 1898 3285 uae
1912 3254 1986 3288 idern
2030 3254 2146 3286 ohannes
2159 3254 2268 3294 Golafre
2290 3256 2336 3285 vel

1287 3296 1343 3334 ejus
1363 3295 1476 3325 Locum
1496 3301 1592 3323 tenens
1612 3292 1695 3323 vobis
1715 3290 1753 3320 sic
1766 3263 1909 3330 liberssbit,
1927 3291 1987 3323 testi
2009 3295 2118 3331 cantes)
2129 3293 2223 3324 debite
2244 3293 2336 3324 confi-

1286 3334 1412 3372 ciendas;

1323 3371 1530 3408 Affignavimus
1548 3371 1632 3401 etiam
1652 3380 1704 3401 vos
1725 3370 1758 3402 ὃς
1779 3366 1895 3399 alterum
1907 3367 2035 3399 vestrum
2050 3369 2083 3398 ad
2097 3368 2336 3409 Deliberandiim,

1286 3412 1315 3441 in
1338 3409 1425 3440 nostri
1445 3410 1477 3439 &
1498 3409 1642 3438 dictorum
1663 3408 1864 3444 Obligatorum
1883 3408 2127 3444 exonerationem,
2146 3406 2278 3438 Castrum
2301 3410 2335 3440 ὃς

1289 3449 1390 3479 Villam
1402 3446 1549 3486 praedieta,
1566 3445 1668 3475 Karolo
1680 3446 1711 3475 de
1725 3448 1872 3474 Beaumont
1880 3466 1890 3482 ‚
1908 3445 2016 3474 Alferiz
2029 3445 2064 3474 de
2083 3444 2212 3475 Navarra
2222 3469 2231 3482 ,
2251 3450 2335 3475 Mar-

1287 3491 1343 3517 tino
1359 3487 1390 3516 de
1403 3486 1431 3514 la
1445 3489 1544 3521 Curre,
1564 3483 1729 3514 Marescallo
1741 3482 1896 3519 Navium,
1913 3483 1947 3513 &
1961 3484 2040 3511 Petro
2056 3483 2181 3512 Arnaud
2189 3485 2221 3513 de
2234 3487 2334 3523 Carra,

1288 3525 1442 3561 Militibus,
1463 3523 1481 3541 ’¹¹²
1501 3522 1731 3552 Procuratoribus
1747 3520 1826 3557 ipsius
1840 3529 1915 3549 nunc
1936 3520 2022 3558 Regis
2043 3520 2199 3558 Navarrae,
2217 3523 2262 3552 vel
2281 3533 2356 3558 eo-,
2373 3543 2429 3570 VH

1286 3573 1351 3594 rum
1364 3562 1458 3597 alicui,
1477 3570 1530 3598 pro
1544 3560 1578 3591 &
1593 3561 1622 3589 in
1635 3560 1751 3589 nomine
1763 3556 1883 3588 e‘usdem
1896 3557 2000 3595 Regis,
2017 3560 2047 3588 in
2065 3568 2164 3589 eorum
2184 3559 2276 3591 Manu
2295 3561 2329 3592 δε
2364 3582 2379 3607 6
2433 3562 2440 3570 “

1285 3600 1427 3632 Potestate
1441 3598 1542 3636 absque
1555 3599 1644 3636 aliqua
1659 3597 1768 3627 Contra
1789 3596 1891 3626 stitione
1905 3596 2076 3640 remansura,
2345 3591 2358 3616 7
2382 3591 2410 3607 ⁰·

1324 3639 1361 3670 Et
1382 3637 1414 3668 ad
1437 3636 1629 3666 Vendendum
1651 3635 1753 3665 eisdem
1773 3634 2004 3664 Procuratoribus
2017 3656 2026 3671 ‚
2051 3635 2096 3665 vel
2117 3635 2199 3666 alicui
2219 3646 2336 3676 eorum,

1287 3687 1340 3716 pro
1368 3675 1496 3706 Denariis
1518 3674 1590 3712 suis,
1613 3674 1746 3711 prompte
1768 3671 1904 3702 solvendis
1917 3696 1927 3710 ,
1951 3672 2090 3703 Victualia
2114 3675 2148 3705 &
2167 3675 2336 3706 Artillariam

1310 3715 1436 3751 medieni,
1452 3721 1498 3743 aut
1519 3712 1674 3743 Parcellam
1695 3710 1879 3747 eorumdem,
1897 3719 1981 3747 prout
2002 3712 2074 3741 inter
2096 3722 2147 3741 vos
2161 3713 2193 3742 ὃς
2207 3714 2336 3750 praefatos

1286 3727 1483 3785 Procuratores
1495 3749 1690 3781 rationabiliter
1702 3749 1803 3786 poterit
1818 3748 2002 3785 concordari,
2016 3758 2062 3779 aut
2078 3750 2154 3779 aliter
2166 3751 2203 3780 de
2223 3751 2337 3791 eisdem,

1290 3791 1400 3823 meliori
1421 3787 1528 3827 in0d0,
1553 3797 1612 3826 quo
1632 3787 1762 3819 sciveritis
1780 3795 1832 3824 pro
1857 3784 2028 3817 Commodo
2048 3787 2162 3825 nostro,
2187 3789 2338 3827 disponen-

1290 3831 1358 3861 dum

1330 3851 1438 3897 Da'mus
1452 3872 1544 3894 autem
1578 3863 1674 3894 raefato
1688 3861 1822 3899 Custodi,
1838 3871 1951 3892 necnon
1966 3863 2096 3893 universis
2108 3864 2142 3895 &
2156 3863 2264 3904 singulis
2276 3866 2341 3897 801-

1292 3906 1373 3938 dariis
1390 3902 1480 3933 Castri
1493 3903 1526 3933 &
1571 3902 1625 3932 illae
1637 3901 1855 3941 praedictorum,
1871 3910 1905 3930 ac
1918 3901 1974 3930 aliis
1987 3900 2143 3941 Fidelibus,
2161 3903 2195 3933 &
2219 3904 2343 3936 Subditis

1293 3943 1394 3976 nostris
1407 3940 1531 3978 ibidem,
1548 3940 1667 3970 Tenore
1679 3938 1880 3976 Parentium,
1897 3938 2014 3969 firmiter
2028 3940 2059 3969 in
2084 3939 2244 3981 Mandatis‚
2261 3943 2343 3980 quod

1295 3982 1394 4017 vobis,
1420 3981 1453 4010 ὃς
1474 3979 1551 4008 alteri
1571 3977 1717 4015 vestrum,
1734 3977 1763 4006 in
1783 3975 1936 4006 Praemiffis
1956 3977 2088 4009 faciendis
2110 3980 2144 4011 ὃς
2162 3981 2345 4020 exequendis,

1296 4026 1408 4061 pareant
1422 4018 1456 4050 &
1470 4015 1612 4054 intendant
1625 4017 1655 4047 in
1669 4015 1818 4051 omnibus,
1837 4023 1920 4052 prout
1932 4014 2032 4055 decet3

1826 4061 1846 4082 2

2288 4053 2349 4086 Vo-
