2561 4251
42 263 118 311 41111.
127 263 168 292 D.

62 300 146 345 3396-

43 344 93 369 wc.
108 348 138 369 2.

42 1067 120 1098 Ann.
136 1064 179 1095 D.

65 1106 150 1144 1396.

43 1148 96 1172 Aa.
110 1152 158 1172 20.

43 1187 73 1211 R.
96 1192 120 1209 2.

39 1225 176 1249 anazm

41 1264 71 1288 R.
83 1268 151 1287 2.m.

46 1307 88 1325 10.

45 2634 67 2653 ἲ
87 2634 155 2662 VII.

48 2671 113 2708 847.

738 173 853 214 ET
936 174 1206 214 ACTA

186 258 367 288 Austoritate
380 254 535 296 Apostolira
547 255 584 292 &³
601 256 739 296 Imperiali
760 261 912 295 Notarius,
926 258 1063 298 praemiffis
1083 262 1246 289 Literarum

187 295 400 336 Apostolicarnm
414 297 581 334 Receptiom',
599 307 698 326 necne-ri
711 308 729 325 a
741 298 863 335 Censieris
878 295 917 330 ὠ·
937 297 1002 327 aliis
1021 302 1165 327 Sententiis
1182 298 1247 327 Ab·

182 335 327 374 salutioni,
344 332 562 373 Dispenshioni,
576 345 608 364 ac
626 334 746 364 omnibus
760 334 797 369 (φ
805 334 917 376 singulis
922 334 1103 374 fitpradii‘t‘is,
1120 338 1182 365 dum
1191 337 1247 375 fic,

191 380 224 403 ut
241 376 437 411 premittitur,
457 373 608 409 agebantur
629 371 666 407 ό·
681 372 813 412 fiebant,
830 377 918 403 Anno
938 377 1066 411 Domini,
1082 375 1249 412 Indiciione,

191 409 376 478 Ponthatu,
396 410 505 450 lilenfi’,
524 415 578 441 Die
592 408 630 445 ῥ’
646 413 718 440 Loco
725 413 880 448 praedic‘iis,
898 422 953 440 una
973 423 1030 441 cum
1043 417 1248 449 praenominatis

189 448 256 489 Testi
293 460 306 477 s
322 448 498 488 personaliter
512 448 631 488 praesens
653 449 793 488 interfui,
818 460 901 489 eaque
923 454 1012 479 omnia
1032 449 1070 484 ὠ
1084 450 1192 491 singula
1209 451 1249 491 sic

180 487 251 530 fieri
270 489 331 517 vidi
351 487 388 523 dy
407 490 523 526 audivi,
549 487 638 527 cripfi,
658 487 696 522 ῤ’
718 492 747 517 in
768 487 838 517 hanc
873 487 988 517 ablicam
1009 491 1132 518 Formam
1147 491 1251 527 redegi,

190 529 321 566 Signaque
337 538 367 556 ac
379 529 494 556 Nomine
559 530 714 563 cognomine
726 529 789 555 meis
802 495 945 564 confinis,
963 527 995 555 de
1010 528 1148 556 Mandata
1161 531 1250 557 Reve-

193 564 272 594 rendi
286 566 398 603 Patris,
416 568 526 594 Domini
541 563 737 602 Archiepisbopi
761 563 952 603 Eboracenfis,
971 567 1083 594 Domini
1102 569 1152 595 mei
1170 574 1251 595 ante-

194 602 278 680 didJ,
289 603 402 644 fignavi
417 607 448 633 in
462 603 554 632 Fidem
567 601 605 637 &
619 598 802 644 Testimonium
816 605 931 632 omnium
943 601 980 638 (ῥ’
988 604 1155 643 fingulorum
1173 607 1252 634 Prae-

194 652 233 670 mr
253 652 335 672 orum.

318 717 373 748 Sub
393 716 484 754 sigillo
497 715 595 757 fraft'a
608 716 726 758 praefati
741 717 935 757 Archiepiscopi
950 718 981 748 de
997 718 1057 748 cerii
1071 718 1174 758 viridi,
1185 725 1253 756 pen-

367 755 448 785 dente
465 768 483 786 a
502 754 639 794 duplicatd
659 757 745 786 cauda
764 759 932 795 Pergameni.

984 831 1021 871 J.
1040 832 1147 871 naſjan.

195 955 245 990 De
261 957 470 989 Matrimonia
488 956 727 1001 Solempnizato,
751 958 787 994 ὠ
803 966 854 1002 pro
864 964 953 1001 parte
974 957 1062 988 Dotis
1087 957 1200 1002 Reginae
1217 953 1253 987 de

600 1006 833 1050 Aequietantia.

223 1105 230 1108 κ
252 1087 277 1118 Ε
294 1088 323 1119 R
333 1098 388 1158 οξ
402 1090 464 1158 ἵζω.
481 1099 510 1120 as
524 1097 607 1121 toutz
619 1099 709 1128 ceux,
729 1090 778 1128 qui
793 1088 880 1120 cestes
897 1089 1007 1121 Lettres
1022 1095 1139 1121 verront
1149 1098 1188 1119 ou
1205 1098 1254 1118 or-

269 1135 336 1158 ront
389 1139 404 1159 a
415 1137 472 1158 utz.

236 1164 327 1196 CoM
338 1151 356 1197 ἐ
364 1189 373 1205 ,
391 1177 439 1204 par
452 1167 478 1196 la
491 1167 590 1197 Traite
604 1166 643 1197 du
659 1166 798 1205 Mariage,
819 1166 958 1204 n’adgairs
970 1167 1020 1197 fait
1034 1168 1068 1198 &
1082 1164 1185 1197 accord
1205 1175 1254 1195 en-

196 1212 238 1235 tre
252 1227 262 1242 ,
287 1213 346 1235 noz
366 1205 508 1236 treschiers
529 1206 562 1236 &
583 1206 720 1236 tresamez
741 1204 872 1245 Cousyns
885 1229 894 1244 ,
913 1205 1046 1235 Edward
1062 1204 1253 1247 d’Egverwyk,

197 1242 296 1273 Conte
306 1243 344 1274 de
359 1243 523 1275 Rotheland
544 1246 577 1275 &
598 1244 634 1274 de
655 1243 738 1274 Cork
752 1266 762 1282 2
780 1243 894 1274 Thomas
914 1247 1001 1274 Count
1024 1242 1193 1282 Mareschall
1214 1240 1252 1276 ὠ

197 1282 389 1321 Notyngham,
410 1285 443 1315 ὃ(
458 1281 573 1313 Guillem
586 1282 610 1312 le
624 1286 700 1321 Scrop
713 1282 808 1313 nostre
820 1281 1046 1322 Chambreleyn,
1063 1292 1122 1312 noz
1143 1280 1254 1310 Procu-

196 1330 271 1350 reurs
284 1322 318 1353 ὃς
335 1321 479 1359 Messages
493 1321 665 1360 especiaulx,
682 1322 756 1351 aians
767 1321 803 1351 de
816 1320 904 1352 Nous
918 1331 934 1351 a
955 1331 1010 1351 ceo
1031 1320 1106 1358 plein
1127 1319 1254 1350 Puissan-

195 1369 229 1390 ce
243 1382 254 1397 ,
271 1359 355 1390 d'une
374 1368 451 1400 parte
463 1385 472 1397 ,
491 1361 525 1391 &
541 1383 550 1399 ,
568 1368 627 1390 noz
648 1359 781 1390 treschers
801 1359 833 1390 &
854 1360 988 1391 tresamez
1010 1359 1137 1396 Oncles,
1154 1356 1254 1396 Johan

195 1401 258 1427 Duc
275 1399 308 1427 de
322 1401 408 1439 Berry
420 1421 430 1437 ,
450 1398 543 1437 Phelip
561 1402 622 1428 Duc
640 1399 672 1428 de
690 1401 828 1436 Burgoyne
840 1421 850 1435 ,
868 1400 940 1439 Loys
957 1402 1017 1428 Duc
1035 1396 1201 1434 d’Orleans,
1219 1396 1253 1426 ὅ(

195 1439 269 1476 Loys
286 1440 348 1466 Duc
362 1437 394 1467 de
411 1437 560 1476 Burboun,
577 1437 750 1467 Procureurs
764 1438 798 1468 &
812 1436 954 1476 Meffages
974 1435 1109 1474 especialx
1130 1434 1166 1464 de
1186 1444 1253 1463 nos-

194 1483 236 1505 tre
253 1475 387 1506 treschere
410 1477 443 1507 86
466 1477 583 1507 tresame
604 1478 682 1505 Piere
702 1475 734 1505 de
756 1478 860 1504 France
874 1498 883 1513 ,
905 1475 1012 1506 d’autre
1052 1482 1092 1504 art
1107 1496 1116 1511 ,
1148 1472 1254 1507 d'entre

193 1512 299 1552 Nous,
316 1515 350 1545 &
366 1514 462 1545 nostre
474 1515 621 1545 treschiere
634 1515 667 1545 &
680 1513 796 1544 tresame
808 1513 990 1552 Compaigne
1004 1513 1029 1542 la
1069 1513 1170 1554 oigne,
1182 1511 1253 1541 aisne

194 1551 251 1582 File
264 1552 301 1583 de
313 1552 408 1583 nostre
421 1553 462 1584 dit
478 1553 577 1591 Piere,
594 1553 620 1583 le
633 1553 725 1590 quelle
738 1552 836 1582 Traite
850 1551 947 1589 depuis
962 1551 996 1581 ad
1008 1549 1067 1581 este
1080 1549 1182 1580 Ratifie
1206 1559 1256 1592 ap-

214 1600 283 1621 rove
306 1591 340 1621 &
364 1592 514 1622 conferme
533 1601 581 1629 par
600 1590 689 1621 Nous
711 1591 745 1621 &
766 1599 824 1620 noz
843 1589 969 1628 Lettres,
986 1591 1020 1621 &
1034 1599 1082 1626 par
1099 1588 1195 1619 nostre
1214 1589 1255 1617 dit

192 1600 278 1659 ιἓἾ616
292 1629 333 1662 ,&
354 1630 392 1660 les
413 1629 545 1667 Siennes,
562 1628 672 1667 ycelluy
695 1627 790 1659 nostre
809 1627 908 1666 Piere,
925 1638 1004 1660 entre
1022 1636 1112 1658 autres
1127 1626 1254 1663 Choses,

194 1676 342 1699 contenuz
353 1679 389 1698 en
405 1667 462 1698 dite
475 1667 604 1706 Traitie,
623 1667 657 1698 &
672 1677 699 1698 es
713 1666 823 1698 Lettres
836 1667 879 1697 sur
893 1677 928 1697 ce
941 1667 1036 1704 fairoe,
1051 1667 1085 1698 &
1100 1676 1149 1704 par
1164 1665 1253 1696 Nous

193 1706 229 1737 &
243 1715 291 1744 par
304 1706 351 1746 luy
364 1706 549 1745 confermez,
567 1715 652 1737 come
666 1706 706 1736 dit
722 1705 780 1743 est,
794 1704 860 1736 fuist
877 1704 985 1736 Tenuz
1002 1705 1083 1735 Paier
1103 1706 1136 1736 &
1157 1703 1254 1734 Bailler

193 1753 211 1775 a
226 1744 314 1775 Nous
323 1768 333 1783 ,
351 1755 390 1776 ou
401 1754 417 1775 a
431 1744 528 1776 nostre
543 1745 666 1775 certeine
681 1743 886 1782 Mandement,
904 1753 919 1773 a
930 1744 1052 1775 l'Onure
1064 1744 1097 1774 δε
1110 1753 1163 1782 pur
1172 1742 1255 1773 Con-

194 1783 368 1821 templacion
391 1783 430 1814 du
448 1783 489 1814 dit
511 1782 639 1822 Mariage
654 1805 664 1821 ,
697 1782 730 1814 «Sc
754 1792 806 1820 pur
832 1782 929 1813 nostre
954 1783 1012 1813 dite
1031 1782 1212 1820 Compaigne
1232 1781 1257 1812 la

195 1821 315 1861 Roigne
327 1822 353 1852 sa
368 1821 446 1860 File,
463 1822 496 1854 &
511 1822 549 1852 les
562 1821 704 1852 Enfauntz
720 1822 785 1858 qui,
803 1831 838 1851 au
857 1821 944 1858 plaifir
964 1822 1000 1852 de
1020 1821 1116 1859 Dieu,
1136 1821 1254 1851 isteront

196 1862 231 1892 &
246 1861 352 1892 serront
368 1868 506 1899 procreez
521 1860 644 1891 d'icellu,
663 1858 851 1899 Marisge,&
864 1859 902 1890 les
917 1860 1102 1890 descendantz
1116 1860 1215 1897 d’eux,
1230 1859 1255 1888 la

197 1899 320 1930 Somme
333 1898 369 1929 de
382 1898 458 1930 Oete
469 1898 566 1930 Centz
579 1898 635 1929 Mil
647 1908 675 1929 es
691 1898 796 1929 Franks
809 1896 897 1937 d'Or,
915 1898 985 1929 dont
1003 1899 1041 1929 les
1055 1898 1143 1929 Trois
1157 1897 1255 1928 Centz

198 1937 299 1969 Milles
314 1937 419 1968 Franks
432 1936 521 1969 Nous
533 1937 668 1969 devoient
680 1936 751 1968 estre
766 1936 844 1967 Paies
864 1947 880 1967 a
897 1936 991 1968 l‘Anel
1013 1938 1046 1968 &
1068 1937 1257 1974 Solempnisa-

196 1977 265 2007 cion
287 1976 323 2006 de
343 1976 384 2007 dit
406 1975 549 2014 Mariage,
571 1975 679 2006 ficome
698 1985 746 2006 ces
768 1974 877 2006 Choses
899 1975 933 2006 &
948 1983 1038 2014 autres
1052 1975 1114 2006 sont
1128 1976 1200 2013 pluis
1219 1986 1256 2006 au

195 2015 273 2053 plain
286 2024 433 2046 contenuz
445 2024 473 2046 es
487 2016 556 2046 dites
572 2014 681 2045 Lettres
694 2014 764 2045 faitz
775 2014 819 2045 sur
832 2014 859 2044 le
877 2013 920 2044 dit
934 2015 1060 2053 Traitie,
1079 2016 1112 2044 ὃ(
1131 2014 1168 2045 de
1191 2023 1255 2053 pre-

196 2055 275 2091 sent,
292 2063 370 2094 apres
384 2062 419 2084 cc
434 2063 488 2093 que
503 2053 600 2084 nostre
611 2053 653 2084 dit
670 2052 750 2083 Piere
765 2052 800 2084 ad
815 2052 863 2083 fait
880 2051 986 2083 Mener
1006 2054 1040 2085 &
1063 2052 1219 2085 Conduere
1239 2063 1256 2084 a

195 2092 236 2124 ses
249 2092 402 2133 dispenses,
421 2092 518 2123 nostre
533 2092 590 2124 dite
602 2090 786 2130 Compsigne
801 2090 827 2122 sa
840 2090 916 2129 File,
934 2102 970 2122 en
984 2091 1023 2122 ses
1043 2091 1152 2122 Tentes
1172 2093 1205 2124 &
1226 2102 1255 2122 es

196 2130 323 2170 nostres,
343 2131 442 2163 Affises
461 2139 540 2163 entre
561 2129 655 2162 Ardre
674 2130 709 2161 &
728 2129 864 2170 GuyneS,
880 2140 920 2161 ou
942 2130 979 2168 il,
997 2141 1034 2161 en
1052 2130 1079 2161 sa
1094 2130 1254 2170 Patsonne,

194 2169 222 2200 la
242 2170 331 2201 Nous
351 2180 366 2200 a
384 2170 483 2209 baille,
500 2171 534 2202 δε
558 2179 594 2200 611
613 2167 703 2200 Nous
725 2169 750 2199 la
770 2178 870 2200 avonis
893 2168 1012 2208 rescieu,
1030 2169 1055 2198 al
1075 2168 1183 2199 Honur
1204 2172 1254 2208 qui

195 2208 385 2247 l'apparrient,
402 2209 435 2240 δε
451 2209 500 2247 qui
514 2209 613 2246 depuis
626 2208 651 2238 la
665 2207 753 2238 Nous
765 2217 780 2238 a
793 2207 841 2238 fait
857 2206 962 2238 Mener
977 2209 1010 2239 &
1025 2206 1182 2239 Conduere
1198 2210 1255 2247 jes-

195 2256 246 2285 qoe
261 2258 276 2277 a
290 2246 391 2287 Caleys
405 2258 454 2285 par
468 2256 528 2279 noz
541 2247 601 2278 ditz
613 2245 723 2277 Oncles
735 2246 771 2277 de
788 2245 871 2284 Berry
886 2246 920 2277 ὃς
933 2247 970 2279 de
986 2246 1255 2286 Burgoyne,moult

194 2286 457 2318 honourablement
475 2296 512 2317 en
528 2284 743 2323 accompliffant
762 2285 788 2315 16
807 2293 934 2316 6011161111
955 2295 994 2316 ou
1012 2285 1053 2315 dit
1073 2285 1104 2315 T
1105 2287 1180 2316 raiti'e
1191 2309 1201 2325 ,
1217 2296 1255 2316 en

218 2325 262 2355 uel
283 2324 356 2356 Lieu
378 2324 505 2363 presentz
544 2324 665 2363 lusours,
680 2332 739 2354 tant
760 2323 796 2354 de
807 2322 904 2354 nostre
916 2323 1008 2361 Sank,
1026 2333 1113 2354 corne
1127 2324 1252 2364 Prelatz,

195 2333 320 2402 ssarons,
337 2364 372 2395 ὃ(
392 2370 481 2395 autres
535 2363 642 2394 otables
660 2361 815 2393 Parsonnes
834 2362 870 2393 de
891 2361 988 2393 nostre
1002 2362 1152 2401 Roialme,
1166 2363 1255 2394 Nous

197 2411 235 2432 en
248 2402 345 2433 nostre
359 2402 538 2440 Parsone‚en
553 2401 689 2432 Ratifiant
704 2401 884 2431 confermant
899 2401 932 2431 &
947 2410 1104 2440 approvant
1122 2410 1185 2432 tout
1203 2413 1255 2441 ce,

220 2441 248 2470 ui
268 2451 316 2479 par
334 2449 418 2472 avant
439 2442 517 2472 avoir
532 2439 591 2471 este
602 2440 646 2471 sur
657 2449 692 2471 ce
706 2439 764 2470 Fait
778 2440 865 2470 traitie
879 2441 912 2471 &
925 2440 1048 2471 accorde
1061 2450 1108 2477 par
1122 2449 1182 2471 noz
1196 2441 1256 2472 ditz

197 2449 414 2511 flrocurures&
429 2489 501 2510 ceux
514 2478 550 2509 de
565 2478 662 2509 nostre
673 2478 716 2509 dit
724 2477 965 2516 Piere,obtenues
980 2489 1045 2509 eues
1057 2480 1100 2510 sur
1114 2479 1256 2517 ce,d’une

195 2523 260 2555 'part
273 2519 306 2548 &
319 2518 442 2556 d'autre,
459 2517 676 2556 Dispensacions
689 2516 847 2555 suffisam-z,
865 2527 953 2546 avons
968 2516 1015 2548 fait
1031 2517 1210 2555 solempniser
1233 2519 1257 2549 la

198 2556 239 2586 dit
256 2555 442 2595 Mariapre‚&
456 2567 544 2588 avons
558 2557 614 2596 pris
625 2555 720 2586 nostre
733 2555 774 2585 dit
788 2554 969 2594 Compaigne
982 2566 1018 2586 en
1032 2556 1128 2586 nostre
1137 2556 1159 2586 F
1160 2567 1256 2589 emme

199 2595 234 2625 &
248 2582 371 2633 Espous'f}
385 2606 422 2626 en
436 2596 508 2625 Face
522 2594 558 2625 de
571 2594 668 2624 nostre
682 2595 769 2623 miere
781 2593 876 2624 Seinte
891 2594 992 2632 Esglise
1001 2617 1010 2632 ,
1029 2595 1091 2624 ainsi
1106 2605 1194 2625 come
1209 2606 1224 2626 a
1233 2597 1257 2626 la

199 2643 353 2666 reverence
374 2637 387 2651 *
407 2634 444 2664 de
456 2633 532 2664 Dieu
541 2657 551 2672 ,
568 2643 616 2671 par
628 2632 813 2663 l'Ordinance
826 2631 861 2662 de
873 2632 968 2663 nostre
982 2633 1039 2664 dite
1055 2633 1150 2664 Miere
1163 2634 1258 2666 Seinte

201 2670 304 2703 Esolise
316 2683 351 2704 ce
366 2672 428 2704 doit
441 2673 526 2710 faire,
1218 2675 1223 2680 ”

237 2696 286 2740 §A
295 2721 314 2741 v
324 2721 345 2741 o
354 2721 365 2741 1
374 2720 398 2742 R
419 2720 437 2740 F
447 2721 465 2741 A
475 2720 487 2741 1
496 2720 508 2741 s
518 2720 538 2740 o
549 2717 572 2740 N
582 2718 594 2740 s
613 2719 669 2747 que
683 2709 778 2740 l’Anel
796 2709 879 2739 baille
887 2734 896 2747 ,
913 2710 947 2740 &
968 2709 992 2740 la
1013 2709 1258 2748 Solempnisacion

199 2748 236 2778 de
249 2748 291 2780 dit
305 2748 448 2789 Marriage
461 2748 510 2780 fait
522 2750 556 2780 &
571 2748 668 2786 parfait
682 2758 768 2778 come
781 2748 821 2778 dit
836 2747 894 2785 est,
912 2758 985 2778 nous
997 2758 1069 2779 ounr
1083 2750 1140 2779 este
1154 2749 1259 2789 Bailcs,

199 2788 291 2825 pales,
310 2789 343 2818 ὃς
359 2788 514 2838 nqumbres
528 2787 612 2824 depar
625 2785 722 2830 nostre
735 2787 775 2816 dit
787 2786 968 2830 Piere,&⁴N
975 2797 1027 2818 ous
1041 2798 1128 2818 avons
1136 2788 1258 2820 Rescieu

200 2824 862 2902 ῗοίῗῧῗὲἛ1ἓέῗέ1ἒζέἓῗῖἓὧὲῗεὶξέἷυᾷῗ
872 2833 972 2893 1ῗέἒέ
980 2825 1259 2896 εάὧῃῖἕΐέῗῑὲἳὲ

200 2901 299 2933 Centz
314 2903 410 2934 Milles
426 2904 561 2940 Frankes,
579 2901 708 2939 lesquelle
723 2903 843 2932 Summe
856 2912 927 2932 nous
942 2903 1039 2934 devoir
1060 2903 1131 2934 estre
1147 2902 1212 2935 Paie
1224 2905 1258 2936 &

201 2940 287 2972 Baille
298 2952 312 2972 a
324 2942 427 2973 l’Anell
439 2943 472 2973 &
487 2940 727 2978 Solempnisacion
738 2939 774 2970 de
789 2939 830 2970 dit
845 2939 976 2978 Mariage
990 2951 1077 2972 come
1090 2942 1130 2973 dit
1146 2942 1202 2981 est,

239 2980 277 3010 Et
290 2980 369 3020 ensy,
386 2990 471 3011 corne
485 2981 503 3011 il
517 2979 582 3010 fuist
599 2988 732 3009 convenu
744 2980 777 3010 δε
791 2979 912 3009 accorde
932 2990 980 3019 par
1000 2980 1025 3010 le
1039 2980 1157 3011 Tcnure
1179 2982 1214 3012 de
1234 2982 1259 3013 la

200 3018 258 3049 dite
271 3019 385 3057 Traite,
403 3020 437 3050 &
452 3019 549 3050 solone
564 3018 589 3049 la
601 3018 716 3048 fourme
730 3018 763 3049 δε
780 3026 879 3048 tenure
893 3018 1078 3058 d'icelluy,&
1094 3019 1130 3050 de
1141 3020 1179 3050 les
1191 3020 1258 3051 Let—

198 3064 254 3088 tres
268 3058 311 3088 sur
326 3068 361 3089 ce
373 3058 458 3097 fain,
475 3058 511 3088 de
524 3058 548 3087 la
561 3056 636 3096 quell
649 3057 771 3087 Somme
784 3055 820 3086 de
832 3056 921 3086 Trois
936 3055 1033 3087 Centz
1054 3057 1149 3089 M111es
1172 3059 1195 3089 F
1197 3070 1259 3090 ran—

201 3096 266 3133 kes,
283 3097 342 3127 enfi
360 3107 375 3127 a
396 3096 486 3127 Nous
507 3096 574 3126 Paie
594 3104 713 3132 compte
734 3095 767 3126 &
790 3095 930 3134 nombre,
948 3106 1020 3126 nous
1041 3103 1141 3127 tenons
1158 3108 1173 3128 a
1192 3099 1258 3128 bien

202 3141 321 3164 content
329 3158 338 3171 ,
346 3136 420 3172 paies
428 3160 437 3172 ,
446 3136 479 3166 &
492 3144 588 3173 agrees
596 3134 646 3173 ,&
661 3134 697 3164 de
708 3133 797 3172 ycelle
809 3133 970 3164 Sommede
977 3135 1064 3164 Trois
1074 3135 1169 3167 Centz
1185 3137 1259 3166 Mil-

201 3172 242 3203 les
263 3172 401 3210 Frankes,
419 3175 453 3204 &
475 3174 510 3204 de
528 3182 612 3204 toutz
624 3173 662 3202 les
676 3172 797 3203 Afflons
810 3173 844 3203 &
858 3171 1060 3212 Demaundes,
1080 3175 1126 3212 qui
1142 3185 1195 3212 pur
1207 3185 1259 3206 oc-

202 3210 298 3241 cafion
312 3210 348 3240 de
363 3211 387 3241 la
401 3211 523 3242 Somme
534 3211 570 3241 de
581 3212 669 3241 Trois
683 3210 779 3241 Cena
793 3210 889 3241 Milles
910 3211 1033 3242 Frankes
1054 3213 1172 3251 susditz,
1191 3223 1260 3251 pur-

202 3259 270 3279 rons
289 3248 356 3279 faire
376 3250 409 3280 &
431 3250 551 3279 intentet
572 3258 588 3278 a
606 3247 702 3278 nostre
717 3249 757 3279 dit
772 3249 871 3287 Piere,
888 3249 926 3280 ses
940 3249 1042 3288 Heirs,
1060 3251 1260 3290 Successours,

202 3297 243 3318 ou
267 3288 352 3318 Aiant
373 3287 453 3318 cause
476 3287 512 3317 de
530 3287 584 3325 lui,
599 3287 820 3325 perpetuelment
839 3288 872 3318 &
889 3297 904 3317 a
917 3297 1000 3318 toutz
1007 3289 1104 3328 jours,
1123 3290 1208 3320 saunz
1226 3302 1261 3322 ce

201 3335 259 3364 que
270 3326 376 3364 james,
394 3336 429 3355 en
446 3334 536 3362 temps
550 3335 567 3355 a
583 3326 663 3355 venir
700 3324 804 3362 Nous,
821 3325 917 3355 nostre
935 3326 992 3357 dite
1011 3326 1208 3368 Compaigne,
1226 3340 1263 3360 ne

201 3363 242 3394 les
262 3364 365 3402 Heirs,
384 3363 583 3400 Successours,
600 3374 640 3393 ou
688 3363 762 3393 iantz
782 3363 862 3394 cause
882 3363 918 3394 de
937 3374 1027 3404 nous,
1046 3366 1079 3396 &
1099 3366 1135 3396 de
1149 3368 1207 3405 ele,
1226 3378 1262 3398 en

203 3403 331 3440 puiffons
344 3403 443 3432 ascune
458 3402 542 3432 chose
555 3401 756 3440 Demaunder,
774 3411 922 3440 requerer,
940 3413 976 3432 ne
997 3413 1049 3440 pur
1069 3414 1124 3435 ceo
1141 3406 1206 3435 faire
1222 3416 1261 3436 ou

204 3443 327 3471 intentet
345 3441 454 3471 Aetion
467 3451 506 3471 ou
521 3439 815 3477 Demaunde,envers
830 3439 924 3470 nostre
939 3441 980 3471 dit
991 3441 1087 3480 Piere,
1106 3443 1144 3472 ses
1161 3444 1264 3483 l-leirs,

205 3480 409 3517 Successours,
434 3489 474 3508 ou
495 3479 598 3509 Aiantz
621 3479 700 3510 cause
719 3478 754 3509 de
776 3479 823 3518 luy
838 3500 848 3516 ‚
877 3488 914 3508 en
936 3480 1001 3518 quel
1021 3490 1135 3511 manere
1155 3492 1210 3520 que
1230 3493 1264 3514 ce

203 3518 276 3555 soit,
293 3518 432 3548 touchant
444 3517 484 3548 les
497 3518 585 3548 Trois
599 3517 696 3548 Centz
708 3517 803 3548 Milles
820 3517 842 3547 F
845 3518 941 3548 rankes
953 3529 968 3548 a
981 3528 1052 3549 nous
1068 3520 1124 3550 enfi
1141 3521 1237 3558 pniez,

245 3555 282 3587 Et
297 3555 481 3586 Promettons
496 3566 530 3586 en
546 3557 607 3586 bon
621 3556 670 3595 foy
680 3580 689 3595 ‚
707 3558 741 3588 ὃς
753 3566 787 3586 611
801 3555 895 3594 parole
908 3555 944 3586 de
963 3556 1050 3596 Roy,
1068 3559 1146 3588 avoir
1169 3561 1202 3590 &
1224 3569 1265 3590 te-

208 3595 267 3632 nir,
286 3604 301 3625 a
313 3603 395 3626 toutz
405 3596 497 3633 j0urs,
517 3595 617 3625 Ferme
632 3595 664 3625 &
679 3595 836 3645 Aggreable
850 3594 925 3625 ceste
939 3595 1035 3626 nostre
1048 3597 1175 3634 presente
1189 3598 1266 3636 Qi-

208 3642 308 3671 tance,
326 3634 359 3664 &
373 3642 494 3664 countre
505 3633 530 3664 la
546 3633 680 3663 Teneure
691 3634 708 3664 (1
719 3633 808 3671 γ66116
822 3643 881 3663 11011
897 3635 991 3673 venir,
1000 3644 1035 3664 ne
1050 3636 1116 3664 faire
1128 3637 1208 3666 venir
1217 3647 1266 3666 ve-

208 3674 268 3710 nir>
286 3682 320 3702 en
336 3671 456 3710 quelque
473 3682 584 3702 manere
621 3681 654 3702 ue
667 3681 701 3702 ce
718 3672 788 3710 soit,
806 3673 942 3703 touchant
960 3673 986 3703 le
1004 3673 1044 3703 dit
1065 3672 1210 3705 Paiement
1229 3674 1266 3706 de

207 3710 299 3741 Trois
312 3709 408 3740 Centz
423 3710 517 3740 Milies
531 3710 601 3740 Fran
611 3720 662 3740 (es.

211 3749 527 3818 LEnTe113'moignaiice
540 3749 577 3779 de
591 3749 672 3787 quele
686 3747 771 3779 chose
784 3758 856 3779 nous
867 3759 955 3780 avons
967 3749 1016 3779 fait
1031 3749 1096 3780 faire
1110 3750 1198 3781 cestes
1206 3760 1266 3782 noz

240 3797 323 3818 ettres
363 3796 475 3818 arentes.
793 3798 801 3801 “

249 3825 331 3856 Don.
354 3827 424 3857 souz
443 3825 539 3856 nostre
563 3824 663 3856 Grand
682 3824 744 3857 Seal
759 3849 770 3864 ,
800 3835 817 3857 a
835 3825 932 3857 nostre
951 3824 1026 3856 Ville
1046 3826 1078 3855 de
1094 3826 1187 3868 Caleyr
1200 3850 1211 3866 ,
1239 3828 1267 3860 le

212 3863 306 3902 Qart
324 3872 393 3904 Jour
411 3864 447 3896 de
464 3864 648 3898 Novembre.

891 3942 946 3970 Per
963 3939 1045 3980 ipfiem
1059 3943 1163 3981 Regem.

1288 173 1773 220 PUBLICA.
2273 199 2354 236 ης

1707 351 1756 382 De
1780 349 1933 395 Requi-stu.

1364 426 1388 457 E
1401 428 1430 458 X
1452 429 1598 474 Qiiiverfis
1620 434 1652 463 &
1674 433 1784 471 fingulis
1802 433 1926 464 Renibus
1940 458 1949 472 ,
1977 435 2152 473 Principibus
2165 459 2174 474 ,
2199 434 2350 475 Ducibus,

1374 465 1541 513 §ominbus
1552 493 1562 508 ,
1590 470 1748 501 Nobilibus
1764 495 1772 510 ,
1799 482 1831 502 ac
1847 458 1966 510 &opulis
1980 496 1990 510 ,
2009 475 2211 512 cujuscumque
2232 474 2325 505 Status
2339 498 2349 512 ,

1295 499 1409 547 Gradus
1423 529 1432 542 ,
1454 505 1604 545 Dignitatis
1617 533 1626 545 ,
1644 508 1779 539 Nationis
1793 534 1802 548 ,
1821 509 2001 541 Conditionis
2017 535 2026 548 ,
2052 510 2136 542 Ritus
2149 536 2158 550 ,
2184 513 2229 542 seu
2255 513 2347 543 Sec'tae

1296 538 1415 586 fuerint,
1434 553 1482 581 per
1505 547 1661 576 universum
1684 547 1797 578 Orbem
1817 549 1990 588 constitutis,
2008 549 2158 581 Praeseures
2178 550 2285 581 Literas
2305 553 2349 581 111-

1295 577 1443 620 spec‘iuris,
1460 582 1585 613 Salutem
1601 586 1628 613 in
1642 587 1772 615 omnium
1785 586 1936 618 Salvatore.

1333 617 1366 648 U
1377 627 1399 648 N
1408 629 1419 650 1
1428 630 1449 663 γ
1458 629 1475 649 E
1486 630 1508 651 R
1519 631 1531 651 s
1541 631 1552 651 1
1562 630 1585 651 T
1595 632 1613 652 Α
1623 631 1645 652 T
1655 632 1672 652 Ε
1682 632 1709 653 Μ
1729 634 1748 653 ν
1757 633 1775 653 E
1786 633 1798 654 s
1808 634 1830 654 T
1840 634 1862 655 R
1871 636 1889 655 A
1902 635 1927 655 M
1948 626 2137 663 multipliciter
2152 627 2352 659 honorabilem

1297 653 1330 683 δί
1346 658 1500 694 quemlibet
1514 659 1640 691 vestrum
1655 672 1702 697 per
1718 662 1760 699 se,
1777 665 1906 693 attentius
1918 666 1950 694 ἃ
1964 665 2109 695 efficacius
2125 675 2182 702 quo
2194 664 2351 704 postumus,

1295 692 1413 739 Tenore
1433 696 1632 737 Praesentium,
1651 699 1831 735 Requirimus
1850 702 1883 732 &
1904 712 2032 740 rogamui
2048 726 2057 740 ,
2075 705 2216 741 quatinus,
2232 704 2352 735 dilestos

1295 733 1394 778 nobis,
1410 734 1569 771 Jolmnnem
1589 737 1620 766 de
1640 737 1859 777 chasteumorant
1874 763 1884 776 ,
1903 739 2096 771 Camerarium
2119 741 2240 780 cariffimi
2260 744 2354 772 Patris

1297 769 1542 815 ursin-Franciae,
1561 777 1595 806 &
1618 775 1790 812 Magistrum
1815 780 1926 806 Petrum
1940 778 2084 817 Dertluot,
2104 780 2288 810 Secretarium
2303 791 2352 811 ca-

1297 810 1396 839 rissmu
1410 810 1555 843 Avunculi
1569 812 1656 844 nostri
1672 818 1756 844 Ducis
1768 815 1800 844 de
1821 818 1977 856 Burgoyite,
1996 818 2044 854 qui
2067 818 2157 847 versus
2177 819 2354 856 quamplures

1298 856 1387 883 partes
1402 858 1539 888 remotas,
1557 861 1606 888 per
1618 852 1731 894 aliquod
1742 861 1853 890 ternpus
1862 856 2012 892 moraturi,
2030 856 2063 885 &c
2077 856 2178 886 exinde
2193 857 2284 887 versus
2294 867 2355 893 par—

1298 886 1406 928 tessuas
1421 890 1545 932 proprias
1557 899 1625 919 curn
1639 892 1687 921 ubi
1700 891 1832 929 placuerit
1847 893 1995 930 reversuri,
2014 892 2064 922 diri
2087 903 2135 923 unt
2154 894 2270 924 Gressus
2293 895 2355 925 suos

1298 933 1327 952 m
1343 927 1484 969 praesenti,
1502 928 1571 957 cum
1584 927 1660 966 Ipsos
1683 940 1731 967 per
1754 930 1871 968 Regna,
1890 931 2046 968 Dominia,
2099 931 2237 970 istrietus,
2256 933 2356 971 Loca,

1295 961 1509 1008 Junsdfitiones
1529 965 1575 996 seu
1597 967 1753 998 Terriroria
1771 968 1861 999 vestra
1875 991 1886 1007 ,
1911 969 1955 999 seu
1979 969 2091 1007 alicujus
2115 970 2241 1000 vestrum
2257 993 2267 1009 ,
2284 981 2354 1001 curn

1299 1000 1493 1033 Familiaribus
1512 1004 1546 1034 &
1567 1004 1666 1035 Rebus
1684 1006 1738 1036 suis
1757 1007 1868 1037 transire
1884 1007 1955 1045 ,seu
1976 1008 2045 1038 inibi
2067 1009 2168 1037 morari
2189 1011 2356 1047 contigerit,

1298 1039 1405 1083 nostrae
1425 1040 1589 1081 Magestatis
1608 1044 1706 1074 intuitu
1721 1067 1730 1083 ,
1748 1046 1780 1075 δε
1800 1046 1901 1075 harum
1924 1045 2048 1076 Precum
2070 1046 2229 1076 nostrarum
2248 1047 2356 1086 speciali

1298 1086 1457 1110 interventu
1466 1104 1474 1118 ‚
1494 1082 1657 1119 propenfius
1672 1083 1914 1114 recommendatos
1928 1084 2076 1121 habentes3

1337 1116 1460 1160 Eosdem
1470 1118 1634 1157 johannem
1646 1121 1680 1151 &
1696 1121 1812 1151 Petrum
1822 1144 1832 1159 ,
1850 1131 1918 1153 cum
1932 1122 1954 1151 F
1956 1123 2122 1152 amiliaribus
2134 1123 2167 1153 &
2185 1122 2283 1153 Rebus
2304 1123 2356 1153 suis

1299 1157 1410 1186 transire
1425 1181 1434 1194 ,
1453 1159 1577 1196 reverti,
1595 1168 1628 1189 ac
1649 1160 1754 1190 morari
1775 1160 1862 1190 libere
1874 1183 1883 1199 ,
1900 1160 1933 1191 ec
1955 1161 2058 1198 absque
2080 1161 2288 1199 impedimento
2309 1162 2354 1192 seu

1299 1195 1510 1230 perturbatione
1524 1206 1719 1235 quacumque,
1737 1198 1871 1229 benivole
1887 1200 2063 1237 permittatis,
2082 1210 2141 1229 non
2155 1200 2302 1230 inferentes
2318 1201 2356 1229 eis

1298 1241 1353 1262 nec
1375 1233 1595 1271 quomodolibet
1619 1236 1714 1266 inferri
1735 1237 1942 1274 permittentes,
1958 1239 1986 1266 in
2008 1237 2188 1275 Corporibus
2208 1238 2252 1268 seu
2269 1237 2355 1268 Bonis

1299 1271 1485 1311 eorumdem,
1505 1272 1673 1310 Dampnum
1688 1297 1697 1312 ,
1717 1273 1975 1314 Impedimentum,
1997 1274 2188 1314 violentiam,
2207 1275 2355 1315 injuriam,

1299 1307 1483 1349 Molestiam,
1503 1311 1549 1341 seu
1564 1311 1747 1351 Gravamen,

1332 1347 1420 1391 ‚Qin
1434 1351 1543 1392 potius,
1563 1350 1580 1380 fi
1597 1360 1698 1387 egeant
1710 1352 1762 1390 eis,
1781 1352 1810 1381 in
1825 1361 1925 1382 eorum
1941 1352 2071 1391 agendis,
2087 1352 2242 1382 ministrare
2254 1352 2357 1389 digne-

1299 1388 1368 1416 mini
1388 1386 1548 1418 Consilium
1562 1411 1571 1426 ,
1592 1390 1736 1419 Auxilium
1750 1412 1759 1427 ,
1775 1391 1808 1421 &
1831 1391 1970 1420 Favorcm
1986 1415 1996 1428 ,
2014 1400 2046 1420 ac
2070 1390 2218 1428 Scortam,
2237 1391 2357 1420 salvum-

1298 1433 1354 1460 que
1371 1426 1403 1456 &
1418 1426 1546 1456 securum
1561 1426 1766 1466 Condudhim,
1785 1439 1833 1466 per
1846 1428 1957 1466 Passus,
1977 1429 2074 1466 Loca,
2090 1430 2123 1460 &
2148 1429 2288 1458 Dominia
2307 1438 2356 1458 ve-

1299 1462 1370 1500 stra,
1389 1464 1422 1494 &
1443 1465 1589 1503 cujussibet
1611 1465 1755 1504 vestrum,
1773 1468 1978 1497 rationabilibus
1998 1467 2163 1504 Sumptibus
2187 1469 2220 1498 ὃς
2243 1467 2358 1505 Expen-

1300 1501 1351 1537 ὗες
1918 1504 1922 1509 ’

1336 1538 1372 1569 Et
1388 1539 1406 1569 fi
1421 1541 1488 1578 quid
1503 1543 1540 1571 eis
1556 1543 1583 1572 in
1597 1542 1724 1572 Personis
1738 1542 1784 1572 vel
1799 1542 1899 1573 Rebus
1914 1543 2076 1581 injuriatum
2092 1543 2188 1581 fuerit,
2198 1544 2276 1581 quod
2294 1542 2356 1574 nol*

1299 1577 1407 1616 lemus,
1426 1579 1454 1608 id
1469 1580 1582 1610 indilate
1599 1581 1749 1610 reformare
1763 1583 1863 1611 curetis
1878 1581 1978 1612 nostris
1993 1581 2127 1611 Precibus
2144 1583 2175 1612 &c
2191 1582 2317 1620 Amore,

1339 1615 1408 1646 Nos
1430 1617 1564 1655 fiquidem
1586 1618 1709 1649 Subditis
1730 1619 1842 1656 vestris,
1860 1620 1893 1650 ὃ(
1912 1620 2059 1657 cujussibet
2075 1619 2218 1658 vestrum,
2237 1630 2305 1651 cum
2320 1619 2356 1650 ad

1299 1653 1402 1693 Regna
1422 1655 1467 1686 seu
1490 1656 1629 1686 Dominia
1652 1656 1747 1686 nostra
1771 1657 1876 1694 aliquos
1899 1668 1931 1687 ex
1955 1659 2016 1694 ipris
2033 1658 2174 1687 declinare
2189 1659 2357 1696 contigerit,

1300 1692 1441 1724 Favorem
1457 1695 1637 1725 consimilem
1652 1696 1685 1726 δε
1699 1696 1852 1733 majorem,
1868 1695 1886 1724 si
1903 1696 2071 1734 indiguerint
2088 1696 2131 1725 vel
2146 1706 2245 1726 eorum
2261 1695 2357 1734 aliquis

1297 1731 1470 1770 indiguerit,
1495 1742 1575 1772 grato
1596 1735 1693 1763 animo
1715 1733 1879 1771 impendere
1899 1735 1916 1753 '¹‘
1938 1734 2129 1772 promittimus
2143 1757 2153 1772 ,
2168 1737 2200 1764 ὣς
2223 1735 2259 1764 de
2281 1735 2357 1764 facio

1299 1771 1434 1801 veraciter
1449 1771 1655 1809 impendemus.

1337 1807 1370 1838 In
1392 1810 1467 1847 cujus
1490 1812 1528 1839 rei
1548 1810 1763 1840 Testimonium
1785 1810 1833 1840 has
1849 1809 1953 1840 Litcras
1968 1809 2074 1840 nostras
2088 1810 2215 1841 patentes
2230 1810 2306 1849 fieri,
2326 1810 2357 1841 &

1301 1845 1407 1884 Magni
1422 1848 1513 1885 Sigilli
1527 1849 1615 1879 nostri
1629 1850 1786 1879 munimine
1802 1849 1920 1879 fecimus
1935 1848 2093 1888 consignari

1338 1921 1409 1954 Dat·
1422 1923 1497 1962 apud·
1511 1923 1616 1955 Villam
1631 1924 1749 1964 nostram
1757 1923 1852 1964 calesti
1865 1924 1978 1963 Quinto
1991 1925 2036 1955 die
2050 1924 2242 1956 Novembris.

1981 2003 2034 2030 Per
2049 2000 2130 2040 z‘psum
2149 2004 2254 2040 Regem.

1470 2128 1519 2159 De
1535 2126 1770 2160 Proclamatione
1781 2136 1837 2172 pro
1859 2128 2049 2159 Coronatione
2065 2128 2188 2173 Reginae.

1302 2210 1422 2267 REX
1430 2235 1439 2249 ,
1458 2210 1684 2242 vicecomitibus
1698 2210 1860 2255 Londonice
1868 2233 1885 2254 ,¹
1896 2210 2028 2241 Salutem.

1398 2249 1585 2288 Praecipimus
1598 2251 1695 2287 vobis,
1712 2250 1828 2279 1111111161
1848 2259 2042 2288 injungentes,
2061 2249 2140 2288 quod
2162 2248 2275 2287 statim,
2294 2249 2356 2280 vifis

2374 298 2499 330 AnnD.

2394 340 2478 377 1396.

2374 378 2424 403 Ric,
2445 388 2469 405 2,

2372 419 2423 441 An.
2441 425 2485 441 20.

2374 456 2401 479 R.
2421 462 2446 480 2.
2469 479 2472 483 ,

2371 490 2433 517 ibid.

2370 537 2406 555 m.
2426 538 2451 561 9⁴

2377 1720 2391 1736 ⁸
2404 1723 2468 1749 VH,

2377 1760 2443 1794 848.

2376 2215 2452 2247 Ann.
2467 2217 2509 2248 D.

2404 2255 2489 2294 1396.

1299 2287 1494 2327 praesentibus,
1510 2289 1539 2318 in
1553 2289 1663 2328 singulis
1677 2289 1745 2319 locis
1759 2287 1887 2318 Civitatis
1910 2289 2071 2325 praedidtae,
2090 2290 2123 2318 &
2145 2287 2354 2319 suburbiorum
2372 2299 2424 2323 Aa.
2446 2306 2491 2323 20.

1298 2325 1422 2362 ejusdem
1438 2327 1487 2357 ubi
1500 2328 1630 2365 expedire
1643 2327 1784 2363 videritis,
1804 2327 1916 2363 publice
1931 2336 1965 2357 ex
1978 2336 2054 2365 parte
2075 2326 2168 2357 nostra
2191 2328 2355 2364 proclamari
2374 2338 2393 2361 R
2421 2343 2446 2361 2,

1299 2363 1420 2403 faciatis,
1439 2365 1519 2403 quod
1535 2375 1634 2397 omnes
1650 2366 1683 2396 δε
1697 2365 1808 2404 singuli,
1827 2367 1875 2402 qui
1891 2366 1980 2403 aliqua
2001 2365 2119 2396 Servitia
2140 2365 2237 2395 diebus
2258 2365 2356 2396 Coro·
2374 2373 2509 2408 Claufizo.

1298 2404 1446 2434 nationum
1468 2403 1586 2441 Regum
1610 2404 1720 2443 Angliae
1735 2427 1744 2442 ,
1763 2405 1868 2433 ratione
1894 2404 1915 2433 Γ
1916 2413 2011 2434 enurae
2031 2404 2084 2433 suae
2096 2403 2157 2440 ,seu
2179 2404 2234 2434 alio
2248 2405 2355 2442 mod0‚
2374 2414 2402 2437 κ.
2416 2418 2471 2446 2.p.
2483 2421 2507 2437 1.

1299 2441 1405 2473 debent
1417 2443 1450 2473 &
1466 2442 1557 2472 facere
1569 2452 1718 2480 tenentur,
1738 2443 1861 2472 intersint
1876 2441 2067 2472 Coronationi
2085 2446 2096 2470 l
2110 2441 2203 2471 abellae
2219 2453 2295 2473 nunc
2304 2445 2357 2471 Re-
2374 2458 2410 2473 ω(
2427 2449 2470 2476 16.

1298 2482 1369 2516 ginae
1382 2480 1509 2518 Angliae,
1528 2480 1675 2511 Conlortis
1691 2480 1795 2510 nostrae
1809 2481 2050 2519 cariiiimae,apud
2059 2480 2088 2509 u
2102 2480 2357 2519 estmonasterium,
2373 2487 2436 2521 dors.

1300 2519 1346 2548 die
1367 2519 1528 2549 Dominica
1551 2521 1578 2548 in
1600 2519 1732 2550 Crastino
1754 2519 1918 2556 Epiphaniae
1939 2519 2059 2548 Domini
2081 2522 2214 2556 proximo
2234 2520 2330 2549 futuro
2347 2543 2357 2558 ,

1301 2567 1369 2586 curn
1383 2560 1466 2588 omni
1486 2558 1611 2588 Honore
1623 2560 1655 2589 &
1670 2558 1843 2588 Reverentia
1855 2558 1955 2594 quibus
1971 2557 2071 2594 decer,
2086 2559 2209 2595 prompti
2224 2558 2256 2588 &
2271 2560 2355 2594 parati

1299 2596 1333 2664 lad
1349 2596 1507 2640 hujusmodi
1521 2597 1640 2639 Servitia
1655 2597 1763 2626 ibidem
1778 2606 1859 2626 more
1870 2596 1951 2626 solito
1966 2596 2145 2633 faciendum,
2165 2598 2198 2627 δε
2219 2597 2277 2626 1106
2293 2596 2356 2626 nul-

1311 2644 1405 2664 atenus
1418 2644 1560 2664 omittatis

1338 2673 1427 2703 Teste
1441 2672 1523 2712 Rege
1537 2673 1609 2711 apud
1625 2671 1880 2713 westmonasterium
1889 2697 1898 2711 ,
1917 2681 2015 2711 quarto
2029 2672 2076 2703 die
2089 2671 2268 2703 Decembris.

2033 2751 2085 2779 Per
2104 2748 2253 2780 Camillum.

1578 2878 1629 2910 De
1649 2873 1837 2918 Restitutione
1851 2874 2083 2920 Temporalitaem.

1305 2961 1438 3017 REX,
1456 2961 1561 2992 <inesto
1573 2960 1639 2997 fibi,
1645 2959 1775 2998 Johanni
1786 2958 1888 2997 Reme,
1907 2958 2044 2990 Escaetori
2055 2958 2105 2989 suo
2120 2959 2148 2989 in
2163 2958 2357 2992 comitatibus
2379 2952 2454 2983 Ann-
2471 2952 2515 2984 D.

1384 2999 1496 3030 Kantiae
1511 3000 1544 3030 διε
1560 2998 1768 3035 Middlesexiae,
1789 2998 1921 3028 Salutem.

2402 2999 2487 3030 1397-

1339 3036 1419 3068 Cum
1444 3038 1588 3068 Dominus
1609 3041 1729 3067 Summus
1751 3035 1897 3076 Pontifex,
1916 3045 2005 3074 nuper
2020 3045 2138 3066 vacante
2155 3035 2280 3067 Ecclesia
2299 3037 2358 3068 Ca·
2380 3033 2430 3058 An.
2449 3041 2494 3058 2⁰·

1301 3075 1416 3106 thedrali
1437 3076 1646 3113 Canrunrienfi,
1665 3085 1714 3113 per
1739 3084 1862 3105 mortem
1877 3097 1886 3113 ,
1911 3075 1998 3104 bonae
2019 3076 2165 3105 memoriae
2180 3098 2189 3112 ,
2215 3076 2358 3105 Willselmi
2379 3073 2407 3094 R.
2431 3079 2456 3095 2·

1302 3113 1391 3144 ultimi
1406 3113 1600 3157 Archiepiftopi
1614 3115 1671 3144 loc1
1686 3114 1770 3151 illius,
1792 3112 1818 3143 V
1821 3113 1989 3157 enerabilem
2006 3112 2116 3156 Patrem
2126 3136 2135 3151 ,
2153 3114 2296 3157 Thomqm,
2306 3125 2358 3144 1111-

1302 3162 1351 3192 per
1366 3154 1594 3193 Archiepiscopum
1607 3153 1742 3189 Eborum,
1761 3150 1989 3182 Canruariensem
2011 3150 2162 3189 Electum,
2178 3161 2193 3180 a
2216 3151 2358 3190 Vinculo,

2380 3110 2435 3133 Par.
2450 3116 2495 3133 20.

2380 3149 2475 3181 R.2.p.
2488 3154 2513 3180 r,

1303 3201 1362 3229 quo
1385 3193 1477 3222 eidem
1500 3193 1628 3223 Eborum
1650 3190 1785 3221 Ecclesiae
1810 3191 1970 3227 tenebatur,
1986 3190 2148 3228 absolverit,
2167 3191 2200 3220 δε
2218 3191 2307 3227 ipsum
2322 3193 2356 3220 ad
2375 3192 2411 3210 ⁷⁷¹·
2434 3191 2457 3211 ¹·

1305 3232 1409 3260 dhstam
1424 3230 1578 3261 Ecclesiam
1595 3229 1823 3259 Cantuariensem
1837 3228 2017 3266 transtulerit,
2036 3228 2181 3265 ipsumque
2195 3229 2222 3257 in
2241 3230 2360 3259 Archie-

1304 3269 1449 3308 piscopum
1473 3270 1543 3299 Loci
1563 3268 1632 3298 illius
1654 3268 1810 3305 praefecerit
1830 3269 1863 3298 ὃς
1885 3266 2032 3296 Pastorem
2048 3290 2056 3302 ,
2090 3267 2158 3296 116111
2182 3276 2230 3303 per
2254 3266 2361 3297 Literas

1306 3307 1421 3338 Builatas
1435 3310 1516 3345 ipfius
1530 3307 1657 3338 Domini
1669 3307 1783 3337 Summi
1797 3305 1961 3343 Pontificis,
1980 3305 2064 3334 nobis
2078 3305 2145 3335 inde
2158 3305 2292 3343 direcias,
2307 3316 2362 3336 no-

1308 3346 1492 3414 bistonstat,

1344 3396 1457 3453 Prgbzo
1480 3421 1560 3460 quod
1579 3421 1655 3451 idem
1678 3421 1791 3452 111εᾶ113
1806 3420 1941 3451 omnibus
1955 3420 1988 3450 ὅ(
2002 3419 2112 3458 fingulis
2125 3419 2243 3458 Verbis,
2263 3420 2362 3451 Nobis

1308 3461 1341 3492 &
1366 3461 1492 3491 Coronae
1514 3459 1619 3491 nostrae
1640 3459 1890 3498 Praejudicialibus,
1909 3459 1937 3487 in
1957 3457 2039 3488 <liciis
2057 3458 2155 3488 Lireris
2168 3458 2279 3488 Bullatis
2291 3469 2363 3489 con-

1307 3502 1390 3530 tentis
1404 3522 1413 3538 ,
1439 3509 1537 3529 coram
1560 3498 1659 3529 Nobis
1681 3498 1878 3534 renunciavit,
1902 3496 2028 3527 volentes
2047 3506 2115 3527 cum
2137 3506 2172 3526 6ο
2195 3505 2276 3535 agere
2298 3507 2361 3534 gra-

1309 3548 1675 3614 tlOgjeepimus'Fidelitatem
1689 3574 1769 3612 ipfius
1785 3573 1892 3610 Elesti,
1910 3572 2136 3610 &Temporalia
2153 3572 2221 3603 dieti
2243 3574 2364 3604 Archie-

1311 3614 1469 3654 piscoparsis
1484 3612 1707 3651 Canto-ariensis,
1724 3622 1807 3652 prout
1826 3613 1910 3654 moris
1922 3611 1978 3648 est,
1999 3611 2182 3641 Restituirnus
2198 3611 2307 3641 eidem:

1348 3654 1384 3683 Et
1405 3653 1470 3682 ideo
1493 3653 1543 3682 tibi
1566 3652 1750 3688 Praecipimus
1771 3651 1850 3688 qnod
1871 3650 1964 3679 eidem
1985 3649 2087 3679 Elccto
2101 3649 2282 3686 Temporalia
2292 3660 2363 3689 prae-

1310 3691 1384 3722 dicia
1398 3715 1407 3730 ,
1425 3700 1494 3721 cum
1517 3689 1693 3721 Pertinentiis
1709 3712 1718 3727 2
1734 3691 1763 3718 in
1786 3689 1885 3718 ssalhva
1909 3698 1953 3718 tua
1969 3712 1979 3725 ,
1998 3689 2097 3717 liberes
2118 3690 2146 3717 in
2169 3687 2273 3717 Forma
2292 3698 2364 3727 prae-

1312 3732 1436 3799 dlssbste
1450 3767 1535 3805 Rege
1548 3766 1621 3804 apud
1638 3764 1909 3806 westmonasterium,
1927 3763 2080 3794 undecimo
2093 3764 2137 3793 die
2146 3764 2278 3801 Januarii.

1979 3843 2032 3870 Per
2050 3840 2132 3878 ipfim}
2150 3843 2255 3880 Regem.

1807 4104 1854 4143 Q
1862 4111 1877 4144 3
2297 4104 2380 4142 Super
