2561 4251
754 166 865 208 ET
949 166 1208 208 ACTA
1291 164 1758 207 PUBLICA.
2227 178 2308 217 149

4 257 74 290 Ann.
89 255 131 286 D.
187 252 283 294 Qtod
302 254 386 291 Nos,
403 255 438 286 δε
450 253 535 284 Fliius
549 253 644 284 noster
657 251 878 293 Primogenitus,
897 260 974 283 natus
988 260 1033 283 aut
1047 252 1207 290 nasciturus,

25 295 108 334 1368.
148 289 337 331 Dampnum,
355 292 550 330 vituperium,
567 292 802 329 Detrimentum,
819 300 865 321 aut
882 291 1031 328 Dedecus,
1050 291 1118 334 dieti
1143 290 1209 320 Fra-

0 335 65 363 Edv.
85 342 112 370 3.
148 330 195 360 tris
210 330 296 361 nostri
312 331 460 367 cariffimi,
475 330 563 370 Regis
579 331 722 369 Franciae,
738 330 799 360 Filii
815 330 1083 368 Primogeniti‚nati
1096 337 1141 359 aut
1150 330 1208 358 nas-

1252 258 1349 288 captus
1360 252 1459 289 fuerit,
1477 251 1511 282 ad
1526 251 1699 289 Arbitrium,
1718 249 1947 288 Ordinationem,
1965 250 1997 282 δε
2011 249 2206 288 Voluntatem,
2223 250 2308 291 dieti,
2319 249 2448 282 Ann.D.

1252 289 1351 319 Fratris
1364 288 1450 319 nostri
1465 289 1612 327 carissimi,
1631 290 1737 327 Regis,
1755 289 1960 328 Primogeniti,
1977 297 2024 320 aut
2036 290 2122 326 primi
2130 289 2305 329 RegniHae-
2340 287 2425 330 1368.

1250 327 1321 357 redis
1335 327 1447 357 suorum
1458 350 1467 366 ,
1484 328 1644 366 nostrique,
1660 336 1706 358 aut
1722 328 1784 358 Filii
1798 327 1884 357 nostri
1900 327 2107 366 primogeniti,
2124 329 2180 358 nati
2199 329 2231 359 &
2248 329 2305 359 nas·
2318 330 2386 356 Edv-
2403 337 2432 366 3.

41 3020 58 3037 θ
69 3020 121 3047 vt.

5 3082 7 3088 .
42 3060 107 3088 600.

149 369 250 406 cituri,
267 369 313 399 seu
328 370 415 407 primi
428 369 527 406 Regni
541 369 579 399 sui
594 368 738 407 Haeredis,
757 368 875 406 Regni,
891 369 1009 406 Terrae,
1036 366 1155 406 Patriae,
1173 368 1207 398 &

150 405 337 437 Subditorum
350 407 482 446 suorum,
500 418 560 437 non
574 409 787 446 procurabimus
802 407 859 436 ullo
876 406 981 443 mode,

186 444 255 475 Nec
271 446 428 484 cuicunque
442 445 574 476 Personae
589 446 693 476 viventi
710 468 720 483 ‚
741 446 930 483 cujuscunque
950 443 1044 475 Status
1058 466 1069 482 ,
1094 442 1207 473 Condi-

149 483 249 520 tionis,
268 482 511 523 Praeeminentiae,
529 492 574 515 aut
590 483 741 523 Dignitatis
753 483 867 521 existat,

186 519 282 551 Etiam
300 522 319 552 si
335 522 456 553 Persona
471 522 582 562 Regalis
596 522 680 552 fuerit
713 529 758 551 aut
773 521 838 558 alia,

187 557 265 596 Qae
279 560 377 598 disto,
396 561 483 591 Fratri
498 560 598 590 nostro
611 544 773 598 karissimo,
795 559 874 595 Regi
888 558 1032 597 anciae,
1049 558 1123 589 Filio
1146 556 1209 587 Pri-

152 599 316 637 mogenito,
335 608 402 630 nato
415 607 460 629 aut
481 599 634 635 nascituro,
653 599 698 629 seu
712 597 815 628 Primo
828 597 923 637 Regni
938 598 975 628 sui
992 597 1125 634 Haeredi,
1147 596 1208 625 Re-

151 643 211 673 gno
222 657 232 673 ,
247 636 362 675 Terrae,
383 637 502 674 Patriae,
522 638 554 668 &
569 637 692 667 Subditis
705 637 776 675 suis,
796 636 953 675 Guerram,
970 633 1209 673 Dampnum,Vi-

152 674 313 717 tuperium,
331 675 562 714 Detrimentum,
581 683 626 705 aut
642 675 776 706 Dedecus
796 675 889 706 facere
902 697 912 713 ,
938 683 1092 714 perpetrare
1110 672 1210 704 volue-

152 721 188 742 rit
204 723 250 743 ant
265 715 380 752 inferre,

191 749 369 789 Consilium,
388 750 535 782 Auxilium
568 751 739 782 raestabimus
754 752 797 782 seu
811 751 967 787 Favorem,

194 789 273 826 Quae
285 790 401 828 quidem
417 789 516 829 Ligae,
585 791 817 827 nfoederationes,
835 789 937 826 Passa,
957 787 1117 831 Amicitiae,
1129 784 1211 816 Con-

152 829 316 866 ventiones,
335 829 368 860 &
383 828 549 867 TrafftatuS,
568 830 643 867 supra
659 830 691 860 &
709 829 780 858 infra
793 827 887 865 scripti
903 827 935 857 &
951 825 1211 865 scripta,durabunt

153 875 212 902 quo
226 865 260 895 ad
276 867 379 905 vitam,
398 867 496 897 Fratris
509 867 596 897 nostri
611 867 760 904 kariffimi,
779 865 866 904 Regis
878 864 1021 906 Franciae,
1047 863 1118 906 Filii·
1132 861 1209 904 Mas-

154 904 212 933 culi
225 903 431 944 primogeniti,
450 907 508 936 nati
525 915 570 936 aut
586 905 730 942 nascituri,
749 906 781 935 &
800 904 884 940 primi
898 902 994 939 Regni
1002 901 1212 945 Haeredis,luo-

153 951 241 982 rum,
261 943 404 983 nostrique
425 944 510 982 Regis
529 942 660 973 Castellae
680 943 713 973 &
736 941 887 981 Legionis,
912 941 975 971 Filii
1007 939 1212 982 Primogeniu,

155 982 215 1010 nati
229 990 275 1012 aut
289 981 417 1013 nascituri
432 982 519 1012 nostri
535 1004 544 1019 ,
572 981 775 1020 praedistorum
791 1003 800 1017 ,
824 981 857 1012 &
876 978 1009 1019 quamdiu
1030 979 1081 1016 ipii
1102 978 1136 1009 &
1159 986 1212 1006 nos

156 1016 254 1049 Vitam
267 1020 412 1058 duxerint,
427 1028 474 1050 aut
488 1019 665 1057 duxerimus,
684 1021 713 1049 in
728 1018 865 1049 humanis.

192 1056 238 1087 IT
250 1067 267 1088 Ε
276 1067 321 1096 M,
336 1058 503 1102 praedidium
516 1058 640 1089 Fratrem
655 1057 782 1088 nostrum
795 1056 979 1093 carissimum,
997 1055 1110 1093 Regem
1126 1053 1212 1084 Fran-

154 1096 226 1135 ciae,
245 1097 279 1127 &
294 1096 539 1135 primogenitum,
557 1106 655 1127 natum
670 1106 717 1126 aut
732 1095 918 1132 nasciturum,
942 1095 976 1125 &
999 1095 1126 1132 primum
1149 1093 1210 1123 Re-

154 1137 204 1202 ffii
217 1135 256 1164 sui
271 1134 441 1172 Haeredem,
461 1134 614 1173 Regnum,
632 1135 749 1172 Terras,
767 1135 800 1165 &
814 1133 948 1164 Subditos
963 1136 1025 1162 luos
1042 1156 1051 1171 ,
1080 1132 1139 1162 tam
1162 1141 1211 1170 per

194 1182 256 1211 are„
274 1174 360 1211 quam
376 1183 424 1211 per
438 1173 562 1204 Terram
572 1197 581 1210 ,
599 1182 700 1204 contra
713 1173 892 1212 quascunque
905 1171 1055 1209 Personas,
1072 1181 1134 1240 (ipae
1149 1171 1213 1210 pos-

154 1211 216 1241 sunt
232 1213 326 1242 vivere
342 1211 398 1241 sive
423 1213 513 1251 mori,
531 1212 718 1252 cujuscunque
733 1210 827 1242 Status
838 1234 848 1249 ,
867 1210 1059 1248 Conditionis,
1104 1211 1214 1240 raeeini-

152 1250 274 1287 nentiae,
291 1259 337 1280 aut
352 1249 502 1290 Dignitatis
514 1250 646 1288 existant,

192 1287 308 1318 Etiamsi
324 1288 447 1320 Persona
460 1287 543 1319 fuerit
558 1289 669 1327 Regalis
683 1296 728 1319 aut
743 1288 794 1319 alia
805 1311 814 1327 ,
1059 1325 1064 1329 ι
1141 1325 1146 1329 .

195 1326 273 1364 Qiae
288 1327 368 1357 dieto
383 1327 469 1358 Fratri
483 1328 582 1358 nostro
597 1327 754 1365 carisfimo,
774 1326 849 1365 Regi
863 1324 1086 1363 Franciae,Filio
1101 1324 1214 1354 Primo-

156 1367 270 1411 genito,
290 1375 358 1396 nato
371 1375 418 1397 aut
430 1366 582 1403 nascituro,
602 1367 635 1397 &
648 1367 744 1405 primo
761 1365 855 1404 Regni
871 1365 908 1395 sui
931 1364 1063 1401 Haeredi,
1089 1362 1215 1406 Regno,

166 1403 189 1433 Γ
191 1413 276 1440 errae,
296 1404 412 1442 Patriae,
429 1404 462 1435 δε
475 1404 602 1435 Subditis
617 1405 684 1442 suis,
705 1403 867 1441 Guerram,
885 1403 1076 1444 Dampnum,
1096 1399 1216 1440 Vitupe-

158 1444 251 1510 ξίἳῐῃ,
268 1442 500 1482 Detrimentum,
520 1451 564 1474 aut
580 1443 714 1474 Dedecus
728 1443 835 1481 facere,
859 1451 1014 1482 perpetrare
1034 1441 1153 1471 voluerit
1168 1448 1216 1470 aut

157 1490 188 1510 in
202 1489 261 1510 erre

197 1503 279 1550 Bon}
293 1518 362 1549 Fide
377 1519 553 1558 iuvabImuS,
570 1520 604 1552 &
616 1520 715 1558 juvare
728 1519 908 1556 tenebimur,
931 1516 984 1547 abs
998 1526 1032 1546 ue
1046 1517 1077 1560 ⁴F
1079 1517 1179 1555 raude,

196 1557 317 1595 Nosque
332 1556 475 1588 Guerram
487 1557 575 1595 dieti,
594 1558 691 1588 Fratris
708 1557 797 1588 nostri
812 1556 959 1594 carissimi,
1010 1563 1065 1593 egis
1080 1556 1218 1594 Franciae,

162 1594 226 1626 Filii
241 1594 444 1634 Primogeniti,
461 1597 519 1626 nati
534 1605 580 1627 aut
596 1597 736 1634 nascituri,
753 1605 799 1626 aut
814 1597 896 1636 primi
912 1595 1008 1633 Regni
1022 1594 1148 1625 Haeredis
1155 1595 1220 1625 suo-

162 1644 245 1672 rum,
260 1635 289 1663 in
303 1633 388 1672 Nos,
405 1635 439 1666 δε
454 1634 482 1664 in
494 1633 646 1665 Personam
662 1634 804 1666 nostram,
830 1643 974 1672 tamquam
997 1635 1138 1673 propriam
1163 1643 1218 1662 no-

163 1673 264 1710 stram,
282 1672 492 1711 recipiemus&
515 1674 640 1711 recipere
658 1673 837 1712 tenebimur,
863 1683 896 1703 ac
918 1674 947 1702 in
971 1672 1079 1711 Regn‘s
1101 1671 1220 1710 nostris,

164 1719 308 1750 tamquam
322 1709 449 1742 nostram
464 1713 624 1751 propriam,
641 1711 733 1743 facere
750 1713 936 1751 praeconizari
954 1712 987 1743 δε
1000 1711 1113 1748 jubere:

198 1749 247 1780 Sic
260 1758 354 1780 tamen
369 1749 447 1788 quod
459 1750 568 1789 dietus,
586 1750 681 1781 Frater
693 1750 846 1781 cariffimus
859 1774 869 1789 ,
895 1750 960 1781 Rex
982 1750 1109 1780 Franciae
1124 1773 1133 1788 ,
1153 1748 1220 1780 Pri-

164 1790 340 1828 mogenitus,
357 1797 403 1820 aut
424 1788 519 1828 Regni
537 1790 577 1820 sui
597 1788 698 1820 Haeres
719 1791 826 1828 primus
841 1814 850 1828 ,
872 1789 929 1820 five
948 1788 1014 1819 alter
1036 1788 1217 1824 eorumdem,

162 1827 248 1865 Nos,
266 1835 313 1858 aut
328 1827 558 1866 Primogenitum
572 1827 720 1866 nostrum,
738 1837 838 1859 natum
852 1837 897 1859 aut
911 1827 1083 1858 nasciturum
1098 1850 1107 1865 ,
1127 1827 1220 1865 requi·

163 1866 249 1897 fierit:
269 1865 313 1896 seu
322 1889 332 1904 ,
349 1866 476 1906 per'eos,
491 1875 538 1898 aut
552 1876 652 1898 eorum
665 1867 782 1904 alterum
791 1890 800 1905 ,
817 1867 968 1904 fuerimus,
980 1866 1016 1896 de
1030 1875 1109 1897 certo
1124 1865 1219 1904 Regni

163 1903 251 1935 nostri
266 1906 299 1936 δε
315 1905 502 1936 Subditorum
517 1904 681 1936 nostrorum
701 1905 887 1936 Armatorum
909 1915 1031 1935 numero
1043 1928 1053 1943 ,
1078 1905 1113 1935 ad
1136 1904 1219 1944 Opus

164 1943 286 1974 Guerrae
301 1943 374 1982 suae,
391 1943 538 1975 subvenire
552 1944 689 1984 requisiti,
707 1943 793 1983 Nos,
812 1943 1022 1983 Primogenitus
1042 1943 1156 1980 noster,
1174 1952 1222 1972 na-

163 1989 208 2013 tus
221 1991 267 2013 aut
282 1984 449 2021 nalciturus,
468 1982 525 2013 hoc
539 1983 642 2021 facere,
660 1982 778 2023 ipsasque
787 1983 895 2014 Gentes
909 1983 942 2013 ad
957 1982 1109 2013 Servitium
1123 1982 1156 2012 &
1170 1981 1222 2019 Ju-

164 2030 285 2058 vamen,
304 2021 404 2051 Fratris
417 2020 506 2051 nostri
522 2021 671 2060 cariffimi,
691 2021 779 2060 Regis
791 2022 935 2060 Franciae,
955 2021 1017 2051 Filii
1036 2020 1220 2057 Primogeni-

164 2061 205 2097 ti,
222 2060 279 2089 nati
293 2068 340 2090 aut
353 2060 502 2099 nascituri,
519 2061 552 2091 &
567 2061 649 2098 primi
666 2060 760 2090 Reoni
774 2060 923 2099 Haeredis,
941 2060 1053 2091 suorum
1070 2059 1221 2099 praedidic-

164 2108 249 2136 rum,
269 2108 369 2129 eorum
385 2109 478 2129 tamen
494 2098 658 2136 Sumptibus
672 2099 705 2128 &
735 2099 869 2138 xpenfis,
897 2100 1009 2129 mittere
1029 2107 1184 2129 teneamur.

204 2136 250 2166 I'i‘
261 2146 278 2166 E
289 2146 334 2175 M,
353 2137 478 2175 Guerra,
497 2139 630 2175 nomine,
649 2137 751 2168 Fratris
763 2138 851 2168 nostri
864 2137 1012 2175 carissimi,
1028 2136 1075 2167 Re
1095 2137 1116 2166 is
1132 2136 1220 2167 Fran-

165 2176 237 2214 ciae,
256 2175 377 2214 Filiique
391 2174 599 2214 Primogeniti,
616 2177 674 2206 nati
691 2186 737 2207 aut
752 2177 900 2215 nascituri,
918 2176 962 2206 seu
978 2176 1064 2215 primi
1111 2175 1222 2215 egnisui

165 2213 316 2253 Haeredis,
335 2223 381 2245 aut
397 2214 487 2245 nostri
501 2215 636 2253 nomine,
662 2215 719 2245 five
740 2214 804 2245 Filii
821 2215 908 2245 nostri
930 2214 1116 2254 Primogeniti
1132 2237 1142 2252 ,
1167 2215 1224 2244 nati

167 2263 216 2285 aut
231 2253 377 2290 nascituri,
393 2262 494 2283 contra
509 2263 709 2293 quemcunque
720 2253 850 2294 inceptzi,
876 2253 944 2284 Nos
956 2276 965 2292 ,
990 2254 1022 2284 &
1046 2253 1223 2292 Primogeni-

167 2301 212 2322 tus
227 2292 337 2329 noster,
357 2301 424 2321 cum
440 2290 522 2321 Parte
535 2291 651 2323 adversa
666 2292 806 2332 Pastum,
823 2292 994 2322 Tractatum
1011 2315 1020 2329 ,
1040 2292 1224 2329 Accordiam,

166 2330 334 2368 Treugam,
352 2331 398 2361 seu
413 2329 518 2361 Pacem
534 2331 643 2367 facere,
661 2332 796 2370 traetare,
823 2331 975 2362 accordare
1000 2331 1121 2370 (absque
1141 2329 1223 2360 Con-

164 2369 241 2400 stnsu
257 2370 291 2401 &
307 2368 463 2399 Voluntate
476 2369 604 2408 expressis
617 2369 686 2400 dieti
700 2393 709 2408 ,
737 2370 840 2400 Fratris
860 2370 948 2400 nostri
967 2368 1118 2407 carissimi,
1136 2368 1225 2408 Regis

167 2408 312 2445 Franciae,
331 2408 393 2437 Filii
407 2406 614 2446 primogeniti,
632 2410 688 2438 nati
708 2418 755 2439 aut
776 2409 924 2447 nascituri,
948 2408 995 2438 seu
1018 2408 1102 2445 primi
1126 2406 1224 2446 Regni

166 2446 317 2514 Hfftsedss)
337 2447 370 2477 ὃ(
383 2445 493 2477 firmare
505 2456 564 2477 non
575 2448 730 2486 poterimus
750 2446 797 2478 seu
817 2447 920 2485 poterit
939 2446 1159 2485 quomodolibet
1178 2454 1225 2477 aut

167 2495 197 2515 in
220 2495 268 2515 ire.

205 2522 250 2554 IT
260 2534 277 2554 E
288 2531 334 2562 M,
352 2523 370 2553 fi
385 2522 494 2562 ὀξέως,
509 2522 603 2555 Frater
617 2524 708 2555 noster
722 2524 890 2564 cariffimus,
907 2523 974 2556 Rex
997 2523 1124 2555 Franciae
1140 2546 1150 2562 ,
1173 2532 1226 2560 pro

170 2561 226 2592 isto
247 2563 372 2600 prael'enti
398 2562 485 2592 Anno
499 2585 509 2600 ,
545 2564 574 2592 in
597 2562 710 2594 AEstate
732 2564 777 2593 seu
799 2564 873 2595 Vere
893 2564 1021 2601 proxime
1035 2562 1226 2600 venientibus,

170 2600 314 2631 Guerram
326 2600 439 2630 haberet
455 2610 554 2632 contra
568 2599 685 2638 Regem
701 2602 826 2642 Angliae,
844 2602 877 2633 &
891 2612 943 2642 pro
957 2602 1033 2633 dista
1049 2602 1160 2632 Guerra
1176 2602 1225 2633 de-

171 2649 236 2670 cem
253 2639 353 2670 Galeas
369 2649 474 2670 armare
488 2639 606 2670 voluerit
622 2642 655 2672 &
670 2642 820 2672 armaverit
841 2641 919 2680 supra
942 2640 1025 2672 Mare
1047 2664 1057 2679 ,
1082 2640 1151 2671 Nos
1174 2638 1227 2670 Vi-

169 2679 240 2716 ginti
258 2678 354 2708 Naves
369 2687 514 2708 teneamur
526 2688 648 2709 armare:

206 2716 260 2754 Et,
278 2718 296 2747 li
310 2718 416 2753 die‘tus,
435 2717 530 2747 Frater
545 2717 641 2747 noster
655 2717 827 2755 carissimus,
843 2716 911 2748 Rex
926 2717 1053 2749 Franciae
1066 2717 1158 2756 plures
1165 2716 1226 2747 Ga-

171 2754 226 2784 leas
239 2763 284 2785 aut
299 2757 444 2792 pauciores
455 2757 619 2792 armaverit,
635 2755 702 2785 Nos
717 2756 745 2785 in
761 2755 847 2795 duplo
862 2755 896 2786 N
899 2766 962 2787 aves
984 2766 1093 2787 armare
1115 2756 1227 2786 tenebi-

171 2802 236 2822 mur
250 2793 402 2823 secundum
419 2794 617 2838 Qantitatem
632 2793 812 2832 praedi<5hm3

212 2830 244 2860 Iii
260 2831 333 2862 Casu
349 2833 418 2861 vero
433 2833 504 2861 dum
521 2832 553 2862 &
568 2831 682 2869 quando
695 2831 849 2862 Civitatem
862 2831 1039 2869 Yspalensem
1054 2832 1231 2870 recuperavi-

172 2878 252 2899 mus:
273 2870 418 2901 visumoue
439 2871 550 2900 bonum
571 2871 605 2900 &
625 2871 773 2909 expediens
795 2871 878 2900 fuerit
900 2872 1021 2900 Duobus
1053 2870 1230 2909 Admirallis,

175 2907 303 2939 Franciae
316 2910 348 2940 &
368 2908 513 2947 Castellae,
532 2918 583 2945 pro
598 2908 729 2939 Utilitate
744 2908 776 2938 ἃ
793 2907 965 2939 Commodo
980 2907 1097 2946 nostris,
1110 2918 1157 2940 aut
1166 2909 1187 2938 F
1190 2919 1231 2939 ra—

172 2948 222 2978 tris
237 2947 325 2977 nostri
339 2947 487 2985 carisfimi,
505 2947 567 2977 Filii
582 2946 787 2985 Primogeniti,
812 2948 895 2984 primi
916 2947 1064 2977 Haeredis:
1091 2948 1124 2978 δε
1151 2948 1229 2985 quod

176 2996 230 3025 pro
244 2985 430 3026 Expeditione
443 2986 529 3016 dietae
545 2985 666 3016 Guerrae
680 2986 798 3023 debeat,
817 2986 850 3017 &
865 2995 966 3024 quatita
983 2986 1100 3016 Armata
1115 2985 1172 3016 fieri
1187 2987 1231 3016 su-

201 3034 228 3055 ra
245 3024 347 3063 Mare,
365 3033 479 3064 quantas
496 3024 596 3054 Galeas
611 3025 719 3062 dicius,
740 3024 831 3054 Frater
845 3023 939 3054 noster
953 3024 1120 3062 cariffimus,
1141 3024 1206 3054 Rex
1217 3027 1231 3042 ¹¹²

178 3034 323 3102 Franciae,
339 3073 386 3095 aut
400 3064 483 3094 Filius
496 3062 714 3103 Primogenitus,
732 3072 810 3093 natus
825 3071 871 3092 aut
885 3063 1048 3102 nasciturus,
1066 3063 1121 3092 sive
1136 3062 1233 3102 Regni

177 3102 215 3132 sui
230 3103 335 3140 primus
348 3102 464 3140 Haeres,
480 3103 645 3139 armaverit,
665 3101 751 3139 Nos,
770 3110 817 3132 aut
832 3101 915 3131 Filius
939 3101 1031 3132 noster
1053 3101 1234 3141 Primogeni-

177 3147 238 3179 tus,
257 3149 343 3171 tantas
361 3141 467 3172 Galeas
480 3149 625 3171 teneamur
641 3141 673 3171 &
689 3148 831 3171 teneantur
846 3149 969 3178 armare,
985 3141 1017 3171 ὃς
1032 3141 1060 3170 in
1082 3140 1139 3171 lioc
1161 3140 1234 3172 Casu

178 3177 278 3209 Naves
293 3189 353 3209 non
369 3188 510 3209 teneamur
526 3180 570 3209 seu
586 3188 711 3210 teneatur
724 3189 845 3209 armare:
863 3189 1004 3217 quamque
1018 3202 1027 3216 ,
1052 3179 1071 3209 fi
1092 3180 1120 3209 in
1145 3180 1233 3210 Anno

178 3217 306 3255 praesenti
320 3217 440 3246 minime
456 3218 551 3255 (quod
572 3218 665 3254 abiit)
692 3216 846 3248 Civitatem
869 3218 1049 3255 Yspalensem
1071 3228 1233 3255 recuperare

178 3255 335 3293 valeamus,
351 3255 383 3285 &
396 3255 478 3285 distis
495 3255 620 3286 Duobus
640 3255 797 3286 Admirallis
818 3257 966 3294 expediens
985 3256 1062 3295 supra
1083 3256 1166 3286 Mare
1187 3258 1232 3287 vi-

175 3292 272 3325 deatur
286 3293 400 3324 Armata
407 3316 417 3332 ,
438 3302 551 3333 quantas
565 3292 667 3324 Galeas
680 3293 833 3325 carissimus
850 3295 942 3326 Frater
957 3295 1138 3333 noster,Rex
1145 3295 1232 3327 Fran-

176 3333 231 3362 ciae
244 3332 409 3370 armaverit,
426 3332 494 3363 Nos
506 3332 605 3362 Naves
620 3333 649 3361 in
665 3331 752 3371 duplo
765 3341 908 3364 teneamur
920 3344 1038 3364 armare.

217 3369 360 3401 Volumus
373 3380 468 3402 tamen
484 3369 565 3408 quod
582 3369 732 3400 Admiralli
753 3371 879 3410 praedieti
898 3372 931 3403 ὃς
954 3372 1075 3412 ipsorum
1100 3371 1235 3409 quilibet,

180 3406 218 3438 de
231 3408 395 3446 Consensu,
415 3410 562 3447 Licentia,
580 3409 613 3439 &
629 3407 769 3440 Mandato
792 3409 916 3447 expresso
937 3410 1006 3440 dieti
1026 3410 1126 3440 Fratris
1145 3410 1235 3441 nostri

173 3447 324 3485 carissimi,
342 3447 543 3487 Primogeniti,
560 3456 606 3477 aut
621 3447 703 3485 primi
719 3447 862 3486 HaerediS,
878 3448 1023 3486 nostrique
1044 3457 1092 3479 aut
1112 3448 1228 3479 Primo-

197 3487 265 3516 eniti
280 3484 386 3524 nostri,
406 3485 825 3526 praedic'torum,juratnentum
837 3485 981 3524 solempne
993 3487 1096 3518 sacient
1110 3488 1143 3517 &
1159 3496 1233 3525 prae-

174 3562 175 3565 *
203 3526 307 3562 abunt,
325 3524 342 3554 fi
359 3525 436 3563 quod
454 3524 502 3561 ipsi
517 3524 549 3555 ὅ(
564 3534 665 3554 eorum
677 3524 793 3562 quilibet
807 3524 990 3563 Utilitatem,
1017 3524 1232 3564 Commodum,

180 3564 214 3596 ὃ(
229 3563 383 3594 Honorem
396 3563 542 3593 ambarum
559 3562 684 3592 Partium
719 3564 907 3601 rocurabunt,
925 3564 958 3594 δε
976 3565 1033 3594 tam
1049 3563 1128 3594 unius
1147 3565 1233 3603 quam

178 3602 287 3634 alterius
301 3601 495 3632 communiter
514 3601 546 3630 &
567 3600 676 3631 divisim
698 3573 775 3632 gons.
797 3602 866 3632 Fide
887 3601 1009 3633 totaliter
1027 3602 1233 3641 observabunt,

177 3644 224 3674 ieu
237 3640 314 3679 quod
327 3639 458 3671 Navium
474 3640 506 3670 &
520 3637 672 3670 Galearum
695 3639 813 3671 Armata
835 3640 970 3678 praedidta
993 3639 1138 3670 Admiralli
1162 3650 1234 3680 prae-

179 3679 247 3710 dieti
261 3678 403 3710 Guerram
420 3678 539 3708 habeant
553 3678 645 3708 facere
656 3679 683 3708 in
697 3678 825 3709 Partibus
840 3680 872 3710 ὅ(
888 3679 977 3710 Locis
990 3680 1096 3717 illis,ac
1110 3688 1163 3715 pro
1173 3686 1235 3709 tan-

179 3727 212 3749 to
226 3726 372 3756 ternpore,
390 3717 489 3751 quibus
504 3726 554 3754 pro
567 3715 716 3746 ambarum
730 3716 856 3747 Partium
871 3715 1044 3748 Commodo
1057 3717 1090 3747 &
1104 3715 1235 3748 Utilitate

174 3758 221 3787 ·eis
235 3758 321 3796 magis
336 3757 478 3788 videbitur
492 3755 631 3794 expedire.

222 3793 353 3835 ITEM,
375 3794 506 3825 volumus
527 3792 622 3832 quod,
645 3792 779 3834 quamdiu
801 3792 871 3822 dieti
895 3792 1042 3823 Admiralli
1063 3793 1235 3825 commitiva

178 3833 245 3862 nav'
280 3833 351 3864 bunt
363 3833 490 3871 insimul,
510 3831 644 3870 quicquid
660 3834 739 3868 super
752 3829 908 3869 Inimicos,
923 3832 979 3861 tam
996 3832 1023 3862 in
1037 3832 1136 3869 Terra,
1170 3833 1234 3863 uam

153 3895 160 3900 .
180 3870 212 3900 in
229 3876 231 3879 '
267 3871 321 3909 ari,
338 3872 550 3910 acquisiverint,
566 3872 636 3900 inter
649 3869 720 3906 ipsos
742 3868 813 3898 duos
836 3869 1005 3900 Admirallos
1027 3879 1076 3908 per
1101 3869 1154 3900 Me
1175 3871 1234 3902 ium

180 3907 340 3946 dividetur,
357 3911 454 3949 aequali
468 3909 605 3940 Portione
626 3907 870 3945 distribuendum,
888 3908 1039 3939 secundum
1062 3908 1180 3940 Morem
1201 3911 1235 3941 δε

178 3945 425 3979 Consuetudinem
441 3948 617 3986 Regnorum
632 3947 759 3987 Franciae
775 3946 807 3977 &
822 3944 952 3976 Castellae
969 3947 1182 3987 praedictorum.

219 3985 251 4016 Si
266 3986 336 4017 vero
348 3987 492 4026 contingat
509 3986 608 4024 quod,
627 3995 675 4024 pei·
688 3986 775 4022 ipios,
795 3984 831 4014 sic
845 3985 955 4015 insimul
977 3985 1149 4017 commitiva
1170 3985 1236 4016 Na-

183 4027 325 4065 vigantes‚
343 4023 458 4063 aliquis,
472 4026 508 4056 de
521 4025 668 4062 Sanguine
683 4023 783 4062 Regali
800 4022 932 4060 Angliae,
955 4032 1002 4054 aut
1019 4022 1116 4054 Petrus
1135 4024 1237 4056 Inimi-

174 4073 233 4097 cus
248 4061 344 4094 noster
357 4086 368 4100 ,
394 4063 442 4101 qui
461 4062 488 4095 se
510 4063 582 4095 olim
600 4063 714 4103 Regem
738 4060 868 4094 Castellae
886 4061 1040 4101 usurpative
1059 4063 1237 4100 nominavit,

1252 365 1350 403 cituri,
1369 365 1507 402 Captivus
1521 367 1677 404 tenebitur3
1697 366 1863 404 insimulque
1879 368 2047 404 poterimus,
2062 367 2118 397 una
2135 376 2204 397 cum
2225 367 2306 398 dieto

1253 403 1349 433 Fratre
1361 403 1460 433 nostro
1474 404 1628 442 carissimo,
1648 405 1726 444 super
1748 404 1935 444 Expeditioiie
1955 404 1987 435 ὃ(
2010 404 2220 436 Deliberatione
2238 405 2308 437 dieti

1253 440 1370 479 Captivi
1383 442 1512 473 ordinare
1545 452 1628 480 prout
1643 443 1803 473 Ambarum
1819 442 1944 473 Patrium
1967 443 2101 480 placuerit
2120 443 2269 475 voluntati.

1291 480 1408 518 Quippe
1420 480 1490 510 curri
1504 465 1573 510 d’ieti
1590 480 1736 511 Admiralli
1751 491 1811 512 non
1826 482 1996 512 commitive
2004 481 2049 512 sed
2062 482 2247 520 particulatim
2257 492 2307 514 na-

1251 518 1404 560 vigabunt,
1423 519 1556 556 quicquid
1571 528 1669 549 eorum
1685 520 1768 557 alter,
1787 521 1843 550 tam
1865 521 1894 549 in
1920 519 2014 558 Mari,
2041 520 2124 558 quam
2146 521 2175 550 in
2197 521 2307 560 Terra,

1250 557 1446 593 acquisiverit,
1463 557 1515 586 erit
1529 556 1624 595 suum,
1649 557 1753 594 absque
1773 558 1848 588 alteri
1870 556 2029 589 Admirallo
2049 557 2246 598 Distributione
2265 560 2307 590 fa-

1251 594 1369 631 cienda,
1387 595 1420 625 &
1436 595 1493 624 hoc
1505 594 1657 625 secundum
1673 594 1914 627 Consuetudinem
1936 596 2106 636 Regnorum
2124 597 2251 628 Franciae
2270 598 2305 630 &

1251 631 1382 662 Castellae
1398 633 1580 669 praelibatam.

1291 670 1336 700 lT
1347 679 1365 700 E
1376 679 1419 709 M,
1437 670 1547 709 Castra,
1561 670 1714 710 Civitates,
1729 671 1830 709 Villae,
1849 671 2007 711 Fortalitia,
2018 673 2074 704 five
2091 673 2257 713 Loca,quae
2271 674 2306 705 &

1252 717 1317 745 quas
1332 708 1400 738 Nos
1414 718 1459 738 aut
1472 709 1581 740 Gentes
1595 709 1715 748 nostrae,
1734 710 1763 740 in
1780 709 1886 748 Regno
1899 711 1932 741 &
1945 711 2036 742 Terra
2049 712 2177 752 Angliae,
2196 715 2228 745 ὅ(
2239 713 2307 743 Du-

1252 755 1316 776 catu
1334 747 1529 786 Aequitaniae,
1547 748 1788 786 acquisiverimus,
1814 750 2046 784 occupaverimus
2061 773 2070 789 ,
2092 761 2124 782 ac
2145 752 2286 782 uifiverint
2299 774 2310 789 ‚

1253 784 1298 814 seu
1313 786 1531 824 occupaverint,
1549 785 1633 823 Nos,
1651 786 1730 817 dieto
1746 786 1829 817 Fratri
1845 786 1944 816 nostro
1956 787 2109 827 carissimo,
2159 791 2206 827 egi
2220 790 2309 820 Fran-

1253 823 1307 852 ciae
1323 822 1539 891 PrimogeInito,
1557 832 1604 853 aut
1618 825 1714 861 primo
1726 824 1861 861 Haeredi,
1879 825 1934 855 five
1953 825 2001 856 suo
2022 835 2102 857 certo
2120 828 2245 859 Nuncio
2262 836 2310 859 aut

1255 859 1413 899 MandatO,
1468 872 1514 898 os,
1532 863 1566 893 &
1580 860 1689 892 Gentes
1704 863 1808 893 nostrae
1821 863 1964 900 praedietae
1974 886 1983 901 ,
2002 864 2034 895 ὃς
2057 865 2144 896 Filius
2156 866 2309 904 Primoge-

1255 899 1329 967 tgitus
1340 899 1450 938 noster,
1468 900 1557 930 libere
1578 900 1643 930 dare
1657 902 1691 933 &
1709 901 1850 932 restituere
1871 901 2027 933 tenebimur
2040 926 2050 941 ,
2065 904 2099 935 &
2120 905 2206 935 etiam
2230 913 2311 935 tene-

1277 946 1371 967 untur·

1289 962 1377 1014 Supra
1388 976 1488 1014 quibus
1503 976 1536 1007 &
1552 987 1650 1008 eorum
1666 976 1808 1015 quolibet,
1822 978 1881 1008 tarn
1894 976 1971 1017 super
1985 977 2115 1017 Guerra,
2134 979 2220 1017 quam
2240 978 2310 1010 Per-

1254 1012 1326 1044 sonis
1340 1015 1516 1054 siipradiffis,
1532 1016 1565 1047 &
1581 1017 1715 1046 omnibus
1727 1015 1785 1046 aliis
1800 1015 1835 1046 ad
1851 1016 1907 1047 hoc
1921 1017 2204 1056 neceffiriisssactum
2217 1017 2312 1048 Guer-

1256 1062 1308 1091 rae,
1327 1052 1489 1084 Utilitatem
1505 1055 1538 1084 &
1551 1052 1752 1085 Commodum
1766 1054 1854 1092 dieti,
1873 1054 1973 1085 Fratris
1984 1055 2072 1086 nostri
2086 1055 2232 1094 carissimi,
2250 1055 2312 1087 Re-

1277 1092 1297 1121 is
1313 1091 1336 1122 F
1338 1094 1455 1129 ranciae,
1472 1091 1677 1131 Primogeniti,
1695 1093 1752 1123 nati
1766 1101 1812 1123 aut
1825 1093 1970 1131 nascituri,
1989 1094 2044 1124 five
2057 1094 2142 1134 primi
2156 1093 2254 1134 Regni
2274 1095 2312 1126 sui

1291 1131 1405 1168 aeredis,
1424 1130 1536 1170 Regni,
1555 1132 1672 1167 Terrae,
1692 1132 1726 1162 &
1745 1131 1933 1162 Subditorum
1952 1132 2065 1163 suorum
2081 1156 2090 1171 ,
2115 1135 2316 1165 concernenti-

1258 1168 1323 1206 bus,
1344 1169 1429 1208 Nos,
1446 1177 1491 1199 aut
1504 1169 1710 1209 Primogenitus
1725 1169 1835 1208 noster,
1860 1169 2004 1201 Relationi
2024 1171 2144 1209 simplici
2168 1172 2200 1202 &
2218 1172 2316 1203 Asser-

1257 1208 1344 1245 tioni,
1364 1217 1411 1247 per
1428 1208 1557 1245 dietum,
1583 1209 1710 1239 Fratrem
1732 1207 1862 1238 nostrum
1882 1208 2054 1239 carissimum
2095 1209 2206 1249 Regem
2229 1211 2318 1241 Fran-

1258 1247 1311 1275 ciae
1321 1269 1329 1283 ,
1344 1256 1391 1277 aut
1407 1246 1633 1286 primogenitum
1643 1270 1652 1285 ‚
1668 1248 1725 1278 sive
1740 1245 1836 1285 Regni
1850 1246 1889 1277 sui
1901 1248 2031 1286 primurn
2052 1232 2207 1279 F-laeredem
2225 1271 2235 1287 ,
2260 1249 2317 1281 five

1260 1282 1361 1326 Literis
1374 1286 1424 1315 suis
1437 1285 1515 1323 super
1527 1286 1583 1316 hoc
1593 1308 1602 1323 ,
1619 1295 1664 1316 aut
1680 1286 1728 1316 suo
1744 1294 1824 1316 certo
1841 1284 1984 1324 Nuncio,
2001 1286 2036 1317 ad
2052 1286 2109 1317 hoc
2127 1287 2242 1317 habenti
2257 1287 2318 1327 spe-

1259 1322 1359 1352 cialem
1376 1323 1565 1364 Potestatem,
1584 1324 1682 1354 Nobis
1694 1332 1742 1355 aut
1756 1323 1953 1363 Primogenito
1966 1325 2056 1364 radiis,
2074 1325 2174 1365 absque
2186 1326 2236 1356 alia
2245 1325 2318 1356 Pro-

1259 1360 1373 1391 batione
1387 1366 1429 1392 leu
1446 1362 1650 1393 Informatione
1662 1373 1847 1402 quacunque,
1855 1372 1904 1400 per
1916 1363 2025 1393 dic‘tum
2033 1364 2172 1400 ,Fratrem
2186 1363 2318 1396 nostrum

1258 1399 1447 1438 carissimum,
1468 1400 1581 1439 Regem
1594 1401 1739 1439 Franciae,
1758 1400 1983 1439 Primogenitum
1995 1424 2004 1438 ,
2021 1402 2055 1432 &
2067 1403 2192 1440 primum
2215 1402 2320 1433 Haere-

1259 1437 1344 1475 dem,
1366 1441 1427 1469 suos
1441 1439 1589 1477 faciendis,
1607 1440 1705 1470 Fidem
1719 1439 1864 1469 indubiam
1880 1439 2000 1476 plenarie
2013 1442 2170 1471 tenebimur
2184 1464 2194 1480 ,
2220 1442 2254 1472 &
2275 1449 2319 1472 te-

1259 1476 1388 1514 nebitur,
1407 1478 1440 1508 &
1455 1479 1647 1515 promittimus
1662 1478 1813 1514 adhibere,
1829 1477 2061 1517 intimationeque
2074 1501 2084 1517 ‚
2110 1488 2193 1519 prout
2216 1479 2318 1518 praedi-

1259 1515 1351 1553 citur,
1367 1516 1450 1545 nobis
1464 1516 1556 1554 faits,
1575 1516 1659 1554 Nos,
1677 1517 1709 1547 &
1724 1515 1933 1554 Primogenitus
1945 1516 2051 1554 noster,
2065 1517 2318 1557 praeditstumffira-

1260 1562 1332 1583 trem
1348 1553 1478 1585 nostrum
1492 1554 1687 1593 carilsimum,
1704 1554 1818 1592 Regem
1837 1554 1963 1585 Franciae
1984 1578 1994 1593 ,
2020 1555 2120 1585 Primo
2139 1558 2265 1595 enitum,
2282 1558 2318 1588 &

1259 1593 1386 1630 primum
1400 1592 1555 1623 Haeredem
1564 1615 1574 1631 ,
1589 1592 1725 1632 Regnum
1762 1592 1882 1623 Terram
1892 1616 1902 1632 ,
1917 1593 1950 1623 &
1965 1592 2098 1624 Subditos
2122 1604 2173 1624 uos
2185 1618 2196 1634 ,
2221 1595 2319 1626 secun-

1260 1630 1330 1661 dum
1346 1632 1482 1662 Formam
1498 1631 1622 1669 superius
1634 1614 1821 1671 praeinl²ertam
1830 1653 1840 1669 ,
1853 1630 1889 1661 de
1900 1631 1981 1661 >facio
2002 1633 2180 1671 tenebimur,
2195 1633 2229 1664 &
2243 1641 2322 1665 tene-

1261 1669 1351 1708 bitur,
1369 1671 1484 1701 viriliter
1497 1670 1634 1708 adjuvare.

1299 1708 1374 1740 Sane
1387 1719 1403 1739 a
1418 1708 1513 1748 LigiS,
1528 1708 1847 1746 Confoederationibus,
1865 1707 1974 1747 Paetis,
2000 1707 2269 1747 Conventionibus,
2287 1709 2322 1740 «St

1261 1745 1444 1777 Tractatibus
1457 1747 1597 1785 praediffis
1611 1748 1765 1785 excipimus
1779 1746 1813 1777 &
1826 1748 1918 1784 excipi
1933 1747 2066 1778 volumus
2085 1747 2236 1786 Personas,
2253 1748 2325 1779 San-

1263 1785 1378 1816 ‹stiffimi
1395 1787 1424 1816 in
1439 1785 1557 1816 Christo
1575 1785 1662 1817 Patris
1704 1785 1829 1816 Domini
1848 1786 1935 1816 nostri
1957 1785 2084 1816 Romani
2112 1785 2268 1824 Pontificis,
2288 1786 2323 1817 &

1263 1823 1437 1855 Illustrissimi
1459 1824 1600 1862 Principis
1616 1848 1626 1863 ,
1655 1809 1752 1855 Karou
1768 1823 1948 1862 Imperatoris
1969 1824 2076 1862 semper
2097 1824 2236 1864 Augusti,
2269 1834 2324 1862 pro

1263 1872 1342 1893 nunc
1361 1864 1518 1894 viventium
1529 1886 1539 1901 ,
1556 1872 1671 1894 necnon
1686 1861 1809 1893 similiter
1823 1861 1937 1901 Regem
1952 1862 2150 1902 Arragonum,
2167 1864 2201 1894 &
2219 1864 2324 1894 Filium

1263 1902 1344 1932 suum
1360 1900 1604 1941 Primogenitum,
1623 1902 1671 1941 qui
1687 1910 1764 1932 nunc
1779 1900 1856 1937 sunt3
1878 1901 1949 1932 dum
1963 1909 2058 1932 tamen
2071 1902 2148 1932 idem
2174 1900 2240 1932 Rex
2266 1902 2323 1933 Ar-

1264 1949 1405 1977 ragonum
1418 1963 1428 1978 ,
1446 1941 1479 1972 &
1495 1940 1578 1970 Filius
1590 1941 1652 1971 suus
1667 1939 1876 1978 Primogenitus
1891 1938 2032 1970 eorumve
2044 1940 2125 1979 alter,
2145 1950 2245 1971 contra
2257 1940 2324 1971 Fra-

1264 1987 1336 2009 trem
1350 1979 1479 2009 nostrum
1491 1978 1683 2018 carissimum,
1700 1978 1945 2018 primogenitum,
1965 1987 2064 2009 natum
2076 1988 2122 2010 aut
2142 1979 2324 2018 nasciturum,

1264 2018 1321 2048 five
1337 2016 1431 2057 Regni
1444 2018 1483 2048 sui
1496 2017 1672 2056 Haeredem,
1688 2017 1843 2057 Regnum,
1868 2017 1989 2047 Terram
2002 2040 2012 2055 ,
2038 2018 2072 2049 &
2092 2017 2226 2049 Subditos
2243 2018 2324 2056 suos,

1262 2056 1320 2087 five
1333 2056 1419 2095 Nos,
1438 2056 1686 2096 primogenitum,
1705 2064 1802 2087 natum
1817 2062 1864 2085 aut
1883 2055 2053 2086 nasciturum
2065 2078 2075 2094 ,
2101 2056 2219 2095 Regna,
2245 2056 2322 2087 Ter-

1265 2104 1322 2133 ras,
1342 2096 1375 2127 &
1390 2095 1409 2116 ³*
1427 2095 1563 2126 Subditos
1577 2095 1686 2125 nostros
1726 2094 1870 2125 Guerram
1888 2117 1898 2133 ,
1930 2094 2100 2134 Dampnum
2114 2118 2124 2134 ,
2147 2096 2181 2127 &
2206 2095 2331 2135 Vitupe*

1265 2134 1357 2172 rium,
1374 2141 1422 2165 aut
1437 2134 1589 2172 Dedecus,
1605 2134 1660 2165 five
1675 2118 1890 2164 Detrimentum
1905 2142 1963 2163 non
1976 2133 2098 2172 faciant,
2120 2134 2262 2172 inferant,
2276 2141 2324 2165 aut

1265 2181 1435 2210 procurent,
1461 2173 1562 2211 faciat,
1580 2173 1695 2211 inferat,
1717 2179 1763 2202 aut
1788 2180 1940 2210 procuret,
1962 2171 2013 2202 suis
2033 2171 2113 2210 fieri,
2135 2173 2253 2211 inferri,
2277 2179 2325 2203 aut

1265 2212 1409 2250 procurari
1424 2211 1544 2249 faciant,
1560 2219 1609 2242 aut
1622 2211 1778 2249 faciat,per
1790 2210 1878 2241 alium
1892 2211 2186 2249 quovismod03quod
2202 2212 2220 2241 fi
2231 2210 2326 2250 (quod

1265 2249 1355 2287 absit)
1374 2249 1451 2280 idem
1464 2250 1528 2280 Rex
1543 2250 1726 2289 Aragonum,
1743 2257 1789 2280 aut
1802 2249 1863 2279 suus
1884 2248 2092 2289 Primogenitus
2105 2250 2278 2280 contrarium
2286 2248 2327 2279 fa-

1266 2296 1380 2327 cerent,
1398 2288 1513 2319 cessabit
1526 2289 1659 2328 praedidta
1674 2288 1839 2326 execepti03
1856 2287 1890 2318 &
1902 2287 1987 2326 Nos,
2004 2288 2038 2319 &
2053 2287 2261 2328 Primogenitus
2273 2298 2327 2318 nc-

1268 2326 1340 2364 ster,
1358 2336 1404 2357 aut
1419 2328 1523 2368 primus
1537 2327 1633 2366 Regni
1646 2327 1733 2357 nostri
1746 2326 1868 2364 Haeres,
1895 2335 1962 2356 cum
1977 2349 1987 2364 ,
2011 2326 2093 2357 dieto
2114 2327 2205 2358 Fratre
2227 2326 2327 2357 nostro

1268 2365 1423 2404 cariisimo,
1444 2366 1490 2396 Re
1509 2376 1526 2396 e
1539 2366 1682 2403 Franciae,
1702 2365 1813 2402 ejusque
1825 2364 2036 2403 primogenito,
2054 2374 2121 2395 nato
2140 2366 2184 2396 vel
2204 2365 2326 2396 nascitu-

1265 2414 1318 2442 ro,
1333 2404 1377 2434 seu
1393 2405 1486 2442 prirno
1534 2406 1598 2444 egni
1610 2404 1648 2434 sui
1662 2403 1805 2441 Haerede,
1823 2404 1941 2441 erimus,
1960 2412 2042 2442 prout
2056 2403 2150 2434 sumus
2186 2405 2326 2434 unanimi-

1269 2450 1309 2472 ter
1323 2443 1521 2473 Contoederati
1535 2451 1636 2474 contra
1659 2441 1773 2482 Regem
1793 2442 1973 2481 Arragonum
1992 2442 2026 2473 &
2047 2441 2127 2473 suum
2146 2426 2327 2481 Frimogeni·

1268 2490 1330 2512 tum
1345 2482 1514 2519 praelibatos.

1307 2520 1385 2558 Qae
1399 2522 1497 2550 omnia
1510 2520 1642 2559 praedie‘ta
1656 2520 1689 2550 &
1702 2518 1803 2558 singula
1818 2517 1897 2557 Nos,
1919 2518 2068 2556 praedietus
2080 2518 2223 2550 Henricus
2237 2541 2248 2557 ,
2265 2518 2329 2549 sana

1271 2559 1303 2588 ὃ(
1319 2559 1430 2596 provisa
1445 2559 1657 2589 Deliberatione
1670 2556 1787 2588 Confilii
1801 2556 1879 2593 super
1892 2558 1949 2587 hoc
1963 2558 2132 2596 praehabita,
2151 2568 2204 2596 pro
2220 2558 2331 2596 Nobis,

1273 2597 1489 2635 Priniogenito,
1508 2606 1575 2628 nato
1590 2606 1635 2627 aut
1648 2597 1804 2634 nascituro,
1823 2594 1947 2635 Regnis,
1963 2596 2078 2635 Terris,
2094 2598 2127 2628 δε
2142 2596 2265 2628 subditis
2276 2606 2330 2626 no-

1272 2636 1326 2673 ris,
1342 2636 1482 2673 juramus,
1500 2637 1530 2666 in
1543 2635 1680 2666 Animam
1702 2634 1847 2673 nostram,
1873 2635 1951 2672 super
1971 2644 2036 2674 yma
2058 2636 2132 2665 inem
2157 2636 2190 2666 &
2210 2634 2328 2666 Memo-

1272 2675 1343 2704 riam
1366 2674 1490 2704 Domini
1512 2674 1600 2705 nostri
1631 2673 1705 2712 Jehu
1728 2672 1837 2703 Christi
1859 2672 1985 2704 crucifixi
2046 2674 2247 2713 uvangeliaque
2284 2673 2328 2704 sua

1272 2712 1392 2750 Saucia,
1409 2714 1590 2760 corporaliter
1604 2713 1706 2743 radtam
1722 2713 1755 2743 &
1768 2713 1801 2743 ὅ(
1822 2711 1893 2742 taCta
1908 2722 1914 2741 :
1938 2713 2189 2751 promittimusque
2238 2712 2330 2743 verbo

1272 2749 1376 2790 Regis,
1396 2751 1474 2782 bona
1487 2751 1510 2781 F
1512 2751 1723 2790 ide,praedi6tis
1740 2750 1974 2781 Procuratoribus
1989 2751 2136 2782 Francisco
2151 2753 2184 2782 &
2215 2750 2331 2788 ohanni,

1273 2787 1348 2820 Vice
1363 2791 1397 2821 &
1411 2789 1544 2820 Nomine
1558 2790 1645 2828 dieti,
1670 2789 1769 2820 Fratris
1789 2789 1878 2819 nostri
1899 2789 2049 2826 karissimi,
2078 2789 2167 2828 Regis
2203 2790 2331 2827 'ranciae,

1275 2828 1395 2866 Filiique
1408 2828 1445 2859 sui
1463 2828 1650 2866 Primogeniti
1666 2851 1675 2866 ,
1702 2829 1760 2858 nati
1778 2836 1823 2858 aut
1845 2827 1996 2866 nascituri,
2020 2828 2076 2858 five
2095 2828 2178 2866 primi
2201 2827 2331 2857 Haeredis

1274 2866 1381 2906 Regni,
1398 2867 1500 2898 Terrae
1514 2891 1523 2906 ,
1543 2868 1576 2898 &
1591 2867 1776 2898 Subditorum
1792 2866 1923 2904 suorum,
1938 2866 1971 2896 &
1984 2876 2036 2905 pro
2049 2867 2110 2904 iplis
2126 2889 2136 2904 ‚
2160 2866 2268 2903 facere,
2287 2874 2330 2896 te-

1274 2915 1358 2944 nere,
1376 2906 1422 2944 &,
1438 2906 1473 2936 de
1486 2905 1601 2936 Puneto
1614 2906 1647 2936 ad
1663 2905 1818 2942 Punctum,
1835 2905 1941 2934 Fraude
1953 2905 1986 2935 &
2001 2905 2075 2935 malo
2090 2905 2207 2944 Ingenio
2220 2904 2331 2935 ceffim-

1273 2945 1365 2983 tibus,
1382 2945 1536 2983 adimplere
1549 2955 1581 2975 ac
1597 2943 1791 2974 inviolabiliter
1804 2943 1968 2981 observare,
1984 2944 2017 2974 &
2038 2943 2112 2982 hoc,
2138 2943 2187 2973 sub
2209 2943 2330 2982 Obliga-

1273 2985 1352 3014 tione
1366 2985 1499 3013 omnium
1515 2982 1684 3022 Regnorum
1695 3005 1704 3020 ,
1719 2982 1853 3012 omniurn
1869 2981 2026 3019 Bonorum,
2043 2981 2202 3012 Haeredum
2220 2981 2334 3013 &Suc-

1274 3021 1415 3052 celsorum
1431 3021 1593 3052 nostrorum
1609 3021 1787 3058 futurorum,
1814 3030 1929 3051 necnon
1953 3020 1986 3050 &
2007 3020 2056 3050 sub
2076 3020 2167 3052 Poena
2197 3019 2332 3059 Parjurii,

1276 3070 1360 3098 quam
1376 3061 1442 3091 Rex
1455 3060 1545 3097 potest
1560 3061 1700 3090 incurrere
1713 3059 1759 3089 tali
1773 3057 1865 3097 Casu,
1882 3058 2048 3099 insuperque
2065 3059 2115 3090 sub
2138 3058 2232 3090 Poena
2253 3058 2332 3089 Cen-

1274 3107 1335 3130 tum
1350 3099 1434 3129 Mille
1450 3098 1635 3129 Marcharum
1652 3098 1733 3128 Auri:

1313 3137 1347 3168 In
1360 3140 1461 3176 quibus
1475 3137 1704 3176 Obligationibus
1718 3136 1750 3167 δε
1766 3134 1865 3165 Poenis
1886 3134 1974 3174 Nos,
1998 3135 2092 3166 &stus
2111 3134 2176 3164 Rex
2199 3133 2331 3165 Castellae

1276 3177 1308 3208 δε
1326 3177 1476 3216 Legionis,
1492 3174 1611 3214 Regna,
1632 3176 1664 3205 &
1677 3175 1776 3204 omnia
1787 3173 1864 3203 Bona
1879 3174 1969 3204 nostra
1979 3198 1988 3210 ,
2003 3174 2161 3204 Haeredum
2177 3173 2210 3204 &
2232 3172 2331 3203 Suces-

1275 3216 1368 3245 sorum
1386 3214 1569 3252 nostrorum,
1587 3213 1682 3252 dieto,
1703 3213 1791 3243 Fratri
1804 3212 1904 3243 nostro
1921 3212 2078 3250 cariffimo,
2102 3211 2177 3250 Regi
2198 3211 2333 3246 Franciae‚

1280 3254 1341 3292 ejus
1358 3264 1392 3284 ue
1405 3253 1617 3291 Printogenito,
1640 3260 1707 3282 nato
1727 3259 1773 3281 aut
1797 3252 1935 3281 nascituro
1951 3273 1961 3289 ,
1987 3249 2164 3290 applicanda,
2188 3258 2333 3288 tamquam

1277 3265 1489 3330 proffudicato,
1510 3291 1747 3328 Condempnam,
1765 3289 1798 3319 &
1812 3288 2003 3326 Concessato,
2022 3290 2055 3320 &
2070 3290 2098 3318 in
2121 3287 2188 3324 ipsas
2209 3287 2332 3325 Poenas,

1276 3332 1296 3361 li
1311 3340 1409 3361 contra
1425 3330 1558 3368 praedieta
1573 3329 1641 3359 Nos
1656 3337 1703 3359 aut
1718 3327 1931 3366 Primogenitus
1948 3327 2042 3357 noster
2055 3327 2206 3357 fecerimus
2221 3335 2269 3356 aut
2289 3327 2330 3356 fe-

1277 3371 1361 3408 cerit,
1379 3368 1548 3399 confitemur
1565 3367 1632 3398 Nos
1647 3368 1679 3399 &
1695 3366 1921 3405 Primogenitum
1936 3365 2063 3396 nostrum
2078 3375 2111 3394 ac
2122 3363 2278 3407 judicamus
2286 3365 2331 3394 in-

1276 3408 1407 3445 currilse,
1428 3409 1460 3439 ὅ(
1473 3408 1530 3437 tam
1546 3406 1582 3436 de
1592 3406 1677 3444 Jure,
1694 3406 1780 3445 quam
1794 3406 1830 3436 de
1845 3405 1933 3435 Facio
1948 3404 2067 3434 totaliter
2081 3402 2217 3444 incidisse.

1313 3447 1350 3477 Et
1364 3446 1432 3476 Nos
1446 3448 1526 3484 iplos,
1541 3444 1767 3484 Primogenitum
1777 3467 1786 3482 ,
1803 3443 1954 3480 Haeredes,
1972 3442 2005 3472 ὃ(
2018 3441 2195 3471 Succeflores
2209 3439 2332 3480 nostrOS‚

1275 3485 1393 3524 Regna,
1411 3486 1443 3516 &
1462 3484 1537 3515 Bona
1556 3483 1668 3521 nostra,
1694 3481 1852 3512 l-laeredum
1872 3481 1904 3511 &
1926 3480 2126 3510 Succefforum
2150 3478 2333 3517 nostrorum,

1276 3524 1420 3561 praesentia
1441 3524 1473 3553 δε
1496 3523 1587 3553 sutura
1609 3544 1619 3560 ,
1638 3531 1690 3559 pro
1713 3519 1864 3551 Praemiffis
1880 3519 1999 3548 firmiter
2012 3517 2212 3560 adimplendis,
2229 3518 2332 3561 suppo-

1274 3563 1379 3593 suimus
1395 3563 1428 3594 &
1442 3561 1622 3602 supponimus
1636 3559 1814 3590 Cohercioni
1826 3559 1860 3589 δε
1880 3555 2079 3594 Compuliioni
2101 3555 2232 3587 Camerae
2254 3555 2334 3587 Sedis

1275 3600 1509 3676 Azeffihrffffique
1529 3637 1562 3667 &
1583 3636 1785 3667 Consentimus
1803 3633 1883 3673 quod
1898 3656 1908 3669 ,
1932 3632 1967 3663 ad
1990 3633 2127 3672 majorem
2157 3632 2332 3663 Firmitatem

1275 3678 1476 3716 praedie‘torum
1490 3676 1621 3705 omnium
1636 3676 1668 3706 &
1684 3674 1870 3711 singulorum,
1891 3672 2008 3702 Litteras
2025 3670 2203 3714 Apostolicas
2219 3672 2252 3702 &
2273 3669 2332 3702 Pu-

1275 3717 1376 3754 blicas,
1394 3716 1472 3753 super
1489 3714 1548 3751 iplis
1560 3714 1689 3743 fortiores
1701 3713 1734 3742 &
1750 3712 1897 3747 meliores,
1915 3710 1995 3740 dieto
2007 3708 2331 3747 Sapientium,substan-

1276 3756 1314 3786 tia
1328 3765 1387 3785 nori
1404 3752 1526 3790 mutata,
1545 3751 1631 3788 Nos,
1650 3751 1682 3781 &
1696 3750 1788 3780 dietus
1812 3749 2022 3787 Primogenitus
2043 3747 2139 3778 noster
2153 3770 2162 3784 ,
2187 3755 2265 3778 natus
2283 3756 2332 3779 aut

1276 3794 1443 3830 nasciturus,
1462 3791 1560 3827 didm,
1577 3789 1665 3820 Fratri
1685 3787 1784 3818 nostro
1805 3787 1945 3818 cariffimo
1960 3809 1970 3824 ,
1996 3784 2070 3825 Regi
2095 3786 2118 3815 F
2121 3787 2240 3824 ranciae,
2258 3786 2331 3817 Filio

1277 3832 1494 3869 primogenito,
1513 3837 1579 3858 nato
1594 3836 1640 3858 aut
1657 3827 1811 3864 nascituro,
1831 3827 1886 3856 sive
1900 3827 1994 3864 primo
2010 3824 2106 3863 Regni
2120 3824 2257 3868 Haeredi,
2279 3825 2332 3856 suis

1277 3871 1369 3902 facere
1382 3871 1415 3900 δε
1432 3867 1591 3898 concedere
1605 3875 1766 3902 teneamur,
1783 3866 1817 3896 ὃς
1832 3865 1916 3895 etiarn
1937 3870 2081 3894 teneantur
2097 3885 2106 3900 ,
2130 3871 2260 3901 quotiens
2300 3873 2331 3894 er

1277 3909 1387 3940 dffitum
1402 3908 1512 3945 Regem
1526 3905 1547 3935 F
1550 3905 1667 3941 ranciae,
1687 3904 1710 3934 F
1712 3913 1812 3934 rarrem
1827 3903 1954 3932 nostrum
1970 3899 2142 3931 carissimum
2156 3924 2166 3939 ,
2192 3901 2249 3932 sive
2294 3903 2331 3931 ri-

1279 3948 1475 3987 mogenitum,
1490 3952 1535 3973 aut
1548 3944 1673 3980 primum
1688 3942 1783 3981 Regni
1798 3941 1968 3977 Haeredem,
1980 3939 2066 3981 sum,
2092 3939 2176 3977 Nos,
2202 3948 2249 3971 aut
2268 3939 2332 3970 Pri-

1277 3986 1456 4026 mogenitus,
1472 3983 1624 4019 fuerimus,
1642 3990 1689 4012 aut
1702 3981 1802 4018 fuerit,
1819 3979 1956 4017 requisiti,
1971 3983 2014 4011 leu
2029 3979 2113 4008 etiam
2127 3978 2279 4018 requisitus„

1315 4061 1349 4092 In
1357 4068 1483 4101 quorum
1496 4059 1630 4091 omnium
1646 4057 1679 4088 &
1693 4056 1872 4133 fingul‘ss‘}
1883 4053 2084 4093 prae-dierorum
2092 4053 2264 4086 Firmitatem
2270 4063 2336 4130 mig-

2362 2107 2462 2139 *VL

2364 2147 2429 2176 601.
