2561 4251
193 148 275 198 146

38 229 164 263 Ann.D.
228 230 271 262 Ac
293 230 376 261 etiam
397 226 675 263 Confirmationem,
693 233 780 262 quam
801 221 950 266 Dominus
971 221 1013 250 H.
1032 217 1180 265 quondam
1194 219 1256 262 Rex

60 272 144 311 1398.
188 269 302 308 Angliae
319 294 328 308 ‚
354 267 527 305 Progenitor
548 263 645 294 noster
658 286 669 302 ,
701 262 767 293 inde
787 261 856 293 fecit
877 260 982 291 eisdem
1001 258 1104 289 Probus
1124 258 1254 288 homini-

38 315 88 340 Ru.
110 320 136 339 δ’
192 309 358 378 bustl’ecnon
378 343 509 382 quasdam
527 342 590 372 alias
611 341 719 370 Literas
736 339 866 370 Parentes
903 347 953 375 per
967 345 1034 375 quas
1047 334 1196 366 Dominus
1211 334 1248 363 E.

191 386 326 427 quondam
347 386 407 412 Rex
427 381 559 418 Angliae,
577 380 661 410 Filius
686 378 780 415 Regis
799 377 842 407 H.
863 361 902 420 Pr
943 377 1036 406 enitor
1049 373 1258 419 nosterzcon-

191 424 270 455 ceffit
286 421 464 452 Hominibus
479 420 529 450 suis
542 419 643 449 Terrae
656 418 728 447 inter
743 416 804 447 duo
820 415 913 445 Maria
961 412 1111 451 urdegaliae
1134 411 1258 442 Dioece-

192 463 241 499 fis,
260 462 308 499 qui
323 460 388 497 sibi,
405 460 452 490 seu
467 458 624 496 Praeposito
638 456 687 486 suo
701 456 802 486 Terrae
818 453 959 492 ejusdem,
977 452 1017 496 ad·
1028 452 1192 494 Albergatas
1213 458 1257 480 te-

192 510 294 531 nemur
307 521 317 537 ,
342 499 422 536 quod
438 497 547 528 eaedem
567 495 728 534 Albergatae
750 494 920 531 recipiantur
940 493 977 523 ab
995 494 1056 527 eis,
1075 500 1125 535 per
1144 488 1255 534 §iritum

191 537 378 576 Praepofitum
392 561 402 575 ,
420 536 466 567 vel
484 536 567 565 alium
588 533 639 564 suo
660 534 778 563 nomine
793 556 802 570 ,
818 533 848 562 in
870 531 958 561 Locis
977 530 1024 561 seu
1047 528 1175 568 Villagus
1225 536 1257 557 m

190 577 293 614 quibus
306 576 342 606 ab
357 577 476 613 antiquo
490 573 577 610 recipi
591 571 817 608 consueverunt,
833 570 917 601 semel
934 571 963 600 in
980 569 1086 606 Anno,
1104 576 1174 597 cum

189 615 242 645 bus
262 614 441 645 Hominibus
464 612 614 651 Equitibus
635 610 668 642 δε
690 610 798 640 Tribus
819 609 965 640 Peditibus
979 605 1183 650 tantummodo
1199 604 1257 648 sirie

187 653 314 692 pluribus
328 676 338 692 ‚
357 653 398 684 Ira
421 652 501 690 quod
520 649 680 682 reficiantur
701 657 900 687 competenter
913 670 924 687 ,
946 646 983 677 de
1000 645 1121 676 Cibarus
1141 645 1174 675 &
1196 642 1255 674 aliis

188 693 361 730 neceisariis,
380 699 411 721 ut
426 690 484 721 fieri
496 689 661 727 consuevit,
1124 723 1128 728 ,
1237 721 1242 726 ,

227 730 266 762 Et
281 741 331 769 per
347 739 413 768 quas
425 731 509 760 etiam
525 728 633 759 Literas
648 725 797 757 Conceffit
807 725 958 756 Universis
974 724 1007 755 &
1032 722 1143 766 singulis
1163 720 1258 764 Habi-

188 770 325 801 tatoribus
340 767 534 805 Praepofiturae
550 765 695 805 praedictae
711 764 792 804 quod
809 767 837 795 in
852 764 951 795 eadem
967 762 1153 801 Praepolitura
1167 761 1257 803 essent

189 817 313 847 eXtunc,
331 807 380 838 sub
396 806 555 845 Praeposito
567 805 636 843 su0,
655 803 738 835 Octo
752 803 913 835 Servientes
928 802 1039 833 Pedites
1059 809 1189 837 tantum,
1208 808 1258 844 qui

189 846 296 877 nullam
312 845 418 885 poffint
431 847 555 883 recipere
569 843 727 874 Pecuniam
742 853 795 881 pro
812 842 988 880 Albergatis,
1007 842 1045 871 set
1070 840 1089 870 sl
1104 839 1260 876 voluerint,

189 886 325 923 recipiant
345 885 436 916 solum
460 884 582 915 Vidium
596 906 607 922 ,
624 882 676 913 nifi
698 892 747 920 per
765 880 855 919 ipsum
870 903 881 919 ,
895 881 943 911 vel
966 862 1155 923 &mesanum
1174 877 1257 908 suurn

190 923 341 954 Vasconiae
377 933 412 954 ex
426 924 551 962 legitima
563 921 660 960 causa,
675 921 817 952 videretur
829 919 865 950 de
887 919 1028 950 Numero
1049 917 1174 955 ipsorum
1193 914 1258 947 Ser-

188 963 318 995 vientum
331 947 425 1001 asster,
443 960 570 992 succeffu
583 960 737 998 temporis,
754 957 948 990 ordinandum
958 982 968 1002 ,

227 1003 274 1033 Ac
287 1004 404 1039 omnia,
422 1003 452 1032 in
467 1000 573 1032 eisdem
587 999 691 1030 Literis
705 997 829 1039 ipsorum
845 996 1068 1040 Progenitorum
1089 993 1256 1037 nostrorum

188 1049 342 1079 contenta,
361 1041 435 1071 Rata
450 1039 584 1070 habentes
597 1039 631 1071 &
647 1037 754 1075 Grata,
772 1035 831 1074 Ea,
849 1035 909 1066 Pro
932 1034 1049 1071 Nobis,
1067 1034 1102 1065 ὃς
1122 1031 1258 1063 Haeredi—

189 1081 243 1110 bus
265 1079 367 1110 nostris
387 1087 526 1117 quantum
549 1077 579 1106 in
598 1077 682 1107 nobis
702 1076 774 1115 fuit,
793 1084 844 1113 per
866 1074 974 1105 Literas
987 1072 1094 1103 nostras
1111 1070 1257 1116 Paternus,

188 1118 423 1149 Concefferimus
436 1118 470 1148 &
484 1115 762 1148 Confirmaverimus
775 1113 847 1145 sicut
862 1113 966 1143 Literae
980 1111 1126 1156 praedistae
1133 1119 1255 1155 rationa-

186 1157 279 1189 biliter
292 1156 479 1194 testabantur,
496 1163 582 1193 prout
596 1156 627 1185 in
641 1153 746 1186 eisdem
760 1152 861 1184 Literis
875 1150 977 1183 nostris
991 1150 1102 1190 plenius
1121 1158 1255 1181 contine-

186 1204 233 1228 tur

226 1219 305 1273 Qia
317 1242 414 1265 tamen
429 1232 516 1266 dietae
531 1232 635 1264 Literae
653 1231 776 1270 nostrae,
793 1229 830 1261 de
853 1228 1102 1265 Confirmatione,
1121 1236 1190 1258 cum
1208 1234 1256 1258 'ea-

185 1283 249 1304 rum
267 1275 404 1304 connexis
423 1273 458 1304 &
477 1271 690 1310 dependentiis,
709 1270 728 1301 si
747 1268 916 1301 Succeffum
940 1268 1106 1307 prosperum
1123 1266 1156 1297 &
1171 1264 1255 1296 Effe-

186 1313 268 1343 &tum
290 1312 454 1343 ulteriorem
478 1310 654 1346 sortirentur)
677 1311 708 1339 in
729 1307 835 1339 Nostri
855 1308 889 1338 &
906 1306 1038 1338 Coronae
1052 1304 1157 1336 nostrae
1170 1313 1256 1349 grave

186 1350 384 1390 praejudicium
402 1351 436 1382 &
456 1348 713 1380 exhaeredationem
735 1345 913 1378 manifestam
931 1345 1143 1388 redundarent,
1169 1346 1256 1381 sicut,

188 1400 239 1428 per
256 1389 409 1420 nonnullos
425 1387 582 1427 fidedignos
598 1387 703 1427 Ligeos
715 1385 846 1424 nostrOS‚
864 1384 901 1416 de
914 1386 1030 1416 veritate
1039 1382 1257 1428 Prsaemiss'orum

187 1428 359 1460 sufficienter
374 1426 527 1458 instructos
536 1451 546 1466 ,
564 1427 665 1465 quibus
678 1425 763 1456 fidem
777 1424 922 1456 credulam
935 1425 968 1455 ὅτ
984 1422 1131 1467 indubiam
1140 1421 1258 1468 adhibe-

187 1476 266 1504 mus,
284 1467 396 1498 diversis
420 1467 471 1498 viis
496 1467 531 1498 &
554 1465 665 1504 modiS,
684 1463 897 1496 rationabilibus
916 1464 949 1495 &
964 1462 1112 1501 legiumw,
1131 1460 1256 1499 plenarie

205 1506 344 1537 docemur

187 1516 204 1538 e
227 1544 327 1575 Dictis
349 1529 454 1575 [iteras
475 1543 583 1575 nostras
600 1542 637 1574 de
659 1541 890 1573 confirmatione
940 1548 1076 1578 tanquam
1099 1537 1257 1582 Nobis&

189 1583 320 1614 Coronae
339 1584 357 1603 ²¹²
380 1583 486 1613 nostrae
501 1606 511 1621 ,
528 1591 559 1613 ut
581 1582 760 1620 praemittitur
772 1604 782 1620 ‚
802 1563 1001 1619 praejud’jciales
1043 1577 1259 1623 eirhaeredanas,

189 1625 224 1656 &
238 1622 418 1661 damnosas,
437 1631 470 1652 ex
483 1630 560 1652 certa
575 1621 687 1650 scientia
701 1619 813 1658 nostra,
831 1617 998 1656 Caffamus,
1015 1602 1178 1655 irritamus,
1197 1615 1259 1646 Ad-

190 1662 348 1699 nullamus,
366 1662 399 1692 &
413 1661 533 1691 Tenore
549 1659 728 1697 praesentium
744 1658 948 1695 Revocamus‚

228 1700 373 1731 Nolentcs
387 1699 467 1737 quud
483 1699 592 1729 eaedem
611 1698 715 1728 Literae
729 1696 853 1734 nostrae,
1182 1732 1187 1737 ι

224 1738 271 1770 Eo
291 1739 443 1776 praesertim
467 1737 548 1776 quod
562 1761 572 1775 ,
597 1745 672 1766 extra
694 1734 901 1766 Cancellariam
924 1732 1051 1765 nostram
1064 1757 1074 1771 ,
1102 1731 1201 1763 Nobis
1220 1730 1256 1776 de

188 1777 354 1818 praejudicio
368 1777 401 1807 δε
415 1775 641 1806 exhaeredatione
655 1773 755 1805 nostris
769 1772 928 1814 hujusmodi
945 1773 1066 1803 minime
1081 1772 1239 1802 inlormatis
1248 1795 1257 1809 ,

188 1816 377 1848 fraudulenter
392 1814 576 1852 emanarunt,

228 1856 255 1886 V
258 1857 367 1895 igorem
383 1853 419 1884 de
432 1862 540 1884 caetero
556 1854 702 1891 optineant
719 1852 747 1882 in
761 1852 857 1891 aliquo
870 1850 917 1882 seu
932 1850 1079 1889 valorem3

226 1894 262 1926 Et
277 1895 334 1924 hoc
347 1893 501 1931 omnibus,
516 1901 640 1931 quorum
651 1890 784 1930 interest,
801 1890 1005 1922 innotescimus
1019 1899 1069 1928 per
1084 1887 1238 1928 praesentes.

226 1934 260 1964 In
276 1934 354 1962 cu‘us
388 1933 450 1963 &c-

224 1943 411 2011 TesteJRege
427 1969 500 2008 apud
515 1968 790 2011 Wstmnasterium,
808 1978 844 2000 xx
857 1968 905 2000 die
917 1967 995 2007 Julii.

37 1598 56 1618 ⁴
69 1599 151 1627 v111.

35 1646 84 1675 43·

666 2050 720 2079 Per
736 2046 820 2088 ipfiem
834 2049 932 2087 Regem
946 2045 985 2082 ὠ·
1000 2045 1153 2077 Concilium.

470 2175 520 2207 De
538 2169 759 2216 Constabulario
776 2170 972 2220 Burdegaliae.

42 2251 119 2283 Ann-
131 2249 172 2281 D·
194 2258 329 2317 REX,
346 2260 510 2298 Omnibus,
527 2258 562 2290 ad
578 2268 667 2296 quOS,
685 2259 746 2290 &c-
764 2257 899 2290 Salutem.

63 2290 147 2330 1398·
290 2298 388 2330 Sciatis
404 2297 504 2338 quod,
519 2297 556 2328 de
571 2297 671 2328 Gratia
694 2296 790 2328 nostra
811 2297 940 2336 speciali,
957 2294 1176 2336 Conceffimus,
1191 2296 1262 2328 dile-

40 2334 93 2358 An.
111 2340 155 2357 ²2·
192 2337 242 2367 <sto
257 2336 375 2369 Clerico
392 2336 510 2375 nostro,
530 2335 672 2375 Magistro
686 2339 803 2366 Henrico
818 2339 918 2365 Bowet
933 2334 1078 2366 Officium
1097 2334 1263 2366 Constabu-

41 2373 72 2397 R.
90 2379 115 2396 ²·
190 2375 249 2406 larii
262 2376 451 2416 Burdegaliae,
469 2375 646 2406 Habendum
658 2375 795 2413 quamdiu
816 2374 916 2405 Nobis
937 2374 1089 2412 placuerit,
1108 2383 1177 2404 cum
1201 2375 1262 2405 tali-

41 2408 111 2443 Vasc.
126 2417 171 2435 2²·
192 2416 244 2445 bus
259 2415 354 2447 Vadiis
367 2416 400 2446 ὃ(
415 2414 553 2457 Regardis
566 2423 651 2452 prout
665 2415 738 2452 ipse,
754 2422 819 2445 ante
834 2413 897 2444 haec
920 2422 1069 2451 tempora,
1090 2413 1263 2444 rationabili-

42 2450 71 2474 R.
90 2457 114 2476 ²·
135 2456 173 2474 m·
192 2455 393 2523 tgrdpercipere
406 2453 553 2485 conluevit
564 2463 618 2491 pro
632 2461 767 2491 tempore
781 2462 841 2491 quo
856 2451 912 2492 ipse
919 2450 1155 2484 Constabularius
1169 2453 1263 2485 eXtitit

42 2494 72 2521 9·
196 2493 206 2523 i
227 2493 235 2522 i
257 2502 312 2522 em.

232 2530 266 2560 In
281 2532 375 2569 cujus,
392 2532 453 2563 &c.

230 2569 319 2602 Teste
335 2569 417 2609 Rege
432 2569 507 2608 apud
523 2568 798 2611 Wstmanasterium,
816 2568 879 2607 xxiij
893 2566 941 2599 die
948 2567 1028 2607 Julii.

697 2648 753 2676 Per
766 2648 859 2676 Breve
874 2644 906 2675 de
916 2646 1037 2677 Privato
1055 2645 1155 2684 Sigillo.

232 2723 270 2755 Et
287 2724 460 2755 Mandatum
473 2723 516 2754 est
528 2723 678 2755 Universis
691 2723 725 2754 &
739 2722 861 2762 Singulis
881 2722 1126 2762 Archiepiscopis,
1145 2722 1263 2763 Episco-

196 2764 256 2801 pis,
276 2763 452 2801 Abbatibus,
470 2762 635 2801 Prioribus,
653 2763 687 2794 &
702 2763 811 2792 caeteris
824 2761 890 2792 viris
911 2760 1127 2799 Ecclesiasticis,
1145 2772 1178 2794 ac
1198 2762 1263 2794 Co-

198 2803 313 2832 mitibus
327 2825 336 2840 ,
354 2802 510 2833 Baronibus
523 2825 532 2839 ,
545 2800 711 2840 justiciariis
726 2824 737 2838 ,
753 2798 983 2830 Vicecomitibus
998 2823 1007 2837 ‚
1028 2799 1187 2840 Militibus,
1204 2801 1264 2832 Ca—

199 2841 333 2880 pitaneis,
351 2842 384 2872 &
399 2840 455 2870 aliis
469 2839 646 2878 Nobilibus,
662 2848 780 2870 necnon
795 2837 955 2869 Civitatum
977 2839 1011 2869 &
1032 2838 1171 2869 Villarum
1197 2839 1264 2870 Ma-

196 2880 324 2918 joribus,
340 2878 517 2917 Praepositis,
532 2878 662 2917 Ballivis,
677 2877 794 2917 juratis,
812 2877 956 2915 Scabinis,
974 2878 1009 2909 &
1023 2876 1164 2908 dictarum
1182 2877 1264 2909 Civi-

200 2926 289 2948 tatum
303 2919 337 2949 &
351 2917 490 2948 Villarum
504 2916 789 2960 Communitatibus,
806 2916 970 2954 caeterisque
986 2915 1086 2954 Ligeis
1107 2917 1140 2947 &
1163 2915 1263 2948 Fideli-

201 2957 253 2987 bus
273 2955 374 2986 nostris
394 2957 478 2986 totius
498 2955 632 2986 Ducatfis
651 2955 831 2993 Aquitaniae,
849 2954 930 2992 quod
945 2953 1038 2985 eidem
1052 2958 1183 2993 Henrico,
1203 2964 1265 2987 tan-

224 3003 288 3024 uam
303 2993 520 3024 Constabulario
533 2994 632 3025 nostro
647 2993 838 3032 Burdegaliae,
856 2994 884 3024 in
897 2994 1050 3031 omnibus,
1065 3004 1131 3033 quae
1151 2995 1185 3024 ad
1208 2995 1266 3026 Of-

201 3004 300 3063 ficium
313 3031 540 3064 Constabulariae
553 3031 698 3074 praedictae
710 3033 870 3071 pertinent,
887 3030 1068 3064 Intendentes
1083 3033 1136 3065 sint
1149 3034 1183 3064 &
1204 3034 1266 3066 Re-

199 3070 367 3109 spondentes
380 3079 464 3109 prout
481 3071 572 3103 decet.

240 3109 276 3139 In
289 3110 383 3148 cujus,
401 3110 464 3140 &c.

238 3147 328 3180 Teste
343 3148 427 3188 Rege
439 3147 515 3188 apud
529 3147 809 3188 Wstmonasterium,
826 3150 890 3189 xxiij
906 3148 952 3180 die
962 3148 1041 3189 Julii.

898 3228 952 3256 Per
972 3226 1042 3257 idem
1061 3229 1162 3265 Breve„

428 3361 479 3393 De
497 3360 610 3392 Forma
623 3356 816 3404 Treugarum
832 3356 1066 3390 Proclamanda.

60 3456 127 3488 Am
152 3456 184 3488 D
211 3443 349 3503 REX,
369 3443 522 3476 Cariffimo
537 3443 761 3482 Confimguineo
779 3441 829 3486 suo
849 3441 977 3481 Johanni
996 3442 1154 3473 Marchioni
1172 3446 1232 3474 Dor
1243 3455 1271 3473 e-

90 3480 174 3534 1.‘93·
187 3480 194 3489 ‘
290 3486 338 3513 tiae
376 3483 492 3515 Locum
506 3484 613 3513 tenenti
628 3481 729 3513 nostro
744 3480 1054 3525 Aquitaniae,Johanni
1068 3481 1166 3522 Trayly
1241 3493 1271 3512 a-

63 3517 165 3564 MJU
208 3523 282 3560 jori,
299 3531 332 3552 ac
362 3523 443 3553 uratis
458 3521 588 3552 Civitatis
603 3520 709 3552 nostrae
724 3519 912 3558 Burdegaliae,
930 3529 1048 3550 necnon
1068 3505 1271 3560 Constassulario

63 3578 95 3601 R.
115 3583 140 3601 2·
170 3555 177 3564 ‘
214 3560 299 3599 nostro
316 3561 504 3599 Burdegaliae,
523 3561 557 3592 &
571 3569 673 3591 eorum
688 3559 818 3596 cuilibet,
837 3558 970 3589 Salutem.

61 3611 156 3642 gbl-dem
248 3599 387 3630 Formam
402 3599 587 3638 quarumdam
600 3598 797 3637 Trwgarum,

160 3634 166 3641 ”
247 3637 370 3677 Nuper,
387 3639 459 3669 inter
480 3636 697 3667 Ambaffiatores
717 3637 750 3667 ὃς
771 3635 909 3666 Nuncios
930 3634 1042 3666 nostros
1063 3645 1098 3666 ex
1110 3644 1188 3675 parte
1201 3646 1273 3675 una,

212 3683 244 3705 ac
265 3677 482 3708 Ambaffiatores
505 3676 539 3706 &
561 3675 698 3706 Nuncios
719 3673 863 3705 Cariffimi
883 3677 977 3703 Patris
1001 3684 1034 3704 no
1058 3678 1083 3704 ri
1101 3678 1224 3706 Franciae
1239 3684 1273 3706 ex

212 3713 313 3754 altera,
330 3715 467 3747 failarurn
477 3715 510 3747 &
524 3715 677 3752 inirarum,
695 3713 728 3745 ὃ(
742 3722 793 3752 per
809 3711 880 3743 Nos
902 3712 998 3751 postm
1041 3715 1092 3744 um
1113 3714 1275 3746 Confirma-

211 3758 301 3782 tarum

257 3775 355 3828 Q’am
367 3793 452 3822 vobis
467 3792 605 3823 mittimus
623 3788 885 3829 Exemplificatam,
901 3788 951 3821 sub
971 3788 1085 3832 Magno
1102 3791 1200 3832 Sigillo
1220 3801 1276 3823 no-

218 3826 296 3865 stro,
315 3830 343 3858 in
360 3829 453 3861 forma
467 3830 594 3867 Patenti,

256 3865 348 3909 Vobis
368 3869 401 3898 &
424 3870 537 3900 cuilibet
557 3866 686 3899 vestrum
708 3866 898 3905 Mandamus,
935 3867 995 3898 uod
1007 3867 1136 3909 Treugas
1150 3868 1225 3906 illas,
1243 3868 1274 3898 in

218 3904 333 3941 singulis
352 3904 519 3937 Civitatibus
539 3906 720 3937 Obedientiae
741 3905 862 3943 nostrae,
883 3907 913 3936 in
960 3915 1044 3938 ucatu
1058 3907 1160 3938 nostro
1173 3906 1276 3945 praedi-

219 3942 272 3973 έὶο
287 3941 464 3983 constitutis,
482 3946 515 3976 &
528 3946 582 3976 aliis
599 3945 686 3976 Locis
702 3946 751 3975 ubi
766 3953 810 3974 ma
832 3945 836 3950 '
863 3944 1013 3982 expediens
1034 3946 1134 3984 fuerit,
1153 3945 1210 3976 sine
1232 3944 1275 3975 di-

217 3981 340 4024 latione,
361 3980 446 4019 Legi,
463 3984 496 4013 &
509 3984 624 4022 publice
640 3992 755 4021 exparte
770 3993 810 4013 no
878 3984 1019 4023 intimari,
1037 3985 1224 4022 proclamari,
1241 3992 1274 4013 ac

217 4019 449 4090 firmiteiregneri
467 4022 502 4054 ὃς
519 4021 664 4056 observari
681 4022 803 4061 faciatis,
814 4021 895 4061 juxta
913 4019 1065 4055 Tenorem
1082 4023 1118 4056 &
1137 4022 1276 4055 effectum

640 129 1447 181 coNvENTIONEQ

1187 551 1258 596 'rri-
1296 547 1352 603 R

1503 127 1936 177 LITERAE,x
2560 189 2561 195 1

2378 215 2513 251 Amo.

1332 215 1371 246 Et
1385 215 1444 246 hoc
1457 214 1508 246 sub
1521 215 1756 246 incumbentibus
1768 214 1898 252 periculis
1911 214 2066 248 nullatenus
2079 217 2225 249 omittatis.

1331 253 1424 285 Teste
1437 253 1524 292 Rege
1538 253 1613 292 apud
1625 252 1902 294 Westmonasterium,
1920 262 1976 284 xxx
1995 254 2042 285 die
2055 255 2185 297 Augusti.
2403 266 2422 302 ἰ
2428 259 2496 298 398.

1777 332 1834 360 Per
1847 328 1931 370 ipficm
1946 333 2042 369 Regem
2059 330 2098 368 ὠ·
2110 332 2263 366 Concilium.
2378 298 2431 326 Ru·
2447 307 2474 327 2·

1337 457 1366 484 ³*
1390 463 1451 494 Pro
1469 457 1693 503 Constabulario
1713 458 1851 506 Angliae,
1869 459 1964 507 fhper
1982 460 2083 504 Causts
2105 462 2323 508 Cognosbendis.
2381 465 2492 499 ³⁸an

1352 545 1429 584 Ex,
1447 545 1602 576 Cariffimo
1617 545 1707 576 Fratri
1719 545 1787 583 suo,
1804 544 1949 576 Edwardo
1964 548 2037 576 Dua·
2050 544 2137 577 Albae
2153 546 2269 579 Mam-2
2281 548 2366 582 00„-
2379 516 2459 576 ialin.
2472 546 2516 580 D.

1371 585 1520 616 stabulario
1532 584 1663 623 Angliae,
1683 583 1819 615 Salutem.
2412 587 2498 625 1398.

1335 623 1435 655 Sciatis
1448 622 1550 662 quod,
2380 628 2424 652 An
2452 635 2497 656 22.

1337 661 1419 693 Cum
1442 671 1474 694 ut
1495 662 1660 700 accepimus
1674 686 1685 699 ,
1706 661 1887 700 quamplures
1915 661 2000 700 Ligei
2025 662 2116 694 nostri
2132 662 2238 696 diversa
2256 664 2364 698 insolita
2380 666 2410 691 R.
2432 674 2460 693 2·

1300 699 1404 732 Causas
1426 702 1460 733 &
1481 701 1624 740 Negotia,
1642 701 1774 739 Statum,
1791 700 1928 739 Famam,
1945 701 1979 731 &
2002 699 2212 733 Conditionem
2231 703 2365 736 Personae
2378 704 2437 729 ΡΜ·
2452 712 2499 732 2².

1298 740 1423 777 nostrae,
1442 750 1476 771 ac
1492 739 1533 770 Di
1554 741 1671 771 nitatem
1685 738 1816 769 Coronae
1828 738 1934 770 nostrae
1941 738 2059 778 Regiae,
2076 743 2216 780 tangentia
2229 742 2286 774 five
2293 753 2366 774 con-
2381 744 2411 769 R·
2421 751 2446 771 2.
2451 749 2477 779 p.
2487 747 2516 773 2.'

1297 780 1556 849 fernenpamperd·
1569 780 1625 848 igin
1635 777 1841 817 Appellationis
1853 779 1888 810 &
1902 778 1957 809 alio
1971 778 2176 818 modo‚magis
2189 780 2367 822 solito,pro-
2384 788 2420 808 m·
2438 781 2517 817 32-d·

1309 828 1324 848 e
1347 828 1400 849 [lan
1414 828 1447 849 ur
1492 828 1515 849 is
1550 828 1574 848 le
1599 828 1648 857 ΠΕ,

1332 868 1478 928 Nglse’ntes
1494 894 1598 927 Causas
1611 895 1644 927 &
1658 894 1790 933 Negotia
1804 893 1965 934 hujusmodi
1980 894 2202 929 Indeterminata
2218 905 2265 929 aut
2278 897 2368 930 Indis-

1296 934 1610 1019 cugiitpgelilxdidgrites
1624 972 1653 1002 in
1668 972 1723 1003 hac
1736 980 1831 1012 parte,
1842 972 1920 1012 juxta
1936 982 2040 1004 eorum
2055 972 2221 1014 Demetita,
2238 975 2369 1016 castigari

1296 1013 1441 1082 &Xgnilre
1452 1011 1732 1082 Ylgigisesfiidelitate
1753 1049 1788 1081 &
1809 1049 2080 1091 Circumspeffione
2107 1052 2226 1090 provida
2254 1053 2368 1094 plenius

1295 1090 1543 1169 coafii'clggtaexjiinus
1558 1127 1622 1159 Vos
1637 1127 1672 1159 ad
1685 1128 1784 1159 onmia
1799 1128 1833 1160 &
1847 1127 1955 1166 singula
1968 1127 2129 1167 hujusmodi
2144 1128 2246 1162 Causas
2259 1131 2367 1164 &Ne-

1295 1169 1389 1208 gotia,
1408 1169 1438 1199 in
1452 1168 1581 1206 praesenti
1594 1168 1727 1198 intentata
1741 1166 1799 1198 sive
1813 1174 1909 1205 mota,
1927 1175 1973 1198 aut
1987 1167 2195 1208 imposterum,
2214 1179 2264 1207 per
2278 1180 2367 1209 quos-

1295 1217 1424 1246 cumque
1446 1207 1555 1245 Ligeos
1577 1205 1706 1244 nostros,
1725 1216 1775 1244 per
1798 1204 1884 1236 Viam
1906 1206 2115 1246 appellationis,
2134 1208 2181 1239 seu
2203 1209 2260 1239 alio
2273 1211 2367 1241 modo

1295 1244 1691 1325 secessimus
1709 1244 1931 1322 &Sessias
1943 1245 2295 1323 ’suaseram
2313 1250 2367 1327 35·

1315 1325 1319 1330 ι
1935 1307 1945 1324 ,
2352 1305 2366 1312 -

1297 1335 1450 1401 nsIpsaque
1462 1362 1565 1394 Causas
1581 1363 1614 1394 &
1626 1361 1776 1402 Negotia,
1793 1372 1865 1394 cum
1884 1361 1937 1394 suis
1956 1362 2045 1394 Emer
2064 1365 2192 1403 entibus,
2210 1363 2368 1397 Incidenti-

1298 1402 1368 1441 bus,
1387 1403 1421 1433 ὃ(
1438 1401 1588 1432 Connexis
1602 1402 1844 1441 quibuscumque,
1861 1400 2018 1432 secundum
2050 1404 2104 1434 uris
2125 1405 2315 1444 exigentiam,
2331 1414 2366 1437 ac

1298 1441 1393 1478 Leges
1406 1442 1439 1472 ὃς
1454 1440 1686 1472 Consuetudines
1699 1438 1799 1471 Curia:
1812 1439 1918 1472 nostrae
1934 1440 2083 1480 Militaris,
2101 1441 2308 1474 discutiendum
2317 1465 2328 1481 ,

1335 1480 1371 1510 Et
1386 1479 1442 1510 fine
1457 1480 1556 1511 debito
1568 1478 1779 1510 terminandum
1793 1480 1823 1509 in
1840 1478 1902 1511 casu
1915 1489 1974 1518 quo
1986 1479 2086 1511 Causae
2101 1481 2136 1512 &
2159 1480 2292 1518 Negotia
2314 1483 2370 1514 hu·

1292 1518 1419 1557 jusmodi
1437 1518 1499 1550 talia
1519 1519 1640 1556 fuerint,
1658 1517 1741 1556 quod
1760 1517 1797 1548 de
1817 1527 1916 1549 natura
1936 1519 1999 1557 sua,
2017 1527 2153 1557 praetextu
2167 1519 2270 1551 Officii
2283 1520 2370 1552 vestri

1298 1557 1526 1596 Constabularii‚
1546 1557 1604 1588 sive
1617 1567 1666 1595 per
1681 1555 1865 1588 Communes
1879 1557 1972 1597 Leges
1994 1557 2091 1597 Regni
2110 1558 2214 1598 nostri,
2232 1559 2271 1590 set
2292 1560 2370 1591 solo-

1298 1596 1391 1627 modo
1412 1606 1461 1634 per
1482 1595 1608 1626 nostram
1629 1595 1832 1634 Audientiam,
1849 1596 1907 1626 sive
1924 1595 2051 1627 nostram
2065 1598 2095 1627 in
2108 1597 2162 1628 hac
2176 1605 2254 1636 parte
2269 1597 2368 1630 Com-

1298 1635 1463 1666 miffionem
1477 1634 1643 1673 specialem,
1662 1643 1723 1664 non
1737 1632 1843 1671 poffint
1856 1633 1954 1666 discuti
1969 1635 2014 1665 seu
2027 1636 2187 1674 terminari,

1334 1673 1373 1705 Et
1388 1675 1473 1704 etiam
1489 1673 1525 1704 ad
1538 1673 1624 1711 alios,
1642 1672 1677 1702 ad
1694 1671 1859 1711 Praemiffa,
1879 1674 1908 1702 in
1924 1673 2030 1704 Forma
2052 1674 2186 1712 praedieta
2220 1675 2368 1716 facienda,

1297 1712 1491 1752 terminanda,
1509 1712 1543 1743 &
1566 1710 1748 1750 exequenda,
1768 1712 1899 1749 quotiens
1920 1712 2005 1742 vobis
2025 1712 2167 1743 videbitur
2211 1714 2366 1754 ciendum,

1300 1752 1387 1783 Loco
1402 1751 1487 1783 vestri
1500 1750 1726 1781 substituendum
1748 1750 1782 1781 δε
1801 1750 2013 1790 deputandum,
2031 1751 2169 1790 aliquibtn
2189 1752 2319 1793 Statutis,
2336 1754 2368 1784 in

1299 1792 1476 1823 contrarium
1491 1790 1587 1828 factis,
1606 1799 1668 1819 non
1682 1787 1877 1819 obstantibus:

1336 1829 1376 1861 Et
1396 1829 1464 1861 ideo
1491 1828 1584 1859 Vobis
1599 1827 1793 1865 Mandarnus‚
1808 1827 1890 1866 quod
1906 1828 1981 1859 circa
1995 1828 2144 1860 Praemiffa
2159 1829 2306 1869 diligenter
2319 1829 2370 1861 In-

1298 1869 1419 1913 tendatis
1434 1893 1444 1906 ,
1461 1869 1496 1900 &
1516 1877 1549 1898 ea
1565 1867 1674 1898 faciatis
1695 1866 1729 1898 ὅτ.
1751 1868 1909 1898 terminetis
1923 1891 1934 1906 ,
1951 1867 1986 1898 &
2010 1869 2191 1908 exequamini
2212 1870 2242 1899 in
2263 1869 2370 1901 Forma

1297 1908 1451 1977 prssdlisstgg
1466 1954 1561 1977 autem
1580 1943 1716 1976 univerfis
1734 1944 1768 1976 &
1791 1944 1903 1984 singulis
1923 1944 2152 1977 vicecomitibus
2165 1969 2176 1985 ,
2192 1946 2372 1987 Majoribus;

1299 1986 1426 2023 Ballivis,
1448 1984 1619 2023 OfficiariiS,
1637 1982 1793 2023 Ministris,
1811 1985 1845 2016 &
1858 1984 1916 2015 aliis
1935 1985 2094 2023 Fidelibus,
2111 1986 2146 2016 &
2168 1984 2293 2016 Subditis
2312 1997 2369 2018 no-

1301 2025 1380 2063 stris,
1399 2034 1524 2063 quorum
1542 2022 1674 2061 interest,
1692 2024 1753 2053 tarn
1767 2023 1840 2053 infra
1853 2023 2027 2062 ubertates,
2045 2025 2133 2063 quam
2142 2031 2235 2064 extra,
2251 2025 2373 2057 Tenore

1300 2063 1508 2102 Praesentium,
1526 2062 1644 2093 firmiter
1659 2062 1688 2091 in
1704 2060 1847 2094 Mandatis
1884 2063 1944 2094 uod
1959 2062 2070 2100 Vobis,
2088 2063 2122 2095 ὃ(
2136 2062 2244 2094 Vestris
2263 2064 2294 2094 in
2316 2064 2371 2095 hac

1396 2100 1867 2172 a
1902 2100 2304 2173 Ἣω,
2321 2102 2383 2134 e>

1300 2149 1448 2212 leiiin‘dlattis
1460 2150 1559 2212 vensir’is
1572 2180 1601 2209 in
1615 2179 1669 2210 hac
1683 2188 1760 2217 parte
1773 2150 1976 2211 abediggmen
1989 2151 2018 2172 es
2033 2165 2044 2180 ³
2203 2151 2249 2173 lan
2263 2151 2292 2172 ὅ
2305 2164 2316 2180 ³
2333 2151 2372 2175 ac

1336 2220 1371 2250 In
1388 2220 1466 2258 cujus
1475 2243 1485 2259 ,
1500 2220 1562 2252 διε.
1577 2217 1712 2256 quamdiu
1726 2219 1809 2249 nobis
1821 2218 1958 2256 placuerit
1971 2218 2121 2250 duraturas.

1338 2257 1430 2290 Teste
1443 2258 1529 2299 Rege
1543 2256 1619 2296 apud
1632 2254 1908 2298 Wstmonallerium,
1925 2257 2054 2290 Decimo
2068 2257 2129 2289 Die
2141 2257 2327 2298 Septembris.

1990 2337 2044 2365 Per
2058 2334 2141 2375 ipst'tm
2153 2337 2259 2374 Regem.

1505 2471 1558 2505 De
1575 2468 1678 2516 Officio
1698 2470 1883 2517 Marefialli
1899 2470 2016 2517 AEgliae
2031 2468 2163 2515 conccffae.

1307 2554 1427 2612 REX
1448 2553 1611 2594 Omnibus,
1628 2555 1662 2586 ad
1675 2556 1767 2593 quos,
1785 2556 1845 2587 &c.
1866 2554 2000 2586 Salutem.
2384 2547 2463 2579 Assn·
2480 2547 2525 2580 D:

1404 2594 1504 2625 Sciatis
1540 2594 1600 2624 uod
1613 2594 1662 2631 (de
1679 2593 1778 2624 Gratia
1794 2592 1891 2625 nostra
1901 2591 2023 2631 speciali)
2039 2591 2180 2624 Dedimus
2194 2592 2369 2625 &Conces-
2409 2587 2497 2628 1393-

1538 2634 1618 2671 obis,
1637 2634 1670 2664 &
1696 2631 1867 2663 Haeredibus
1890 2631 1993 2662 nostris
2014 2641 2153 2670 quantum
2168 2633 2197 2662 in
2214 2633 2298 2664 nobis
2309 2632 2370 2671 est,
2387 2631 2440 2655 An.
2459 2636 2506 2656 ²²·

1304 2669 1425 2702 Dilec‘Jto
1441 2670 1558 2709 Nepoti
1572 2670 1688 2709 nostro,
1703 2671 1811 2701 Thomae
1825 2674 1897 2701 Dm·
1919 2674 2020 2701 Surriae
2042 2669 2188 2702 Officium
2212 2671 2372 2702 Marescalli
2390 2670 2420 2694 R.
2442 2674 2467 2693 2·
2503 2706 2507 2709 .

1303 2710 1421 2747 Angliae
1431 2733 1440 2748 ‚
1462 2708 1657 2748 Habendum,
1675 2710 1791 2741 durante
1806 2709 1874 2741 Vita
1889 2709 1997 2740 Tl'homae
2013 2713 2098 2739 Ducis
2119 2708 2298 2749 Noiffblciae,
2314 2711 2372 2742 una
2391 2708 2449 2732 Pas·
2460 2712 2507 2732 22·
2523 2744 2525 2748 ,

1304 2758 1374 2779 cum
1397 2748 1535 2779 omnibus
1556 2750 1590 2780 &
1612 2749 1790 2780 omnimodis
1809 2750 1844 2781 &
1865 2748 1979 2787 singulis
1995 2747 2127 2786 Officiis,
2146 2747 2373 2781 Commoditati-
2391 2747 2526 2779 R·²-P·¹-

1303 2788 1374 2825 bus,
1392 2786 1548 2825 Proficuis,
1567 2789 1601 2819 &
1620 2788 1677 2818 aliis
1697 2788 1869 2826 pertinentiis
1890 2787 2135 2827 quibuscumque,
2154 2788 2214 2818 tam
2233 2789 2264 2819 in
2276 2788 2373 2819 Curiis
2391 2791 2428 2814 m·
2446 2790 2490 2810 ¹2·

1304 2825 1406 2856 nostris
1421 2851 1431 2864 ,
1451 2827 1538 2864 quam
1561 2827 1627 2857 alibi
1641 2849 1651 2865 ,
1673 2827 1766 2857 eidem
1788 2826 1902 2857 Officio
1921 2827 2168 2865 qualitercumque
2186 2826 2374 2865 speaantibus

1305 2865 1362 2895 sive
1375 2866 1594 2904 pertinentibus,
1615 2865 1719 2896 eodem
1735 2866 1843 2903 modo,
1861 2867 1894 2897 ὅ(
1909 2866 1982 2897 adeo
2016 2865 2095 2902 lene,
2113 2866 2239 2904 integre,
2258 2866 2292 2896 ὅσ
2310 2867 2374 2904 qui-

1305 2905 1350 2933 ere
1361 2926 1370 2942 ,
1391 2904 1460 2935 sicut
1480 2903 1596 2934 Thomas
1618 2905 1650 2934 de
1669 2904 1838 2934 Brothertoa
1852 2928 1862 2943 ,
1880 2914 1970 2943 nuper
2011 2903 2102 2934 ‘omes
2123 2903 2319 2943 Norffolciae-‚
2337 2905 2373 2937 &

1306 2941 1489 2973 Marescallus
1514 2943 1559 2974 An
1581 2943 1624 2973 liae
1642 2967 1651 2982 ,
1684 2942 1730 2973 seu
1751 2945 1868 2980 Rogerus
1891 2943 1923 2973 de
1946 2946 2029 2982 Bygot
2046 2965 2056 2980 ,
2091 2941 2238 2980 quondam
2258 2942 2372 2974 Comes

1308 2979 1503 3024 Norffolciae,
1519 2951 1751 3013 &fflsiarescailus
1766 2982 1902 3020 Angliae,
1916 2990 1963 3012 aut
1976 2982 2074 3020 aliquis
2094 2981 2179 3020 alius,
2196 2981 2262 3018 post
2283 2981 2372 3012 Mor-

1307 3027 1367 3049 tem
1390 3019 1515 3057 ipsorum
1538 3030 1628 3059 nuper
1649 3019 1803 3052 Comitum
1817 3045 1827 3058 ,
1852 3020 1910 3051 five
1930 3020 2060 3058 praefatus
2081 3018 2153 3049 Dux
2174 3019 2373 3059 Norffolciae,

1304 3057 1414 3088 dictum
1427 3057 1572 3090 Officium
1586 3059 1745 3090 Marescalli
1759 3058 1875 3098 Angliae
1891 3067 2023 3096 tempore
2035 3057 2085 3088 suo
2097 3057 2258 3090 habuerunt
2276 3059 2310 3090 &
2332 3067 2375 3091 te—

1314 3106 1452 3127 nuerunt:

1346 3134 1484 3166 Volentes
1505 3135 1634 3174 ulterius,
1653 3136 1688 3166 &
1708 3145 1764 3173 pro
1783 3135 1884 3165 Nobis
1907 3136 1941 3167 &
1953 3133 2126 3166 Haeredibus
2140 3134 2244 3166 nostris
2257 3134 2376 3168 Cone&

1307 3173 1419 3212 dentes,
1438 3174 1517 3212 quod
1534 3173 1678 3204 Officium
1696 3173 1873 3213 Marescalli,
1891 3174 1921 3204 in
1937 3173 2033 3204 Banco
2045 3173 2144 3204 nostro
2181 3184 2281 3205 coram
2302 3174 2375 3206 No-

1306 3212 1350 3241 bis
1373 3211 1464 3249 (quod
1484 3211 1630 3250 Johannes
1652 3212 1748 3252 Wykes
1767 3220 1846 3244 tenet
1859 3237 1870 3251 ,
1894 3212 1928 3242 ad
1950 3212 2128 3243 Terminum
2147 3196 2224 3244 Vitae
2242 3215 2298 3244 suae
2310 3235 2321 3252 ‚
2336 3222 2372 3244 ex

1307 3249 1506 3280 Conceffione
1527 3250 1634 3287 nostra)
1659 3251 1693 3282 &
1714 3250 1856 3282 Officium
1880 3251 2038 3282 Marescalli
2057 3250 2094 3282 de
2108 3251 2260 3282 Scaccario
2270 3251 2373 3284 nostro

1310 3288 1404 3326 (quod
1420 3289 1552 3319 Ricardus
1568 3290 1714 3330 Gaftoigne
1725 3298 1821 3329 tenet,
1838 3289 1873 3321 ad
1890 3289 1989 3320 Vitam
2003 3290 2097 3328 suam,
2115 3299 2149 3320 ex
2164 3288 2362 3321 Conceffione

1309 3326 1452 3357 Cariffimi
1463 3327 1574 3372 ,Fratris
1595 3328 1709 3367 nostri„
1726 3328 1834 3359 Thomae
1853 3338 1943 3367 nuper
1964 3331 2074 3358 Comitis
2092 3330 2225 3372 Kanate,
2243 3339 2333 3367 nuper
2351 3314 2372 3350 ²¹²
2394 3333 2414 3353 *ἒ
2427 3334 2512 3365 vnn

1311 3365 1468 3397 Marescalli
1492 3366 1620 3406 Anuliae,
1638 3368 1672 3399 &
1693 3367 1913 3399 confirmatione
1933 3366 2040 3404 nostra)
2064 3377 2098 3397 ac
2120 3375 2207 3398 etiam
2225 3367 2372 3399 Officium
2391 3382 2438 3410 45.

1311 3403 1529 3449 Proclamatoris
1540 3391 1704 3437 Marescalli
1736 3416 1834 3437 coram
1849 3405 2007 3449 Senescallo
2021 3406 2054 3436 &
2069 3403 2237 3437 Marescallo
2245 3406 2373 3445 Hospitii

1311 3443 1400 3474 nostrl
1416 3444 1508 3482 (quod
1521 3445 1608 3474 Guido
1624 3446 1656 3474 de
1670 3429 1788 3484 Aflefley
1803 3452 1895 3483 tenet,
1913 3443 1948 3474 ad
1964 3444 2061 3474 Vitam
2073 3443 2151 3474 suam
2161 3467 2172 3482 ,
2188 3453 2222 3475 ex
2241 3444 2374 3477 Conces—

1313 3482 1390 3512 sione
1405 3482 1532 3513 Domini
1546 3485 1582 3512 E.
1598 3493 1687 3521 nuper
1699 3485 1777 3521 Regis
1789 3483 1901 3520 Angliae
1916 3482 1972 3513 Avi
1986 3482 2090 3521 nostri,
2109 3483 2143 3514 δε
2157 3482 2377 3516 confirmatione

1311 3520 1419 3557 nostra)
1436 3531 1501 3559 quae
1514 3521 1629 3560 quidem
1645 3521 1770 3561 Officia,
1787 3521 1852 3559 post
1875 3521 2010 3552 Mortem
2031 3521 2253 3560 praedicstorum‚
2267 3522 2379 3562 Johan-

1310 3560 1370 3597 nis,
1389 3559 1522 3598 Ricardi,
1540 3561 1573 3592 &
1594 3559 1758 3598 Guidonis,
1775 3559 1810 3590 ad
1829 3559 1916 3598 Nos,
1931 3560 1965 3591 &
1987 3559 2125 3590 Haeredes
2143 3560 2257 3592 nostros
2273 3561 2376 3592 reverti

1311 3597 1466 3636 deberent,
1485 3598 1550 3636 post
1566 3598 1698 3629 Mortem
1719 3598 1905 3637 eorumdem,
1919 3598 2077 3637 Johannis,
2094 3597 2222 3636 Ricardi,
2241 3599 2276 3630 δε
2296 3598 2374 3630 Gui-

1312 3636 1395 3667 donis
1410 3660 1420 3675 ,
1435 3637 1614 3667 Remaneant
1635 3636 1751 3674 praefato
1770 3636 1852 3668 Duci
1871 3637 1975 3668 Surriae
1986 3662 1997 3676 ,
2015 3637 2157 3668 Habenda
2175 3637 2293 3668 durante
2313 3636 2375 3668 vit&¹

1314 3675 1423 3713 praefati
1440 3675 1532 3707 Ducis
1552 3674 1729 3706 Norffolciae
1742 3700 1752 3712 ,
1775 3674 1857 3714 quod
1878 3675 1977 3706 eadem
1998 3674 2107 3707 Officia
2118 3699 2130 3714 ,
2147 3685 2181 3706 ac
2202 3676 2302 3706 omnia
2319 3675 2374 3706 alia

1315 3712 1440 3752 Officia,
1455 3715 1484 3744 in
1500 3713 1722 3753 quibuscumque
1734 3713 1828 3745 Curiis
1840 3714 1960 3753 nostris,
1978 3715 2012 3745 &
2026 3714 2107 3753 alibi,
2122 3723 2189 3753 quae
2207 3713 2242 3744 ad
2261 3711 2372 3744 dietum

1315 3751 1460 3784 Officium
1476 3752 1632 3784 Marescalli
1654 3752 1784 3792 Angliae,
1801 3752 1948 3784 retroactis
1968 3753 2164 3791 temporibus,
2179 3751 2374 3794 pertinuerunt

1316 3791 1350 3822 &
1366 3792 1505 3829 pertinere
1521 3790 1745 3830 consueverunt,
1764 3791 1799 3822 ad
1812 3790 1922 3822 dierum
1938 3790 2081 3823 Officium
2091 3789 2248 3822 Marescalli
2259 3789 2374 3830 Angliae

1314 3829 2376 3905 ³⁸53{iifflffiff‘sfilf‘r’ffiffiffffi’siffiffffi‘pi‘rniaeffrssssfflmeg

1315 3878 1446 3945 sionem,
1466 3906 1718 3945 Refignationem,
1733 3907 1852 3938 Sursum
1864 3891 2074 3942 redditidnem,
2089 3912 2138 3935 aut
2150 3904 2206 3936 alio
2221 3890 2314 3936 modo
2328 3915 2379 3937 va-

1318 3946 1459 3982 caverint,
1475 3945 1613 3982 aliquibus
1637 3944 1766 3976 Personis
1787 3945 1898 3976 idoneis
1919 3943 2014 3981 Dare,
2031 3942 2216 3982 Concedere,
2234 3944 2281 3976 vel
2293 3944 2378 3975 Con-

1319 3983 1392 4014 ferre
1403 3982 1487 4022 poffit
1499 3983 1589 4014 libere
1603 3984 1637 4015 &
1653 3985 1788 4022 impune3
1803 3983 1938 4022 aliquibus
1949 3981 2051 4012 Literis
2065 3980 2242 4021 Parentibus,
2260 3983 2291 4014 in
2302 3991 2378 4014 con-

1319 4023 1435 4054 trarium
1449 4021 1547 4060 faecis,
1564 4031 1625 4052 non
1638 4022 1822 4053 obstantibus.

1353 4058 1571 4098 Confiderantes
1581 4059 1693 4100 insuper
1705 4059 1905 4093 strenuitatem
1920 4058 1954 4092 &
1970 4056 2164 4092 Nobilitatem
2184 4058 2382 4128 ipfiusSDucis

2286 4106 2386 4137 urnae,

1304 2631 1406 2671 simus,
1425 2643 1479 2671 pro
