2561 4251
648 128 758 174 ET
851 125 1121 173 ACTA

1204 120 1675 170 PUBLICA.
2188 137 2262 185 113

13 236 34 256 1.
47 224 88 254 D.
103 226 137 258 &
155 224 191 254 de
209 221 346 254 Concilio
366 212 466 250 nostro
480 219 662 257 retinuimus,
679 212 713 249 ad
726 218 900 249 Terminum
912 219 979 248 vitre
995 218 1049 248 suae
1064 227 1158 248 mora·
1197 215 1231 246 &
1244 214 1381 245 Villarum
1396 214 1571 252 Majoribus,
1589 213 1699 245 Ballivis
1713 237 1722 251 ,
1748 213 1902 251 Ministris,
1922 205 1954 244 δε
1976 208 2032 245 aliis
2047 204 2187 244 Fidelibus
2202 225 2254 250 ηο-
2267 212 2334 244 Ann
2353 204 2394 244 D:

6 264 65 297 ¹>81.
104 272 218 300 turum,
233 271 266 293 ac
286 261 369 292 etiam
390 268 442 296 pro
463 258 543 288 bono
559 258 682 288 Servitio
696 257 744 287 suo
756 257 839 287 nobis
851 256 979 294 impenso
991 256 1024 287 &
1038 259 1067 287 in
1081 256 1157 286 futu-

26 311 53 330 α.
104 311 169 333 rum
192 297 382 337 impendendo
395 321 404 333 ,
429 295 629 326 Concesfimus
650 295 743 326 eidem
762 295 840 326 Duci
855 289 1031 334 Qiingentas
1045 295 1158 338 Marcas

102 340 324 378 sterlingorum,
342 345 395 374 pro
409 335 550 365 Termino
566 334 641 365 Vitae
654 334 708 364 suae
729 334 870 370 praedictae
885 356 895 372 ,
913 335 1056 364 annuatim
1070 343 1159 376 perci-

103 377 235 418 piendas,
253 376 286 406 ad
297 374 478 405 Scaccariurn
495 372 624 403 nostrum
639 395 649 411 ,
664 372 699 402 ad
717 371 874 402 Terminos
891 372 989 402 Sanffl
1008 371 1157 401 Michaelis

106 419 141 448 δε
159 415 272 446 Paschae
285 437 295 451 ,
313 422 363 450 per
376 411 493 449 aequales
508 410 673 449 Portiones3
691 410 823 441 faciendo
836 410 919 440 nobis
933 409 1112 449 Homagium
1127 410 1160 441 &

109 453 284 488 Fidelitatem
299 460 333 481 ex
345 450 397 481 hac
411 450 498 480 causa.

146 492 181 523 In
194 491 287 528 cujus,
305 489 363 519 &c
699 526 704 531 ·
828 525 833 531 ·
923 526 928 531 ι
1020 526 1035 531 ..

181 528 270 560 Teste
285 527 369 565 Rege
381 526 453 565 apud
467 524 772 563 Westmonasterium,
792 534 887 563 primo
901 523 948 555 die
964 524 1045 556 Man.

608 603 660 631 Per
674 604 766 631 Breve
777 601 808 630 de
822 603 940 632 Privato
954 601 1054 640 Sigillo.

151 681 320 713 Confimiles
334 681 440 711 Literas
451 677 541 714 Regis
555 676 639 708 habet
655 700 664 716 ,
683 677 802 707 Nobilis
825 677 895 716 Vir,
912 680 1010 707 Petrus
1033 679 1065 708 de
1083 680 1166 708 Wr-

115 721 231 758 temberg
246 720 348 755 Miles,
360 715 499 754 Magister
513 715 659 752 Camerae,
679 715 849 746 Sereniffimi
864 717 1014 753 Principis,
1024 719 1100 754 Regis
1114 721 1167 747 Ro-

115 770 254 789 manorum
276 759 309 789 &
327 755 494 793 Bohemize,
519 754 618 785 Fratris
637 754 725 794 Regis
746 754 876 785 cariffitni
889 778 899 793 ,
925 755 962 786 de
982 755 1166 787 Ducentis&

153 798 329 835 uinquaginta
343 793 460 824 Marcis.

185 836 243 867 este
257 842 288 864 ut
298 832 387 870 supra.

820 870 873 899 Per
885 869 953 899 idem
965 873 1066 900 Breve.

152 948 322 980 Consimiles
345 947 448 978 Literas
468 946 559 983 Regis
579 945 680 981 habet,
698 943 818 974 Nobilis
832 945 900 983 Vir,
919 946 1056 976 Conradus
1071 949 1172 981 Crayer

119 985 224 1026 Miles,
244 986 379 1026 Magister
394 984 522 1021 Hospitii
536 1006 546 1020 ,
570 983 739 1013 Sereniffimi
751 982 905 1023 Principis,
923 986 983 1016 ὅτε.
1001 984 1037 1015 de
1052 983 1172 1016 Ducen-

118 1029 153 1057 tis
170 1028 203 1057 &
221 1024 437 1062 Quinquaginta
450 1021 556 1053 Marcis
570 1021 785 1060 sterlingorum.

155 1064 245 1096 Teste
259 1072 288 1094 ut
301 1062 388 1100 supra.

826 1101 878 1129 Per
888 1099 957 1128 idem
969 1102 1069 1130 Breve.

121 1172 248 1235 REX
276 1173 436 1215 Omnibus,
453 1175 487 1206 ad
501 1185 587 1214 quos,
604 1176 664 1206 &c.
684 1173 817 1205 Salutem.
833 1213 838 1218 .

213 1215 310 1245 Sciatis
331 1214 411 1253 qnod
426 1237 435 1252 ,
456 1214 491 1245 de
510 1214 609 1245 Grati&⁴
622 1212 716 1244 nostrai
731 1212 855 1250 speciali,
873 1215 906 1246 ὃς
921 1224 972 1254 pro
987 1216 1068 1245 bono
1082 1214 1176 1244 Servi-

121 1254 163 1284 tio
184 1253 262 1292 quod
275 1276 285 1291 ,
309 1253 425 1284 dile&us
445 1253 529 1283 nobis
543 1275 552 1290 ,
571 1256 721 1289 Borzewey
736 1252 768 1280 de
779 1255 890 1289 Swyner
905 1253 1008 1292 Miles,
1025 1253 1106 1282 nobis
1123 1254 1177 1282 im-

122 1292 219 1330 pendit
236 1315 246 1329 ,
270 1293 303 1323 &
324 1291 467 1329 impendet
488 1291 517 1320 in
539 1291 664 1321 futurum
679 1313 688 1327 ,
707 1289 907 1322 Conceffimus
920 1292 1013 1322 eidem
1026 1295 1177 1329 Borzewey

125 1331 308 1369 Qingentos
323 1330 459 1360 Florenos
472 1329 558 1367 Auri,
573 1329 619 1360 vel
632 1328 767 1359 Valorem
781 1330 947 1360 eorumdem
957 1353 966 1368 ,
984 1328 1178 1367 percipiendos

126 1370 237 1407 fingulis
265 1369 353 1398 Annis
369 1391 378 1406 ,
403 1368 437 1398 ad
459 1367 636 1398 Scaccarium
651 1366 798 1405 nostrum,
816 1368 850 1398 ad
865 1373 955 1399 totam
972 1368 1068 1399 Vitam
1085 1368 1180 1404 suam,

125 1407 159 1437 ad
174 1407 252 1437 Festa
272 1406 367 1437 Sanffi
390 1405 538 1437 Michaelis
557 1406 590 1437 &
612 1405 740 1442 Paschae,
758 1416 806 1443 per
820 1407 941 1444 aequales
956 1406 1123 1444 Portiones,
1141 1405 1181 1435 fa-

126 1445 230 1515 cielndo
243 1445 326 1475 nobis
339 1444 517 1484 Homagium
531 1445 564 1476 ὃς
579 1443 755 1474 Fidelitatem
765 1454 799 1474 ex
813 1445 865 1475 hac
879 1445 966 1476 caula.

179 1484 287 1515 ncu'us
318 1484 379 1514 &c.

199 1493 386 1560 Tejste’Rege
397 1520 472 1559 apud
483 1519 768 1551 Westmonasterium
777 1544 787 1558 ,
804 1522 898 1558 primo
912 1519 959 1550 die
974 1519 1054 1551 Maii.

631 1598 683 1626 Per
697 1600 790 1627 Breve
805 1597 837 1626 de
849 1599 967 1627 Privato
982 1596 1079 1634 Sigillo.

129 1671 299 1707 consimiles
313 1670 419 1704 Literas
430 1670 519 1712 Regis
532 1672 636 1703 habent
649 1673 809 1711 subscripti,
826 1673 862 1704 de
877 1673 1002 1704 Summis
1015 1673 1187 1711 subscriptis,

440 1711 491 1742 sub
505 1711 602 1742 eadem
617 1711 709 1751 Data,
727 1709 874 1750 videlicet,

166 1788 284 1829 sifridus
297 1788 384 1829 Foster
399 1787 537 1824 Scutifer,
553 1786 590 1818 de
605 1787 746 1819 Ducentis
761 1789 887 1819 Florenis
900 1787 978 1819 Auri.

169 1828 307 1858 conradus
320 1829 352 1857 de
365 1826 485 1863 Ridburg
499 1825 602 1864 Miles,
617 1827 652 1857 de
667 1826 807 1858 Ducentis
820 1827 948 1857 Florenis
964 1828 1041 1857 Auri.

169 1866 307 1904 Lupoldus
324 1867 356 1895 de
376 1868 476 1903 Crayer
490 1889 499 1902 ,
518 1865 602 1894 Filius
618 1866 734 1896 conradi
748 1867 780 1897 de
792 1870 890 1907 Crayer
904 1865 1024 1905 Militis,
1041 1865 1079 1897 de
1094 1865 1189 1904 Qin-

209 1905 338 1944 quaginta
352 1903 461 1934 Marcis
473 1902 689 1943 sterlingorum.

830 1984 885 2012 Per
897 1983 965 2013 idem
978 1985 1079 2013 Breve.

189 2123 239 2155 De
254 2123 470 2168 Attemptatis,
495 2132 599 2155 contra
617 2122 752 2168 Treuga's
769 2124 889 2164 Scotiae,
916 2121 1139 2167 Refhrmandis.

0 2216 62 2249 kun.
78 2215 118 2247 D.
143 2213 276 2269 REX,
294 2213 435 2246 cariffimo
449 2215 555 2246 Patruo
569 2217 638 2254 suo,
654 2215 778 2253 Johanni
792 2217 857 2252 Regi
876 2214 997 2253 Castellae
1018 2212 1056 2249 (ῤ’
1071 2210 1198 2252 Legionis

1200 253 1277 291 stris,
1295 255 1325 283 in
1338 253 1420 283 dietis
1433 254 1571 291 partibus,
1589 254 1622 284 &
1636 252 1781 282 Dominiis
1796 253 1896 282 nostris
1910 253 2030 291 ibidem,
2048 252 2107 282 tam
2122 252 2192 282 infra
2206 253 2254 283 Li-
2287 253 2371 291 1381.

1201 292 1336 328 bertates‚
1353 293 1437 329 quam
1458 300 1531 321 extra
1545 315 1555 329 ,
1575 291 1699 329 Dantes,
1718 291 1836 321 Tenore
1852 291 2051 329 Puniendum,
2069 293 2097 321 in
2112 291 2255 322 Mandatis
2268 292 2320 317 Ric·
2337 301 2364 318 τι

1201 329 1284 368 quod
1305 330 1387 359 vobis
1403 352 1413 367 ,
1437 329 1470 359 &
1493 329 1617 359 Duobus
1638 328 1765 359 vestram
1788 339 1923 367 *quorum
1940 330 1999 360 Vos
2014 356 2023 370 ,
2043 330 2162 370 praefatr
2177 334 2237 360 Rex
2254 347 2266 371 3

1202 377 1291 398 unum
1307 367 1363 397 effe
1375 367 1518 404 volumus)
1534 369 1563 397 in
1579 367 1722 405 praemissis
1736 368 1879 398 Faciendis
1894 369 1925 398 ἃ
1947 368 2139 407 Exequendis,
2160 369 2257 400 Inten-

1204 406 1300 436 dentes
1313 428 1323 444 ,
1347 406 1380 437 &
1404 405 1572 435 Auxiliantes
1594 407 1724 443 quotiens
1741 408 1774 438 δὲ
1797 416 1881 445 prout
1902 408 1960 445 eis,
1985 409 2028 438 seu
2041 417 2140 439 eorum
2156 408 2255 447 alicui,

1204 444 1272 475 scire
1286 443 1406 474 feceritis
1420 452 1453 472 ex
1469 452 1545 480 parte
1561 444 1674 481 nostri,

1243 482 1369 519 Rarum,
1387 481 1528 517 Gratum,
1546 482 1579 511 ὃς
1597 482 1725 512 firmum
1741 482 1860 513 babituri
1876 484 2010 521 quicquid
2027 484 2088 514 Vos
2100 508 2109 522 ,
2128 484 2171 514 ve'
2185 484 2258 515 Duo

1206 519 1331 550 vestrum
1349 520 1482 557 (quorum
1500 518 1578 557 Vos,
1591 518 1709 557 praefate
1722 523 1797 559 Rex,
1813 532 1901 552 unum
1918 522 1974 553 esse
1987 522 2130 560 volumus)
2147 522 2259 553 Nomi:

1207 562 1244 588 n‘e
1261 557 1358 588 nostro
1372 558 1504 588 Feceritis
1519 557 1547 586 in
1562 558 1716 595 praemlffis.

1248 596 1469 674 In'f'giilg’Rz‘r-ge'
1482 634 1555 672 apud
1568 633 1872 674 Westmonasterinm,
1890 638 1985 674 primo
1998 637 2044 668 die
2058 637 2138 668 Maii.

1683 713 1736 741 Per
1751 712 1831 751 ipsum
1845 716 1940 750 Regem
1955 713 1991 748 &
2009 714 2159 744 Camillum.

1214 851 1261 883 De
1282 847 1448 882 Frnfflubus
1468 847 1639 882 Decanatis
1656 846 1791 881 Eborum
1807 852 1953 896 capiendis
1969 857 2000 885 in
2027 865 2152 885 manum
2169 856 2267 900 Regis.

1321 932 1370 971 X,
1388 933 1564 964 Vicecomiti
1578 933 1705 964 Eborum
1716 957 1725 972 ,
1743 934 1875 966 Salutem.
2285 936 2361 969 Ann'.
2372 930 2417 968 Da*

1218 935 1275 989 R
1316 971 1394 1002 Cum
1407 982 1512 1010 nuper,
1532 973 1568 1002 de
1581 972 1726 1003 Consensu
1742 974 1774 1003 ὃς
1785 974 1964 1005 Avisamento
1974 975 2129 1005 Procerum
2143 976 2175 1006 ὃς
2186 975 2270 1015 Mag·
2304 977 2389 1016 1381.

1215 1016 1312 1041 natum
1338 1010 1434 1049 Regni
1450 1011 1539 1041 nostri
1554 1035 1563 1047 ,
1582 1011 1681 1041 Nobis
1695 1013 1722 1040 in
1738 1011 1925 1043 Parliamento
1938 1014 2036 1044 nostro
2052 1014 2123 1051 apud
2141 1014 2270 1044 Glouce-
2284 1020 2336 1043 Aa.
2351 1026 2380 1050 4.

1216 1048 1308 1078 striam
1330 1057 1410 1079 tento
1431 1049 1632 1086 assistentium,
1654 1059 1753 1080 omnes
1770 1050 1904 1089 FrutStus,
1921 1051 2076 1089 Redditus,
2096 1052 2129 1082 &
2142 1052 2269 1083 Proven-
2284 1058 2312 1081 R.
2331 1064 2356 1081 2.

1217 1095 1261 1117 tus
1274 1097 1523 1125 quorumcumque
1536 1087 1759 1125 Beneficiorum,
2283 1092 2370 1127 crans.
2389 1094 2421 1125 4ss

1256 1126 1310 1156 Per
1332 1126 1401 1155 olim
1423 1125 1583 1156 Cardinales
1596 1150 1605 1164 ,
1631 1126 1801 1156 sanffiffimo
1821 1128 1849 1157 in
1870 1126 1986 1158 Christo
2002 1128 2121 1159 Patri&
2137 1128 2271 1160 Domino
2283 1134 2310 1156 R.
2329 1141 2354 1158 2.
2368 1138 2404 1157 m.

1218 1164 1318 1194 nostro
1338 1163 1473 1194 Domino
1491 1164 1617 1202 Urbano,
1634 1164 1740 1195 Divin'a
1751 1164 1951 1204 Providentia,
1969 1167 2146 1198 sacrosanctae
2159 1167 2272 1200 Roma·
2291 1178 2333 1197 ιο,

1219 1212 1264 1232 nae
1277 1202 1411 1233 Ecclesiae
1425 1206 1528 1232 Summo
1544 1202 1688 1242 Pontifici,
1708 1204 1855 1243 Rebelles,
1874 1214 2078 1242 occupatorum
2088 1229 2098 1244 ,

1257 1240 1331 1279 Capi
1347 1241 1496 1271 fecerimus
1511 1243 1539 1271 in
1555 1251 1669 1271 manum
1682 1242 1824 1280 nostram,

1258 1279 1295 1310 Et
1312 1281 1377 1310 licet
1397 1279 1585 1317 postmodum
1605 1278 1836 1310 Concesserimus
1857 1282 1936 1318 quod
1959 1281 2106 1312 Colle&or
2120 1307 2129 1321 ,
2154 1284 2202 1321 qui
2223 1294 2276 1322 pro

1220 1326 1298 1355 parte
1319 1318 1399 1355 ipsius
1420 1318 1578 1348 santiiiffimi
1598 1317 1685 1348 Patris
1708 1320 1735 1348 in
1761 1319 1868 1356 Regno
1888 1320 1986 1350 nostro
2010 1322 2122 1357 Angliae
2137 1321 2209 1351 foret
2226 1332 2278 1360 pro

1221 1365 1371 1394 ternpore,
1388 1356 1423 1386 de
1444 1356 1622 1394 Fructubus,
1649 1356 1816 1388 Redditibus
1830 1380 1839 1395 ,
1865 1359 1898 1388 ὃς
1920 1358 2107 1390 Proventibus
2123 1361 2280 1398 praedictis,

1221 1394 1325 1431 absque
1335 1394 1540 1433 impedimento
1553 1395 1641 1424 nostri
1655 1396 1701 1425 vel
1718 1395 1917 1426 Ministrorum
1932 1397 2169 1436 Nostrorum,ad
2182 1398 2279 1429 Usum

1225 1433 1258 1464 ὃ(
1273 1432 1436 1462 Utilitatem
1449 1433 1575 1470 praedicii
1581 1432 1740 1473 fhnc‘liffimi
1752 1436 1863 1472 Patris,
1877 1437 1910 1465 &
1925 1445 1978 1474 pro
1986 1436 2173 1473 Reparatione
2185 1437 2280 1467 dieto-

1225 1481 1289 1500 rum
1311 1470 1515 1501 Beneficiorum
1528 1494 1537 1508 ‚
1562 1472 1650 1501 libere
1670 1473 1816 1510 disponere
1831 1474 1950 1511 valeret,
1969 1474 2018 1503 sub
2033 1474 2109 1505 certa
2123 1475 2231 1513 formai,
2249 1476 2280 1505 in

1227 1509 1328 1539 Literis
1343 1508 1460 1546 nostris,
1478 1510 1544 1539 inde
1560 1510 1715 1548 confectis,
1734 1511 1839 1548 plenius
1853 1512 2022 1550 express-atii,
2039 1523 2203 1543 amoventes
2219 1514 2280 1543 tali-

1226 1555 1268 1577 ter
1289 1547 1414 1577 Manum
1433 1547 1557 1577 nostram
1580 1548 1616 1578 de
1634 1549 1770 1579 omnibus
1785 1550 1817 1579 ὃ(
1833 1550 1941 1588 singulis
1956 1551 2130 1589 Fructubus,
2150 1551 2282 1582 Redditi-

1227 1586 1296 1622 bus,
1315 1586 1349 1616 ὃ(
1362 1585 1551 1617 Proventibus
1564 1586 1742 1625 supradietis,

1267 1624 1407 1654 Volumus
1420 1632 1531 1663 tamen,
1551 1625 1715 1662 quibusdam
1731 1626 1812 1656 certis
1825 1625 1861 1655 de
1874 1626 1974 1664 caulis,
1993 1626 2059 1656 Nos
2075 1625 2282 1659 &Concilium

1229 1663 1357 1693 nostrum
1372 1663 1524 1700 specialiter
1540 1665 1737 1702 moventibus,
1753 1664 1832 1702 quod
1847 1665 1980 1702 FruStus,
1994 1664 2148 1703 Redditus,
2166 1668 2198 1697 ὃς
2210 1666 2282 1697 Pro-¹

1229 1710 1329 1733 ventus
1345 1700 1510 1732 Decanatfis
1528 1701 1657 1732 Eborum
1674 1725 1683 1740 ,
1703 1712 1752 1737 per
1767 1702 1939 1732 Cardinalem
1952 1702 2137 1740 Albanenfi’m
2175 1715 2284 1742 unum,

1230 1750 1262 1771 ut
1282 1740 1383 1771 dicitur
1398 1763 1407 1778 ,
1430 1739 1595 1770 Rebellium
1619 1741 1820 1777 praeditstorum
1837 1764 1846 1779 ,
1865 1751 1952 1778 nuper
1966 1743 2115 1781 occupati,
2134 1727 2168 1773 de
2183 1743 2286 1772 eodem

1232 1779 1399 1816 Decanatu,
1419 1788 1433 1808 a
1449 1777 1534 1808 Festo
1550 1778 1679 1817 Paschae,
1697 1781 1830 1816 proximo
1847 1781 2005 1818 pi‘zeterito,
2023 1782 2236 1820 provenientes,
2253 1783 2285 1813 &

1231 1818 1267 1848 de
1280 1826 1385 1848 caetero
1401 1817 1419 1836 ’κ’
1439 1818 1619 1855 proventuri,
1637 1819 1807 1848 resumantur
1824 1819 1851 1848 in
1866 1818 1989 1848 Manum
2005 1818 2149 1855 nostram,

1269 1855 1304 1887 Et
1326 1855 1392 1886 ideo
1415 1856 1484 1885 Tibi
1505 1855 1688 1893 Praecipimus
1708 1856 1788 1893 quod
1802 1856 1893 1886 didos
1910 1856 2038 1894 Frudtus,
2058 1857 2214 1895 Redditus,
2233 1858 2285 1896 &,

1233 1894 1393 1926 Proventus
1412 1893 1448 1924 de
1469 1893 1618 1924 Decanatu
1636 1895 1776 1932 prat-didio
1789 1917 1799 1932 ,
1824 1905 1839 1924 a
1854 1895 1993 1932 praedisto
2010 1895 2093 1925 Festo
2108 1896 2235 1933 Paschae,
2255 1905 2286 1927 ut

1233 1934 1428 1972 praemittitur,
1447 1934 1657 1970 provenientes⁷
1677 1933 1710 1962 &
1725 1934 1906 1971 proventuri,
1923 1934 1950 1962 in
1966 1943 2082 1964 manum
2102 1935 2225 1964 nostram
2241 1944 2289 1965 ca·-

1233 1973 1291 2010 pias
1310 1972 1343 2002 &
1365 1971 1441 2001 seifiri
1457 1971 1552 2008 facias,
1571 1980 1601 2001 ut
1616 1971 1728 2001 ulterius
1742 1971 1809 2001 inde
1822 1972 1982 2009 reipondeas
1995 1981 2078 2010 prout
2094 1974 2144 2005 tibi
2158 1974 2289 2012 injunge⁴

1233 2019 1279 2041 tur
1294 2019 1328 2040 ex
1344 2019 1419 2047 parte
1434 2009 1530 2039 nostrai

1272 2048 1360 2079 Teste
1374 2048 1455 2087 Rege
1469 2047 1542 2086 apud
1557 2046 1845 2079 westmonasterium
1853 2072 1863 2087 ,
1878 2049 1971 2087 primo
1983 2048 2029 2079 die
2045 2049 2126 2080 Maii,

2305 1813 2319 1829 ⁴*
2341 1806 2410 1840 vii:

2302 1861 2365 1886 290.

1966 2120 2020 2156 Per
2036 2126 2187 2157 Concilium.

18 2256 103 2296 1381.
207 2251 299 2299 ⁴Duci
314 2251 488 2298 Lancastriae
503 2277 512 2292 ,
532 2259 566 2284 ac
585 2253 746 2285 Venerabili
765 2254 793 2283 in
805 2253 933 2298 ‘Christo
955 2253 1078 2297 PfffsiJ·
1097 2254 1197 2283 eadem
1284 2262 1445 2296 pastam,-
1477 2259 1512 2294 de
1540 2264 1745 2295 Mars-monio
1778 2265 1865 2310 Regi5
1928 2274 1997 2295 mm
2022 2264 2117 2295 Amm
2145 2266 2250 2297 Soron

0 2298 44 2330 4η.
57 2304 86 2331 4.
145 2296 245 2328 gratia,
263 2292 386 2330 Epgfcopo
397 2292 593 2332 >Herefordenfi
607 2315 618 2331 ,
644 2302 759 2324 necnon
770 2291 889 2322 Diledo
903 2292 936 2323 &
952 2292 1039 2322 Fideli
1052 2292 1119 2331 suo,
1137 2294 1202 2322 1-111ὸ
1665 2313 1687 2343 I
1841 2315 1844 2319 .
1881 2289 1891 2305 ’

0 2338 21 2362 κ.
45 2343 71 2361 2.
140 2332 204 2366 goni
219 2333 317 2360 comiti
331 2331 500 2370 staffordiae,
518 2331 653 2362 Salutem.
1684 2322 1868 2357 ΜΡΕΜΜΥΗΔ

0 2374 59 2401 Scor.
77 2381 106 2407 4.
184 2367 282 2399 Sciatis
296 2368 376 2405 quod
391 2369 477 2407 Nos,
722 2403 724 2405 ,
791 2406 793 2408 v
922 2404 925 2405 ⁷
1180 2403 1183 2405 .
1687 2406 1693 2411 ⁵
1787 2398 1788 2401 ,
1894 2407 1898 2410 .
1913 2406 1926 2411 ..
2168 2407 2173 2412 .
2260 2406 2266 2412 ,

0 2414 20 2438 t.
36 2419 106 2438 2.m.
147 2443 166 2474 d
185 2405 235 2436 De
255 2406 382 2437 fidelitate
401 2409 436 2444 &
454 2407 575 2447 provida
597 2408 854 2447 circumspectione
874 2407 971 2441 vestris
991 2409 1099 2447 plenius
1111 2409 1203 2441 confi·
1324 2406 1451 2476 IPTivgrsis
1471 2405 1584 2474 8³1¹&ae
1605 2405 1707 2437 Matris
1719 2404 1853 2436 Ecclesiae
1867 2405 1957 2445 FiluS,
1976 2405 2121 2444 praesentes
2138 2406 2244 2436 Literas
2258 2416 2301 2436 in·
2318 2408 2393 2478 Αῃῐὲ.
2403 2407 2444 2438 D.>

0 2457 17 2474 t.
168 2453 262 2484 entes,
1345 2455 1485 2483 pecturis,
1538 2456 1590 2482 OS,
2336 2458 2370 2489 13
2398 2457 2421 2477 1.

186 2482 394 2521 Affignavimus
413 2484 475 2516 Vos
488 2508 498 2522 ,
522 2486 557 2517 &
576 2485 662 2516 Duos
682 2484 811 2516 vestrfim
833 2487 968 2524 (quorum
990 2486 1067 2525 Vos,
1117 2486 1202 2526 aefate

148 2523 209 2551 Rex
225 2545 234 2560 ,
258 2533 347 2554 unum
367 2522 425 2554 effe
443 2524 588 2558 volumus)
608 2524 643 2555 ad
656 2523 888 2563 Corrigendum,
909 2525 1065 2555 Resorman
1088 2536 1156 2564 um,
1171 2527 1205 2557 &

145 2560 177 2589 in
200 2560 310 2592 Statum
330 2561 458 2592 debitum
480 2562 692 2593 Reducendum
714 2564 814 2593 omnia
834 2564 868 2594 &
891 2563 1012 2602 singula,
1032 2563 1204 2601 Attemptata

145 2598 190 2628 seu
205 2599 288 2631 Facta
302 2610 352 2638 per
365 2601 560 2638 quoscumque
581 2601 690 2632 Incolas
709 2609 756 2631 aut
777 2601 908 2632 Subditos
923 2601 1018 2641 Regni
1038 2602 1127 2633 nostri
1144 2602 1206 2633 An-

1286 2485 1463 2522 Przimislaus
1477 2487 1545 2512 Dux
1559 2482 1733 2522 Tischinenfis
1742 2505 1752 2521 ,
1769 2483 1905 2512 conradus
1918 2485 2020 2521 Kreyer
2039 2482 2175 2522 Magister
2188 2482 2300 2521 Curiae,
2318 2492 2369 2515 Aa.
2384 2498 2413 2522 4.

1249 2523 1281 2553 &
1297 2525 1393 2552 Petrus
1410 2522 1593 2559 lVartemberg
1609 2521 1746 2559 Magister
1760 2520 1908 2559 Camerae,
1927 2521 2099 2552 Sereniffimi
2115 2521 2250 2559 Principis
2265 2522 2297 2552 &
2314 2531 2343 2554 R.
2367 2536 2393 2552 2.

1248 2561 1371 2591 Domini
1395 2560 1519 2591 Domini
1538 2559 1681 2590 Wencelait
1694 2582 1704 2598 ,
1729 2559 1787 2589 Dei
1801 2560 1903 2599 gratini,
1919 2562 2097 2589 Romanorum
2110 2558 2148 2594 ῤ’
2165 2560 2299 2589 ΒοΙπνηιίὲ
2315 2569 2403 2592 Franc.
2420 2565 2452 2598 4:

1246 2602 1339 2637 Regis,
2317 2608 2344 2630 R.
2356 2611 2424 2629 2.m‚

145 2637 226 2675 gliae,
243 2647 342 2669 contra
354 2638 476 2669 formam
492 2638 732 2671 Conventionum
743 2639 789 2670 seu
802 2639 998 2680 Treugarum,

184 2675 291 2714 Nuper
310 2677 448 2707 faetarum
468 2678 502 2709 &
524 2679 656 2709 initarum
675 2679 748 2709 inter
769 2677 933 2709 Dominum
952 2681 988 2708 E.
1008 2689 1097 2716 nuper
1112 2682 1206 2716 Regem

147 2713 274 2751 Angliae,
293 2715 390 2745 Avum
404 2715 532 2746 nostrum
548 2714 737 2754 Subditosque
751 2718 824 2755 ejus,
839 2726 873 2747 ex
887 2717 942 2748 uns
958 2717 990 2747 &
1004 2717 1108 2746 David
1120 2721 1208 2757 Bruyx

1287 2638 1415 2668 Necnon
1431 2636 1587 2666 Edmundus
1601 2639 1690 2665 Comes
1704 2635 1901 2674 cantebrigiae,
1920 2639 1999 2674 Hugo
2021 2637 2053 2666 de
2073 2640 2190 2673 Segi-ave
2204 2636 2303 2667 Series-
2318 2643 2345 2668 6.
2361 2649 2389 2676 5.

1249 2676 1334 2707 callus
1346 2675 1486 2714 Hospitii,
1504 2676 1537 2708 ὅ(
1553 2674 1691 2704 Albredus
1706 2676 1737 2704 a'e
1751 2676 1815 2704 Veer
1829 2674 2022 2714 Camerarius,
2040 2675 2304 2706 IllustriffimiPrin-

1249 2715 1315 2752 cipis
1334 2715 1367 2745 &
1388 2714 1528 2752 Domini,
1546 2713 1671 2744 Domini
1684 2713 1831 2751 Richardi,
1847 2712 1905 2743 Dei
1919 2713 2026 2753 gratis,
2044 2716 2120 2752 Regis
2135 2713 2247 2751 Angliae
2263 2712 2301 2749 ὠ*

0 2757 14 2776 ⁸
33 2759 100 2788 Vll,
146 2751 182 2795 de
195 2751 307 2790 Scotia,
326 2754 471 2791 quondam
486 2754 613 2785 Fratrem
633 2754 714 2792 ipsius
735 2755 793 2785 Avi
806 2755 910 2793 nostri,
926 2755 1123 2794 Defundtum,
1142 2756 1161 2775 ²*
1178 2766 1208 2786 e-
1249 2756 1387 2791 Franciae,
1406 2752 1530 2790 Milites,
1567 2785 1569 2787 ,
1656 2791 1662 2796 .
1720 2791 1736 2796 ,.
2276 2783 2279 2787 ‚

0 2795 62 2832 289.
143 2789 242 2858 Jusssue
255 2790 392 2821 Vaffallos
408 2792 441 2822 δε
455 2792 588 2836 Subditos
602 2793 835 2836 qualescumque,
854 2803 888 2824 ex
902 2793 984 2823 altera
996 2800 1090 2837 parte,
1287 2791 1495 2822 Ambaffatores
1510 2813 1521 2829 ,
1542 2789 1738 2821 Commissarii
1753 2813 1762 2828 ,
1786 2790 1831 2820 seu
1850 2791 2051 2821 Procuratores
2065 2791 2099 2820 ad
2113 2790 2243 2828 quasdam
2261 2789 2305 2820 A-'

214 2837 224 2859 t
250 2839 300 2867 per
314 2852 324 2867 ,
350 2829 491 2860 Illustrem
511 2830 677 2868 Principem
692 2853 701 2869 ,
726 2831 873 2861 Robertum
887 2831 1138 2871 Consanguineum
1153 2842 1207 2863 no-

150 2866 240 2898 strum
257 2868 289 2897 de
302 2871 393 2898 Scotia
407 2867 655 2907 confirmatarum,

186 2905 226 2936 Et
237 2906 389 2944 specialiter
403 2907 437 2936 ad
454 2904 590 2946 Qerelas
602 2905 735 2938 omnium
749 2907 782 2937 &
799 2907 974 2945 singulorum
983 2931 993 2946 ,

186 2944 251 2981 Qui
266 2945 302 2975 de
316 2944 422 2984 Injutiis
436 2946 489 2984 eis,
508 2954 608 2976 contra
624 2945 748 2976 formam
764 2946 903 2976 distarum
913 2946 1090 2986 Treugarum
1105 2949 1133 2977 in
1147 2957 1209 2986 par-

147 2983 222 3013 tibus
244 2983 441 3014 Marchiarum
461 2984 615 3020 (videlicet)
638 2983 674 3013 de
698 2984 722 3014 la
745 2983 902 3023 Estmarche
924 2986 996 3016 &la
1012 2985 1208 3025 mstmarclse,

148 3020 249 3059 Regni
263 3022 352 3053 nostri
365 3022 494 3061 Angliae,
510 3022 557 3053 seu
571 3022 634 3052 alibi
649 3045 660 3060 ,
678 3023 737 3053 tam
753 3032 801 3059 per
816 3024 956 3061 Terram,
974 3024 1059 3062 quam
1077 3035 1124 3062 per
1141 3025 1209 3055 Ma-

149 3069 199 3098 re,
216 3061 266 3091 ubi
286 3062 319 3092 &
341 3070 426 3098 prout
441 3061 539 3100 vobis,
557 3061 602 3092 vel
614 3060 739 3091 Duobus
753 3060 882 3092 vestrum
899 3063 1035 3100 (quorum
1053 3065 1122 3101 vos,
1134 3071 1208 3101 prae-

141 3098 209 3136 fate
222 3102 299 3137 Rex,
316 3109 406 3130 unum
423 3100 480 3130 efle
495 3100 638 3137 volumus)
652 3098 802 3138 expediens
813 3100 970 3139 videbitur,
989 3102 1068 3132 factis
1083 3101 1129 3132 seu
1144 3112 1207 3141 per-

148 3138 258 3174 petratis
266 3160 276 3174 ,
294 3139 432 3175 conqueri
446 3137 604 3176 voluerint,

185 3174 385 3213 Audiendum,
403 3176 436 3206 &
452 3176 562 3213 plenam
577 3177 609 3207 &
624 3176 748 3207 celerem
759 3176 901 3216 Justitiam
914 3178 981 3208 inde
995 3177 1164 3209 Faciendum
1174 3202 1183 3216 ,

188 3212 225 3243 Et
244 3212 278 3243 ad
298 3215 394 3243 omnia
416 3214 450 3244 &
474 3213 596 3252 finguia,
614 3225 680 3253 quae
694 3225 795 3246 contra
810 3216 945 3246 Formam
958 3217 1098 3247 dic'tarum
1114 3218 1209 3248 Treu-

147 3259 247 3290 garum
261 3276 270 3288 ,
294 3261 343 3289 per
364 3251 499 3281 Subditos
519 3252 629 3282 nostros
643 3275 652 3290 ,
676 3262 837 3290 attemptata
858 3255 960 3285 fuerint
973 3278 983 3293 ,
1007 3256 1064 3285 tam
1079 3264 1210 3294 tempore

148 3289 276 3327 praedicti
291 3290 407 3326 David,
426 3291 512 3328 quam
525 3298 655 3328 tempore
669 3291 799 3328 praedieti
810 3291 921 3322 Roberti
933 3292 1142 3331 Consanguinei
1156 3306 1210 3326 no-

149 3328 214 3364 stri,
231 3328 328 3359 debite
343 3327 575 3358 Reformandum
583 3352 593 3365 ,

187 3365 226 3396 Et
246 3366 281 3396 ad
299 3376 400 3397 omnes
421 3367 454 3397 &
474 3366 615 3404 singulos,
633 3367 663 3397 in
677 3366 729 3398 hac
745 3374 822 3405 parte
836 3367 1058 3408 Delinquentes,
1077 3369 1210 3401 Arest-an-

150 3401 220 3433 dum
230 3425 240 3441 ,
257 3403 454 3443 Capiendutn,
472 3405 505 3437 &
522 3404 762 3436 Incarcerandum
778 3429 788 3443 ,
808 3406 841 3437 &
854 3407 930 3444 juxta
944 3416 1046 3438 eorum
1060 3408 1211 3440 Demetita

148 3442 246 3473 debite
259 3441 457 3481 Puniendum,

187 3480 224 3511 Et
239 3480 273 3510 ad
294 3480 482 3511 Confimilem
510 3481 762 3514 Reformationem
790 3482 823 3514 &
853 3482 1035 3514 Punitionem
1064 3484 1100 3516 de
1128 3485 1209 3517 dic‘ro

149 3518 368 3557 Consanguineo
384 3519 481 3549 nostro
495 3520 529 3550 &
543 3520 720 3552 Hominibus
734 3521 786 3552 suis
799 3521 836 3551 de
850 3521 960 3560 Scotia,
978 3522 1056 3560 super
1077 3523 1210 3562 Attemp-

149 3558 210 3588 tatis
222 3579 230 3595 ,
256 3568 305 3595 per
324 3567 373 3588 eos
393 3559 427 3589 &
446 3559 483 3587 eis
504 3558 688 3590 Adhaerentes
701 3584 711 3597 ,
736 3569 836 3590 contra
858 3559 991 3591 Subditos
1005 3560 1133 3601 nostros,
1152 3562 1209 3593 Pe-

148 3596 284 3634 tendum,
303 3595 554 3635 prosequendum,
571 3597 605 3628 &
617 3597 676 3629 fieri
689 3598 878 3637 Faciendum,

185 3633 225 3665 Et
239 3634 275 3665 ad
288 3634 396 3664 Omnia
410 3636 442 3666 &
458 3634 563 3671 singula
600 3645 663 3674 quae
674 3637 702 3666 in
713 3637 765 3666 hac
786 3646 865 3675 parte
878 3637 1030 3668 necessaria
1044 3637 1149 3669 fuerint
1161 3639 1206 3671 vel

147 3681 304 3710 oportuna,
323 3673 496 3703 Faciendum
512 3674 546 3704 ὃς
559 3658 785 3712 ἐκεςυεηάυῑης

187 3711 224 3741 Et
239 3711 304 3742 ideo
320 3712 402 3741 vobis
420 3710 592 3742 Mandamus
606 3712 686 3750 quod
702 3713 776 3750 Vos,
794 3713 827 3743 &
842 3711 913 3743 Duo
926 3713 1055 3744 vestrum
1071 3714 1208 3752 (qnorum

148 3746 211 3778 Vos
225 3771 237 3787 ‚
255 3748 374 3788 praefhte
395 3753 469 3787 Rex,
488 3759 578 3780 unum
592 3751 649 3780 esse
664 3750 809 3787 volumus)
824 3750 858 3780 ad
873 3760 965 3782 certos
978 3751 1049 3782 Dies
1064 3754 1097 3783 δε
1113 3753 1207 3792 Loca,

148 3786 227 3822 supet
248 3788 306 3818 hoc
329 3787 504 3828 Praefigenda
518 3811 528 3826 ,
551 3789 584 3820 &
604 3790 689 3819 etiam
711 3788 874 3827 Elonganda
890 3812 899 3826 ,
916 3791 1053 3826 praemiffa
1065 3793 1162 3822 omnia
1175 3793 1208 3823 &

146 3824 250 3860 ,singula
263 3825 365 3856 faciatis
382 3828 414 3857 ὃς
430 3827 606 3865 exequamini
622 3827 650 3856 in
664 3827 755 3857 forma
772 3827 919 3865 praedieta:

190 3861 279 3899 Super
292 3864 436 3900 praemiffis
451 3875 545 3895 autem
559 3865 693 3895 omnibus
709 3866 741 3896 &
758 3865 1026 3904 lingulis,faciendis
1040 3867 1073 3897 δε
1088 3865 1210 3898 effeetu-

149 3897 226 3930 aliter
248 3900 430 3939 adimplendis
444 3927 453 3941 ,
480 3903 591 3934 Damus
614 3904 647 3933 &
670 3903 892 3933 Committimus
915 3905 996 3935 vobis
1010 3928 1019 3942 ,
1039 3907 1070 3934 ὅτ.
1088 3905 1211 3937 Duobus

150 3936 278 3969 vestrum
295 3938 429 3976 (quorum
447 3940 525 3979 Vos,
539 3941 659 3981 praefate
675 3945 848 3980 Rex,unum
865 3942 922 3972 esse
935 3943 1078 3978 volumus)
1096 3952 1125 3973 ut
1139 3954 1211 3981 prae—

141 3977 289 4013 ,mittitun
305 3976 418 4019 plenam
432 3980 465 4010 &
479 3981 616 4019 liberam,
634 3980 755 4010 Tenore
769 3979 970 4018 presentium,
992 3981 1179 4021 potori-rem,

190 4013 510 4087 [ssg'i'vmeylissslc'fitliiglulis
524 4019 769 4057 VicecomitibuS‚
787 4017 1010 4051 Constabulariis
1025 4017 1212 4061 Castrorum,

1249 2831 1385 2868 micitias,
1404 2829 1504 2869 Ligas,
1522 2828 1567 2859 seu
1589 2828 1860 2859 Confoederationes
1883 2830 1954 2858 inter
1967 2852 1976 2866 ,
1996 2828 2188 2858 Serenisstmos
2201 2830 2305 2869 princi-⁷

1249 2879 1314 2906 pes,
1331 2867 1424 2907 Reges
1444 2868 1594 2906 praedictos
1607 2889 1617 2905 ,
1636 2866 1781 2897 Dominos
1797 2867 1908 2896 nostros
1922 2866 2164 2896 metuendiffimos
2179 2869 2305 2896 tractari-

1249 2908 1313 2945 das,
1331 2907 1480 2943 ineundas,
1498 2908 1530 2937 &
1551 2905 1763 2935 concordandas
1774 2928 1783 2942 ,
1799 2914 1866 2935 cum
1882 2904 2023 2935 Potestate
2037 2904 2199 2942 sufficienti,
2219 2913 2304 2942 prout

1249 2952 1284 2976 ex
1302 2945 1451 2976 insertione
1473 2943 1677 2974 Mandarorum
1698 2943 1861 2973 nostrorum
1877 2967 1886 2981 ,
1904 2943 2019 2974 inferitis
2034 2943 2301 2982 describendorum,

1251 2985 1350 3015 claritis
1367 2981 1485 3022 patebit,
1502 2982 1652 3020 specialiter
1667 2981 1808 3020 deputati,
1881 3018 1886 3025 ⁵

1287 3023 1411 3053 Salutem
1427 3022 1460 3052 δε
1476 3028 1636 3059 perpetuam
1651 3022 1819 3050 memoriam
1831 3019 1888 3050 Rei
1903 3019 2010 3050 Gestae.

1286 3060 1334 3092 Illa
1357 3060 1539 3092 Consuetudo
1558 3059 1634 3089 redte
1660 3058 1857 3095 Regnantium
1871 3083 1880 3096 ,
1901 3059 1949 3088 ille
1969 3069 2032 3089 mos
2044 3058 2117 3096 juste
2132 3058 2302 3095 principari-

1249 3101 1323 3130 tium
1338 3123 1347 3138 ,
1370 3101 1475 3135 semper
1495 3098 1546 3128 fuit
1565 3097 1675 3127 bonum
1698 3105 1853 3128 ‘commune
1874 3097 2059 3127 Subditorum
2081 3098 2306 3163 quibuscumque*

1250 3138 1367 3169 Privatis
1389 3137 1519 3176 praeferre
1542 3134 1714 3166 Commodis
1728 3159 1739 3172 ,
1761 3135 1913 3173 talibusque
1934 3135 2013 3166 Rem
2031 3136 2088 3173 pub
2100 3137 2172 3165 icam
2193 3137 2301 3165 munire

1251 3178 1398 3214 praesidiis,
1415 3186 1462 3214 per
1479 3185 1543 3213 quae
1558 3174 1649 3212 posset
1662 3175 1816 3211 continue,
1832 3174 1947 3204 exclusis
1960 3175 2302 3216 caecis,inquiecationum

1251 3216 1445 3251 Turbinibus,
1464 3215 1555 3251 quieta
1568 3212 1726 3250 persistere,
1745 3213 1778 3242 δε
1790 3213 1839 3242 sub
1855 3221 1959 3251 optat-a:
1976 3211 2056 3242 Pacis
2076 3211 2172 3242 votivci
2186 3212 2304 3241 relicua:

1251 3264 1280 3285 te
1292 3255 1376 3284 laetari
1387 3278 1395 3291 ,
1414 3252 1491 3291 quod
1507 3261 1575 3281 tunc
1591 3251 1649 3281 satis
1665 3251 1776 3281 ultiliter
1790 3251 1911 3281 creditur
1928 3250 2096 3280 Promoveri
2110 3273 2119 3288 ,
2137 3259 2205 3280 curn
2218 3248 2304 3278 Prin-

1251 3294 1329 3331 cipes
1343 3291 1493 3322 Christiani
1508 3292 1541 3320 &
1554 3289 1706 3327 Potentes,
1725 3290 1755 3318 in
1770 3299 1854 3319 unam
1878 3288 1956 3318 Fidei
1976 3287 2135 3330 Catholicae
2153 3287 2303 3331 Unitatem

1252 3333 1285 3363 ὃς
1302 3341 1396 3361 veram
1413 3329 1577 3361 Amicitiam
1593 3328 1753 3366 conjunti'ti,
1775 3328 1802 3356 in
1818 3337 1903 3357 unam
1917 3329 2018 3356 mentis
2037 3330 2246 3356 consonantiam
2263 3325 2305 3355 af-

1250 3370 1379 3400 feetuose
1395 3368 1585 3405 conveniunt,
1604 3366 1636 3398 &
1651 3366 1761 3396 insimul
1772 3366 1964 3396 indissolubilis
1980 3365 2094 3394 Amoris
2109 3363 2230 3394 Foedere
2251 3373 2303 3394 c0⁴

1273 3408 1387 3438 ulanrur.
1683 3435 1685 3438 .

1251 3419 1270 3446 p
1290 3447 1357 3477 Hoc
1379 3443 1512 3482 siquidem
1529 3466 1538 3481 ,
1562 3442 1733 3474 Sereniffimi
1750 3441 1934 3478 Principes&
1950 3439 2072 3470 Domini
2089 3439 2193 3477 nostri,
2210 3439 2307 3470 Renes

1252 3483 1468 3515 metuendillimi
1485 3481 1631 3519 supradicti
1647 3483 1676 3511 in
1692 3480 1815 3510 discretae
1829 3479 2054 3509 considerationis
2068 3479 2194 3508 examine
2209 3464 2303 3508 lauda-

1250 3523 1301 3553 bili
1317 3522 1452 3553 Concilio
1467 3520 1661 3558 revolventes,
1678 3529 1726 3556 per
1741 3528 1808 3556 nos,
1826 3518 2050 3554 Ambaffatores,
2070 3515 2306 3560 Commissfarios,

1251 3562 1296 3592 seu
1319 3561 1514 3591 Procuratores
1535 3558 1597 3588 suos
1619 3557 1790 3596 praediftos,
1816 3555 1945 3594 quedam
1964 3556 2093 3595 Ligurum
2109 3555 2140 3585 &
2155 3554 2307 3585 Amicitia-³

1251 3610 1314 3630 rum
1332 3599 1459 3636 Capirula
1475 3598 1643 3634 examinari,
1662 3596 1787 3632 tractari,
1805 3594 1944 3632 expediri,
1961 3595 1993 3625 ὅς
2017 3594 2184 3624 concordari
2206 3592 2306 3624 *solue-¹

1250 3648 1316 3670 runt
1330 3648 1384 3676 eo,
1403 3639 1449 3674 qai
1463 3636 1605 3673 sequitur,
1623 3635 1672 3665 sub
1689 3633 1824 3670 Tenore,

1286 3714 1331 3744 ΙΝ
1354 3723 1371 3743 P
1384 3722 1424 3742 nt
1436 3720 1460 3741 M
1472 3721 1481 3740 1
1492 3720 1504 3741 s
1519 3734 1528 3749 ,
1553 3709 1720 3740 Tractatum
1744 3709 1785 3739 cst
1805 3710 1838 3740 ὃ(
1858 3707 1975 3738 finaliter
1989 3707 2207 3739 Concordatum
2223 3702 2305 3745 quod

1251 3752 1427 3783 Sereniilitm
1446 3751 1571 3779 Domina
1586 3751 1692 3785 Anna,
1713 3748 1819 3786 praefati
1833 3750 2012 3777 Romanorum
2027 3746 2063 3780 ὠ
2081 3746 2213 3775 Bohemiae
2228 3749 2306 3783 Regis

1251 3794 1328 3821 Soror
1344 3790 1456 3826 inclita,
1476 3788 1614 3826 predicto
1635 3786 1768 3817 Domino
1782 3785 1912 3815 Richardo
1926 3788 1948 3815 R
1958 3789 1989 3822 *gr*
2005 3784 2116 3826 Anglie
2130 3783 2167 3819 έν
2182 3787 2306 3814 Franriae

1251 3831 1278 3859 in
1302 3830 1435 3860 Uxorem
1458 3827 1610 3865 legitimam
1627 3847 1636 3863 ,
1662 3835 1711 3862 per
1733 3824 1863 3855 Parentes
1887 3825 1919 3854 &
1934 3824 2055 3854 Amicos
2070 3825 2150 3861 iplius
2165 3822 2306 3853 Dominae

1251 3868 1285 3898 δε
1309 3868 1345 3897 de
1365 3866 1485 3901 eiusdem
1507 3862 1657 3901 spontane&
1675 3863 1820 3894 voluntate
1832 3885 1840 3900 ,
1867 3862 1961 3898 detur,
1981 3861 2146 3902 assignetur,
2164 3862 2197 3891 &
2211 3863 2308 3891 matri«-

1256 3902 1411 3937 monialit'cr
1426 3902 1632 3939 copuleturg&
1646 3900 1726 3939 quod
1739 3901 1773 3931 ad
1785 3901 1920 3938 Regnum
1939 3900 2066 3939 Angliae,
2084 3902 2129 3929 leu
2137 3899 2240 3930 Villam
2248 3898 2307 3942 Ca*

1254 3944 1327 3982 lesi,
1346 3939 1420 3973 circa'
1442 3940 1557 3971 fostun
1579 3940 1674 3970 Samiii
1700 3939 1847 3970 Michaelis
1863 3939 1996 3976 proximo
2010 3938 2153 3976 futurum,
2172 3938 2305 3975 praedicta

1255 3981 1400 4018 Domina,
1418 3980 1539 4016 experiris
1554 3977 1657 4015 praefati
1674 3977 1795 4007 Domini
1811 3980 1888 4013 Regis
1902 3978 2081 4007 Romanorum
2101 3975 2140 4011 ὠ·
2153 3976 2305 4018 Βούρνηξι,

1255 4022 1289 4052 &
1310 4021 1430 4050 aliorum
1452 4018 1626 4048 Amicorum
1645 4016 1784 4084 suorump,
1808 4016 1964 4046 traducatur
1978 4033 1989 4053 2
2014 4016 2047 4047 ὃς
2068 4014 2161 4047 eidem
2174 4014 2317 4081 Domztzno‘

2276 4058 2304 4088 ⁸3
