2561 4251
1 0 3 49 ι

0 53 3 130 l

721 178 832 221 ET
917 174 1183 217 ACTA
1268 173 1748 215 PUBLICA.
2256 182 2310 217 99

1292 257 1355 296 Ac,
1374 259 1438 289 vifis
1451 259 1484 290 ὃς
1497 258 1642 289 intelleffls
1657 257 1756 289 Literis
1777 257 1918 295 praeditstis
1931 279 1941 294 ,
1968 257 2000 287 &
2013 253 2107 285 habital
2121 252 2313 283 Deliberatio—
2335 249 2410 279 Ann.
2425 249 2465 280 D.

1255 306 1306 334 ne,
1324 298 1404 335 super
1420 299 1533 328 materia
1549 297 1699 335 praedicta,
1721 307 1769 334 per
1782 296 1873 326 diestos
1889 295 2036 332 Praelatos,
2365 291 2447 327 1350-

1292 335 1516 366 Pronunciatum
1538 335 1668 365 extitisset
1688 336 1721 365 &
1742 334 1921 364 publicatum
1934 356 1942 370 ,
1967 343 2015 370 per
2055 331 2125 361 iures
2145 338 2257 369 magnas
2280 329 2314 358 ὃς
2337 330 2387 357 Ric.
2407 338 2434 354 z.

14 265 134 310 Animi).
156 272 250 305 Feoda
270 269 425 306 officiarii,
445 267 570 306 Majores
593 267 627 298 ὅτ,
651 262 802 303 Minores,
821 263 963 300 Domini,
980 263 1017 291 E.
1036 270 1124 298 nuper
1139 262 1217 297 Regis

34 314 116 351 1380.
156 312 284 349 Angliae,
301 310 357 341 Avi
380 306 486 345 nostri,
501 308 529 337 in
551 305 696 343 Principio
722 304 818 343 Regni
831 303 888 340 sui,
905 303 940 332 ab
952 301 1056 332 >eodem
1072 300 1216 339 percipere

4 356 63 384 llic.
84 363 109 380 2·
155 352 281 383 solebant
292 349 326 379 &
339 347 456 383 habere,

0 1343 109 1372 ''VIL

0 1390 81 1418 :252-

30 3357 107 3390 Ann.
122 3356 164 3389 D.

52 3397 139 3437 1380.

34 3441 85 3464 An.
101 3447 126 3473 3.

32 3478 63 3502 R.
83 3484 109 3501 2.

31 3514 97 3549 Vasc.
119 3522 144 3549 3.

30 3554 60 3579 R.
76 3561 146 3579 anm.

197 389 242 420 Ac
259 387 358 426 quibus
372 384 500 415 Personis
514 382 550 414 de
564 382 778 418 Annuitatibus,
797 380 857 410 tam
870 387 920 416 per
934 377 1098 408 Dominum
1113 376 1149 405 E.
1165 384 1218 405 nu·

159 438 208 466 per
229 426 321 456 Primi
339 434 378 453 em
399 425 511 452 Patrem
531 421 663 460 nostrum,
682 419 768 458 qu'arn
784 422 886 447 Avum
904 416 1021 455 nostrum
1034 413 1218 452 praedictum,

181 476 210 497 er
223 432 390 500 multipiices
403 461 508 492 Literas
520 460 577 490 suas
590 458 736 494 Parentes,
756 454 921 492 Concessis,
939 456 969 484 in
989 453 1100 489 Feoda,
1118 451 1162 481 vel
1183 451 1219 481 ad

159 477 333 535 {erminum
349 500 441 538 Vitae,
458 499 637 530 Satisfatstum
648 497 730 526 fuerit
746 495 802 525 sive
816 494 966 530 Solutum,
982 500 1016 522 ac
1030 491 1066 521 de
1085 490 1223 529 Qanto‚

158 541 303 611 QIialiter,
321 539 354 570 &
367 539 440 577 Qo
453 537 561 573 modo,
840 570 846 576 ⁸
907 568 923 575 .—
1077 567 1085 574 η
1158 566 1163 572 ·

211 578 359 616 nquirendi
376 579 459 607 etiarn
473 585 505 605 ac
520 573 584 604 alias
596 570 658 602 Vos
671 569 847 601 Informandi
857 591 867 607 ,
884 579 937 599 vns
951 569 984 600 &
1007 567 1099 598 modis
1118 566 1219 601 quibus

159 617 262 649 melius
282 617 423 655 poteritis,
441 614 478 644 de
495 611 630 642 omnibus
650 611 683 640 &
705 609 814 649 lingulis
836 607 1006 638 Desectibus
1026 606 1083 636 sive
1099 603 1220 642 Mespri·

160 657 286 687 sionibus
307 656 336 685 in
357 652 580 692 quibuscumque
604 647 719 678 Officiis
734 673 743 686 ,
777 646 934 681 Maioribus
955 645 1011 676 five
1032 644 1196 674 Minoribus
1210 665 1221 679 ,

160 695 260 727 medio
275 700 404 731 tempore
416 688 642 727 emergentibus,
659 696 707 724 per
723 696 794 724 quos
809 685 933 721 Nostra,
951 684 997 714 seu
1011 682 1106 720 Regni
1121 680 1221 718 nostri,

159 734 261 764 utilitas
276 729 408 769 impedita
424 728 506 758 fuerit
520 726 578 756 sive
590 725 740 763 retardata,
757 734 790 755 ac
807 734 857 764 per
872 723 974 761 Qos,
992 721 1038 753 vel
1052 730 1101 760 per
1110 719 1221 757 Quem,

162 772 310 812 Quando,
327 768 473 806 Qaliter,
488 767 521 796 &
536 764 611 803 Qio
625 764 734 801 modo,
1173 796 1178 801 Π
1213 795 1220 801 .

201 811 247 841 Ac
267 808 376 844 insuper
397 805 433 835 de
455 804 540 835 Bonis
563 805 596 834 δί
609 801 709 832 Rebus
722 800 872 836 omnibus,
888 807 954 836 quae
967 797 1079 829 fuerunt
1092 792 1221 834 praedieti

163 852 231 879 Avi
249 845 346 886 nostri,
371 853 502 882 tempore
522 841 629 872 Mortis
650 841 706 870 suae
744 848 776 868 ac
798 838 902 875 Qualia
922 836 1054 874 cujusque
1069 833 1154 864 Pretii
1173 833 1220 864 vel

162 887 272 918 Valoris
293 884 371 915 Bona
391 883 435 912 illa
455 882 584 917 fuerunt,
602 880 636 909 δε
652 879 680 908 in
699 862 792 914 Cujus
804 876 849 918 vel
864 875 1001 913 Qorum
1016 873 1143 903 manibus
1167 872 1220 901 'am

160 924 300 960 existunt,
319 931 351 953 ac
367 921 518 959 specialiter
534 919 612 956 Qiae
626 918 659 947 δί
675 913 841 953 Cujusmodi
857 913 992 943 Parcellae
1007 911 1073 942 inde
1086 911 1120 940 ad
1170 919 1219 953 pus

160 962 293 994 nostrum
309 962 497 994 devenerunt,
516 956 573 986 sive
588 957 615 984 in
632 954 735 985 eisdem
750 953 851 983 nostris
871 951 1000 981 manibus
1022 957 1170 980 remanent
1191 957 1220 977 in

159 1002 296 1040 presenti,
314 999 392 1038 Qiae
405 995 489 1027 etiarn
507 994 638 1024 Parcellae
651 992 717 1023 inde
734 990 895 1022 Abstradtae
916 989 972 1020 five
993 988 1141 1027 Elongatae
1160 986 1220 1016 fue-

160 1042 232 1078 rint,
252 1040 287 1069 ad
299 1037 388 1075 Cujus
402 1035 447 1065 vel
462 1034 598 1073 Quorum
614 1030 719 1062 Manus
731 1030 920 1065 devenerunt,
939 1028 973 1060 &
994 1027 1071 1065 Quae
1091 1025 1222 1056 Summae

162 1078 355 1109 Denariorum
377 1072 576 1104 Creditoribus
595 1070 665 1101 dicti
685 1072 752 1099 Avi
770 1067 852 1108 nostri
877 1067 945 1098 inde
967 1064 1076 1096 Solutae
1094 1064 1223 1101 fuerunt,

164 1117 312 1185 Qndo,
332 1113 478 1182 (ffaliter,
497 1111 530 1142 ὃς
545 1109 618 1149 Qo
633 1109 741 1146 modo,

228 1153 357 1185 xaminan
378 1150 523 1188 iinsuper,
542 1150 575 1180 &
590 1145 794 1185 Supervidendi
812 1143 1002 1184 quascumque
1023 1141 1171 1179 Summas,
1189 1140 1223 1171 ὅτ

162 1193 287 1225 modum
302 1190 493 1228 Expensarum
502 1210 512 1227 ,
525 1195 558 1217 a'c
571 1187 681 1217 Statum
691 1184 813 1223 Hospitii
825 1181 1126 1220 nostri,quascumqt1e
1142 1180 1224 1210 etiam

162 1232 343 1268 Solutiones,
361 1230 438 1259 circa
450 1226 640 1258 salvationem
660 1225 693 1255 &
714 1222 921 1253 Defensionem
947 1220 1043 1259 Regni
1059 1222 1092 1250 δε
1114 1218 1223 1250 Domi-

163 1271 279 1301 niorum
297 1267 463 1298 nostrorum
485 1264 703 1304 praedistorum,
722 1262 781 1292 t'am
804 1259 981 1290 Hominibus
995 1258 1030 1288 ad
1044 1258 1148 1294 Arma,
1169 1256 1224 1286 Ar-

165 1308 264 1348 matis,
280 1307 315 1338 &
328 1305 499 1343 sagittariis,
514 1303 600 1341 quam
615 1300 788 1337 Mariiiariis,
806 1299 840 1330 &
851 1299 906 1328 alio
929 1296 1035 1334 modo,
1052 1297 1111 1327 t'am
1132 1294 1225 1333 (vide-

164 1348 244 1385 licet)
269 1356 318 1385 per
335 1345 428 1375 dietos
450 1340 647 1373 Thesaurarios
668 1338 805 1376 Guerrae,
824 1338 911 1376 quam
924 1336 988 1366 alias
1001 1345 1050 1373 per
1063 1335 1082 1354 *¹
1099 1333 1226 1365 Thesau-

166 1387 270 1417 rarium
285 1383 416 1415 nostrum
428 1380 559 1418 Anglioe,
575 1378 671 1409 medio
682 1386 829 1415 tempore,
847 1375 1090 1414 qualitercumque
1104 1372 1208 1409 saetas,

201 1422 407 1463 Supervidendi
427 1421 511 1451 etiam
533 1417 614 1457 quod
631 1426 733 1447 omnes
753 1415 870 1446 Soldarii
883 1412 989 1450 nostri,
1007 1414 1056 1449 qui
1070 1410 1159 1441 Vadia
1179 1410 1225 1440 seu

165 1461 309 1495 Rewarda
325 1461 418 1492 nostra
429 1465 611 1496 receperunt,
627 1456 661 1486 δε
672 1455 824 1485 Servitium
838 1453 918 1484 suum
933 1452 962 1481 in
985 1451 1037 1480 hac
1057 1458 1133 1489 parte
1151 1458 1226 1479 non-

165 1502 236 1533 dum
259 1501 454 1540 perfecerunt,
473 1497 540 1527 inde
560 1495 612 1525 sint
632 1492 836 1531 computabiles
857 1492 891 1522 &
913 1489 1028 1520 fideliter
1043 1487 1226 1528 respondeant

165 1541 200 1572 ad
214 1541 397 1571 Scaccarium
410 1535 557 1573 nostrum,
975 1567 980 1573 ⁸
1176 1566 1180 1570 Ι
1205 1564 1211 1570 .

204 1577 267 1609 Vos
288 1577 346 1608 insu
368 1587 415 1614 er,
433 1584 491 1606 tam
510 1583 559 1612 per
580 1570 827 1602 Examinationem
850 1564 1068 1599 Officiariorum
1088 1566 1122 1598 &
1136 1563 1227 1595 Mini-

167 1616 292 1649 strorum
308 1620 347 1646 no
375 1620 472 1645 rorum
486 1619 752 1650 quorumcumque,
767 1609 854 1647 quam
868 1607 926 1638 aliis
939 1606 990 1637 viis
1003 1605 1036 1638 &
1050 1605 1142 1636 modis
1165 1604 1227 1642 qui-

166 1656 219 1687 bus
241 1655 342 1686 melius
364 1654 398 1684 &
419 1651 535 1683 celerius
553 1648 683 1687 expedire
702 1648 846 1686 videritis,
861 1644 1037 1676 lnformandi
1057 1644 1093 1674 de
1112 1644 1228 1674 veritate

165 1695 298 1726 omnium
315 1694 349 1724 δε
368 1690 540 1730 singulorum
552 1687 788 1723 Praemifforum,

204 1732 250 1763 Ac
264 1732 362 1763 omnia
377 1730 427 1761 alia
440 1726 572 1759 Faciendi
586 1728 619 1758 &
633 1724 815 1764 Exequendi,
832 1732 896 1762 quae
912 1722 942 1753 in
955 1721 1009 1753 hac
1022 1729 1100 1760 parte
1111 1719 1173 1752 fore
1185 1720 1230 1751 vi-

165 1771 260 1803 deritis
273 1768 424 1800 necessaria
438 1767 493 1797 five
508 1773 667 1804 oportuna,

206 1810 252 1840 Ac
265 1807 422 1846 Defe8tus,
441 1805 461 1836 si
476 1815 548 1844 quos
560 1805 588 1834 in
602 1803 749 1871 hawarte
761 1801 901 1839 reperitis,
919 1798 1018 1830 Nobis
1036 1800 1070 1831 &
1092 1796 1229 1828 Concilio

167 1848 270 1880 nostro
289 1847 405 1878 fideliter
428 1842 620 1882 Reportandi,
681 1840 768 1878 osque
788 1840 824 1870 de
847 1848 911 1870 toto
935 1838 1014 1869 facto
1035 1836 1130 1869 vestro
1152 1837 1182 1866 in
1196 1845 1228 1866 ea

166 1895 248 1926 parte
262 1886 397 1917 distinete
412 1885 445 1916 &
457 1883 551 1920 aperte
564 1878 746 1911 Certificandi
755 1902 765 1917 ,

206 1926 298 1957 Vobis
309 1925 434 1962 insuper,
451 1922 569 1952 Tenore
588 1918 786 1953 Prae-sentium,
802 1916 916 1955 plenam
932 1914 1151 1946 Committimus
1170 1911 1231 1944 Po-

167 1963 315 2001 testatem,
333 1971 364 1994 ut
382 1961 578 2001 quoscumque
596 1958 701 1995 L=ge0s
718 1955 848 1994 nostros,
873 1964 922 1993 per
942 1964 1013 1992 quos
1028 1963 1098 1984 vero
1114 1952 1231 1991 Judicio

168 2003 207 2034 de
224 2002 338 2039 alicujus
356 1998 571 2032 Praemissorum
591 1997 707 2027 veritate
744 1994 834 2025 leniris
852 1994 997 2024 informari
1014 1992 1157 2030 poteritis,
1179 2000 1232 2021 co-

170 2051 231 2072 ram
250 2041 332 2073 vobis
351 2047 472 2070 evocare
484 2060 493 2076 ,
514 2035 641 2075 ipsosque
658 2034 693 2065 ad
739 2032 869 2072 orporale
904 2040 1101 2068 uramentum,
1126 2030 1163 2060 de
1181 2039 1232 2060 ve·

169 2081 252 2111 ritate
269 2079 348 2117 super
368 2079 420 2108 hiis
435 2075 575 2113 dicenda,
599 2083 697 2105 coram
716 2072 798 2104 vobis
816 2080 874 2110 prae
902 2070 1005 2101 andum
1020 2093 1030 2108 ,
1053 2068 1232 2111 (Maioribus

169 2118 326 2149 Officiariis
343 2116 441 2154 Regni
459 2114 548 2145 nostri
565 2112 708 2144 dumtaxat
725 2110 866 2148 exceptis)
893 2110 1022 2148 quotiens
1039 2118 1111 2146 opus
1131 2108 1232 2145 fuerit,

170 2159 206 2190 ἃ
220 2158 303 2188 vobis
317 2155 457 2187 videbitur
470 2153 616 2194 expedire,
634 2150 805 2188 compellere
819 2149 852 2180 δε
867 2157 953 2179 artare
968 2145 1089 2186 polinis,

208 2194 247 2227 Et
265 2195 332 2226 ideo
351 2193 442 2225 Vobis
457 2215 467 2231 ‚
492 2193 520 2222 in
538 2191 608 2222 Fide
625 2190 658 2221 ὃς
678 2189 824 2226 Ligeantia
842 2188 944 2224 quibus
963 2185 1063 2217 Nobis
1081 2184 1234 2223 tenemini,

171 2231 304 2269 Firmiter
322 2231 518 2271 Injungendo,
544 2229 715 2260 Mandamus
733 2226 814 2265 quod
831 2227 906 2257 circa
924 2223 1070 2256 Praemissa
1084 2225 1183 2254 omnia
1198 2224 1232 2254 ὃς

169 2271 296 2312 singula,
321 2281 390 2303 cum
408 2269 621 2301 continuatione
640 2267 777 2304 temporis
793 2265 826 2296 &
843 2264 973 2302 dierum,
997 2264 1016 2293 fi
1032 2262 1180 2300 expediens
1198 2264 1232 2293 &

169 2311 282 2342 necesse
300 2311 382 2341 fuerit
400 2310 482 2348 (cum
501 2317 533 2338 ea
550 2315 645 2337 tamen
664 2306 804 2336 celeritate
820 2313 874 2342 qua
893 2302 951 2334 fieri
970 2303 1085 2340 poterit)
1114 2301 1233 2338 diligen-

170 2357 213 2420 ἑῖῐ
229 2348 383 2381 Intendatis
397 2371 408 2388 ,
435 2347 469 2380 ὃς
487 2356 520 2377 ea
538 2344 656 2377 Faciatis
670 2367 680 2383 ,
709 2344 743 2376 ὃς
758 2342 945 2381 Exequamini
962 2342 991 2372 in
1010 2340 1113 2372 Forma
1131 2339 1235 2378 praedi-

202 2399 217 2419 a
233 2398 240 2419 z

211 2426 323 2458 Damus
343 2433 440 2457 autem
460 2420 609 2457 Univerfis
632 2423 666 2455 &
691 2420 803 2462 fingulis
826 2417 1001 2451 Custodibus
1029 2419 1083 2450 sive
1102 2418 1235 2449 Admini-

173 2463 337 2497 stratoribus
356 2465 502 2496 Bonorum
520 2462 642 2502 ejusdem
661 2464 727 2491 Avi
744 2472 777 2491 no
802 2463 844 2498 ri,
869 2468 902 2489 ac
922 2457 1075 2489 officiariis
1093 2458 1126 2488 δε
1144 2456 1235 2487 Mini-

173 2503 235 2534 stris
254 2504 372 2543 nostris,
387 2505 446 2535 tam
465 2502 588 2540 Hospitii
606 2501 712 2538 nostri,
728 2506 815 2537 quam
833 2497 889 2528 aliis
906 2497 1148 2535 quibuscumque,
1173 2495 1235 2525 Te-

175 2553 246 2574 nore
264 2542 446 2574 Praesentium
460 2565 470 2580 ,
495 2540 610 2571 firmiter
631 2541 660 2569 in
678 2537 820 2569 Mandatis
833 2560 843 2574 ,
886 2537 993 2566 uatinus
1015 2534 1104 2565 Vobis
1118 2558 1128 2574 ,
1152 2534 1234 2573 Qa-

171 2581 333 2613 tuordecirn
349 2606 358 2620 ,
379 2580 545 2611 Tresdecim
559 2601 570 2618 ,
597 2577 763 2609 Duodecim
779 2598 789 2614 ,
812 2575 866 2606 Un
888 2575 962 2604 ecim
979 2598 988 2611 ,
1014 2573 1142 2612 Decem,
1166 2574 1235 2603 No-

172 2629 243 2652 vem
257 2644 266 2659 ,
290 2620 371 2651 Orfito
387 2642 396 2657 ,
419 2619 535 2656 Septem
548 2641 559 2655 ,
585 2617 656 2655 Sex,
681 2617 713 2647 ὅ(
731 2615 870 2653 Qinque
889 2610 1017 2643 vestrum
1038 2615 1179 2650 (quorum
1200 2612 1236 2642 de

173 2660 303 2696 quolibet
321 2658 421 2689 Gradu
441 2659 474 2688 ὃ(
493 2657 570 2687 Statu
587 2665 676 2686 unum
696 2653 829 2685 Interesse
849 2651 999 2690 volumus,
1017 2661 1047 2681 ut
1066 2651 1234 2689 praedit‘tum

173 2696 226 2734 est)
245 2698 276 2727 in
294 2695 445 2727 Praemiffis
464 2696 598 2726 omnibus
617 2695 650 2726 &
666 2693 776 2732 singulis
793 2690 924 2722 faciendis
943 2691 976 2721 &
996 2689 1183 2728 exequendis,
1201 2687 1236 2717 ad

176 2733 349 2804 ¹Mandatum
367 2734 493 2768 vestrum
509 2757 520 2772 ,
543 2732 724 2764 Intendentes
741 2731 792 2761 sint
804 2752 814 2769 ,
842 2728 1071 2767 Respondentes‚
1096 2728 1129 2758 ὃς
1149 2727 1237 2757 Auxi-

187 2782 272 2803 rantes

215 2811 262 2842 Ac
280 2796 389 2849 insuper
407 2810 483 2841 dieta
502 2810 620 2848 Libros,
641 2807 783 2846 Rotulos‚
807 2805 973 2845 compota,
996 2806 1030 2837 &
1046 2805 1096 2835 alia
1118 2803 1238 2834 Memo-

178 2850 280 2887 randa,
306 2849 447 2888 praemiffa
465 2849 709 2887 qualitercumque
725 2846 940 2882 concernentia,
963 2845 1046 2874 vobis
1063 2843 1138 2874 clare
1154 2852 1239 2872 mon-

178 2888 254 2919 strari
272 2887 375 2919 faciant
390 2888 423 2918 &
441 2888 551 2926 aperte,
570 2887 627 2916 sine
644 2883 810 2916 difficultate
825 2892 1020 2921 quacumque,
1039 2883 1169 2920 quotiens
1180 2880 1240 2919 ipsi,

177 2927 223 2957 vel
241 2936 342 2957 eorum
360 2925 455 2964 aliquis
471 2949 481 2965 ,
505 2936 555 2964 per
574 2925 634 2956 Vos
648 2949 658 2963 ,
684 2924 731 2954 vel
746 2923 869 2960 aliquem
887 2920 1022 2952 Vestrum
1038 2943 1048 2960 ,
1078 2920 1158 2960 super
1181 2919 1240 2951 hoc

177 2965 359 3035 fuirint2vel
378 2965 483 3035 gerit,
500 2964 621 3003 requifiti
638 2971 672 2994 ex
689 2970 765 3002 parte
783 2960 886 2992 nostra.

228 3013 247 3034 n
267 3014 303 3034 cu
315 3014 345 3033 us
412 3013 439 3033 c.

251 3013 342 3074 Teike
352 3028 441 3080 ’Rege
453 3040 527 3080 apud
541 3038 830 3073 Westmonasterium
839 3063 849 3078 ,
867 3038 992 3070 secundo
1005 3037 1051 3069 die
1066 3036 1147 3069 Maii,

346 3121 400 3149 Per
413 3119 494 3160 ipsum
507 3121 604 3158 Regem
619 3116 657 3154 ὠ
669 3116 822 3149 Concilium.
860 3119 895 3147 In
905 3114 982 3156 pleno
995 3114 1188 3146 Parliamento.

180 3263 230 3297 De
254 3264 393 3304 Statum,
413 3270 469 3307 pro
495 3259 620 3297 Urbano
642 3265 744 3308 Papa,
770 3265 802 3295 in
827 3264 1021 3309 Aquitania,
1046 3259 1239 3307 obftrvando.

182 3346 313 3404 REX,
331 3345 482 3377 Univerfis
499 3346 532 3378 &
549 3345 658 3386 fingulis
677 3345 919 3385 Archiepiscopis,
937 3347 1099 3385 Episcopis,
1119 3346 1240 3377 Abbati-

249 3387 324 3428 'bus,
343 3385 486 3416 Prioribus
523 3384 753 3422 Archidiaconis,
769 3384 946 3422 Comitibus,
964 3385 1134 3422 BatonibuS,
1152 3385 1241 3415 Sene-

181 3423 284 3467 scallis,
300 3424 463 3462 judicibus,
482 3408 656 3463 Praepolitis,
675 3422 802 3461 Ballivis,
823 3421 979 3460 Ministris,
998 3425 1030 3454 &
1045 3424 1180 3453 omnibus
1194 3423 1240 3452 Fi-

182 3462 305 3500 delibus,
321 3463 354 3493 &
370 3461 510 3500 Subditis,
527 3472 560 3492 ac
576 3462 669 3501 Ligeia
682 3461 801 3497 nostris,
818 3462 845 3490 in
860 3461 1012 3500 Vasconia,
1030 3462 1089 3492 tam
1103 3461 1172 3491 infra
1187 3461 1238 3492 Li—

181 3502 321 3544 bertates,
335 3501 422 3538 quam
437 3509 528 3538 extra,
545 3499 580 3530 ad
594 3511 682 3538 quos,
700 3500 760 3530 &c.
780 3500 912 3530 Salutem.

218 3538 298 3584 Cum
315 3549 344 3568 in
360 3539 486 3578 Statuto,
504 3538 578 3577 apud
592 3538 804 3570 Gloucestriam
817 3549 907 3576 nuper
918 3539 1012 3578 edito,
1031 3539 1102 3569 inter
1122 3546 1239 3577 caetera,

182 3587 358 3609 contineatur
372 3577 470 3615 quod,

220 3617 280 3647 Pro
299 3626 359 3660 eo,
369 3616 447 3654 quod
465 3615 669 3654 intelleximus,
684 3617 743 3646 tam
760 3625 809 3654 per
828 3616 933 3647 Literas
951 3616 1095 3653 Parentes,
1115 3623 1185 3646 tunc
1204 3615 1240 3645 de

180 3654 278 3686 Novo
295 3663 439 3685 venientes
457 3654 494 3684 de
511 3657 592 3684 certis
611 3654 804 3685 Cardinalibus
820 3655 1031 3685 Rebellantibus
1047 3654 1239 3690 contra,San-

180 3693 337 3725 C'tisfimum
356 3692 468 3723 Patrem
488 3692 617 3722 nostrum
634 3717 643 3730 ,
668 3693 807 3722 Urbanum
826 3694 916 3723 modo
936 3696 1056 3731 Papam,
1081 3693 1167 3730 quam
1184 3692 1240 3722 3110

181 3733 272 3775 niodo
287 3755 296 3770 ,
330 3742 378 3769 per
397 3731 544 3763 Publicam
563 3731 679 3761 Famam
696 3754 706 3768 ‚
733 3731 813 3769 quod
832 3731 943 3761 Divisio
963 3733 996 3761 δε
1018 3731 1167 3761 Discordia
1183 3740 1240 3761 erat

179 3779 254 3800 mter
270 3771 380 3801 di&um
398 3769 606 3800 Sanctiffimum
625 3768 737 3799 Patrem
757 3769 886 3799 nostrum
905 3771 938 3800 ὃς
954 3768 1131 3806 Cardinales,
1151 3770 1198 3805 qui
1215 3769 1241 3799 se

182 3809 356 3839 conabantur
383 3819 435 3846 pro
456 3817 519 3838 toto
546 3807 632 3837 Poffe
657 3808 707 3838 suo
733 3807 889 3845 Deponere
913 3807 1025 3837 dictum
1044 3807 1241 3846 Sanfflffimum

181 3848 295 3875 Patrem
312 3847 439 3877 nostrum
458 3846 494 3876 de
512 3846 589 3876 Statu
609 3845 711 3886 Papae,
730 3847 763 3876 δε
781 3846 815 3875 ad
834 3845 1013 3876 excitandum
1029 3846 1063 3876 &
1081 3855 1242 3876 comoven-

181 3884 271 3921 dum,
289 3894 338 3928 per
351 3885 547 3924 Suggestiones
558 3885 614 3915 suas
630 3884 770 3922 proprias,
790 3883 836 3913 Re
856 3894 900 3922 es,
920 3883 1082 3921 Principes,
1099 3885 1131 3914 &
1146 3884 1243 3921 Popu-

181 3922 242 3965 lum
264 3919 456 3954 Christianum
474 3933 573 3955 contra
594 3923 703 3953 ditf'tum
726 3924 921 3961 Sam‘ltyzmum
941 3925 1070 3960 Patrem,
1090 3923 1119 3951 in
1139 3922 1241 3961 grande

182 3960 338 4003 periculum
354 3961 521 4004 Animarum
534 3963 660 3999 suarum,
678 3961 711 3991 &
725 3960 832 3990 malum
849 3960 1037 3998 Exemplum,

223 3997 325 4028 Dietas
343 3998 447 4029 Literas
461 4000 609 4031 monstrari
631 4001 778 4030 fecerimus
800 3998 940 4038 praelatis,
958 3998 1110 4037 Dominis,
1129 4000 1162 4030 &
1183 3999 1241 4029 aliis

184 4035 237 4107 ἓξὲξ
256 4038 365 4105 gagg?
386 4037 419 4067 &
438 4036 538 4070 Peritis
558 4039 656 4079 Regni
677 4038 781 4077 nostri,
797 4038 827 4068 in
846 4037 926 4070 dieto
938 4037 1127 4069 Parliamento
1141 4037 1240 4069 nostro

273 4086 290 4105 n
355 4085 384 4112 s,

220 4117 294 4146 Tem.
310 4116 368 4144 ιιι.
386 4115 421 4144 Ρ.
438 4115 498 4151 mx

1257 374 1395 404 notabiles
1410 373 1564 411 Rationes,
1581 373 1687 403 ibidem
1702 373 1849 403 declaratas
1859 395 1867 409 ,
1886 373 1915 401 in
1930 371 2013 408 pleno
2055 370 2236 405 arliamento,
2252 368 2313 397 tam

1259 423 1308 450 per
1324 410 1474 442 Materiam
1489 420 1665 449 compertam
1678 412 1706 440 in
1720 411 1802 441 diciis
1817 410 2028 447 Literis,qtnm
2044 409 2099 438 alio
2114 404 2312 444 modo,quod

1259 450 1351 481 dietus
1369 450 1495 479 Urbanus
1515 459 1571 479 erat
1591 449 1688 479 debite
1708 448 1818 478 Elec‘i‘us
1840 452 1868 477 in
1889 450 1993 485 Papam
2007 471 2016 484 ,
2033 447 2066 476 ὃς
2082 446 2160 483 quod
2175 446 2212 475 ita
2225 442 2266 474 est
2278 443 2311 473 &

1260 489 1345 519 debet
1366 488 1425 519 effe
1445 498 1527 517 verus
1546 489 1623 525 Papa
1639 511 1647 524 ,
1671 497 1704 516 ae
1724 488 1813 524 ipsum
1834 494 1865 515 ut
1885 486 1989 524 Papam
2009 485 2028 504 ³*
2048 485 2081 515 &
2096 487 2183 521 Caput
2200 482 2313 513 Santstae
2336 488 2351 503 ⁴
2368 488 2437 514 VII.

1259 526 1395 558 Ecclesiae
1409 526 1493 556 debet
1508 526 1623 563 quilibet
1636 534 1783 562 acceptare
1798 526 1830 556 ὃς
1844 525 1869 555 ei
1884 524 2015 560 obedire„
2033 523 2065 553 ὃς
2079 523 2114 552 ad
2129 521 2197 552 illud
2209 521 2314 564 facien-
2339 534 2353 551 2
2357 534 2403 562 53,

1258 566 1328 596 dum
1341 563 1553 595 concordarunt
1566 573 1667 593 omnes
1677 562 1807 602 Praelati,
1821 563 1962 600 Domini,
1989 563 2023 593 ὃς
2038 559 2271 591 Communitates
2286 568 2316 588 in

1257 604 1447 635 Parliamento
1462 601 1615 639 praedi&o‚

1296 642 1341 672 Ac
1355 642 1464 678 insuper
1476 639 1606 671 extitisset
1615 637 1833 670 Concordatum
1847 638 1928 676 qnod
1942 639 2040 668 omnia
2053 636 2192 668 Beneficia
2207 637 2240 667 δε
2255 635 2318 666 aliae

1259 679 1449 710 Poffeffiones
1465 701 1474 716 ‚
1501 688 1566 715 quae
1583 677 1651 707 dicii
1666 677 1827 708 Cardinales
1841 677 2037 713 Rebellantes,
2055 679 2089 708 Sc
2105 684 2206 708 omnes
2221 675 2265 704 alii
2276 672 2316 704 sui

1261 718 1448 755 Coadjutores
1464 740 1473 755 ,
1497 717 1631 747 Fautores
1646 738 1655 753 ,
1678 717 1712 746 δε
1739 716 1924 746 Adbaerentes
1939 737 1948 752 ,
1973 716 2018 744 vel
2036 715 2120 752 aliqui
2139 713 2183 744 alii
2201 711 2317 742 Inimici

1260 756 1350 786 nostri
1368 766 1400 785 ac
1420 756 1515 793 Regni
1532 754 1621 785 nostri
1636 777 1645 791 ,
1663 754 1768 784 habent
1785 755 1854 783 infra
1872 751 2047 783 potestatem
2063 752 2207 789 nostram,
2226 747 2316 780 essent

1259 795 1355 825 Seiiita
1379 795 1408 823 in
1434 794 1539 823 Manus
1556 792 1664 823 nostras
1676 815 1685 828 ,
1710 793 1744 823 ὃς
1763 792 1842 830 quod
1863 791 1960 821 Nobis
1978 791 2173 828 respondeatur
2191 791 2226 819 de
2245 788 2316 818 Fru-

1258 834 1361 863 Ciubus
1379 833 1413 863 &
1432 830 1587 868 Proficuis,
1604 831 1641 860 de
1657 830 1740 860 dietis
1756 829 1900 861 Beneficiis
1917 829 1949 859 &
1968 828 2188 859 Poiseffionibus
2202 852 2210 865 ,
2236 835 2316 858 tanto

1257 874 1388 941 {etmpore
1411 879 1520 909 quanto
1543 870 1573 899 in
1600 869 1728 899 manibus
1753 869 1854 899 nostris
1871 876 2032 898 remaneant
2050 875 2084 897 ex
2102 867 2180 897 causa
2197 865 2318 903 supradi-

1288 920 1303 940 a

1300 934 1345 979 Ᾰσ
1371 947 1454 983 etiam
1481 945 1574 977 fuisiet
1597 943 1770 976 Ordinatum
1792 943 1872 983 quod
1923 942 1943 974 si
1960 943 2056 981 aliquis
2082 941 2187 982 Ligeris
2205 941 2320 980 noster,

1260 987 1332 1017 infra
1358 985 1529 1016 Potestatem
1556 983 1703 1021 nostram,
1730 985 1861 1021 impetret
1912 982 2083 1012 rovisionem
2098 1004 2108 1019 ,
2138 982 2184 1011 vel
2210 979 2321 1010 Benefi-

1262 1027 1359 1062 cium,
1377 1025 1421 1055 vel
1433 1025 1514 1053 aliam
1531 1022 1660 1054 Gratiam
1677 1022 1713 1052 de'
1727 1021 1821 1060 aliquo
1834 1022 1903 1058 alio,
1923 1030 1971 1058 per
1986 1022 2091 1050 Nomen
2110 1020 2209 1057 Papae,
2229 1020 2318 1056 quam

1262 1065 1298 1094 de
1318 1063 1399 1094 dieto
1414 1061 1579 1101 Sanfi‘zffimo'
1595 1063 1681 1090 Patre
1699 1059 1798 1091 nostro
1816 1059 1926 1089 Urbano
1966 1059 2010 1090 vel
2026 1058 2057 1089 sit
2073 1058 2220 1088 Obediens
2238 1056 2321 1086 alicui

1262 1102 1340 1134 alteri
1360 1101 1490 1132 Personae
1507 1108 1539 1129 ut
1559 1098 1706 1138 Papae,rs1t
1722 1098 1826 1136 positus
1844 1106 1918 1128 extra
1939 1081 2153 1127 ProteAEtionem
2176 1095 2322 1132 nostram,

1263 1150 1297 1172 ac
1316 1140 1394 1172 Bona
1413 1142 1445 1170 &
1464 1139 1569 1170 Catalla
1587 1139 1631 1168 sua
1650 1137 1761 1175 Seifita,
1779 1146 1913 1176 tanquam
1931 1135 2099 1173 Forisfaeta,
2117 1143 2201 1172 prout
2215 1135 2245 1164 in
2260 1133 2322 1164 Sta-

1264 1189 1328 1212 tuto
1346 1178 1482 1216 praediSto
1502 1177 1608 1215 plenitis
1627 1177 1805 1212 continetur,

1299 1217 1441 1257 Jamque,
1457 1215 1633 1246 Venerabilis
1647 1215 1743 1252 Pater,
1762 1215 1788 1244 E
1806 1213 1901 1253 iscopus
1917 1215 2020 1252 Aquen
2031 1224 2052 1242 15
2070 1213 2099 1245 in
2118 1210 2255 1241 Vasconia
2268 1219 2323 1240 no-

1264 1257 1307 1287 bis
1325 1256 1495 1287 intimaverit
1512 1264 1542 1285 ut
1556 1279 1564 1293 ,
1590 1254 1620 1284 in
1638 1252 1762 1284 Civitate
1807 1252 1902 1291 quensi
1917 1274 1926 1290 ,
1946 1254 1978 1283 &
1996 1252 2053 1281 aiis
2070 1250 2156 1281 Locis
2172 1248 2324 1279 Obedien-

1264 1296 1310 1326 tiae
1328 1297 1362 1327 &
1381 1293 1512 1325 Dominii
1531 1292 1694 1334 nostrorum
1713 1292 1889 1329 Aquitaniae,
1905 1289 2020 1330 grandes
2036 1289 2192 1320 Discordiae
2204 1288 2237 1318 &
2254 1286 2324 1317 Dis-

1265 1334 1402 1364 senfiones
1415 1356 1425 1370 ,
1450 1332 1527 1369 super
1544 1331 1641 1370 Scisma
1660 1333 1812 1398 Antipalgae
1825 1352 1834 1368 ,
1852 1329 1903 1360 fint
1916 1338 2040 1365 exortae,
2058 1330 2087 1358 in
2104 1336 2188 1367 grave
2209 1325 2323 1363 Darnp-

1266 1382 1336 1402 num
1352 1373 1385 1402 &
1403 1371 1566 1402 Periculum
1586 1369 1746 1400 inmensum
1790 1369 1891 1399 artium
1908 1367 2017 1397 illarum
2034 1390 2043 1405 ,
2068 1367 2101 1397 &
2122 1366 2224 1404 majora
2244 1363 2324 1394 Peri-

1265 1411 1326 1441 cula
1344 1411 1378 1441 &
1396 1409 1528 1447 Dampna
1543 1410 1655 1439 evenire
1670 1405 1858 1438 formidantur
1870 1430 1881 1445 ,
1906 1406 1958 1437 nisi
1975 1406 2011 1436 de
2029 1414 2160 1445 congruo
2178 1402 2325 1433 Remedio

1264 1449 1381 1518 celffiitis
1399 1449 1427 1478 in
1444 1456 1475 1478 ea
1494 1455 1571 1485 parte
1590 1446 1671 1478 fuerit
1688 1445 1851 1486 provisum,

1343 1497 1374 1517 os

1305 1511 1478 1565 Huju'smodi
1497 1523 1659 1554 Discordias
1679 1524 1713 1554 <Sc
1738 1521 1931 1552 Dissensiones
1952 1521 2045 1552 sedare
2057 1543 2067 1558 ,
2085 1521 2118 1552 δε
2137 1518 2272 1557 Dampna
2291 1517 2327 1549 &t

1269 1563 1398 1596 Pericula
1425 1564 1528 1594 evitare
1546 1561 1672 1592 voientes
1686 1584 1695 1599 ‚
1720 1571 1753 1591 ac
1770 1562 1871 1591 Omnes
1889 1559 2022 1590 Subditos
2041 1560 2074 1589 &
2095 1559 2198 1597 Ligeos
2214 1557 2328 1587 nostros

1269 1606 1298 1635 in
1319 1602 1526 1648 Uniformitate
1544 1600 1624 1631 Fidei
1643 1598 1830 1637 Christianae,
1850 1607 1988 1636 quantum
2006 1600 2036 1628 in
2054 1597 2138 1627 nobis
2155 1595 2195 1626 est
2207 1617 2218 1634 2
2235 1596 2330 1626 obser-

1268 1653 1326 1675 vari
1345 1653 1380 1673 cu
1405 1650 1488 1671 ientes

1307 1652 1457 1712 Tengrem
1472 1663 1568 1710 St’atuti
1583 1676 1709 1716 praediffi
1723 1676 1825 1714 vobis,
1844 1675 1877 1706 δε
1890 1675 2026 1706 omnibus
2041 1672 2221 1710 Subditis,ac
2236 1670 2330 1711 Ligeia

1271 1720 1374 1751 nostris
1388 1718 1513 1749 Partium
1529 1717 1657 1754 illarum,
1675 1714 1860 1755 significamus
1873 1723 1920 1752 per
1935 1712 2102 1749 Praesentes,

1308 1758 1476 1790 Exorrantes
1499 1755 1615 1786 firmiter
1634 1755 1715 1792 quod
1733 1754 1822 1792 ipsum
1843 1752 2055 1783 Sanetiffimum
2077 1750 2189 1781 Patrem
2205 1773 2214 1785 ,
2239 1747 2331 1777 Urba-

1270 1808 1351 1835 num,
1369 1803 1401 1825 ut
1417 1795 1520 1833 Papam
1536 1795 1568 1824 &
1585 1797 1671 1832 Caput
1683 1794 1767 1823 totius
1782 1792 1893 1822 Sanetae
1908 1789 2061 1828 Ecclesiae,
2073 1789 2240 1827 acceptetis,
2259 1787 2292 1817 &
2307 1787 2334 1817 ei

1272 1836 1446 1867 obedientes
1460 1835 1493 1865 &
1508 1832 1686 1862 Intendentes
1700 1831 1753 1861 sitis
1767 1832 1795 1860 in
1808 1829 1902 1859 forma
1914 1829 2045 1866 praedid'ca
2054 1851 2064 1867 ‚

1309 1873 1471 1905 Inhibentes
1484 1871 1594 1909 insuper
1609 1870 1743 1900 omnibus
1757 1868 1879 1899 Subditis
1895 1869 1928 1898 &
1946 1866 2042 1904 Ligeis
2064 1865 2183 1903 nostris,
2200 1866 2228 1895 in
2249 1865 2334 1902 parti-

1271 1914 1323 1945 bus
1337 1911 1490 1953 praedietis,
1509 1911 1546 1940 ne
1564 1909 1638 1946 Quis
1652 1917 1751 1938 eorum
1767 1908 1896 1944 impetret
1909 1905 2123 1942 Provisionem,
2142 1902 2334 1942 Beneficium,

1272 1953 1318 1983 vel
1340 1952 1419 1982 aliam
1442 1949 1571 1979 Gratiam
1589 1948 1624 1977 de
1638 1947 1671 1977 ali
1694 1957 1733 1976 uo
1746 1945 1817 1984 alio,
1836 1953 1885 1983 per
1900 1945 2006 1973 Nomen
2023 1945 2122 1981 Papae,
2140 1943 2225 1980 quam
2240 1943 2277 1972 de
2290 1942 2334 1972 di·-

1272 1992 1323 2022 &0
1341 1987 1522 2021 sanctissimo
1540 1986 1621 2017 Patre
1633 1995 1672 2015 no
1701 1995 1732 2015 ro
1745 1983 1872 2020 Urbano,
1891 1983 1937 2012 vel
1952 1983 1983 2013 lit
1998 1981 2146 2012 Obediens
2160 1981 2242 2012 alicui
2254 1979 2334 2012 alteri

1273 2029 1424 2066 Personae,
1442 2035 1472 2057 ut
1486 2028 1585 2064 Papae,
1602 2024 1654 2055 sub
1668 2022 1767 2055 Pcenis
1779 2021 1933 2053 antedietis.
1972 2046 1976 2049 .

1311 2067 1345 2099 In
1363 2067 1440 2104 cujus
1477 2065 1537 2095 &c.

1347 2105 1438 2138 Teste
1449 2088 1535 2141 kege
1545 2100 1618 2141 apud
1632 2097 1920 2132 westmonasterium
1929 2122 1939 2138 ,
1955 2106 2054 2137 quarto
2066 2097 2113 2128 die
2127 2094 2211 2127 Maii.

1378 2234 1438 2266 Pro
1456 2228 1613 2264 Cardinali
1628 2227 1829 2268 d'Alenceon,
1853 2221 2076 2258 Archidiacona
2091 2224 2224 2257 Exoniae.

1275 2315 1389 2376 REX
1405 2310 1566 2353 Omnibus,
1585 2308 1621 2345 ad
1633 2322 1721 2353 quos,
1739 2311 1800 2343 &c.
1819 2307 1952 2341 Salutem.

1368 2356 1466 2386 Sciatis
1477 2354 1556 2393 quod
1566 2376 1576 2392 ‚

1275 2549 1309 2580 &
1326 2548 1431 2588 Regno
1446 2548 1562 2584 nostro,
1581 2556 1664 2586 prout
1679 2545 1761 2576 nobis
1775 2540 1891 2573 fideliter
1906 2541 1945 2572 est
1960 2540 2174 2580 Testificatum,

1313 2587 1513 2617 Conceffimus
1535 2587 1567 2618 δε
1594 2585 1751 2615 Licentiam
1773 2582 1901 2612 dedimus
1925 2580 2151 2618 quibuscumque
2173 2579 2315 2611 fidelibus
2329 2602 2341 2620 ,

1276 2625 1372 2664 Ligeis
1388 2629 1420 2657 ὅ(
1437 2624 1646 2655 Obedientibus
1660 2621 1777 2658 nostris,
1795 2621 1831 2650 de
1846 2618 1954 2656 Regno
1968 2618 2067 2648 nostro
2083 2617 2216 2657 Angli-ae,
2234 2620 2267 2650 ὃς
2289 2630 2339 2650 eo-

1276 2674 1339 2694 rum
1363 2665 1496 2700 cuilibet,
1518 2663 1598 2700 quod
1621 2662 1669 2699 ipsi
1689 2660 1892 2690 Procuratores
1911 2656 1982 2687 dieti
2005 2657 2160 2686 cardinalis
2182 2658 2211 2687 in
2235 2658 2341 2697 Regno

1277 2702 1395 2740 nostro,
1407 2704 1440 2734 ὃ(
1457 2702 1582 2732 Firmarii
1597 2702 1629 2732 ὃς
1648 2698 1776 2730 Ministri
1790 2697 1829 2727 sui
1843 2693 2097 2726 Archidiaconatfis
2113 2695 2339 2734 Exoniaesquem

1279 2741 1407 2778 praefatus
1428 2739 1583 2771 Cardinalis
1602 2740 1630 2768 in
1654 2737 1760 2776 Regno
1780 2734 1879 2777 nostro
1899 2733 2036 2772 praedicio
2057 2733 2190 2773 possidet)
2213 2736 2270 2765 eiie
2291 2745 2341 2766 va-

1278 2780 1370 2818 leant,
1388 2781 1421 2811 &c
1443 2780 1535 2809 eidem
1555 2776 1695 2808 cardinali
1712 2774 1791 2813 quod
1807 2775 1862 2811 ipie
1878 2772 2010 2803 Proficua
2024 2772 2097 2802 dicti
2110 2773 2339 2803 Archidiacona—

1278 2816 1342 2856 tfis,
1362 2828 1410 2856 per
1425 2828 1522 2849 manus
1536 2816 1679 2846 dieiorum
1695 2814 1932 2849 procuratorum,
1953 2811 2172 2848 Firmanorum,
2191 2812 2223 2842 &
2246 2811 2340 2841 Mini-

1279 2857 1404 2887 strorum
1427 2857 1540 2887 suorum
1557 2877 1567 2892 ,
1592 2856 1717 2891 recipere
1739 2852 1841 2889 poterit
1860 2850 1917 2879 {ine
1941 2847 2125 2889 Impetitione
2146 2849 2238 2879 nestra
2252 2871 2263 2887 ,
2293 2847 2339 2880 vel

1278 2895 1439 2926 Haeredum
1462 2894 1642 2929 nostrorum,
1657 2900 1704 2921 aut
1725 2888 1927 2920 Ministrorum
1947 2891 2110 2917 nostrorum
2130 2897 2339 2924 quorumcum-

1280 2944 1335 2972 que
1349 2959 1358 2973 ,
1386 2933 1506 2965 Tenore
1525 2931 1708 2963 Praesentium
1722 2950 1733 2967 ,
1758 2927 1880 2958 similiter
1902 2925 2062 2956 Licentiam
2084 2923 2213 2956 dedimus
2233 2925 2337 2965 specia-

1279 2973 1345 3004 lem.

1317 3011 1350 3042 In
1365 3012 1457 3050 cujus,
1478 3010 1537 3041 &c.

1325 3049 1416 3082 Teste
1429 3049 1515 3088 Rege
1530 3045 1604 3086 apud
1616 3042 1927 3082 westmonasterium,
1944 3037 2082 3075 vicefimo
2096 3043 2180 3074 tertio
2193 3040 2239 3073 die
2253 3038 2336 3074 Maii.

1754 3123 1809 3152 Per
1824 3122 1918 3150 Breve
1932 3119 1964 3149 de
1977 3120 2096 3149 Privato
2109 3116 2207 3156 sigillo.

1328 3260 1377 3293 De
1395 3253 1535 3299 potestate
1547 3249 1715 3286 Trafzandi
1729 3261 1797 3283 cum
1816 3251 1891 3296 Rege
1908 3249 1945 3285 ὠ·
1965 3248 2079 3293 Regina
2096 3243 2280 3289 Porttagaliae.

1281 3342 1399 3402 REX
1417 3339 1578 3376 Omnibus,
1596 3337 1631 3368 ad
1646 3346 1736 3375 quos,
1755 3335 1815 3366 ὅτε.
1837 3333 1972 3364 Salutem.
2264 3366 2271 3373 .

1378 3381 1459 3412 Ctim
1474 3388 1526 3416 pro
1540 3378 1620 3407 certis
1635 3375 1806 3412 Alligantiis,
1825 3372 1984 3408 AmicitiiS,
2001 3370 2034 3401 &
2050 3367 2165 3400 Auxiliis
2181 3375 2302 3405 mutuis,

1317 3419 1394 3451 Inter
1438 3414 1626 3455 Magnificum
1648 3414 1813 3451 Principem
1829 3435 1838 3448 ,
1857 3410 2021 3440 Dominum
2036 3406 2206 3437 seruandum
2239 3406 2335 3443 Regem

1279 3443 1458 3497 Portugassae,
1478 3451 1498 3475 *ἕ
1516 3452 1770 3491 Consanguineum
1786 3449 1914 3480 nostrum
1928 3445 2122 3488 cariffimum,

1278 3498 1438 3528 Dominam
1466 3496 1639 3529 Lemurum,
1664 3493 1794 3527 Reginam
1821 3484 1984 3523 portugalia
2000 3507 2011 3523 ,
2036 3483 2211 3527 Consorteni
2234 3484 2310 3513 suam
2324 3506 2335 3522 ,

1278 3536 1522 3575 Consanguineam
1537 3530 1663 3561 nostram
1675 3527 1860 3563 carissimam,
1880 3533 1930 3562 pro
1943 3523 1995 3559 Se,
2014 3522 2228 3566 &qHaeredibus
2238 3521 2334 3561 ,Reg-

1277 3577 1320 3605 nis
1355 3575 1471 3609 Terris,
1490 3571 1654 3607 Dominiis,
1674 3567 1815 3602 Subditis,
1833 3564 1865 3594 δε
1882 3561 2006 3593 Vaffallis
2019 3564 2071 3592 (uis
2094 3561 2336 3599 quibuscumque,

1279 3623 1312 3644 ex
1327 3598 1410 3643 Parte
1422 3621 1491 3648 una,
1509 3609 1541 3639 δε
1558 3607 1627 3638 Nos
1641 3617 1693 3645 pro
1711 3604 1809 3635 Nobis
1846 3602 1878 3632 &
1894 3600 2064 3630 Haeredibus
2080 3599 2198 3636 nostris,
2217 3599 2336 3638 Regma,

1279 3652 1392 3689 Terris,
1411 3648 1570 3684 Dominus,
1590 3646 1728 3682 Subditis,
1746 3643 1779 3673 &

1278 3690 1359 3721 Parte
1374 3688 1458 3720 altera
1472 3685 1615 3722 ineundis,
2179 3715 2183 3720 Ι
2198 3714 2203 3720 ’

1318 3729 1464 3758 Dilectum
1486 3725 1566 3753 nobis
1579 3745 1588 3760 ,
1614 3720 1774 3760 Johannem
1793 3716 1932 3747 Fernandi
1954 3715 1987 3745 de
2008 3715 2121 3745 Andero
2137 3712 2285 3753 Militem,
2301 3713 2339 3745 de

1280 3768 1380 3798 nostris
1391 3765 1546 3795 intentione
1559 3762 1592 3792 &
1608 3760 1753 3790 voluntate
1767 3758 1795 3786 in
1809 3757 1861 3786 hac
1876 3765 1951 3793 parte
1967 3753 2075 3792 plenifis
2089 3753 2293 3791 informatum,

1318 3801 1407 3836 Prout
1424 3805 1452 3832 in
1471 3800 1634 3838 quibusdam
1653 3796 1802 3832 Articulis,
1821 3794 1913 3824 eidem
1927 3792 2072 3832 Johanni,
2091 3793 2117 3820 in
2134 3790 2268 3830 Scriptis,
2285 3790 2338 3823 sub

1279 3843 1396 3874 Privato
1411 3841 1508 3877 Sigillo
1524 3837 1640 3875 nostro,
1658 3835 1779 3870 traditis,
1794 3834 1868 3863 clare
1882 3833 1985 3869 liquet,

1319 3881 1364 3913 Ad
1378 3879 1548 3918 praesentiam
1563 3876 1709 3906 dictorum
1725 3872 1816 3910 Regis
1828 3872 1860 3902 ὅ(
1874 3868 1999 3908 Reginae
2012 3867 2171 3899 duxerimus
2179 3866 2338 3899 Transmit-

1280 3920 1398 3953 tendum
1407 3941 1417 3957 ‚

1316 3958 1509 4027 ggsffdclitate
1522 3992 1555 4023 Sc
1569 3988 1825 4027 circumspectione
1838 3984 1944 4025 praefiiti
1955 3982 2097 4022 Johannis
2110 3982 2298 4021 confidentes,

1316 4035 1417 4066 Eidem
1439 4031 1570 4071 Johanni
1582 4030 1617 4059 ad
1630 4026 1827 4059 Tractandum
1840 4026 1873 4055 &
1890 4022 2135 4054 Concordandum
2149 4032 2217 4054 curn
2235 4019 2336 4059 praedi-

1277 4074 1348 4112 ἂιε,
1365 4076 1432 4110 Rege
1445 4071 1479 4103 &
1498 4071 1601 4106 Regina
1617 4082 1630 4105 2,
1646 4068 1679 4099 &
1692 4074 1804 4133 eorurxn1
1810 4062 1966 4132 (ἐουεϋίο,
1982 4060 2019 4093 de
2034 4061 2192 4101 hujusmodi
2206 4061 2337 4128 Alligagfi

2359 2302 2436 2336 Ann.
2445 2303 2489 2335 D.

2377 2343 2466 2383 1380.

1313 2394 1371 2425 Pro
1386 2395 1462 2424 bona
1477 2393 1631 2424 affefflone
1646 2400 1730 2430 quam
1747 2387 1837 2419 versus
1857 2385 2029 2425 Personam,
2045 2384 2283 2418 Reverendiffirni
2305 2388 2335 2419 in
2354 2387 2405 2411 An.
2426 2392 2452 2419 3·

1275 2432 1392 2463 Christo
1412 2432 1519 2469 Patris,
1537 2431 1692 2461 cardinalis
1712 2428 1894 2466 d'Alenceon,
1920 2433 1954 2456 ex
1976 2425 2054 2456 causa
2074 2426 2152 2464 quod
2174 2426 2231 2464 ipse
2251 2425 2335 2457 Con·
2354 2426 2383 2450 R.
2401 2432 2428 2449 2·

1274 2472 1439 2509 sanguineus
1457 2470 1554 2501 noster
1574 2469 1678 2505 existit,
1700 2468 1824 2506 gerimus
1843 2467 1876 2497 &
1899 2466 2052 2502 habemus,
2072 2466 2105 2495 &
2124 2474 2178 2502 pro
2191 2463 2337 2495 Affeetio-
2356 2465 2413 2488 Pat-
2436 2469 2463 2497 3-

1274 2520 1310 2540 ne
1332 2511 1424 2549 bonai,
1442 2519 1527 2549 quam
1550 2509 1606 2547 ipse
1626 2508 1708 2538 nobis
1728 2505 1913 2541 monstravit,
1931 2502 1964 2534 ὃ(
1980 2503 2073 2533 indies
2081 2503 2221 2534 monstrat
2235 2501 2337 2534 Nobis
2357 2503 2376 2526 R
2395 2506 2490 2536 2⁴P·3·

2359 2547 2396 2566 m·
2415 2546 2460 2564 10.

2357 3318 2434 3350 Ann.
2448 3315 2491 3353 Ι),>

2378 3358 2463 3398 1380.

2356 3401 2409 3424 Aa.
2425 3406 2453 3434 3.

2137 3447 2188 3483 &,
2205 3430 2333 3475 Inclitam
2354 3440 2383 3462 R.
2401 3445 2429 3463 ²·

2356 3477 2442 3501 Franc.
2461 3476 2492 3511 32

2354 3516 2463 3541 R.2.m.

2362 3594 2371 3604 '‘
2395 3586 2463 3618 VII-

1794 3625 1918 3671 V’ailallis
1934 3638 2035 3669 nostris
2048 3638 2289 3676 quibuscumque,
2301 3645 2337 3668 ex
2361 3634 2395 3663 ²5
2396 3636 2427 3662 4·
