2561 4251
46 273 123 305 Anu.
137 272 179 304 D.

68 320 161 352 13.50.

47 353 115 380 Edv.
134 361 160 389 3.

60 3043 76 3062 ὓ
88 3043 190 3080 v,696.

190 171 239 208 62

190 253 280 283 mines
293 254 472 290 earumdem,
489 252 524 282 ad
540 250 692 282 Decimam
705 251 738 282 &
752 248 1036 287 Quintamdecimam
1055 247 1115 284 jam
1135 254 1248 277 curren-

192 301 248 329 τες,
265 291 326 321 sunt
341 291 456 327 Ass'effi,
473 290 622 320 levandum
639 289 672 319 &
687 288 876 327 colligendum
886 309 895 324 ,

228 330 283 360 Per
300 329 378 373 istam
398 329 622 366 Affignationem
640 326 762 357 nostram
779 327 807 355 in
825 326 918 363 aliquo
935 324 1094 361 derogetur.

228 367 355 437 Infeuil'tkes
364 369 451 443 Ἰζὸἑὲε
468 404 542 443 apud
558 403 856 440 VVestmonasterium‚
874 400 989 432 decimo
1005 400 1109 431 ociavo
1123 399 1169 430 die
1184 398 1252 429 No-

190 445 325 476 vembris.

983 480 1036 508 Per
1052 475 1202 507 Concilium.

267 557 350 598 EX,
368 558 475 589 dilectis
497 559 529 589 δε
555 557 680 588 fidelibus
704 556 773 594 suiS,
796 555 958 586 Willielmo
977 555 1013 585 de
1030 552 1188 591 Skipwith,
1203 549 1255 588 Jo-

275 599 362 629 hanni
380 599 415 628 de
433 597 629 633 Somercores,
648 595 808 625 Willielmo
825 594 861 625 de
878 594 996 633 Stayne,
1020 594 1053 624 &
1068 591 1179 630 jacobo
1199 596 1253 619 atte

231 639 267 669 ek
299 637 430 667 Salutem.
1234 666 1240 671 .

192 640 310 717 Be(Qiia
329 685 433 711 magna
450 673 515 703 Pars
535 671 637 710 Populi
655 671 716 708 &aa
734 679 765 701 ut
775 670 861 712 fhpra
878 670 956 711 astque
980 668 1020 699 ibi
1044 668 1148 706 plenius
1166 674 1256 697 conti-

195 712 354 790 neth‚jaeg·¹
370 711 584 793 iiiiilecllgerimus
601 748 690 792 quod,
707 747 898 792 licet-diAEtam
915 746 1131 790 ordinationem
1149 745 1179 788 in
1195 753 1256 780 par-

193 794 270 824 tibus
287 791 322 820 de
342 788 519 829 Lyndeseye,
537 797 567 817 m
584 786 735 818 Comitatu
752 787 919 828 Lincolnrae,
937 786 1006 815 sicut
1024 795 1052 814 1n
1071 792 1177 814 caetens
1192 781 1256 825 Co7

197 831 338 862 mitatibus
356 827 454 864 Regni
473 825 560 856 nostri
579 825 693 863 Angliae
710 824 771 860 &c.
789 831 821 855 ut
832 825 918 864 supra
935 823 1012 865 usque
1030 823 1078 861 ibi,
1094 828 1257 860 praemumn

197 869 300 900 fuerint
317 876 351 897 ex
367 874 442 904 parte
459 864 561 895 nostra.
977 901 982 906 ⁶
1044 901 1049 905 ¹
1199 899 1203 904 .

235 906 382 937 Nolumus
398 913 490 934 tamen
509 901 586 940 quod
604 901 807 932 Commiffioni
823 901 938 938 nostrae,
954 900 1063 931 dilecta
1081 900 1113 930 &
1132 898 1260 943 fidelibus

196 944 301 976 nostris
320 943 453 973 Gilberto
472 941 507 972 de
526 940 731 979 Umsramvill,
748 942 782 973 &
799 940 889 971 Sociis
906 940 959 970 suis
976 938 1150 969 Custodibus
1168 938 1260 975 Pacis,

199 983 260 1018 &c.
280 990 312 1012 ut
329 982 427 1019 sicpra,
445 984 560 1010 mutatis
578 979 725 1009 mutandis.

233 1021 321 1053 Teste
338 1029 366 1051 ut
384 1024 468 1058 lupra.

938 1057 990 1085 Per
1005 1053 1154 1085 Concilium.

396 1188 486 1231 Super
512 1184 699 1230 Bajulasione
723 1185 826 1215 Crucis
850 1185 881 1215 in
905 1179 1068 1214 Hibernia.

53 1281 130 1313 Am,
143 1278 184 1310 D,
199 1268 336 1341 REX
364 1269 522 1308 justiciario
559 1269 607 1300 suo
626 1269 789 1306 Hiberniae,
807 1278 840 1298 ac
859 1266 1034 1297 Cancellario
1052 1266 1085 1297 &
1109 1265 1262 1297 Thes-aura-

75 1327 160 1358 1350.

282 1311 325 1340 rio
343 1308 440 1339 nostr1s
458 1308 583 1345 ibidem,
603 1315 716 1337 necnon
734 1305 863 1337 universis
881 1306 913 1336 δε
932 1305 1042 1341 singulis
1057 1304 1214 1335 officiariis
1228 1305 1261 1335 δε

53 1363 105 1386 An,
122 1366 167 1395 ²4·
200 1348 357 1385 Ministris,
374 1347 536 1385 caeterisque
556 1346 696 1376 Fidelibus
714 1345 830 1382 nostris,
848 1345 906 1373 timi
925 1343 1046 1374 Civibus
1064 1344 1096 1374 &
1115 1343 1262 1380 Burgenii-

200 1388 270 1424 bus,
286 1386 371 1427 quarn
390 1384 587 1423 Popularibus,
604 1385 633 1413 in
651 1383 745 1414 Terra
770 1381 922 1421 praedicta,
949 1382 1022 1412 infra
1041 1381 1210 1419 Libertates,
1227 1381 1261 1412 &

77 1419 150 1463 ibi).
199 1433 291 1462 exrra,
309 1424 343 1454 ad
361 1434 431 1461 quos
448 1427 511 1454 &e
550 1423 682 1453 Salutem.

56 1482 86 1499 21
95 1492 101 1500 .
114 1474 165 1501 dor.

237 1462 318 1493 Cum
334 1472 422 1500 nuper
438 1461 673 1499 Arcbiepiscopus
689 1459 930 1497 Armachanenfis,
948 1458 1100 1489 Primatem
1115 1458 1261 1489 Hiberniae

196 1501 224 1531 se
237 1501 426 1542 prsetendens,
443 1499 501 1535 &a
531 1507 562 1529 ut
574 1499 660 1540 fiaepra
678 1499 709 1528 de
727 1501 800 1529 Dat.
819 1508 867 1528 20.
885 1497 1066 1536 Novembris,
1092 1500 1173 1528 Anni
1186 1506 1261 1536 pre-

198 1543 293 1578 teriti,
311 1539 389 1583 usque
406 1539 460 1575 ibi,-
481 1542 543 1569 v1'z.
834 1575 839 1580 .

237 1577 326 1608 Prout
342 1589 371 1608 in
387 1577 488 1608 Literis
504 1576 603 1607 nostris
618 1574 756 1615 prrediffis
768 1574 874 1613 plenius
888 1575 1065 1613 continetur*²

237 1616 284 1648 Ac
296 1618 356 1655 jam
369 1616 579 1646 intellexerimus
594 1615 672 1653 quod
697 1614 872 1652 quamplures
896 1613 1109 1651 Malefactores,
1126 1614 1159 1644 &
1179 1612 1261 1644 Pacis

198 1655 303 1686 nostrae
326 1654 547 1692 Perturbatores,
564 1663 597 1683 ex
622 1662 736 1691 utraque
758 1652 976 1682 Provinciarum
999 1653 1214 1690 praedic'tarum,
1231 1654 1261 1682 in

198 1694 311 1724 diversis
334 1692 630 1723 Confoederationibus
651 1693 683 1723 &
705 1690 937 1729 Conventiculis,
954 1693 1014 1721 tam
1029 1691 1155 1728 Armati,
1174 1692 1261 1730 quim

198 1732 254 1762 alio
277 1731 383 1769 modo,
409 1733 439 1762 in
453 1731 565 1761 diverfis
579 1731 666 1767 locis,
683 1732 711 1760 in
728 1728 819 1759 Terra
833 1729 967 1767 praedic'ta
989 1731 1172 1768 congregati,
1189 1739 1263 1768 prze-

198 1778 274 1801 textu
290 1770 427 1800 dictarum
442 1769 596 1800 Literarum
609 1769 767 1798 nostrarum
777 1791 786 1806 ,
805 1767 942 1805 praedieto
957 1768 1182 1806 Archiepilcopo
1204 1768 1261 1799 Ar-

202 1808 383 1839 machanenfi
403 1818 450 1846 per
464 1818 515 1837 nos
528 1806 739 1844 concessarum,
757 1807 790 1838 &
806 1806 843 1836 sic
853 1829 862 1844 ,
880 1814 909 1837 ut
925 1806 1096 1844 praedicitur,
1103 1817 1151 1845 per
1162 1816 1212 1837 nos
1219 1817 1262 1837 re-

197 1854 361 1878 vocatarum
371 1869 380 1883 ,
389 1846 555 1884 praedictum
568 1845 821 1882 Archiepiscopum
833 1845 1086 1875 Armachanensem
1093 1855 1177 1883 ,cum
1187 1845 1262 1876 Cru-

199 1895 233 1916 ce
241 1884 353 1922 Ereeta,
361 1885 495 1915 &coram
504 1895 539 1915 eo
548 1886 576 1914 in
582 1883 720 1922 praedicta
727 1883 848 1913 Civitate
858 1883 1017 1922 Dublmiae,
1031 1884 1063 1914 &
1071 1884 1137 1914 alibi
1152 1885 1181 1914 in
1191 1883 1262 1914 Pro-

199 1924 297 1954 vincia
312 1923 475 1961 Dubliniae,
493 1923 617 1961 portata,
635 1923 668 1953 &
683 1922 750 1960 alia,
765 1932 829 1961 quae
843 1921 876 1952 ad
890 1921 996 1952 dietam
1014 1922 1177 1953 primatiam
1199 1933 1262 1961 per-

201 1964 307 2000 tinent,
326 1961 433 1992 ibidem
446 1962 640 1999 excercend0,
659 1971 706 1999 per
722 1959 881 1998 hujusmodi
898 1959 1059 1991 Potentiam
1074 1961 1149 1992 suam
1163 1972 1263 1994 manu-

201 2009 294 2031 tenere
310 2010 485 2038 proponunt,
499 2001 527 2030 in
544 1999 623 2030 Pacis
636 1999 738 2030 nostra:
756 1999 917 2029 Laefionem
935 1999 967 2029 &
981 1998 1083 2037 Populi
1097 2000 1185 2030 nostri
1200 2012 1263 2043 par-

200 2040 274 2071 tium
293 2038 399 2069 illarum
414 2039 563 2068 Terrorem
584 2039 617 2069 &
639 2037 879 2068 Commotionem
900 2037 1094 2078 manifestam,
1113 2039 1146 2069 &
1165 2049 1263 2073 contra

200 2078 326 2109 formam
349 2077 463 2114 Statuti,
480 2077 515 2107 de
536 2077 630 2107 Armis
651 2085 747 2107 contra
774 2075 880 2106 Pacem
901 2076 1027 2107 nostram
1049 2088 1108 2108 non
1123 2080 1264 2117 portandis

198 2116 284 2185 ediltxi?
302 2116 336 2146 δε
349 2123 446 2147 contra
458 2115 607 2146 Tenorem
624 2114 826 2146 Revocationis
837 2113 941 2145 nostrae
955 2115 1133 2156 supradicte,

276 2164 309 2185 os

196 2231 215 2264 s
238 2177 345 2237 Pacein
362 2192 486 2224 nostram
504 2193 607 2233 ubique
625 2194 654 2223 in
673 2191 749 2223 dieta
765 2191 857 2223 Terra
875 2191 972 2223 nostri
996 2193 1194 2226 inviolabiliter
1210 2197 1265 2227 ob-

211 2241 299 2261 ervari

241 2269 277 2300 Et
295 2254 380 2310 ipsam
399 2270 505 2301 Pacem
524 2269 649 2301 nostram
671 2269 829 2305 Laedentes,
845 2270 921 2307 juxta
938 2269 1049 2302 suorum
1066 2272 1216 2312 demerita,
1229 2285 1263 2305 ac

199 2309 283 2338 etiam
308 2309 418 2340 dictum
445 2309 582 2339 Statutum
609 2307 873 2346 contravenientes,
896 2309 972 2346 juxta
996 2311 1055 2340 vim
1073 2312 1106 2342 δε
1126 2311 1264 2344 effectum

201 2346 339 2385 ejusdem,
357 2346 487 2383 castigari
505 2347 630 2377 volentes
647 2347 679 2376 &
698 2347 789 2384 puniri

241 2385 286 2415 Ac
304 2384 455 2422 Periculis,
472 2395 534 2422 quae
550 2394 584 2414 ex
603 2384 763 2422 hujusmodi
784 2368 1012 2424 Congregatione
1037 2385 1202 2420 Hominum
1230 2390 1264 2420 ad

202 2423 310 2461 Arma,
337 2423 535 2462 Armatorum,
560 2423 594 2454 &
619 2423 755 2461 aliorum,
781 2426 891 2454 evenire
910 2433 1040 2462 poterunt
1067 2427 1161 2465 (quod
1179 2429 1264 2468 abiit)

223 2471 362 2492 raecavere

200 2471 221 2499 P
240 2500 330 2530 Vobis
348 2484 470 2538 (praefate
483 2499 666 2537 Cancellarie)
687 2500 857 2539 mandamus,
874 2500 989 2532 firmiter
997 2503 1178 2543 injungentes,
1186 2506 1266 2544 quod

202 2547 253 2576 per
265 2537 363 2568 Brevia
377 2538 487 2577 nostra,
504 2539 553 2570 sub
575 2539 693 2577 sigillo,
715 2550 771 2577 quo
786 2541 891 2570 utimur
911 2541 940 2570 in
964 2540 1120 2580 Hibernia,
1140 2546 1267 2582 quotiens

202 2576 314 2619 necesse
329 2576 427 2614 fuerit,
443 2578 574 2608 omnibus
589 2578 622 2608 ὃς
638 2578 764 2616 lingulis,
783 2579 882 2615 quibus
894 2578 990 2617 decet,
1009 2579 1077 2610 detis
1099 2582 1126 2611 in
1152 2583 1266 2614 manda-

202 2622 254 2652 tis,
271 2615 349 2653 quod
374 2614 487 2652 publice
510 2617 696 2654 proclamari,
715 2617 747 2646 δε
762 2626 795 2646 ex
817 2626 892 2653 parte
910 2616 1002 2648 nostra
1021 2618 1134 2649 defendi
1162 2621 1266 2653 faciatis

202 2654 284 2691 quod
311 2653 428 2692 Nullus,
446 2653 494 2684 sub
513 2654 688 2684 forisfactura
704 2654 780 2684 Vitae
799 2655 832 2686 ὃς
848 2654 1066 2694 Membrorum,
1084 2658 1117 2688 &
1132 2661 1266 2691 omnium

202 2692 322 2722 aliorum
339 2701 400 2730 quae
416 2693 497 2722 nobis
510 2692 668 2723 forisfacere
683 2701 830 2731 poterunt,
847 2693 1003 2731 hujusmodi
1026 2694 1268 2735 Congregationes

203 2729 369 2761 Hominum
391 2731 424 2761 ad
448 2731 554 2769 Arma,
574 2731 773 2769 Armatorum,
799 2731 843 2762 seu
865 2733 1003 2772 aliorum,
1028 2735 1174 2767 occasione
1195 2747 1266 2775 prae-

203 2768 304 2807 missa,
318 2767 400 2799 faciat
415 2769 508 2806 aliquo
522 2770 627 2807 modo,
646 2780 699 2800 nec
714 2771 865 2808 quicquam
881 2770 954 2800 aliud
967 2779 1110 2810 attemptet
1126 2784 1174 2810 per
1189 2776 1267 2813 quod

203 2806 262 2837 Pax
277 2807 369 2838 nostra
386 2809 412 2838 in
431 2807 483 2837 hac
502 2818 577 2845 parte
595 2808 670 2846 laedi,
686 2807 731 2839 seu
750 2807 871 2848 Populus
888 2808 981 2839 noster
999 2812 1092 2841 terreri
1109 2821 1154 2843 aut
1173 2815 1267 2845 turba-

203 2847 227 2877 ri
240 2846 347 2877 valeant
360 2846 452 2885 aliquo
465 2846 562 2877 modo.

241 2883 278 2915 Et
293 2886 375 2915 vobis
394 2884 530 2923 (praefati,
545 2884 717 2924 Justiciarie,
736 2884 895 2924 Officiarii,
915 2886 949 2917 &
968 2886 1091 2918 Ministri
1110 2889 1214 2929 nostri,
1233 2891 1267 2922 ὃ(

204 2932 454 2962 quorumcumque
466 2924 586 2954 aliorum
600 2923 738 2954 Fidelium
752 2924 910 2954 nostrorum
920 2948 930 2961 ,
947 2926 976 2955 in
1000 2926 1091 2957 Ten-:i
1114 2930 1265 2968 praedieta,

201 2960 274 2992 infra
294 2961 445 2992 Libertates
463 2962 497 2992 &
518 2962 608 2999 extra)
631 2963 809 3000 mandamus,
835 2962 950 2993 firmiter
972 2964 1142 3004 injungentes
1186 2969 1265 3006 quod

205 2998 319 3030 Omnes
331 3000 407 3038 illos,
426 3010 495 3039 quos
508 3001 609 3038 aliquas
626 3001 784 3039 hujusmodi
800 3000 1045 3038 Congregationes
1059 3005 1112 3039 ,vel
1127 2989 1266 3037 (fonven-

203 3037 289 3068 ticula
305 3039 335 3068 in
347 3038 438 3069 Terra
452 3038 750 3078 praedi&-5,praemissa
770 3039 946 3078 Occafione,
964 3040 1007 3072 seu
1023 3043 1174 3081 quicquam
1191 3045 1264 3076 aliud

201 3086 252 3115 per
266 3076 343 3116 quod
358 3076 434 3108 dicta
450 3077 507 3107 Pax
524 3077 615 3108 nostra
623 3078 667 3107 vel
682 3078 822 3108 Statuturn
839 3078 1010 3116 praedictum
1031 3081 1157 3119 laedi,seu
1178 3084 1197 3102 *
1207 3084 1265 3114 Po-

202 3115 282 3154 pulus
295 3114 388 3145 noster
402 3117 511 3153 terreri,
529 3117 647 3154 turbari,
666 3125 711 3146 aut
726 3118 906 3147 commoveri
928 3118 1051 3156 valeant,
1070 3120 1098 3149 in
1122 3120 1174 3151 hac
1189 3131 1266 3160 parte

202 3154 362 3185 inveneritis
374 3153 525 3192 facientes,
542 3153 740 3191 insequamini,
757 3154 894 3193 arestetis,
913 3156 946 3186 ὃ(
963 3158 1089 3195 capiatis,
1107 3158 1140 3188 ὃ(
1160 3160 1189 3189 in
1206 3160 1266 3190 Pri-

197 3192 273 3222 sonis
285 3191 401 3230 nostris,
418 3192 511 3234 donec
526 3193 576 3230 ipsi
591 3203 640 3230 per
652 3202 702 3223 vos
721 3193 848 3232 (praefate
860 3193 1034 3232 Justiciarre)
1054 3195 1099 3225 seu
1120 3197 1154 3227 ad
1178 3197 1267 3228 Man-

203 3231 300 3260 datum
317 3229 456 3267 vestrum,
470 3239 547 3268 Juxta
560 3231 673 3262 suorum
685 3230 834 3270 demerita,
848 3242 880 3263 ac
896 3233 956 3262 vim
972 3233 1005 3264 &
1026 3233 1160 3265 effectum
1174 3236 1267 3268 Statu-

204 3271 225 3299 ti
264 3268 387 3312 faedi-eti,
399 3269 498 3338 (ὲὲὺὶῑὲ
517 3270 605 3308 puniti
625 3269 744 3308 fuerint,
759 3269 835 3300 salvo
854 3270 987 3302 custodiri
1005 3271 1119 3303 faciatis.

256 3317 274 3336 n
289 3316 382 3345 quuS,
434 3317 459 3337 c.

241 3343 328 3375 Teste
343 3345 423 3385 Rege
440 3346 512 3385 apud
529 3346 829 3385 Westmonasterium,
848 3347 953 3378 octavo
968 3347 1014 3378 die
1034 3347 1213 3382 Decembris.

934 3388 988 3416 Per
1005 3387 1156 3418 Concilium.

205 3510 256 3543 De
287 3511 440 3543 traffiando
470 3525 537 3545 cum
561 3515 756 3558 Imperatrice
780 3512 871 3559 fitper
901 3513 990 3556 Mist's
1013 3516 1049 3551 φ’·
1076 3514 1264 3561 Sumptibus‚

243 3561 476 3639 εἶῖίὶἷὲἑῖἰηε
498 3564 533 3598 &¹
558 3560 693 3604 Custodia
716 3561 873 3604 Selandiae‚
898 3562 1066 3595 Hollandiae
1088 3567 1124 3601 ὠ·
1148 3567 1204 3596 Fri
1213 3578 1264 3608 m,

64 3694 138 3724 Arm.
151 3692 193 3722 D.
211 3689 266 3742 R
276 3690 300 3719 E
309 3691 338 3721 X
356 3691 519 3729 Universss‚
533 3692 565 3722 ad
579 3703 649 3732 quos
663 3696 723 3726 &c.
761 3695 893 3726 Salutem.

91 3741 102 3760 1
129 3740 175 3768 50.

61 3741 172 3805 Am324.

61 3812 92 3835 E.
112 3817 139 3844 3.

60 3850 154 3873 Franc.

63 3892 109 3919 ²4.
124 3888 152 3911 Ε.
166 3892 190 3920 3.

61 3931 99 3949 m.
119 3931 142 3949 1.

307 3729 406 3759 Sciatis
420 3729 515 3768 quOd,

245 3764 325 3795 Cum
340 3777 426 3805 nuper
444 3768 685 3807 constituerimus,
700 3770 816 3802 dilectos
833 3772 865 3803 &
883 3771 975 3803 fideles
993 3771 1120 3810 nostros,

248 3841 417 3871 Wllielmum
432 3844 462 3872 de
480 3848 560 3883 Stury
579 3844 716 3883 Militem,

244 3882 288 3909 Et
304 3883 414 3909 ivonem
432 3883 463 3911 de
479 3883 593 3921 Clynton
612 3882 756 3921 clericum,

242 3955 286 3987 Ad
307 3955 499 3997 Tra&aridum
527 3958 559 3987 &
576 3958 818 3989 Concordandum
840 3970 925 3999 cum,
951 3962 1128 3994 Sereniffimfi
1153 3962 1265 3994 Domi-

205 3994 259 4032 nfi,
277 3993 452 4038 Margareta,
471 3995 669 4039 Romanorum
688 3997 877 4036 imperatrice,
895 4000 995 4031 Sorore
1007 4002 1100 4032 nostra
1115 4001 1262 4040 cariffima,

205 4032 252 4064 seu
269 4031 442 4071 Deputandrs
459 4034 493 4063 ab
510 4044 556 4071 ea,
575 4034 653 4073 super
671 4035 838 4074 recipiendis
854 4038 890 4068 ab
908 4039 956 4076 ei,
973 4040 1009 4070 ad
1031 4041 1185 4073 terminum
1203 4041 1265 4072 An-

597 158 1479 205 CONVENTIONES‚

1563 158 1597 198 L
1631 159 1650 199 1
1687 158 1728 198 T
1764 159 1798 199 E
1837 158 1878 198 R
1907 158 1962 197 AE
1989 189 2001 209 ‚

1293 253 1412 280 norum,
1430 243 1585 281 Regimine
1603 244 1635 274 &
1653 243 1792 275 Custodia
1815 242 1942 274 Partium
1961 241 2118 283 Selandiae,
2135 242 2306 282 Holandiae‚
2324 244 2358 276 δί
2368 265 2445 299 ΑΜ·
2459 268 2506 301 Β.

1292 281 1382 311 Frifiae

1330 318 1366 349 Et
1384 304 1418 349 z'id
1437 328 1525 357 partes
1542 320 1705 360 praedictas,
1723 321 1839 351 nomine
1858 319 1940 350 dffiae
1959 319 2118 364 Dominae,
2132 320 2287 352 secundum
2305 321 2361 353 Le-
2371 316 2473 375 32350·

1294 368 1343 396 ges
1379 357 1483 395 Foros,
1501 360 1534 390 &
1554 358 1772 390 Consuetudines
1789 359 1926 388 dictatum
1951 366 2084 396 partium,
2105 360 2340 399 gubernandum,
2410 357 2476 384 U'3·

1333 379 1371 426 sst
1387 396 1494 426 ibidem
1513 396 1743 434 jurisdictionem
1765 396 1985 435 omnimodam,
2002 406 2035 426 ac
2054 407 2163 428 merum
2182 409 2215 429 ac
2235 399 2357 430 mixtum

1294 433 1339 464 Im
1361 435 1468 472 etium,
1488 436 1710 474 excercendum,

1359 480 1370 503 t
1384 472 1420 502 de
1433 482 1468 502 eo
1483 473 1558 510 quod
1579 473 1664 513 Nos,
1681 475 1786 506 ratione
1807 473 1876 504 dieti
1896 472 2078 512 Regiminis,
2096 476 2239 514 percipere
2256 475 2361 508 debea-

1296 520 1374 547 mus,
1392 511 1621 542 conveniendum
1632 536 1642 551 ,

1333 548 1371 579 Et
1383 549 1417 579 ad
1432 549 1607 579 reddendum
1617 573 1626 588 ,
1644 549 1700 580 fine
1715 550 1878 581 difficultate
1892 550 2012 589 qualibet
2021 573 2030 588 ,
2048 549 2140 581 eidem
2154 550 2311 592 Dominae‚
2323 554 2360 585 &

1295 586 1460 618 Haeredibus
1475 587 1541 624 suis,
1561 587 1625 625 post
1638 588 1741 625 lapsum
1757 589 1827 620 dieti
1843 589 1993 627 Termini,
2013 589 2117 620 Terras
2136 589 2299 629 praedictas,
2317 600 2358 622 at-

1297 636 1352 663 que
1366 625 1506 666 Regimen
1521 627 1553 657 &
1567 625 1733 657 Custodiam
1748 627 1920 665 earumdem,
1937 637 2022 666 prout
2036 629 2065 658 in
2081 627 2182 658 Literis
2193 628 2292 659 nostris
2304 628 2359 661 Pa-

1295 664 1416 732 mnitibuf
1425 688 1433 704 ,
1452 666 1518 695 inde
1530 663 1685 703 confectis,
1702 665 1810 703 plenius
1822 667 1999 705 continetur,

1363 713 1443 734 erum

1333 741 1413 772 Ctim
1431 726 1466 771 de
1483 741 1564 772 Misrs
1577 742 1610 772 &
1624 741 1805 779 Sumptibus,
1822 751 1891 781 quos
1904 741 1972 773 Nos
1991 753 2044 783 pro
2065 744 2236 785 Regimine,
2253 743 2358 775 Custo-

1298 780 1361 819 dia,
1379 780 1412 810 &
1427 779 1642 810 Gubernatione
1664 780 1792 810 Partium
1811 779 2006 818 praedictarum
2025 785 2170 822 percipere
2190 783 2360 822 debeamus,

1301 829 1361 850 non
1378 818 1409 849 s1t
1423 817 1538 849 finaliter
1552 817 1781 856 Concordatum,

1337 857 1475 888 Volentes
1500 857 1624 896 praefatae
1651 856 1810 895 Dominae,
1833 858 1863 887 in
1886 864 2021 896 quantum
2045 860 2217 900 poterimus,
2234 859 2363 900 compla-

1302 906 1565 973 cergffigmvimus’
1583 933 1712 964 Dilectos
1725 934 1758 964 &
1776 933 1883 965 Fideles
1894 933 2021 972 nostros,

1338 1010 1476 1050 Nigellum
1495 1013 1527 1042 de
1546 1015 1672 1051 Loryng,
1691 1008 1827 1049 Militem,

1337 1049 1491 1089 Praefatos,

1338 1087 1534 1128 Willielmum,

1337 1128 1381 1155 Et
1398 1129 1526 1166 Ivonem,

1343 1165 1386 1194 Et
1402 1165 1566 1204 Stephanum
1584 1166 1758 1204 Rumulowe,
1775 1167 1968 1204 Armigerum,

1339 1240 1413 1272 Tres
1432 1243 1464 1273 &
1484 1242 1564 1273 Duos
1581 1253 1697 1279 eorum,

1340 1281 1386 1311 Ad
1402 1281 1597 1312 Tractandum
1617 1282 1650 1312 &
1665 1279 1907 1311 Concordandum
1932 1289 2000 1310 cum
2022 1278 2135 1317 prefata
2159 1279 2305 1321 Domina,
2321 1283 2366 1314 seu

1305 1318 1478 1355 Deputandis
1491 1321 1527 1350 ab
1540 1319 1573 1350 ea
1582 1343 1592 1358 ,
1608 1320 1686 1357 super
1701 1318 1845 1357 prtrrniffis
1857 1320 1990 1360 omnibus
2002 1319 2034 1348 &
2048 1317 2177 1356 singulis,

1341 1357 1377 1387 Et
1397 1358 1432 1388 ad
1451 1357 1681 1388 conveniendum
1700 1360 1730 1387 in
1753 1366 1833 1387 certo
1850 1360 1928 1394 iuper
1952 1355 2033 1387 Mifis
2051 1357 2084 1387 ὃς
2104 1356 2282 1396 Sumptibus,
2300 1368 2370 1398 quos

1301 1395 1553 1465 ErgeaRegimine,
1578 1395 1730 1434 Custodia,
1762 1397 1796 1427 &
1821 1394 2033 1426 Gubernatione
2056 1395 2196 1433 praedictis
2222 1398 2369 1435 percipere

1322 1444 1336 1463 e
1391 1444 1452 1466 mus

1339 1471 1376 1502 Et
1390 1473 1424 1503 ad
1445 1458 1541 1504 o'mnia
1553 1473 1604 1504 alia
1624 1473 1656 1504 &
1673 1472 1792 1511 smgula,
1811 1481 1874 1511 quae
1891 1472 1920 1502 in
1941 1472 1994 1502 hac
2015 1479 2092 1510 parte
2108 1473 2301 1511 requiruntur,
2316 1482 2370 1503 no-

1303 1511 1381 1540 mine
1397 1511 1493 1541 nostro
1509 1511 1686 1549 faciendum,

1340 1547 1540 1580 Promittentes
1564 1550 1632 1580 Nos
1657 1549 1763 1580 Ratum
1787 1548 1820 1579 δε
1842 1547 1966 1578 Gratum
1990 1548 2134 1579 habituros
2156 1548 2289 1589 quicquid
2319 1558 2368 1587 per

1304 1585 1415 1626 dictos,
1435 1588 1602 1627 Nigellum,
1620 1587 1833 1624 Willielmum,
1857 1586 1994 1624 1vonem,
2013 1587 2046 1617 &
2069 1586 2258 1626 Stephanum,
2276 1587 2371 1626 Tres,

1303 1626 1337 1656 &
1358 1625 1439 1656 Duos
1451 1637 1570 1664 eorum,
1590 1626 1696 1657 Actum
1711 1625 1756 1657 vel
1771 1624 1896 1656 Gestum
1913 1624 1999 1655 fuerit
2014 1625 2042 1655 in
2061 1625 2224 1664 praemissis,
2243 1626 2277 1657 &
2296 1636 2370 1665 quo-

1303 1664 1371 1694 libet
1389 1665 1604 1702 praernissorum.

1339 1701 1374 1732 ln
1392 1705 1485 1742 cujus,
1503 1705 1563 1734 &c.

1375 1740 1441 1772 Dat.
1458 1743 1488 1772 in
1504 1742 1611 1773 Palatio
1629 1740 1718 1780 Regis
1735 1740 1862 1772 Westm.
1879 1740 1995 1772 decimo
2013 1740 2089 1771 sexto
2107 1740 2153 1772 die
2172 1741 2357 1773 Decembris.

1341 1817 1507 1849 Confimiles
1525 1818 1627 1850 Literae
1640 1817 1708 1849 fiunt
1724 1818 1859 1856 praefatis,
1875 1817 2014 1857 Nigello,
2033 1816 2116 1849 Ivoni
2125 1840 2136 1857 ,
2160 1819 2194 1850 &
2211 1818 2373 1857 Stephano,

1303 1855 1335 1887 &
1351 1856 1472 1888 Duobus
1486 1868 1603 1896 eorum,
1619 1857 1668 1888 sub
1684 1858 1784 1888 eadem
1800 1856 1882 1888 Data.

1304 1994 1396 2038 Super
1428 1991 1634 2038 Appellatione
1664 1991 1709 2025 ad
1738 1995 1883 2074 Regjmb
1907 2002 2055 2039 tanquam
2078 1994 2188 2039 Regem
2220 1994 2373 2035 Franci-e,

1749 2052 1791 2075 au
1814 2053 1859 2073 ten
1881 2052 1911 2074 a.

1378 2126 1460 2165 EX,
1477 2126 1601 2158 Dilectis
1618 2128 1651 2158 &
1669 2125 1809 2158 Fidelibus
1827 2126 1878 2158 suis

1361 2204 1366 2209 ⁶
1407 2165 1513 2209 Abbati
1527 2165 1696 2197 Monasterii
1713 2166 1858 2208 Arclaosii,
1877 2150 1971 2196 f³riori
1985 2164 2052 2196 Hos
2065 2166 2132 2196 italis
2154 2165 2250 2197 Sancti
2274 2165 2373 2204 Sepul-
2384 2169 2460 2201 Ann,
2473 2169 2514 2201 D.

1305 2203 1368 2233 chri
1382 2203 1418 2233 de
1431 2203 1535 2242 Capite
1549 2203 1647 2235 Pontis
1660 2204 1810 2242 Aquensis,
1825 2204 1858 2234 &
1881 2203 2024 2240 Magistro
2077 2205 2208 2235 ominico
2226 2205 2262 2235 de
2278 2205 2373 2244 Vico,
2403 2217 2487 2248 1351,

1301 2241 1377 2311 &Iris
1404 2241 1515 2282 Perito,
1541 2242 1726 2281 Consiliario,
1751 2243 1784 2273 &
1806 2242 1905 2281 Jurato
1929 2242 2062 2273 Civitatis
2089 2242 2191 2274 nostrae
2215 2243 2433 2283 Aquenfis,An.
2452 2258 2499 2284 25·

1351 2288 1436 2311 utem.
2402 2309 2408 2314 .
2453 2306 2461 2315 .

1346 2319 1364 2338 *Ε
1381 2318 1438 2349 Pro
1452 2327 1527 2358 parte
1543 2317 1698 2359 Galliardi,
1715 2319 1842 2350 Domini
1853 2320 1889 2351 de
1906 2319 2013 2351 Sancto
2029 2317 2134 2358 Paulo,
2152 2319 2273 2358 Militis,
2287 2291 2447 2362 nobisfiasg

1307 2357 1398 2388 oblata
1412 2358 1585 2398 Supplicatio
1601 2359 1767 2389 continebat
1782 2358 1879 2398 quod,
2381 2373 2427 2400 ²5·
2444 2368 2475 2391 Ε.
2488 2366 2517 2400 32

1346 2394 1427 2426 Cum
1450 2406 1556 2435 nuper,
1582 2395 1670 2428 Causa
1691 2397 1892 2436 Appellationis
1915 2396 1949 2428 ad
1973 2396 2064 2436 Nos,
2094 2405 2228 2436 tanquam
2254 2396 2370 2435 Regem
2380 2412 2417 2430 m.
2439 2412 2480 2429 ιι.

1308 2433 1450 2473 Franciae,
1468 2435 1626 2479 interposrta
1647 2445 1695 2473 per
1713 2436 1804 2475 ipsum
1826 2435 2019 2473 Galliardum,
2036 2445 2051 2465 a
2073 2436 2193 2479 quadam
2209 2436 2400 2475 Sententia,*
2412 2442 2514 2477 V.697.

1308 2472 1362 2502 lata
1383 2482 1479 2504 contra
1501 2477 1609 2512 lpium,
1625 2473 1659 2504 &
1680 2484 1731 2511 pro
1748 2474 1833 2505 Petro
1854 2474 1890 2504 de
1904 2473 2024 2512 Punbo,
2040 2473 2115 2504 Cive
2127 2473 2258 2505 Civitatis
2270 2474 2373 2506 nostrae

1308 2510 1343 2541 de
1366 2510 1498 2551 Baionia,
1516 2522 1582 2549 per,
1599 2511 1736 2543 dilectum
1760 2513 1793 2544 &
1818 2512 1931 2543 fidelem
1962 2513 2108 2551 nostrum,
2129 2512 2280 2543 Thomam
2303 2512 2374 2544 Cok

1309 2548 1454 2588 Militem,
1481 2559 1548 2581 tunc
1571 2550 1757 2581 Senescallum
1788 2550 1913 2582 nostrum
1934 2550 2101 2589 Vasconiae,
2127 2550 2172 2581 seu
2199 2550 2375 2588 Magistrum

1309 2587 1466 2619 Geraldum
1486 2589 1521 2619 de
1542 2588 1650 2627 Podio,
1663 2588 1795 2627 Judicem
1814 2589 2045 2628 Appellationum
2067 2590 2101 2619 ad
2116 2588 2232 2620 Curiam
2247 2590 2374 2621 nostram

1308 2625 1457 2657 Vasconiae
1473 2627 1682 2672 devoluta-um,
1700 2629 1734 2659 ad
1748 2627 1908 2671 instantiam
1921 2627 1991 2658 dieti
2006 2626 2096 2672 Petri,
2114 2627 2253 2672 alletentis
2264 2628 2306 2666 se,
2324 2639 2374 2672 per

1307 2665 1448 2748 Ϊέἳῗὲἒέῗ
1462 2665 2374 2748 {eggfggfflffigffcfflssffigQiffswgggggngffissstffijgssffijugg

1308 2742 1385 2772 idem
1404 2742 1499 2773 Petrus
1515 2742 1664 2781 allegabat,
1681 2751 1825 2782 gravatum
1841 2743 1938 2781 fuiffe,
1955 2753 2025 2774 cum
2042 2744 2192 2781 omnibus,
2209 2743 2295 2780 ipsam
2313 2743 2375 2781 Ap-

1307 2780 1460 2849 pbellatipnis
1476 2780 1596 2812 Causam
1612 2782 1789 2819 tangentibus
1807 2782 1851 2813 vel
1878 2781 2065 2813 incidentibus
2088 2780 2133 2812 seu
2150 2781 2373 2820 dependentibus

1308 2830 1322 2849 a
1359 2829 1389 2849 ea
1411 2829 1456 2849 em

1344 2857 1434 2900 Vobis
1454 2842 1540 2895 (dicte
1559 2857 1650 2895 Prior)
1670 2858 1704 2889 δε
1723 2858 1867 2896 Magistro
1885 2859 1972 2890 Petro
1992 2857 2129 2889 Adomari
2146 2868 2195 2896 per
2203 2857 2272 2888 Nos
2289 2868 2372 2889 com-

1309 2894 1390 2925 missa
1408 2897 1526 2927 extiterit
1544 2897 1697 2935 audienda,
1722 2908 1756 2928 ac
1776 2898 1847 2929 Fine
1864 2898 1962 2928 debito
1987 2896 2177 2934 terminanda,
2196 2897 2230 2926 ὃς
2253 2896 2372 2927 Senten-

1306 2934 1405 2978 tiali'ter
1418 2936 1596 2973 exequenda,
1612 2944 1695 2974 prout
1709 2936 1745 2965 de
1755 2936 1837 2974 Jure,
1856 2937 1890 2966 &
1911 2935 2065 2966 secundum
2085 2934 2170 2964 Foros
2191 2935 2225 2964 &
2245 2934 2374 2978 Consue-

1309 2972 1416 3003 tudines
1430 2973 1559 3004 Partium
1572 2974 1682 3004 illarum
1691 2996 1700 3012 ,
1718 2974 1780 3004 fore
1793 2975 1937 3004 noscerent
1949 2971 2120 3009 faciendum,
2139 2981 2221 3010 prout
2235 2981 2319 3003 etiam
2334 2974 2371 3004 de
2395 2990 2398 2993 ·

1306 3009 1517 3043 Commiffione
1529 3012 1703 3050 hujusmodi,
1718 3022 1767 3049 per
1780 3013 1970 3044 intentionem
1991 3010 2167 3042 Rotulorum
2188 3009 2371 3043 Cancellariae

1308 3048 1438 3126 11οέζέ
1446 3050 1567 3088 plenarie
1580 3050 1665 3081 nobis
1678 3049 1805 3090 constat,

1381 3098 1420 3118 uo
1462 3099 1495 3118 ue

1341 3099 1676 3156 Eadequdmmiffione
1689 3126 1783 3157 nostra
1796 3127 1877 3157 dicto
1885 3125 2027 3164 Magistro
2042 3125 2129 3156 Petro
2145 3125 2282 3157 Adomari
2295 3136 2371 3165 prae-

1306 3163 1426 3202 sentata,
1445 3164 1496 3202 &,
1513 3163 1559 3194 Eo
1580 3174 1628 3202 per
1650 3164 1740 3202 ipsum
1764 3164 1929 3195 Dominum
1949 3165 1984 3195 de
2006 3165 2112 3195 SanCto
2134 3163 2222 3195 Paulo
2241 3166 2372 3203 requifito

1306 3201 1403 3240 quod,
1421 3204 1476 3233 una
1498 3212 1567 3233 cum
1588 3202 1668 3232 dicsto
1693 3202 1806 3241 Priore,
1825 3202 1947 3241 Collega
1965 3203 2016 3234 suo
2023 3226 2033 3242 ,
2058 3205 2087 3233 in
2106 3202 2187 3234 dieto
2208 3203 2371 3241 procederet

1306 3240 1442 3276 Negotio
1478 3241 1549 3271 'uxta
1561 3240 1686 3270 traditam
1701 3241 1751 3271 fibi
1766 3242 1900 3272 Formam

1343 3277 1425 3321 Idem
1442 3250 1580 3315 Magister
1597 3277 1862 3322 PetrusAdomari,
1879 3265 1936 3311 al'iis
1969 3289 2004 3324 ,ut
2021 3279 2108 3317 dixit,
2132 3278 2268 3316 Negotiis
2293 3289 2370 3316 prae—
2393 3315 2395 3321 Ι

1327 3316 1432 3354 editus,
1456 3318 1482 3346 se
1505 3316 1652 3355 excusam,
1675 3318 1910 3356 circumspectum
1937 3303 2060 3357 virum,
2086 3318 2201 3348 Petrum
2227 3317 2251 3347 la
2271 3316 2369 3357 Coke,

1305 3327 1421 3393 l[egum
1439 3353 1621 3393 Doctorem,
1641 3353 1825 3386 Canonicum
1843 3358 1876 3388 &
1894 3356 2044 3388 sacristam
2062 3357 2091 3386 in
2109 3355 2235 3386 Ecclesia
2254 3357 2370 3394 Aquen-

1308 3393 1349 3437 fi,
1361 3395 1389 3423 in
1407 3391 1499 3462 {lausa
1514 3393 1704 3432 subdelegavit
1721 3394 1836 3433 eadem,
1855 3394 1941 3426 Vicae
1958 3395 2015 3426 suas
2031 3393 2136 3424 Eidem
2154 3393 2270 3425 totaliter
2287 3404 2370 3426 cotn-

1309 3440 1408 3462 mitten
1429 3442 1467 3470 o,

1341 3469 1378 3500 Et
1397 3480 1482 3508 mox,

1338 3508 1403 3547 jam
1420 3508 1556 3540 Process'u
1569 3509 1667 3540 habito
1681 3510 1716 3540 ad
1729 3510 1879 3540 nonnullos
1897 3509 1986 3539 Actus
1995 3507 2163 3547 Judiciales,
2180 3519 2276 3540 coram
2298 3507 2371 3548 ipfis,

1309 3545 1406 3577 Priore
1421 3546 1578 3587 Delegato,
1593 3549 1628 3578 &
1647 3548 1767 3578 sacrista
1787 3547 1996 3585 Subdelegato,
2013 3548 2046 3577 ὃ(
2068 3547 2210 3578 nonnullis
2223 3545 2373 3586 Testibus,

1308 3595 1358 3623 per
1378 3585 1467 3622 ipsum
1490 3585 1658 3616 Dominum
1679 3586 1716 3615 de
1740 3586 1846 3616 Sancto
1867 3585 1973 3624 Paulo,
1990 3585 2025 3616 ad
2041 3585 2217 3622 probandum
2231 3584 2319 3614 Foros
2334 3585 2369 3615 &

1309 3622 1595 3670 Consuetudinessper
1612 3633 1678 3653 eum
1696 3623 1846 3668 allegatos,
1862 3625 2012 3654 nominatis
2029 3624 2061 3655 &
2079 3623 2239 3668 produ&i8‚
2263 3623 2370 3653 exami-

1309 3661 2012 3743 ”affie'rffiffi'ssssessst‘sfssssffssst'suffbffiissfflsss
2019 3662 2370 3743 &litigamus

1308 3737 1445 3774 Negotiis
1480 3737 1552 3768 Tres
1572 3737 1686 3768 Menses
1703 3739 1763 3769 sunt
1778 3739 1875 3777 elapsi,
1895 3740 1939 3768 vel
1957 3741 2050 3776 circa,
2068 3744 2131 3768 ante
2149 3735 2260 3766 finalem
2278 3736 2371 3767 Deci-

1308 3775 1416 3819 sronem
1435 3759 1534 3819 Causae
1552 3776 1714 3819 praedifitae,
1732 3777 1758 3807 se
1774 3778 1869 3809 habuit
1886 3778 2040 3814 absentare,
2062 3776 2097 3806 &
2115 3773 2208 3805 adhuc
2223 3785 2310 3812 agens
2328 3775 2371 3805 est

1307 3824 1338 3843 m
1351 3823 1480 3852 remotis,
1496 3824 1550 3845 nec
1565 3814 1600 3844 de
1616 3824 1672 3851 ejus
1685 3817 1814 3852 proximo
1829 3816 1949 3853 speratur
1960 3814 2111 3850 Adventu,

1344 3850 1433 3888 Cujus
1446 3853 1562 3890 inquam
1576 3852 1756 3891 Subdelegati
1769 3854 1899 3885 Absentia
1913 3852 2005 3883 eidem
2020 3850 2166 3881 Galliardo
2187 3850 2267 3882 valde
2289 3852 2373 3882 noci-

1308 3898 1343 3918 va
1358 3891 1390 3920 δε
1407 3890 1601 3927 praejudicialis
1616 3891 1719 3930 existit,
1738 3900 1767 3921 ut
1781 3891 1887 3929 asserit,
1901 3891 1934 3922 &
1949 3889 2037 3919 tendit
2056 3890 2087 3918 in
2103 3888 2168 3927 Ejus
2191 3890 2223 3920 δί
2245 3891 2312 3928 juris
2331 3891 2373 3920 sui

1306 3936 1365 3956 non
1381 3928 1526 3958 modicam
1543 3929 1704 3968 laefionem,
1722 3931 1793 3961 cum
1802 3953 1813 3968 ,
1831 3930 1871 3959 ob
1883 3927 2029 3958 defectum
2042 3926 2191 3966 judicum,
2199 3926 2288 3958 Causa
2303 3938 2375 3967 prae-

1305 3964 1382 3994 dieta
1398 3966 1457 4002 plus
1471 3966 1568 3997 debito
1583 3968 1747 4004 proteletur:

1343 4003 1440 4070 ssuare
1456 4004 1547 4035 dictus
1562 4005 1705 4036 Dominus
1719 4006 1755 4036 de
1770 4004 1875 4035 Sancto
1899 4003 2008 4040 Paulo,
2029 4002 2182 4043 Appellans
2201 4003 2278 4042 super
2299 4013 2373 4043 prae-

1307 4042 1348 4071 mi
1373 4051 1412 4080 is,
1434 4042 1535 4074 nostrae
1552 4043 1724 4076 Provilionis
1738 4042 1915 4073 Remedium
1931 4041 2115 4080 imploravit,

2301 4077 2374 4116 Sup-

2552 3875 2561 3930 -ι-
2558 3841 2561 3867 μ.
2546 3765 2561 3835 ..--“
2546 3714 2561 3759 .-ῗ-
2546 3685 2561 3694 .“
2547 3622 2561 3674 ἠ...-
