2561 4251
39 229 117 259 Ann-
135 227 165 258 D
192 228 268 258 ciarii
285 223 408 256 Domini
423 221 527 259 Regis,
547 217 671 250 Baiones
686 218 722 249 de
735 218 886 249 Scaccario
897 215 986 255 Regis
999 238 1010 252 ,
1033 213 1067 245 δε
1081 212 1144 243 aliae
1154 210 1256 242 Perso-

100 276 147 304 77-

61 277 94 306 13

38 314 90 336 Rc.

107 316 134 334 2.

47 2890 61 2906 *
73 2890 140 2916 xiii.

50 2930 81 2954 16

47 2966 123 2995 Ann.
135 2962 177 2992 D.

47 3048 98 3070 Aa,
124 3053 145 3070 Ι.

48 3087 78 3109 R.
98 3092 122 3108 2,

49 3125 134 3147 ἵν’-τηε.
155 3130 176 3146 ι.

48 3166 72 3194 p.
89 3170 93 3184 ι
118 3164 181 3186 R.2.

47 3207 83 3224 171.
106 3207 148 3234 31.

172 3668 177 3673 -
205 3634 261 3686 R

199 147 253 192 o

191 277 236 296 nae
249 263 391 297 honestae,
405 262 482 298 juxta
496 258 586 289 Status
601 258 680 296 suos,
1070 291 1074 296 η
1185 290 1189 295 ·

228 304 266 335 Et
287 302 320 332 ad
347 298 457 330 Mensas
471 321 481 334 ,
506 298 535 326 in
557 295 660 326 sinistra
681 303 756 333 parte
774 292 896 331 ejusdem
920 291 1021 328 Aulae,
1037 290 1250 326 vicecomites,

189 341 386 374 Recordator,
407 336 592 366 Aldermanni
606 357 616 372 ‚
634 335 668 365 ὃς
688 333 868 371 quamplures
882 330 970 362 Cives
984 329 1116 361 Civitatis
1131 328 1254 358 Londo-

189 383 261 418 niae‚
279 376 486 412 consedebant,
741 410 755 415 ..
850 410 854 414 ι
960 409 965 414 .

228 418 339 448 Medias
354 423 448 444 autern
462 411 575 443 Mensas
591 410 698 440 ibidem
713 409 757 440 alii
773 407 856 447 probi
870 407 1034 446 Homines,
1053 407 1092 437 de
1106 405 1254 436 Commu-

187 458 272 488 nitate
286 454 396 492 Regni,
414 451 611 488 occupabant,
1079 487 1083 491 .

224 494 263 524 Et
280 492 439 522 sedentibus
459 491 508 520 illis
528 493 556 517 in
568 486 663 528 forma
676 487 824 526 praediola,
837 484 996 526 priusquam
1003 483 1180 524 stru-ebatur
1193 482 1253 510 Do-

187 536 257 562 mino
277 534 344 568 Regi
364 530 397 560 de
410 529 531 559 Prandio
545 551 555 564 ,
572 526 639 556 idem
656 528 788 555 Dominus
801 527 878 562 Rex,
897 523 1054 564 cariffimum
1069 519 1251 551 Avunculum

180 572 280 612 suum,
300 569 431 599 Thomam
445 568 477 596 de
491 565 627 605 Woziestok
641 566 669 595 in
685 563 837 594 Comitem
851 562 1091 601 Bukynghamiae‚

225 610 374 639 Henricum
387 608 419 637 de
433 608 513 644 Percy
528 606 557 634 in
574 603 724 634 Comitem
741 601 982 638 Northumbriae,
1201 636 1206 642 ι

227 646 384 686 ‘Johanaem
396 646 428 675 de
443 642 580 681 Moubray
594 643 630 673 de
643 642 778 672 Axiholm
792 643 822 671 in
836 639 988 670 Comitem
1004 636 1252 678 Notynghamlae,

222 681 264 718 Et
275 685 438 716 Guicardum
452 681 574 720 d'Angle
589 683 616 712 in
632 680 781 711 Comitem
795 678 1042 716 Huntingdoniae,

225 723 400 757 Honorifice
413 721 557 761 praefecit,
987 758 991 762 .
1014 757 1018 762 .

227 765 274 795 Ac
287 762 461 792 Edwara'um
475 759 573 790 Filium
587 758 726 788 Edmundi
738 759 848 787 Comitis
861 754 1058 792 Cantebrzgrae,

226 801 384 842 Johannem
397 799 495 830 Filium
508 798 615 828 Thomae
629 800 695 827 Reos
709 796 746 827 de
761 794 900 826 Hamelak
909 817 919 833 ‚

225 840 371 871 Robertum
383 840 415 869 de
430 841 514 878 Greye
525 837 561 867 de
577 836 739 867 Retherfeld
748 859 758 873 ,

226 880 374 910 Ricardum
388 877 485 907 Filium
498 876 617 906 Gilberti
631 875 728 905 Talbot
737 897 746 912 ‚

227 919 381 948 Ges-ardum
393 916 491 945 Filium
506 917 613 945 Warini
627 914 660 944 de
677 913 768 954 Lrste‚

227 956 388 987 :With-'telem
401 955 498 985 Filium
513 953 657 983 stlichaelis
672 953 703 983 de
717 952 746 982 la
764 949 844 988 Polo,

228 998 272 1025 Rir
280 996 375 1024 ardum
388 995 418 1024 de
432 997 564 1033 Ponynges
573 1015 582 1031 ‚

229 1034 375 1064 Rehertnm
392 1035 424 1063 de
439 1035 618 1072 Hmyngton‚

230 1074 267 1104 Et
281 1073 409 1103 :rhomam
422 1073 452 1101 de
465 1072 493 1100 la
511 1075 611 1107 Mare,

229 1112 362 1142 Similiter
377 1111 523 1149 promovit
536 1109 570 1139 ad
585 1109 724 1138 decorum
741 1106 870 1135 Ordinem
885 1104 1058 1140 militarem,
1178 1139 1183 1145 .

228 1150 354 1181 Cuilibet
374 1148 542 1180 eorumdem
565 1147 717 1177 Comitum
739 1147 771 1175 ὃς
795 1144 925 1175 Militum
947 1142 1071 1173 Munera
1085 1138 1202 1184 Regalia
1214 1138 1254 1170 af*

189 1191 307 1220 fluenter
323 1189 453 1227 largiens,
472 1197 556 1225 prout
567 1185 659 1224 Regia
676 1183 874 1213 Munificentia
888 1184 973 1219 exigit
988 1184 1020 1213 &
1035 1187 1158 1218 requirit.
1185 1218 1190 1222 Ι

228 1227 332 1257 Medio
353 1228 460 1258 etenim
480 1226 566 1263 spatio
582 1247 592 1262 ,
616 1227 648 1255 ὃς
668 1224 784 1253 durante
805 1232 935 1259 tempore
952 1216 1255 1262 Pramum—praedictus

192 1267 338 1297 Dominus
349 1265 518 1296 Senescallus
528 1289 536 1302 7
555 1273 586 1293 ac
600 1263 686 1300 dicti,
705 1260 935 1291 Constabularius
949 1259 981 1302 t&
1000 1258 1178 1302 ixvlirelcallus
1192 1279 1202 1294 ,
1221 1256 1254 1286 &

191 1305 290 1335 diversi
310 1306 354 1335 alii
378 1304 487 1335 Milites
506 1313 540 1333 ex
563 1311 662 1332 eorum
686 1300 836 1337 Praecepo
854 1300 887 1330 ὃς
904 1299 1101 1331 Α11ιεζηε1τίοηε
1114 1321 1123 1334 .,
1142 1306 1170 1325 ιη
1185 1296 1255 1325 Aula

192 1344 343 1382 pra-dicta,
361 1343 395 1373 ad
411 1341 614 1373 l-lonorificum
630 1339 773 1376 Populum
789 1338 892 1367 ibidem
908 1346 1115 1380 congregatum
1126 1336 1254 1365 Arraian-

192 1391 281 1419 uttan,
299 1393 332 1412 ac
349 1381 557 1416 Diss‘enfiones,
578 1382 609 1410 ὅῑ
620 1378 748 1416 Debata,
767 1387 830 1415 quae
844 1376 948 1406 ibidem
964 1377 1032 1405 oriri
1043 1383 1194 1417 poterant,
1207 1384 1254 1412 pa-

190 1421 379 1458 cificandum,
395 1420 475 1457 super
492 1419 617 1449 Nobiles
635 1417 798 1447 Dextrarios
811 1415 944 1445 decenter
959 1415 1132 1452 equitarunt,

231 1460 372 1497 Totoque
392 1460 442 1489 illo
465 1467 593 1497 tempore
617 1456 743 1494 praefatus
766 1459 854 1484 Comes
876 1453 1003 1489 Derbiae,
1021 1452 1110 1482 astari,=
1124 1462 1138 1481 a
1152 1451 1255 1495 dextris

195 1498 319 1529 Domini
343 1498 428 1536 Regis
447 1497 563 1527 sedentis
585 1496 618 1525 ad
641 1493 791 1531 Mensam,
809 1493 922 1523 tenebat
936 1493 964 1522 in
980 1491 1071 1522 Manu
1086 1491 1130 1522 sua
1142 1491 1253 1521 dicium

192 1537 382 1575 Principalem
398 1536 534 1566 Gladium
550 1534 656 1564 nudum
673 1535 705 1564 &
721 1533 897 1569 extratstum,

230 1576 269 1606 Et
290 1576 442 1613 mediet-tis
463 1579 552 1603 Comes
571 1571 725 1611 Stqfflsrdiae
740 1595 748 1609 ,
765 1581 864 1601 corani
882 1569 984 1600 eodem
1003 1569 1139 1599 Domino
1156 1569 1253 1606 Rege,

192 1615 344 1646 Scindebat
358 1637 369 1652 ,
394 1623 429 1644 ex
451 1613 632 1652 aslignatione
653 1614 685 1643 &
706 1613 809 1648 injure
823 1609 891 1640 dieii
913 1608 1021 1647 Ducis,
1041 1617 1069 1639 ut
1084 1609 1254 1648 p1·.edi<‘.tum

192 1654 252 1689 est;

230 1692 351 1723 Persem
374 1700 469 1722 autem
490 1690 612 1720 Prandio
628 1689 795 1720 ascendebat
811 1687 957 1718 Dominus
973 1686 1038 1717 Rex
1055 1688 1083 1716 in
1098 1685 1253 1717 Cameram

193 1732 269 1762 suam
285 1741 353 1761 cum
369 1731 507 1767 Praelatis,
528 1729 724 1765 Magnatibus,
743 1729 775 1758 &
792 1726 962 1757 proceribus
978 1725 1131 1763 praedietis:

231 1769 269 1800 Et
291 1771 423 1809 de=nceps
444 1768 593 1807 Magnates
605 1790 614 1804 ‚
642 1767 748 1797 Milites
763 1790 771 1803 ,
796 1767 829 1796 &
845 1766 969 1795 Domini
984 1789 992 1802 ,
1012 1766 1113 1802 aliique
1125 1764 1255 1803 generofi

194 1809 272 1840 diein
289 1810 384 1845 illum,
400 1807 486 1843 usque
501 1806 534 1837 ad
550 1816 660 1842 tenipus
676 1804 801 1842 Coenae,
820 1806 847 1833 in
861 1804 992 1841 Tripodas
1009 1826 1018 1841 ,
1036 1807 1142 1842 coreis,
1162 1804 1194 1834 &
1207 1806 1255 1832 So—

194 1848 336 1885 122n1p>abus
353 1845 559 1885 llsiniftralciis,
579 1854 630 1881 pro
645 1844 748 1881 gaudio
762 1843 940 1873 solemnitatis
955 1843 1024 1872 Μίυς
1038 1842 1254 1872 continuarunt:

231 1887 285 1924 Et,
305 1885 382 1916 finita
397 1883 512 1921 Coena,
532 1887 664 1913 Dominur
678 1886 736 1912 Rex
751 1884 783 1912 δε
797 1882 842 1912 alii
856 1881 998 1921 praeditfti,
1017 1881 1114 1912 labore
1128 1883 1255 1911 maximo

195 1926 318 1963 fatigati,
333 1931 452 1963 petentes
468 1926 610 1963 Requiem,
628 1920 825 1952 dormiErunt:

231 1962 270 1995 Et
285 1963 409 2000 sequenti
424 1963 471 1993 die
479 1961 615 1998 Veneris,
633 1961 767 1991 residente
780 1959 863 1997 Rege
878 1960 906 1988 in
915 1958 1022 1990 Palatio
1037 1959 1086 1990 suo
1101 1959 1256 1998 praedisto,

192 2003 313 2034 universi
328 2001 453 2039 Prtelati,
473 2000 616 2037 Domini,
635 2001 668 2030 &
685 1999 833 2038 Magnates
847 1999 997 2037 antedicti,
1015 2009 1048 2028 ac
1064 1999 1107 2029 alii
1122 2001 1151 2029 in
1166 2001 1256 2028 maxi-

194 2052 246 2074 mo
268 2051 390 2072 numero
403 2063 413 2079 ,
438 2040 510 2077 apid
532 2039 689 2069 Eccleliam
704 2038 801 2068 Sancti
819 2037 897 2067 Pauli
915 2037 1119 2068 Londoniensis
1134 2046 1256 2076 congre-

194 2082 249 2120 gati
264 2103 274 2118 ‚
298 2079 437 2116 quandam
461 2078 558 2108 Solem
582 2087 647 2107 nem
670 2076 885 2107 Proceffionem
910 2086 958 2113 per
979 2077 1105 2106 medium
1129 2076 1258 2107 Civitatis

194 2120 341 2158 praedietae
363 2118 503 2148 faciebant
515 2141 523 2154 ,
570 2125 731 2156 eprecantes
748 2115 891 2146 humiliter
905 2117 938 2146 ὃ(
953 2115 1075 2153 devore,
1093 2125 1145 2153 pro
1159 2115 1257 2146 salubri

194 2159 272 2190 Statu
287 2157 378 2194 Regis
392 2159 425 2188 &
439 2156 512 2186 felici
527 2156 682 2193 Regimine
697 2155 793 2189 Regni
810 2153 1035 2192 sui,Animaque
1050 2154 1177 2192 praedisti
1187 2153 1258 2185 No-

195 2197 257 2227 bilis
273 2196 398 2226 Domini
416 2197 441 2225 E
445 2195 554 2224 dwardi
567 2204 656 2233 nuper
668 2197 745 2233 Regis
762 2192 920 2232 Defunffi,
939 2203 971 2224 ac
984 2194 1103 2224 aliorum
1119 2193 1258 2224 Fidelium

194 2235 427 2266 Defunetorum:

232 2274 270 2305 Et
286 2297 296 2312 ,
318 2274 382 2312 post
403 2272 621 2304 Processionem
643 2271 827 2309 hujusmodi,
847 2270 961 2301 Thomas
976 2271 1116 2311 Episcopus
1131 2270 1259 2311 Roffl’nsts

194 2312 336 2351 quandam
351 2312 590 2342 Praedimtionem
604 2311 739 2350 faciebat,
757 2310 792 2341 ad
806 2311 1018 2348 beneplacitum
1035 2312 1069 2343 &
1084 2319 1185 2342 nutum
1201 2335 1210 2350 ‚
1228 2319 1260 2342 ut

196 2353 338 2389 creditur,
354 2350 444 2390 Regis
461 2351 586 2390 Regum.

232 2390 298 2421 Hiis
312 2392 408 2427 itaque
422 2389 535 2428 Gestis,
553 2388 682 2426 praediffi
695 2388 843 2426 Magnates
858 2388 891 2419 ὃς
907 2388 1032 2419 Domini
1047 2387 1259 2427 abinde,usque

195 2428 505 2466 westmonasterium,
523 2429 557 2459 ad
565 2428 680 2465 Regem
694 2428 838 2465 abierunt,
855 2429 889 2458 &
904 2437 970 2458 cum
988 2438 1024 2457 eo
1038 2427 1258 2458 manducabant:

235 2467 305 2497 Post
318 2467 473 2498 Prandium
487 2470 575 2504 vero,
595 2466 679 2504 petita
693 2477 708 2496 a
725 2466 858 2497 Domino
872 2465 956 2506 Rege
971 2466 1117 2504 Licentia,
1142 2468 1176 2498 &
1190 2476 1259 2497 cum

196 2506 362 2536 difficultate
383 2507 500 2542 optenta
513 2531 523 2544 ,
551 2506 667 2545 quilibet
690 2505 748 2536 ibat
768 2506 844 2536 viam
858 2505 953 2544 suam,
968 2506 1002 2537 &
1017 2505 1054 2536 lic
1071 2505 1203 2544 praediQa
1216 2506 1260 2535 so-

194 2545 318 2582 lempnia
333 2544 476 2575 finiebant.

236 2621 272 2652 M
284 2631 300 2652 E
312 2630 337 2651 M
349 2631 369 2651 o
380 2631 403 2652 R
414 2632 433 2651 A
442 2630 464 2651 N
473 2631 493 2651 D
501 2630 523 2651 u
534 2629 559 2650 M
579 2620 654 2660 quod
662 2622 809 2659 praedillus
824 2621 890 2652 Rex
907 2620 1040 2652 Castellae
1055 2622 1088 2653 &
1105 2622 1258 2661 Legionis,

196 2663 265 2689 Dux
279 2659 449 2700 Lancastriae
465 2666 502 2694 (y
519 2658 677 2698 Senefiallus
700 2659 813 2696 Angliae
827 2682 837 2697 ,
855 2660 933 2698 istum
949 2660 1113 2699 Proceffiaem,
1127 2670 1175 2699 per
1191 2664 1259 2690 Ma-

197 2710 246 2728 Jtux
259 2702 326 2736 Juas
345 2702 466 2737 proprias
481 2720 490 2736 ³
508 2702 537 2726 in
552 2697 721 2727 Cancellaria
736 2701 846 2727 Domini
862 2701 939 2735 Regis
951 2698 1102 2738 liberavit,
1121 2700 1217 2730 ibidem
1230 2703 1260 2729 in

196 2740 300 2767 Rotulis
314 2738 427 2776 ejusdem
443 2735 618 2766 Cancellariae
633 2735 846 2767 1rrotulandum.

434 2870 460 2896 ἓξ
487 2872 544 2902 Pro
567 2872 649 2915 Papae
666 2871 818 2902 Serviente
837 2868 882 2902 ad
896 2870 1014 2902 Arma.

201 2953 332 3010 REX
357 2954 472 2992 suscepit
486 2955 513 2984 in
527 2954 747 2986 Protet‘tionem
763 2955 795 2985 ὅ(
811 2953 1019 2985 Defenfionem
1033 2954 1124 2993 suam,
1144 2964 1259 2986 necnon

279 2993 308 3031 in
323 2992 426 3023 salvam
442 2993 476 3024 &
494 2993 620 3024 securam
639 2993 776 3023 Gardiam
797 2992 892 3031 suam,
911 2993 1058 3023 Guidonem
1073 2994 1105 3023 de
1116 2993 1258 3024 Labordo-

199 3033 263 3067 κὶα,
281 3031 458 3061 Servientem
478 3031 512 3062 ad
534 3032 620 3062 Arma
643 3031 765 3062 Domini
780 3035 880 3061 Summi
898 3031 1053 3071 Pontificis,
1072 3033 1213 3063 veniendo
1229 3035 1259 3064 in

201 3069 338 3108 Regnum
351 3069 432 3100 suum
451 3069 564 3107 Angliae
581 3095 590 3106 ,
615 3072 674 3101 tam
695 3080 744 3108 per
764 3071 884 3101 Terram
919 3073 1004 3109 quarn
1021 3081 1070 3109 per
1088 3071 1188 3108 Mare,
1206 3082 1260 3109 pro

202 3108 333 3138 Fimncia
356 3110 451 3146 Rogeri
469 3109 500 3137 de
522 3108 597 3138 Bello
612 3111 689 3138 Forti
706 3108 806 3139 Militis
819 3110 852 3140 ὃς
866 3094 1009 3148 johannis
1022 3111 1054 3139 de
1071 3112 1142 3148 Rupe
1158 3109 1259 3141 Militis

202 3146 331 3177 facienda
347 3169 355 3184 ,
380 3156 447 3176 cum
470 3147 578 3177 Tribus
598 3146 748 3185 Equitibus
768 3149 812 3177 seu
834 3147 993 3187 peditibus,
1012 3158 1045 3179 ac
1060 3147 1120 3179 Res
1135 3149 1169 3179 &
1182 3148 1259 3180 Bona

203 3186 247 3216 sua
268 3195 459 3224 quaecumque
473 3209 483 3223 ,
509 3186 537 3215 in
559 3185 640 3216 dieto
661 3185 766 3224 Regno
787 3186 836 3216 suo
853 3186 982 3227 Angliae,
1001 3187 1085 3225 usque
1094 3187 1128 3217 ad
1142 3187 1259 3218 Festum

202 3224 296 3255 Sancti
314 3223 481 3262 Michaelis,
499 3225 631 3261 proximo
649 3224 790 3263 futurum,
809 3224 965 3265 duraturas,
983 3226 1125 3258 morando
1137 3249 1147 3264 ‚
1164 3226 1197 3257 &
1212 3235 1260 3256 ex-

202 3264 268 3332 ίηῖὲ
284 3261 317 3292 ad
331 3263 440 3301 propria
454 3262 607 3293 redeundo.

255 3312 271 3330 n
287 3311 365 3335 cuius

203 3336 209 3339 ”
263 3339 352 3370 Teste
366 3301 536 3381 Rezgcgapud
550 3339 592 3370 W
595 3338 855 3380 estmonasterium,
873 3330 990 3373 decimo
1006 3350 1106 3382 quarto
1125 3342 1171 3373 die
1182 3342 1260 3381 Julii.

933 3422 986 3449 Per
1001 3419 1154 3450 Concilium.

369 3550 428 3581 Pro
443 3550 574 3594 Capitali
589 3547 625 3581 de
643 3550 750 3595 Bogio‚
777 3546 813 3580 de
832 3549 981 3593 Homagio
998 3558 1092 3594 capto.

272 3631 333 3663 EX
351 3656 360 3671 ,
383 3633 490 3663 dilee‘io
511 3635 544 3664 ὃ(
565 3632 640 3663 fideli
661 3633 710 3663 suo
722 3658 732 3671 ,
750 3632 908 3663 Senescallo
922 3631 1022 3662 nostro
1039 3632 1197 3671 Aquitaniae
1213 3632 1259 3669 qui

217 3708 220 3711 Ι
258 3681 360 3737 δτίυῃς
374 3671 432 3710 est,
450 3672 495 3702 vel
510 3672 558 3710 qui
573 3682 626 3709 pro
643 3681 774 3709 ternpore
788 3671 887 3709 fuerit,
905 3672 949 3701 vel
965 3672 1020 3710 ejus
1031 3672 1147 3702 Locum
1160 3679 1260 3700 tenen-

202 3716 238 3742 ti,
280 3720 292 3737 a
305 3719 390 3739 utem.

239 3746 313 3787 Qiia
326 3770 334 3782 ,
359 3748 422 3784 post
442 3747 673 3779 Celebrationem
690 3746 893 3777 Coronationis
908 3747 1012 3777 nostne
1022 3771 1031 3786 ,
1048 3747 1166 3778 dileetus
1180 3747 1212 3777 ἂ
1227 3745 1261 3776 fi-

201 3781 268 3812 delis
283 3784 514 3824 Consanguineus
530 3785 642 3822 noster⁷
660 3785 847 3815 Archibaldur
861 3787 892 3814 de
907 3786 1008 3826 Greilly
1023 3809 1032 3824 ,
1050 3789 1091 3815 Ca
1107 3789 1215 3814 itaneus
1229 3785 1260 3814 de

204 3820 295 3863 Buchf²
310 3846 320 3858 ,
343 3824 411 3853 fecit
433 3826 516 3854 nobis
539 3825 719 3862 Homagium
735 3834 787 3861 pro
800 3825 934 3854 omnibus
950 3824 1075 3862 Castris,
1127 3823 1262 3859 ominiis,

203 3859 320 3896 Terris,
338 3862 369 3889 ὃ(
381 3862 584 3900 Tenementis,
604 3871 669 3900 quae
681 3862 718 3892 de
732 3863 814 3892 nobis
825 3871 902 3893 tenet
916 3864 944 3892 in
960 3862 1079 3900 Capite,
1097 3860 1263 3900 quomodo-

202 3907 329 3933 cumque
339 3898 464 3928 debitum
472 3924 481 3937 ,

237 3935 328 3979 Vobis
349 3937 511 3967 mandamus
533 3938 614 3976 quod
633 3939 722 3976 ipsum
739 3937 958 3975 Archthaldum,
977 3949 1030 3976 pro
1045 3937 1197 3973 Homagio
1212 3936 1262 3967 suo

200 3973 339 4016 przedic‘to
374 3974 525 4005 nullatenus
540 3977 646 4007 amodo
660 3976 842 4015 distringaris,
862 3976 908 4005 seu
922 3976 1052 4013 distringi
1065 3977 1187 4013 faciatis,

238 4011 279 4056 ht
296 3996 516 4055 Disizrichonern
530 4037 538 4050 ,
549 4053 553 4056 .
564 4015 584 4043 ii
600 4025 653 4058 qua
670 4017 694 4046 ei
710 4015 777 4045 inde
790 4014 863 4045 faeta
877 4015 979 4052 suerit,
997 4016 1054 4046 fine
1068 4015 1203 4046 dilatione
1218 4024 1261 4044 re-

198 4051 281 4081 laxari
295 4050 329 4081 &
342 4050 446 4080 dimitti
463 4050 566 4082 faciatis
581 4052 685 4082 eidem.

646 123 1457 175 coNVENTiONEs‚

1514 123 1548 164 L
1577 123 1664 165 1*T
1692 121 1726 164 E
1754 118 1882 164 R'AE
1907 150 1921 170 ‚

1333 209 1402 241 Dat.
1421 209 1494 247 apud
1508 207 1815 247 westmonasterium,
1831 208 1878 239 die
1892 206 2098 241 Coronationis
2110 208 2223 240 nostrae.

1793 286 1848 314 Per
1863 286 1958 313 Breve
1970 283 2004 314 de
2015 287 2135 318 Privato
2151 284 2250 325 Sigillo.

1549 414 1598 447 De
1619 413 1806 447 Conciliariis
1827 412 1915 460 Regis
1932 407 2106 454 constitutis.

1398 497 1427 527 R
1439 509 1459 529 ο
1468 508 1489 529 Y
1508 508 1524 529 a
1537 507 1610 530 touz
1622 509 1711 538 ceux,
1728 499 1758 538 qi
1771 497 1860 530 cestes
1875 498 1987 530 Lettres
1999 504 2132 537 verront,
2151 496 2253 532 Salutz.

1389 536 1489 567 Come
1500 537 1637 575 n’adgairs
1645 561 1655 576 ,

1295 496 1376 559 LE

1335 574 1385 606 De
1405 575 1512 606 l’affent
1532 576 1581 606 des
1601 576 1713 607 Prelatz
1728 599 1739 614 ‚
1763 575 1848 607 Ducs
1861 599 1872 615 ,
1895 575 2007 607 Contes
2019 598 2030 614 ‚
2053 574 2160 606 Barons
2172 598 2183 614 ‚
2208 575 2357 616 &auti-es,
2373 582 2425 608 An.
2443 590 2467 611 1.

1296 612 1423 644 esteantz
1445 614 1527 645 delez
1546 624 1618 645 nous
1639 625 1676 644 en
1693 613 1789 644 nostre
1812 613 1930 656 Conseil
1944 637 1956 654 ,
1985 622 2070 645 tenuz
2086 624 2102 645 a
2117 612 2359 654 Westtnonstier,
2376 622 2406 646 R.
2428 628 2454 647 2.

1335 691 1465 722 Euffiens
1478 691 1605 722 ordenez
1618 701 1690 729 que,
1727 701 1758 728 er
1772 701 1846 722 nous
1860 691 1894 722 &
1909 700 1981 727 eux,
1990 690 2110 722 Dousze
2123 690 2260 723 Persones
2269 692 2361 731 (c’est-
2379 660 2508 733 {asp-a.
2550 679 2554 712 'v

1743 739 1796 760 eux
1811 728 1939 768 Contere,
1958 729 2046 760 Deux
2064 729 2170 760 Barons
2183 754 2194 770 ‚
2211 731 2298 763 Deux
2311 731 2365 763 Ba·
2377 743 2414 762 m.
2433 736 2475 762 16.

1294 650 1457 683 lendemain
1470 653 1507 683 de
1521 651 1617 683 nostre
1630 652 1851 691 Coronemem,

1295 730 1428 768 affavoir)
1447 729 1533 761 Deux
1549 730 1689 768 Evesqes,

1296 777 1411 807 neretz,
1428 771 1461 800 &
1476 770 1588 808 Qatre
1603 769 1743 800 Bachilers
1757 792 1766 806 ,
1792 768 1926 799 serroient
1947 766 2051 799 Esseuz
2065 778 2124 798 noz
2135 767 2305 802 Conseillers
2317 771 2363 802 sur

1297 817 1357 852 noa
1375 807 1550 852 Bosoignes,
1573 809 1730 852 touchantz
1749 805 1847 837 l’Estat
1859 831 1869 845 ,
1895 806 2024 851 Honour
2074 808 2107 838 δι
2126 805 2216 840 Profit
2238 808 2275 840 de
2289 820 2364 840 nous

1297 845 1444 915 Roialmes
1456 871 1467 886 ,
1493 846 1654 885 Seignuries
1667 869 1676 884 ‚
1701 846 1734 876 &
1754 845 1860 876 Terres
1873 869 1884 885 ,
1900 856 1937 876 en
1949 844 2010 876 eide
2025 829 2062 875 (se
2074 853 2135 876 noz
2146 844 2315 880 Chaneeller
2328 849 2363 880 &

1329 896 1358 916 re
1371 895 1435 916 orer

1335 923 1373 954 Et
1393 908 1452 962 que’
1466 923 1596 954 meismes
1612 923 1649 954 les
1663 921 1851 962 Conseillers,
1869 922 1924 953 ensi
1940 932 1955 953 a
1969 921 2077 961 Essire‚
2092 932 2172 960 apres
2185 933 2221 954 ce
2234 923 2294 962 q’ils
2307 924 2362 956 ser-

1296 963 1388 1007 roient
1409 962 1513 993 Esseuz
1527 986 1537 1001 ‚
1559 963 1705 994 averoient
1719 970 1778 992 noz
1794 961 1903 993 Lettres
1916 961 2035 992 Patentz
2049 971 2064 992 a
2080 961 2157 992 Faire
2170 963 2204 994 δε
2220 961 2364 994 Excercer

1296 1001 1335 1031 les
1349 1002 1419 1031 dites
1433 1000 1557 1039 Choses,

1335 1039 1373 1070 E:
1395 1048 1450 1078 que
1469 1040 1508 1070 les
1527 1039 1588 1070 ditz
1609 1038 1780 1070 Chauceller
1800 1039 1834 1071 &
1847 1038 1985 1069 Tresorer
2000 1040 2164 1070 mettroient
2176 1039 2313 1070 duement
2326 1050 2363 1071 en

1297 1077 1463 1109 Execucion
1479 1079 1516 1109 les
1528 1079 1624 1109 choses
1634 1102 1643 1118 ,
1663 1089 1718 1117 que
1732 1088 1780 1116 par
1793 1086 1866 1115 eux,
1883 1078 1917 1108 &
1933 1087 1983 1115 par
1995 1079 2034 1108 les
2048 1077 2108 1108 ditz
2122 1077 2243 1118 Esseuz,
2259 1089 2298 1110 ou
2314 1089 2364 1118 par

1298 1116 1442 1148 Greindre
1458 1117 1550 1147 Partie
1563 1117 1691 1156 dffeeux,
1709 1117 1843 1148 serroient
1858 1115 2011 1154 ordenees,

1337 1156 1408 1186 Seur
1416 1156 1627 1225 squcgizfeurent
1645 1156 1750 1188 Elleuz
1762 1178 1772 1195 ‚
1796 1164 1844 1193 par
1865 1164 1939 1185 nous
1958 1156 1992 1186 &
2013 1164 2061 1193 par
2080 1154 2119 1185 les
2133 1154 2242 1187 Prelatz
2255 1156 2288 1188 ὃς
2304 1156 2365 1188 Sei-

1299 1203 1400 1264 gnffersS
1409 1206 1590 1265 I-ilonora’bles
1604 1233 1682 1265 Piers
1696 1244 1733 1264 en
1747 1232 1825 1265 Dieu
1834 1258 1844 1272 ,

1852 1309 1973 1342 Barons:

1852 1353 1937 1387 Roger
1951 1351 1982 1379 de
1997 1349 2186 1388 Beauchamp‚

1853 1388 1891 1419 Et
1909 1388 2034 1418 Richard
2046 1389 2078 1418 de
2092 1387 2232 1428 Staffioerd,

1820 1450 1822 1452 .
1853 1427 2006 1458 Baneretz:

1851 1465 1888 1497 Et
1899 1465 1999 1504 Johan
2016 1468 2146 1505 Knyvet,

1849 1504 1934 1544 Rauf
1942 1506 1974 1534 de
1986 1509 2109 1535 Ferreres
2117 1527 2128 1544 ‚

1848 1542 1948 1612 {ohan
1963 1546 2113 1573 Devereux
2121 1565 2131 1581 ‚

1878 1591 1888 1612 t
1905 1582 1989 1620 Hugh
2004 1582 2035 1612 de
2051 1584 2188 1621 Segrave,

1850 1619 1990 1652 Bachilers
1999 1633 2010 1660 3

1300 1313 1343 1340 W
1342 1311 1428 1340 illium
1443 1310 1568 1352 Evchue
1583 1311 1614 1340 de
1630 1311 1769 1350 Londres,

1298 1349 1335 1380 Et
1349 1350 1564 1391 RauvaeJque
1576 1351 1607 1380 de
1621 1351 1774 1380 Saresbirs:

1299 1388 1374 1419 Noz
1389 1392 1487 1419 cheres·
1500 1392 1532 1421 &
1549 1389 1633 1419 foialx
1649 1388 1780 1429 Cosyns,

1301 1428 1401 1465 Esmon
1418 1432 1500 1458 Come
1514 1430 1546 1458 de
1560 1427 1587 1458 la
1605 1428 1738 1466 Marche,

1298 1465 1334 1534 {t
1348 1466 1474 1496 Richard
1484 1470 1568 1497 conte
1583 1466 1761 1497 d'Arundel:

1327 1515 1337 1534 t

1299 1528 1376 1573 Noz
1390 1544 1488 1575 cheres
1499 1545 1532 1575 &
1548 1543 1651 1582 foialx‚

1301 1584 1343 1611 W
1342 1582 1429 1612 illam
1444 1586 1500 1612 Sire
1515 1585 1663 1620 Latymer,

1298 1620 1337 1651 Et
1347 1621 1447 1660 Johan
1461 1625 1520 1651 Sire
1535 1622 1567 1651 de
1583 1621 1717 1651 Cobeham
1725 1643 1736 1660 ,

1337 1699 1393 1730 Les
1413 1709 1507 1738 queux
1523 1699 1631 1730 feurent
1643 1700 1723 1737 jurez
1733 1721 1742 1736 ,
1761 1707 1796 1728 en
1812 1696 1908 1729 nostre
1923 1699 2073 1736 presence,
2092 1705 2153 1728 noz
2168 1696 2362 1738 Conceillers,

1298 1747 1314 1768 a
1335 1738 1412 1769 Faire
1432 1740 1466 1770 ὃς
1481 1737 1621 1769 Excercer
1635 1738 1673 1768 les
1686 1738 1757 1768 dites
1772 1735 1900 1775 Choses,
1919 1747 1954 1767 en
1966 1737 1992 1768 la
2006 1737 2102 1768 forme
2114 1737 2272 1776 avantdite,
2290 1746 2364 1770 tant-v

1299 1787 1386 1808 come
1402 1787 1473 1808 nous
1488 1777 1621 1815 plerrost,

1339 1817 1357 1835 *
1378 1815 1465 1846 Nous
1480 1815 1635 1854 (veullantz
1646 1815 1671 1845 la
1685 1814 1744 1845 dite
1759 1813 1927 1845 Ordinance
1939 1812 2011 1845 estre
2026 1822 2088 1854 mys
2110 1823 2146 1844 en
2160 1812 2260 1851 effeci)
2276 1824 2365 1846 avons

1299 1855 1444 1886 constituz
1457 1855 1490 1885 &
1505 1854 1628 1893 affignez
1643 1855 1681 1884 les
1696 1853 1859 1891 avantditz,
1878 1852 1935 1883 ensi
1952 1852 2074 1890 Esseuz,
2093 1862 2153 1883 noz
2168 1851 2336 1884 Conseillers
2349 1865 2365 1886 a

1299 1894 1421 1964 gaifesd&
1442 1903 1575 1925 excercet
1595 1893 1634 1924 les
1655 1892 1726 1923 dites
1739 1893 1855 1932 choses,
1872 1891 1971 1923 solone
1986 1892 2012 1923 la
2023 1892 2119 1923 forme
2133 1891 2170 1924 de
2182 1890 2368 1925 l’Ordinance

1320 1943 1363 1964 eu
1395 1941 1468 1972 nez,

1338 1971 1376 2003 Et
1392 1983 1428 2003 en
1443 1971 1558 2010 especial
1567 1996 1576 2011 ,

1339 2010 1399 2042 Pur
1421 2021 1455 2042 ce
1475 2021 1531 2050 que
1543 2034 1553 2050 ‚
1577 2021 1593 2041 a
1605 2010 1687 2042 cause
1701 2010 1737 2042 de
1755 2011 1875 2056 certeins
1888 2009 2056 2055 Grosses'&
2073 2008 2256 2048 Chargeantz
2268 2008 2368 2040 Bosol-

1319 2050 1659 2129 “auffi’shsgffizflz,
1675 2049 1738 2126 {²:1¹3
1740 2048 2235 2127 Βὲὲᾍῃῗεῐξῖεξῖἑὲἓὲἒὲξᾶἓῗὲἒ
2236 2047 2371 2126 {iffi-²

1300 2129 1358 2174 ses,
1376 2138 1448 2159 nous
1466 2138 1554 2160 avons
1574 2127 1714 2166 bosoigne
1736 2137 1772 2160 en
1784 2127 1896 2166 present
1907 2126 1944 2158 de
1959 2128 2095 2159 certeines
2106 2126 2241 2158 Sommes
2255 2125 2292 2157 de
2305 2125 2369 2158 De-

1302 2177 1375 2198 mers

1338 2191 1425 2238 Nous
1439 2205 1628 2238 Constituons
1642 2206 1675 2237 &
1688 2205 1858 2245 Affignons,
1876 2215 1924 2243 par
1937 2204 1976 2236 ses
1991 2204 2180 2244 presentz‚les
2195 2203 2254 2235 ditz
2266 2202 2371 2235 Esseuz

1301 2254 1362 2276 noz
1375 2245 1562 2285 Conseillers,
1581 2245 1614 2276 &
1628 2244 1678 2284 Sys
1692 2244 1728 2275 de
1743 2253 1817 2284 eux,
1835 2244 2058 2275 ensemblement
2077 2244 2202 2282 ovesque
2217 2243 2255 2274 les
2268 2241 2368 2273 Chan-

1303 2285 1388 2316 celler
1402 2285 1436 2316 &
1450 2285 1589 2315 Tresorer
1601 2283 1744 2315 avantditz
1754 2307 1763 2322 ‚
1777 2293 1794 2314 a
1807 2284 1892 2322 faire,
1911 2293 1946 2314 en
1961 2293 2051 2314 nome
2067 2282 2103 2313 de
2125 2292 2215 2321 nous,
2232 2280 2370 2312 Chevan-

1304 2333 1352 2354 ces
1372 2323 1407 2353 de
1427 2333 1592 2362 queconqes
1614 2323 1747 2354 Sommoe
1767 2322 1803 2353 de
1825 2321 1947 2353 Deniers
1961 2345 1972 2361 ,
1997 2321 2122 2353 anostre
2135 2331 2222 2360 oeps,
2238 2330 2288 2361 par
2302 2321 2372 2350 voie

1302 2362 1457 2400 d'Apprest
1471 2387 1481 2401 ,
1506 2362 1703 2403 Engagement
1718 2385 1728 2402 ,
1753 2360 1928 2401 Obligacion
1944 2384 1955 2400 ‚
1978 2361 2012 2392 δε
2031 2371 2067 2391 en
2088 2369 2166 2391 autre
2186 2368 2301 2390 manere
2316 2381 2326 2397 ,
2344 2357 2372 2388 la

1304 2401 1454 2432 meilloure
1468 2401 1527 2446 q’ils
1541 2411 1660 2440 purront
1675 2411 1714 2431 ou
1728 2409 1845 2432 verront
1860 2399 1965 2438 meltz,
1985 2400 2019 2431 &
2034 2399 2070 2430 de
2093 2407 2256 2438 queconqes
2269 2396 2371 2428 Perso-

1304 2449 1424 2510 [1ῗὲΠὲ
1439 2440 1668 2510 ξιὲῗοῖῗιερῖἑὲῗῶ
1690 2478 1724 2509 ὃ(
1739 2477 1901 2517 Aggreable
1917 2487 2048 2516 quanque
2060 2475 2117 2507 enfi
2132 2486 2180 2514 par
2193 2475 2232 2507 les
2243 2474 2304 2506 ditz
2316 2473 2371 2519 Es-

1305 2517 1389 2554 leuz‚
1407 2517 1629 2549 ensemblement
1640 2517 1765 2555 ovesque
1780 2518 1819 2546 les
1834 2516 2004 2547 Chauceller
2017 2518 2050 2547 &
2063 2515 2200 2545 Tresorer
2211 2513 2370 2551 avantditz,

1304 2567 1344 2586 ou
1359 2566 1405 2594 par
1419 2556 1443 2585 la
1455 2555 1599 2586 Greindre
1616 2555 1708 2585 Partie
1723 2555 1849 2591 d'iceux,
1868 2554 1940 2584 serra
1953 2554 2000 2584 fait
2013 2564 2049 2584 en
2064 2552 2158 2583 nostre
2170 2561 2268 2590 noun,
2283 2561 2368 2582 com-

1304 2605 1352 2625 me
1367 2595 1458 2625 deffus
1467 2617 1476 2632 ,
1494 2605 1522 2624 es
1535 2594 1631 2624 choses
1646 2593 1756 2624 susdites
1769 2594 1802 2624 &
1816 2602 1852 2623 en
1866 2592 2005 2623 chescune
2020 2591 2159 2630 d‘icelles,
2177 2591 2211 2622 &
2225 2590 2252 2621 le
2264 2590 2370 2622 volons

1308 2633 1385 2664 estre
1399 2633 1569 2664 fermement
1584 2632 1708 2663 Gardez.

1342 2710 1387 2740 En
1406 2710 1638 2748 Tesmoignance
1660 2709 1697 2740 de
1717 2709 1799 2748 quele
1820 2696 1906 2740 chose
1927 2718 2000 2740 nous
2017 2717 2106 2740 avons
2125 2707 2174 2738 fait
2195 2706 2262 2738 faire
2281 2703 2370 2736 cestes

1303 2758 1364 2780 noz
1376 2749 1484 2779 Lettres
1497 2748 1627 2780 Patentes
1641 2759 1657 2778 a
1672 2749 1756 2780 durer
1771 2759 1785 2779 a
1800 2748 1896 2779 nostre
1909 2748 2035 2779 volente.

1342 2788 1424 2819 Don.
1440 2797 1455 2818 a
1469 2788 1567 2819 nostre
1580 2787 1676 2828 Paleys
1693 2787 1730 2818 de
1744 2786 1986 2825 Westmonstier,
2005 2786 2031 2817 le
2045 2794 2090 2817 xx.
2105 2784 2177 2824 Jour
2190 2783 2227 2815 de
2237 2783 2313 2823 Juyl.

1759 2867 1816 2913 Per
1830 2863 1896 2894 Bill.
1915 2864 1992 2904 ipsius
2006 2866 2085 2902 Regis
2101 2862 2134 2892 de
2146 2864 2264 2898 Siguese.

1662 3007 1711 3039 De
1729 3006 1813 3038 Clero
1833 3003 2023 3038 Arraiando.

2376 498 2454 532 Ann.
2467 502 2508 536 D.

2404 549 2491 582 1377·

2385 1817 2398 1834 ⁰
2421 1817 2490 1846 VII.

2390 1857 2452 1884 162.

1303 3091 1450 3150 REX,
1469 3091 1632 3122 Venerabili
1654 3092 1684 3121 in
1707 3089 1824 3121 Christo
1847 3089 1923 3121 Patri
1965 3094 1992 3120 S.
2011 3090 2111 3121 eadem
2129 3089 2235 3128 gratia,
2250 3085 2369 3118 Archia·
2384 3091 2460 3123 Ann,
2475 3091 2516 3124 D„

1374 3132 1470 3175 piscopo
1486 3129 1692 3169 cantuarienfi,
1711 3130 1796 3159 totius
1810 3130 1922 3174 Angli-ae
1936 3114 2069 3198 Primati1⁴²
2088 3128 2223 3159 Salutem.

1340 3169 1410 3199 Satis
1426 3169 1573 3198 informati
1589 3168 1651 3198 estis
1666 3169 1781 3206 qualiter
1795 3166 1911 3198 InimiCi
1933 3167 2022 3199 nostri

2412 3139 2498 3171 1377-

2070 3168 2171 3198 ranciae
2185 3189 2195 3206 ,
2213 3166 2246 3197 8(
2259 3164 2305 3196 alii
2318 3164 2369 3195 fibi
2382 3174 2435 3199 Aa.
2458 3180 2483 3199 ι,

1304 3206 1513 3274 Adhaerentesg
1525 3206 1661 3237 Facinora
1675 3207 1718 3237 sua
1732 3216 1797 3245 erga
1811 3206 1879 3237 Nos
1894 3207 1926 3237 ὃ(
1942 3207 2048 3245 Ligeos
2066 3205 2196 3243 nostros,
2215 3200 2281 3236 licet
2293 3204 2367 3238 indi-,
2382 3214 2413 3237 R.
2429 3219 2456 3238 2,

1507 3255 1514 3275 1

1304 3246 1384 3276 reete
1400 3269 1410 3284 ,
1429 3245 1467 3275 de

1517 3255 1532 3275 e
1551 3247 1581 3276 in
1601 3245 1677 3276 diem
1700 3247 1926 3284 circumquaque
1946 3245 2126 3277 ostendentes
2141 3268 2151 3283 ,
2173 3253 2240 3275 cum
2264 3251 2364 3281 magna
2381 3248 2469 3285 Claus.
2489 3257 2514 3277 ι.

1305 3283 1401 3314 Classe
1420 3283 1552 3314 Navium
1569 3307 1578 3322 ,
1604 3294 1672 3314 cum
1690 3285 1813 3315 maxima
1836 3284 2021 3315 Multitudine
2034 3283 2218 3314 Armatorum
2232 3282 2266 3313 δε
2279 3280 2367 3311 Bella·
2379 3290 2490 3314 R.2.m.

1303 3331 1416 3360 torum,
1434 3322 1514 3360 supra
1528 3321 1612 3352 Mare
1625 3324 1807 3362 congregati,
1825 3323 1944 3353 diversas
1958 3323 2041 3354 Villas
2053 3322 2133 3360 super
2144 3320 2274 3352 Costeris
2284 3319 2425 3365 Reg-134.
2437 3324 2463 3352 d.

1305 3362 1335 3390 ni
1349 3361 1438 3392 nostri
1452 3361 1562 3391 Analiae
1577 3362 1752 3400 invaserunt,
1770 3363 1804 3392 &
1819 3372 1863 3392 eas
1878 3371 1928 3399 per
1944 3361 2056 3392 Arsuras
2077 3362 2110 3390 &
2131 3358 2299 3390 Homicidia
2314 3358 2367 3389 Li·

1305 3409 1427 3438 georum
1450 3387 1613 3430 noffrorum
1633 3400 1829 3431 destruxerunt
1843 3422 1854 3438 ,
1878 3401 1911 3431 &
1925 3400 1993 3430 ultra
2004 3399 2062 3429 hoc
2076 3398 2144 3429 Nos
2154 3422 2163 3436 .,
2181 3399 2215 3430 &
2230 3397 2367 3435 Regnum

1305 3438 1435 3469 nostrum
1453 3439 1624 3477 praedicstum
1638 3463 1647 3475 ,
1671 3449 1704 3469 ac
1725 3438 1870 3476 Populum
1891 3437 2021 3467 nostrum
2035 3460 2044 3476 ,
2066 3447 2115 3475 per
2133 3436 2258 3467 Terram
2271 3436 2304 3467 &
2317 3445 2368 3474 pet

1307 3476 1392 3507 Mare
1405 3500 1413 3514 ,
1443 3477 1585 3508 destruere
1598 3500 1608 3515 ‚
1625 3478 1659 3508 &
1673 3477 1829 3508 Ecclesiam
1842 3476 2030 3516 Anglicanam
2044 3476 2204 3508 subvertere
2219 3484 2287 3507 cum
2300 3483 2366 3504 om-

1305 3516 1388 3545 nibus
1402 3516 1508 3546 viribus
1522 3517 1549 3546 se
1561 3524 1715 3547 conantur:
2167 3521 2172 3526 '

1345 3554 1400 3584 Per
1414 3554 1492 3592 quod
1501 3578 1509 3591 ‚

1343 3592 1480 3623 Volentes
1501 3592 1653 3624 Salvationi
1673 3592 1742 3623 dieti
1757 3591 1871 3632 Regni,
1887 3594 1920 3624 ὃς
1934 3592 2116 3631 Populorum
2131 3590 2313 3626 nostrorum,
2330 3597 2364 3618 ac

1302 3630 1439 3661 Ecclesiae
1454 3631 1585 3670 Sane‘tae,
1603 3639 1702 3661 contra
1714 3631 1856 3663 Malitiam
1869 3634 1994 3670 ipsorum
2009 3631 2216 3668 Inimicorum,
2232 3635 2369 3667 operante

1301 3670 1462 3708 Altiffimo,
1481 3671 1649 3708 providere,
2163 3673 2167 3676 '

1339 3707 1394 3738 Per
1415 3708 1533 3738 diversas
1553 3707 1780 3739 Commissiones
1800 3708 1997 3748 assignavimus
2016 3717 2109 3739 certos
2128 3707 2162 3737 &
2183 3702 2291 3734 Fideles
2308 3713 2364 3734 no—

1302 3746 1392 3785 stros,
1409 3748 1440 3776 in
1460 3747 1571 3784 singulis
1593 3746 1787 3778 Comitatibus
1808 3747 1906 3787 Regni
1927 3748 2015 3777 nostri
2027 3744 2166 3784 praediffl,
2178 3742 2219 3786 ‘ad
2237 3743 2365 3772 Arraian-

1302 3785 1389 3822 dum,
1407 3786 1441 3816 &
1457 3785 1577 3815 Arraiari
1591 3787 1624 3816 ὃ(
1639 3786 1750 3815 Armari
1766 3786 1929 3816 faciendum
1943 3808 1953 3823 ‚
1979 3794 2079 3815 omnes
2091 3781 2235 3812 Homines
2249 3779 2369 3811 Defen-.

1301 3823 1411 3860 sabiles,
1429 3825 1502 3853 inter
1526 3823 1637 3854 AEtates
1659 3824 1807 3863 Sexaginta
1828 3825 1861 3855 &
1881 3824 2033 3854 Sexdecim
2049 3822 2201 3851 Annorum
2214 3819 2364 3850 existentes

1305 3861 1461 3898 (videlicet)
1476 3862 1631 3898 quemlibet
1646 3871 1747 3893 eorum
1759 3863 1836 3900 juxta
1848 3862 1956 3893 Statum
1969 3862 2002 3892 δε
2017 3858 2170 3889 Facultates
2184 3857 2255 3896 suas,
2309 3896 2315 3901 .

1340 3899 1379 3929 Et
1398 3910 1447 3930 eos
1470 3900 1612 3930 Arraiatos
1624 3924 1633 3937 ,
1660 3901 1812 3938 Armatos,
1830 3902 1863 3931 ὃς
1880 3900 2018 3935 munitm,
2036 3898 2065 3926 in
2080 3896 2255 3927 Arraiatione
2267 3896 2370 3934 hujus-·

1303 3939 1384 3967 modi
1398 3940 1485 3968 teneri
1500 3937 1681 3976 faciendum,
1701 3939 1739 3969 fic
1755 3939 1835 3976 quod
1848 3938 1956 3974 semper
1964 3935 2094 3971 Prompti
2110 3935 2161 3965 sint
2172 3935 2205 3966 ὃ(
2220 3933 2312 3966 Parati
2323 3933 2359 3963 ad

1301 3976 1538 4014 proficiscendum
1552 3999 1561 4013 ,
1583 3977 1611 4005 in
1633 3976 1837 4006 Defenlionem
1857 3974 1953 4013 Regni
1975 3973 2065 4003 nostri
2087 3973 2230 4012 praedicti,
2244 3973 2309 4010 ubi,
2327 3980 2362 4001 ac

1302 4015 1432 4051 quotiens
1445 4038 1454 4051 ,
1481 4016 1514 4045 &
1536 4013 1650 4051 quando
1671 4023 1707 4043 ex
1725 4013 1864 4044 Hostium
1879 4011 2036 4043 Incursibus
2052 4011 2216 4044 Periculum
2230 4011 2364 4047 imiuaet,

1301 4060 1346 4083 aut
1363 4052 1473 4083 necesse
1484 4052 1568 4083 fuerit
1583 4052 1716 4090 aliquale,
2306 4083 2352 4116 Ad
