2561 4251
706 143 817 191 ΕΤ
901 152 1166 194 ACTA

18 241 63 269 nn.
78 235 120 267 D.
177 236 288 268 Damus
307 238 341 269 &
361 235 549 267 concedimus
571 240 625 273 pro
637 235 752 274 Nobis,
772 236 959 276 Haeredibus,
975 239 1008 270 δε
1025 238 1196 270 Succcffiiri-

18 274 93 316 1366.
139 275 190 306 bus
211 275 327 313 nostris,
345 274 473 313 Regibus
493 273 640 313 Castellae,
665 285 713 312 per
735 276 892 316 praesentes,
910 277 988 307 dieto
1010 277 1196 308 Illustriilimo

17 317 56 344 dv.
77 323 103 351 3.
139 313 215 353 Regi
234 314 360 353 Angliae‚
378 315 411 344 &
432 312 576 343 Edwardo
590 315 646 350 ejus
660 313 873 353 Primogenito,
894 313 1018 352 Principi
1035 316 1196 354 Aquitaniae

138 354 172 385 δε
187 353 316 390 Walliae,
334 351 677 391 quod,quandocumque
694 353 770 382 idem
784 353 848 383 Rex
862 356 894 386 &
910 355 965 391 ejus
980 353 1200 394 primogenitus,

138 393 187 431 qui
208 400 283 422 nunc
302 391 382 428 sunt,
399 398 446 420 aut
466 395 564 420 eorum
584 390 733 429 Haeredes,
752 391 786 421 δε
806 392 1005 430 Succeffores,
1023 392 1117 432 Reges
1135 394 1198 424 An-

137 430 217 470 gliae,
235 430 268 460 &
289 439 391 459 eorum
413 428 615 467 Primogeniti,
630 430 677 468 qui
698 439 750 466 pro
771 438 901 468 tempore
922 432 1041 469 fuerint,
1058 433 1199 467 voluerint

137 471 246 506 venire,
264 468 293 497 in
315 467 429 507 Propria
447 466 583 498 Persona·
603 467 637 497 ad
654 466 814 507 Guerram,
833 478 918 507 quam
935 469 1003 500 Nos
1015 470 1200 508 habebimus,

137 515 184 538 aut
196 505 331 537 Haeredes
348 506 436 537 nostri
451 506 546 545 Reges
560 489 690 541 Castella:
704 506 865 545 habebunt,
884 515 984 538 contra
995 507 1110 545 Regem
1125 508 1199 540 Gra-

138 553 212 575 natae
226 568 236 584 ,
258 552 305 575 aut
327 545 393 576 alios
415 544 493 575 Fidei
515 544 668 581 Inimicos,
696 545 775 582 quod
798 545 884 575 iidem
906 542 1018 585 Reges,
1043 549 1076 579 ὃς
1099 557 1200 577 eorum

138 582 344 623 Pritnogeniti,
361 584 479 614 habeant
495 583 620 619 primum
635 582 762 620 Bellum,
781 584 836 613 five
853 583 1037 624 Delanterre,
1053 595 1118 616 ante
1133 596 1197 615 om-

136 631 186 651 nes
208 622 313 653 Mundi
337 622 528 658 ChristianOS,
543 621 575 651 &
596 622 676 651 omni
701 630 756 651 tem
778 632 841 659 ore,
874 624 910 653 ita
929 632 1023 653 tamen
1045 624 1125 662 quod
1148 632 1200 653 n‘os

136 660 301 699 possumus,
320 662 352 692 &
366 659 501 690 Haeredes
515 658 619 697 nostri,
638 659 732 698 Reges
772 660 889 699 astellae,
906 662 925 692 si
941 663 1129 699 voluerimus,
1148 672 1201 698 po-

137 709 204 730 nere
226 699 335 730 Vexilla
355 699 448 729 nostra
468 699 496 727 in
517 697 597 728 dieto
618 697 696 729 Bello
709 700 808 737 pariter
822 710 892 730 cum
906 700 1021 733 Vexillis
1034 699 1125 737 Regis
1139 700 1201 730 An·-

137 737 205 775 gliae
214 761 223 776 ,
239 739 284 770 vel
296 738 377 776 ipsius
397 737 593 775 Primogeniti.

176 775 304 815 ITEM,
322 775 417 814 quod,
438 775 457 805 si
475 777 651 814 contingeret
665 775 756 807 di<9tos
775 776 888 815 Reges,
906 784 952 806 aut
967 785 1070 808 eorum
1084 775 1201 806 Primo-

138 816 266 854 gcnitos,
283 814 318 845 ad
339 814 500 853 Guerram,
519 824 603 854 quam
624 814 693 845 Nos
715 824 761 845 aut
782 815 919 844 Haeredes
934 814 1021 845 nostri
1038 815 1203 845 habebimus

139 855 239 884 contra
259 853 372 893 Regem
393 853 527 883 Granatae
542 876 552 891 ‚
576 860 622 884 aut
643 853 710 883 alios
732 852 811 882 Fidei
832 851 986 890 inimicos,
1008 863 1068 883 non
1088 854 1185 883 venire

139 900 186 922 aut
208 891 299 930 nolle,
319 892 364 923 vel
386 902 445 922 non
467 891 547 929 posse
568 891 681 928 venire,
706 891 840 921 volumus
862 891 895 921 &
915 891 1101 922 concedimus
1122 893 1182 929 quo

139 941 229 961 unum
251 930 411 969 Vexillum,
428 930 465 960 de
488 929 583 961 Armis
600 928 694 965 Regis
717 929 846 968 Angliae,
864 930 895 959 sit
915 931 996 960 omni
1009 939 1155 969 tempore,
1174 930 1203 959 in

138 969 214 1000 dicita
236 968 363 1008 Guerra,
382 971 411 999 in
436 970 530 1006 primo
553 967 648 1004 Bello,
675 967 729 997 sive
749 978 785 998 en
809 968 833 997 la
853 968 1020 1006 Delantere,
1045 966 1204 998 honorifice

160 1017 223 1038 rout
236 1008 328 1047 decet,
337 1007 437 1038 nostris
451 1005 619 1042 Haeredum,
629 1006 662 1036 δε
678 1005 881 1037 Successorum
896 1007 1057 1037 nostrorum
1071 1006 1203 1038 Castellae

138 1018 257 1086 l’zegum
273 1048 391 1086 propriis
404 1045 568 1082 Sumptibus
581 1044 614 1074 &
629 1043 771 1082 Expensis.

177 1086 223 1116 ΙΤ
234 1095 252 1117 ε’,
262 1094 305 1123 Μ,
319 1084 399 1124 quod
413 1084 504 1114 Patria
514 1082 634 1120 ejusdem
650 1082 737 1113 nostri
754 1083 962 1123 Consanguinei
976 1083 1094 1122 plurima
1107 1084 1201 1116 Dam-

86 1140 92 1145 -
139 1134 197 1162 pua
216 1125 249 1155 &
271 1123 410 1161 Expensas
422 1121 618 1152 inumerabiles
631 1121 774 1161 sustinuit,
794 1131 924 1161 tempore
942 1133 1000 1161 quo
1016 1123 1070 1161 ipse
1083 1134 1136 1162 pro
1149 1134 1202 1154 no-

140 1162 199 1193 stro
219 1161 358 1193 Succursu
379 1161 544 1191 Excercitus
564 1160 626 1190 suos
646 1161 851 1200 congregabat,
871 1170 955 1201 prout
977 1162 1067 1192 oculis
1085 1162 1203 1202 propriis

139 1201 338 1238 conspeximus
352 1224 362 1238 ,
389 1200 454 1230 licet
479 1197 609 1230 flebiliter
633 1207 789 1238 gereremus
803 1223 813 1238 ,
837 1201 865 1230 in
892 1200 1204 1239 Recompensationem

160 1238 345 1270 raemifforum
359 1239 563 1279 privilegiamus
572 1260 580 1275 ,
597 1239 744 1276 volumus,
760 1239 794 1270 &
808 1239 996 1269 concedimus
1010 1239 1089 1279 quod
1103 1250 1204 1270 omnes

173 1279 306 1316 omines,
339 1277 446 1308 Incoiae
461 1300 470 1316 ,
502 1276 650 1315 Nobiles,
674 1275 840 1315 Peregrini,
869 1278 1069 1317 cujuscumque
1094 1277 1204 1317 Status,

137 1316 243 1356 Sexsis,
261 1317 306 1347 vel
322 1316 507 1347 Conditionis
521 1314 657 1353 existant,
676 1314 790 1355 Regni,
810 1315 928 1354 Patriae,
948 1317 981 1347 &
994 1316 1128 1347 Dominii
1144 1317 1204 1347 An-

159 1356 221 1394 liae,
240 1356 273 1387 &
293 1353 469 1393 Principatsis
491 1353 665 1392 Aquitaniae,
685 1354 735 1384 sint
755 1355 898 1385 immunes
915 1356 950 1386 ab
963 1356 1044 1385 omni
1061 1354 1204 1395 Pedagio,

170 1395 257 1433 euda,
277 1392 435 1432 Costuma,
455 1391 611 1431 Maletota,
629 1392 676 1423 seu
696 1393 755 1423 aliis
769 1393 992 1432 quibuscumque
1006 1392 1201 1431 Impositioni-

140 1434 193 1464 bus
209 1434 242 1464 δε
262 1433 482 1470 Exae‘tionibus,
498 1433 525 1462 in
542 1431 649 1471 Regnis
663 1430 765 1462 nostris
780 1431 931 1469 impolitis,
950 1432 996 1462 seu
1012 1432 1201 1469 imposterum

140 1472 338 1510 imponendis;
356 1472 393 1502 ita
406 1471 486 1509 quod
499 1471 568 1501 dieti
582 1470 724 1500 Homines
737 1469 881 1500 dictorum
899 1469 1015 1509 Regni,
1034 1470 1150 1510 Patriae,
1167 1473 1202 1502 ὃς

138 1511 276 1542 Dominii
298 1510 411 1549 Angliae
426 1520 459 1540 ac
475 1505 654 1548 Principati'is
666 1509 826 1547 Aquitaniae
840 1508 1026 1547 transeundo,
1046 1511 1203 1549 morandO,

138 1551 174 1581 δε
198 1549 341 1581 redeundo
361 1558 409 1586 per
428 1548 532 1585 Regna
545 1546 657 1585 nostra,
675 1557 724 1584 per
741 1545 843 1585 Mare,
862 1547 906 1577 vel
922 1558 971 1585 per
985 1549 1123 1587 Terram,
1141 1548 1203 1580 Co-

138 1588 281 1624 stumam,
305 1586 476 1625 Pedagium‚
502 1586 648 1623 Leudam,
667 1584 854 1623 Mammam,
874 1585 919 1616 seu
940 1596 1151 1626 quamcumque
1174 1598 1202 1618 a-

137 1627 205 1658 liam
227 1625 442 1664 Impofitionem
466 1625 511 1655 vel
531 1623 720 1655 Exastionem
734 1647 744 1662 ,
769 1624 875 1654 solvere
896 1626 1016 1655 minime
1038 1634 1202 1665 teneantur,

138 1667 189 1696 nisi
211 1664 281 1695 dieti
297 1663 458 1701 Homines,
475 1663 556 1694 causa
577 1662 784 1701 Mercimonii,
802 1663 846 1693 vel
863 1673 915 1700 pro
928 1663 1182 1696 Mercimoniando
1193 1689 1201 1704 ,

136 1703 249 1744 aliquod
272 1710 418 1740 emerent,
434 1703 513 1739 super
527 1711 602 1740 quo,
623 1711 658 1732 an
674 1701 756 1732 causa
772 1701 1015 1733 Mercimoniandi
1033 1713 1129 1742 empta
1143 1705 1200 1734 erti-

136 1742 209 1773 stant
228 1751 338 1778 necne,
358 1751 406 1779 per
429 1740 592 1771 Officiarios
613 1739 723 1770 nostros
743 1740 776 1770 &
799 1740 975 1777 Receptores
988 1741 1132 1773 didiorum
1146 1742 1200 1773 Pe-

134 1781 282 1821 dagiorum
302 1779 371 1811 stare
393 1779 525 1812 volumus
544 1779 691 1809 didiorum
704 1778 872 1809 Hominum
885 1781 1042 1817 J'uramento
1059 1791 1064 1810 ε
1088 1781 1124 1812 de
1137 1783 1199 1820 qui-

135 1821 186 1851 bus
207 1819 304 1857 rebus,
323 1819 403 1850 causa
416 1815 661 1848 Mercimoniandi
676 1818 794 1855 emptis,
814 1828 874 1848 non
890 1817 1094 1856 compellantur
1108 1820 1198 1850 solve-

132 1869 182 1897 re,
201 1868 254 1888 nec
274 1857 377 1897 aliquid
395 1857 463 1888 ultra
478 1857 514 1887 ab
527 1857 565 1886 eis
580 1857 721 1895 exigatur,
740 1857 826 1895 quarn
840 1857 935 1887 caeteri
951 1855 1128 1889 Mercator-es
1144 1858 1201 1889 sol-

132 1907 199 1928 vere
214 1896 431 1927 consueverunt.

173 1935 211 1966 Et
225 1937 367 1974 juramus,
386 1935 420 1966 ad
442 1933 544 1964 SanCta
557 1933 614 1964 Dei
629 1933 795 1973 Evangelia,
814 1944 830 1965 a
847 1935 929 1965 nobis
943 1935 1124 1974 corporaliter
1139 1945 1199 1967 ma-

132 1983 173 2005 nu
195 1975 283 2011 taeta,
301 1974 334 2004 &
354 1974 381 2003 in
404 1973 495 2004 verbo
510 1973 701 2010 promittimus
717 1973 830 2011 Regio,
850 1972 1077 2013 Conccffiones,
1095 1974 1199 2005 Dona-

131 2014 242 2051 tiones,
259 2012 408 2051 Privilegia
431 2010 580 2051 praedicsta,
598 2012 632 2042 &
652 2013 751 2042 omnia
770 2011 890 2050 lingula,
909 2014 938 2042 in
951 2013 1133 2050 praesentibus
1148 2014 1198 2045 Li-

130 2053 196 2082 teris
210 2059 362 2090 contenta,
377 2059 488 2088 tenere,
506 2050 670 2088 complere,
688 2051 930 2081 &inviolabiliter
944 2051 1098 2083 observare.

171 2090 205 2121 In
222 2099 347 2129 quorum
360 2089 493 2120 omnium
508 2090 541 2120 ὃς
557 2089 731 2128 singulorum
740 2088 954 2120 Praemifforum
971 2089 1201 2130 Testimonium,

132 2128 167 2162 &
189 2129 222 2160 ad
244 2129 367 2168 ipsorum
391 2128 529 2166 majorem
553 2127 747 2165 Firmitatem,
766 2126 820 2157 hiis
843 2128 1025 2164 praesentibus
1047 2139 1098 2160 nos
1112 2141 1198 2161 manu

130 2167 243 2208 propria
257 2166 478 2206 subscripsimus,
488 2167 522 2198 &
541 2166 643 2196 eisdem
658 2165 788 2205 Sigillum
803 2165 934 2197 nostrum
949 2166 1123 2199 Plumbeum
1142 2171 1198 2199 im-

129 2207 265 2245 pendenti
278 2206 407 2237 duximus
420 2205 630 2243 apponendum.

166 2245 320 2283 Volentes,
338 2244 542 2282 concedentes,
561 2254 594 2275 ac
613 2244 892 2282 etiam'requirentes
915 2243 993 2283 Vos,
1020 2244 1197 2282 Magistrum

125 2283 292 2323 johannem
314 2283 351 2313 de
370 2283 540 2321 Londonia,
557 2282 711 2313 Publicum
734 2283 911 2314 Auetoritate
925 2283 1088 2322 Apostolicii
1102 2285 1199 2315 Nota-

128 2324 221 2361 rium,
240 2323 382 2361 quatinus,
398 2322 433 2353 ad
452 2330 616 2360 perpetuam
641 2323 775 2352 omnium
797 2322 831 2353 &
854 2321 1025 2360 singulorum
1040 2324 1198 2360 praemisso-

129 2371 197 2392 rum
221 2361 391 2392 memoriam
407 2383 416 2396 ,
442 2370 494 2391 vos
506 2383 516 2398 ,
534 2370 601 2391 cum
619 2362 797 2400 praeientibus
818 2360 953 2391 Testibus
967 2384 977 2399 ,
1002 2361 1197 2401 subscribatis,

130 2399 332 2439 praesentesque
355 2399 473 2429 Litteras
485 2399 575 2437 Signo
589 2399 685 2430 vestro
699 2399 781 2430 solito
793 2398 972 2436 consignetis.

171 2437 281 2468 Datum
304 2438 377 2476 apud
401 2437 587 2476 Liborniam,
603 2436 745 2468 Dioecesis
766 2437 988 2476 BurdegalenfiS,
1007 2437 1052 2469 die
1066 2438 1199 2470 vicesima

132 2476 215 2507 tertia
237 2476 345 2506 Meniis
366 2475 557 2515 Septembris,
577 2476 665 2507 Anno
689 2476 815 2508 Domini
829 2476 1002 2516 Millesimo,
1020 2477 1198 2510 Trecentesi—

135 2524 206 2554 mo,
224 2514 405 2553 Sexagesimo
419 2515 505 2546 sexto.

562 2593 764 2632 Praesentibus,

167 2668 378 2701 Praecarisiimo
394 2669 618 2711 Cennnguineo
634 2671 733 2702 nostro
743 2694 752 2710 ,

169 2711 286 2739 Domino
304 2709 452 2747 Johanne,
470 2713 545 2739 Duce
568 2710 758 2750 Lancastriae,
778 2709 893 2742 Illustris
916 2709 1006 2748 Regis
1020 2709 1133 2748 Angliae
1150 2710 1173 2741 F
1174 2711 1197 2740 i·

132 2746 194 2816 Ιὲοέ
206 2748 240 2778 &
258 2747 352 2778 Fratre
365 2747 436 2778 dieti
452 2747 590 2787 Principis
604 2758 610 2778 ε

170 2795 347 2855 Rte'verendis
361 2825 390 2854 in
404 2823 522 2854 Christo
536 2824 680 2862 Patribus,

168 2866 285 2893 Domino
299 2862 402 2900 Helia,
420 2862 625 2901 Archiepiscopo
640 2861 841 2900 Burdegalenfi,

0 2912 2 2922 ³
19 2909 72 2937 VI.
103 2936 105 2938 ¹
166 2902 185 2922 ³*
207 2904 324 2931 Domino
339 2902 497 2940 Bernardo,
514 2900 635 2939 Eptfiopo
651 2899 831 2979 ΧαηίέοηιῗΙι
841 2922 852 2938 ,

2 2956 45 2984 33,
108 2938 115 2950 ¹
166 2938 301 2979 Johaizne
308 2962 325 2985 ,ι
337 2939 433 2969 Elec‘lo
447 2939 625 2980 Bathonienfi
633 2938 671 2974 ὠ
689 2938 790 2970 Wellen
802 2951 828 2976 1,

168 2978 348 3010 Cancellario
369 2979 530 3016 Aquitaniae
547 2987 554 3007 z

165 3017 299 3087 {ohanne
313 3017 438 3047 chandos
447 3040 456 3055 ,
474 3016 711 3055 Constabulario,

178 3057 204 3088 “t
222 3056 332 3086 Thoma
348 3057 379 3086 de
392 3055 504 3094 Felton,
522 3055 696 3094 Senescallo,

164 3096 342 3135 Aquitaniae,

165 3132 205 3164 Et
223 3131 331 3171 Nigello
350 3133 382 3162 de
399 3135 537 3171 Loereyn,
556 3131 721 3164 Camerario
737 3131 805 3162 dieti
821 3131 976 3170 Principis,

164 3171 343 3209 Baldoynode
363 3170 508 3210 Frevylla,
525 3171 682 3203 Senescallo
697 3169 891 3202 Xandionensi
901 3193 910 3208 ,

166 3208 206 3241 Et
219 3209 275 3240 aliis
289 3207 423 3239 Testibus
435 3210 470 3240 ad
484 3210 630 3248 praemissa.

578 3289 611 3317 Yo
630 3287 658 3316 el
677 3290 742 3326 Rey.

166 3363 205 3395 Et
217 3372 272 3405 ego
282 3364 425 3403 Johannes
438 3363 474 3395 de
489 3361 614 3395 London
623 3385 632 3401 ‚
649 3362 793 3401 Clericus,
807 3363 1016 3395 Wintoniensis
1030 3361 1171 3395 Dioecefis
1180 3388 1189 3404 ,

129 3398 264 3434 Publicus
284 3403 460 3435 Auctoritate
480 3400 649 3441 Apostolica
669 3401 822 3437 Notarius,
843 3402 994 3433 undecima
1012 3403 1058 3433 die
1080 3402 1188 3434 Mensis

126 3441 287 3479 Februarii,
306 3442 395 3472 Anno
414 3442 537 3472 Domini
556 3439 733 3478 supradidto,
751 3439 916 3470 Indiffione
936 3441 1050 3480 quinta,
1069 3440 1187 3472 Pontifi-

125 3479 222 3518 catfis,
245 3479 415 3511 Sanetiffimi
436 3481 465 3509 in
488 3478 606 3510 Christo
626 3479 717 3509 Patris
738 3479 772 3509 ὃ(
793 3477 916 3508 Domini
937 3479 1041 3518 nostri,
1061 3478 1186 3510 Domini

124 3516 241 3549 Urbani
277 3517 336 3548 Dei
351 3517 549 3555 Providentia,
567 3516 653 3554 Papae
669 3517 773 3556 Qiinti
783 3539 792 3553 ,
811 3516 900 3547 Anno
912 3517 1115 3555 quinto,-infra
1129 3517 1187 3549 Ca-

125 3556 215 3587 strum
239 3541 369 3587 Civitatis
382 3554 514 3594 Baionae,
531 3557 562 3586 in
578 3554 692 3593 Capella
707 3555 829 3594 ejusdem
843 3554 954 3599 Castri,
972 3557 1027 3585 una
1040 3565 1109 3585 cum
1124 3555 1186 3587 Te-

121 3595 211 3626 stibus
223 3595 417 3633 infrascriptis,
432 3594 474 3624 fui
488 3594 606 3632 praesens
616 3593 731 3632 quando
744 3594 833 3624 dietus
848 3593 996 3624 Dominus
1008 3593 1072 3623 Rex
1086 3593 1186 3625 Petrus

124 3633 265 3673 praemiffa
286 3634 384 3664 omnia
405 3633 438 3663 &
454 3632 560 3669 singula
576 3632 738 3671 innovavit,
757 3632 957 3670 confirmavit,
973 3633 1006 3664 &
1036 3641 1184 3663 uramento

124 3673 175 3703 suo
194 3673 325 3711 vallavit,
342 3670 502 3710 tangendo,
522 3670 640 3708 propriis
663 3672 792 3701 manibus
812 3671 878 3708 suis,
899 3670 1002 3701 saneta
1049 3671 1074 3700 ei
1088 3670 1184 3701 Evan-

122 3712 210 3749 gelia,
230 3713 265 3744 δε
287 3710 402 3749 quando
422 3709 478 3747 ipse
502 3707 567 3738 Rex
588 3708 700 3747 propria
718 3708 811 3738 Manu
830 3709 877 3739 sua
889 3709 1060 3747 subscripsit,
1079 3705 1184 3747 meque

122 3751 262 3787 requisivit
285 3752 320 3782 δε
340 3748 483 3779 mandavit
505 3755 536 3777 ut
554 3745 735 3784 praesentibus
755 3746 856 3777 Literis
876 3756 923 3777 me
936 3747 1135 3778 subscriberem
1150 3749 1182 3778 ὃς

123 3786 245 3825 Signum
260 3797 359 3819 meum
370 3794 544 3826 apponerem
557 3785 732 3816 consuetum.

203 3862 323 3904 Testes,
337 3866 388 3904 qui
409 3865 521 3896 fuerunt
536 3862 681 3901 praesentes
695 3861 730 3892 ad
743 3860 794 3892 ista
807 3862 862 3895 una
876 3871 992 3893 mecum
1002 3885 1012 3901 ,
1028 3862 1108 3901 sunt,

159 3942 291 3971 Dominus
312 3943 411 3971 Frater
432 3944 576 3971 Martinus
596 3942 689 3979 Lupi,
712 3938 848 3978 Magister
867 3936 984 3971 Militiae
1009 3936 1127 3971 Domfis
1145 3938 1182 3971 de

120 3980 287 4017 Alcantara,
305 3978 422 4010 Ordinis
435 3979 627 4010 Cisterciensis
635 4002 645 4018 ,

158 4021 275 4055 Rogerus
288 4019 421 4047 Dominus
433 4020 466 4048 de
479 4017 508 4047 la
524 4021 623 4055 Wre,

156 4059 295 4087 Gometius
311 4055 414 4095 Garfiae
426 4057 458 4086 de
469 4059 569 4097 Royos,
587 4055 691 4095 Miles,

151 4098 224 4129 Tom-
243 4097 302 4125 ΙΙΙ.
321 4096 355 4126 Ρ.
373 4096 415 4125 ΙΙ.

1250 156 1728 210 PUssLicA.
2225 170 2299 215 123

1264 241 1387 285 §instar
1402 243 1537 272 Fen-andi
1551 244 1582 272 de
1598 243 1734 282 Villmr're,
1755 244 1918 276 Vexilliirius
1936 246 2033 285 Major
2050 245 2178 276 Domini
2193 246 2285 277 82ch
2296 271 2304 284 ,
2323 246 2397 276 siun.
2411 248 2451 277 D.

1237 278 1300 308 Filii
1316 281 1385 310 <iic-h
1403 281 1525 319 Domini
1545 281 1646 321 Regis,
2352 288 2435 325 1366.

1238 319 1408 386 RMatheus
1436 322 1571 350 Fermmdz‘
1595 344 1604 359 ,
1639 320 1827 352 Cancellarius
1851 323 1941 360 Sigilli
1961 323 2069 353 Secreti
2090 323 2159 354 diet-i
2180 323 2304 354 Domini
2322 327 2387 352 Edu.
2409 335 2433 361 3„

1270 366 1334 394 egis,

1276 394 1409 433 Magister
1425 393 1525 425 Paulus
1541 393 1693 436 Gabrielif,
1713 398 1792 429 Civis
1808 397 1960 437 Ispalensis,

1276 433 1421 470 Jolmmles
1437 437 1574 472 Gatrerz'i,
1593 436 1726 467 Decimus
1740 437 1873 468 Eccleliae
1889 438 2084 477 segobiensis,

1277 472 1314 501 Et
1330 470 1462 510 llsagister
1477 473 1607 502 imbertus
1620 477 1770 513 Fregaum'i,

1240 548 1255 577 l·
1277 509 1618 579 bimarff‘sgtcanoenmae
1632 513 1754 544 Domini
1770 515 1825 545 mei
1842 514 1981 553 Principis
1996 514 2156 554 Aquitaniae
2170 516 2203 547 ὅ(
2219 514 2304 547 Ναὶ-ἓ

1251 557 1284 578 iae
1311 558 1375 588 upra
1397 559 1404 577 i
1436 559 1452 579 ι.

1241 671 1352 713 Bulla,
1385 683 1438 717 pro
1470 674 1599 705 Auxilio
1629 685 1731 706 contra
1757 678 1916 707 Saracenas
1941 681 1976 714 ῥ’
2005 676 2157 720 Tarchos,
2185 678 2304 723 Insulas

1466 719 1552 771 Cypri
1578 725 1614 760 ὠ·
1641 721 1739 754 Rhodi
1756 724 1899 756 invadere
1916 729 2072 760 minantes.

1244 803 1435 871 URbanus
1450 829 1459 843 ,
1482 806 1638 849 Episcopus
1654 830 1663 845 ,
1690 803 1791 839 Servus
1822 808 1975 839 Servorum
2002 810 2060 841 Dei
2078 834 2088 849 ,
2109 811 2252 842 carissimo
2274 812 2305 842 in
2322 807 2453 845 Anni)

1324 843 1441 887 Christo
1456 845 1546 888 Filio,
1565 842 1709 876 Edwardo
1723 846 1798 886 Regi
1811 847 1923 887 Angliae
1939 847 2038 879 illustri
2048 872 2057 887 ,
2075 850 2200 881 Salutem
2215 852 2248 882 δί
2263 850 2306 881 Α·
2347 855 2432 894 1366.

1244 881 1412 921 postolicam
1428 882 1672 914 Benedictionem.
2321 898 2374 921 An.
2391 904 2438 928 40.

1284 920 1357 951 Inter
1373 921 1425 965 alia
1440 921 1549 965 Pietatis
1564 922 1709 961 Opera,ad
1725 933 1788 962 quae
1802 923 1907 955 debent
1920 923 2062 956 Catholici
2077 923 2221 964 Principes
2234 927 2304 966 aspi·
2322 937 2352 960 Ε.
2376 941 2400 967 3-

1245 969 1304 989 rare
1327 961 1479 1003 continue,
1500 959 1565 991 illud
1586 963 1729 1001 praecipue
1749 963 1778 991 in
1796 972 1895 994 eorum
1917 963 2000 993 debet
2020 965 2120 994 versari
2139 965 2305 1003 afieCribus,
2322 975 2361 997 Ex
2378 974 2437 997 Aic-

1244 999 1278 1028 &
1301 1007 1465 1036 operatione
1486 1000 1612 1038 traciari,
1635 1009 1666 1030 ut
1687 999 1769 1030 Fides
1790 999 1954 1039 Catholica,
1978 1002 2006 1031 in
2034 1002 2090 1041 qussi.
2109 1002 2170 1033 sunt
2192 1012 2305 1034 aeternae
2323 1017 2386 1046 togr.
2434 999 2438 1004 ’

1246 1036 1410 1067 Salvationis
1433 1039 1549 1074 gratiam
1566 1040 1754 1078 percerpturi,
1772 1040 1902 1070 exaltetur
1916 1040 2035 1077 allidue,
2053 1040 2177 1080 illiusque
2193 1041 2307 1072 Profes-

1245 1075 1316 1112 sores
1336 1075 1518 1107 defendantur
1532 1077 1568 1107 ab
1584 1077 1724 1108 Hostibus
1740 1079 1865 1108 nominis
1881 1078 2051 1116 Christiani,
2070 1078 2102 1108 ad
2116 1089 2180 1118 quae
2193 1080 2247 1115 illo,
2255 1081 2306 1111 de-

1246 1114 1314 1144 bent
1333 1116 1444 1145 excitari
1468 1115 1612 1152 potiffime
1636 1124 1782 1155 tempore,
1801 1127 1860 1154 quo
1885 1118 1971 1156 tnagis
1990 1117 2123 1148 noverint
2147 1119 2306 1157 periculum

1247 1152 1388 1183 Fidelibus
1402 1155 1561 1184 imminere.

1284 1191 1380 1230 Sane,
1415 1192 1449 1223 ad
1471 1192 1631 1224 Serenitatis
1649 1201 1707 1224 tuae
1727 1194 1855 1224 notitiam
1877 1204 1937 1224 non
1957 1194 2127 1232 ambigimus
2147 1194 2310 1233 devenisse,

1267 1230 1325 1260 uod
1340 1231 1421 1273 quia,
1437 1231 1592 1262 cariffirrius
1607 1232 1636 1261 in
1652 1231 1769 1262 Christo
1783 1232 1867 1262 Filius
1881 1231 1991 1269 noster,
2010 1232 2121 1272 Petrus,
2142 1233 2203 1264 Rex
2216 1233 2262 1274 Cy
2283 1235 2307 1264 ri

1261 1269 1376 1307 ilustris,
1395 1269 1456 1307 ejus
1469 1280 1504 1300 ue
1523 1270 1639 1307 subditi,
1654 1280 1688 1300 ac
1710 1271 1816 1301 Fratres
1836 1271 1990 1308 Hospitalis
2003 1245 2309 1312 SanetiJoliannisf-

1246 1308 1441 1345 rusolirnitarii,
1487 1309 1571 1349 ugiles
1585 1308 1692 1339 Christi
1706 1310 1739 1340 δι’,
1753 1309 1874 1340 Athletae
1890 1309 1968 1340 Fidei
1983 1309 2167 1349 Christianae,
2184 1311 2308 1342 nonnula

1246 1346 1340 1389 lorum
1361 1346 1497 1377 Fidelium
1516 1348 1603 1378 adniti
1622 1347 1753 1385 Auxilio,
1769 1348 1805 1378 de
1825 1346 2001 1387 Apostolicae
2015 1349 2092 1379 Sedis
2106 1350 2237 1388 licentia,
2256 1349 2306 1380 ad-

1246 1384 1509 1428 versusSaracenos
1530 1387 1648 1426 impios,
1670 1386 1778 1422 Christi
1800 1385 1966 1426 Blasfemos,
1987 1387 2020 1417 ὃ(
2042 1387 2148 1418 Hostes
2167 1388 2308 1419 Nominis

1247 1422 1414 1461 Christiani,
1435 1424 1659 1463 Detentoresque
1672 1424 1770 1455 Terrae
1786 1425 1898 1456 Sanetae
1912 1426 1945 1456 ad
1957 1425 2131 1457 Christianos
2145 1427 2293 1463 spectantis

1245 1463 1275 1491 iri
1299 1462 1353 1500 qua
1376 1462 1502 1493 Salvator
1523 1462 1636 1502 noster,
1654 1463 1710 1493 Dei
1732 1464 1834 1502 Filius,
1855 1462 1942 1502 Jehus
1967 1463 2095 1495 Christus
2117 1466 2243 1504 dignatus
2263 1449 2306 1496 eff

1245 1499 1373 1531 Humani
1394 1500 1515 1530 Generis
1535 1503 1643 1541 operari
1659 1501 1801 1540 Salutem,
1819 1501 1974 1533 Civitatem
1992 1503 2254 1534 Alexandrinensem
2269 1504 2308 1535 de

1247 1540 1376 1570 manibus
1396 1538 1539 1570 diffitorum
1559 1540 1782 1578 Saracenorum,
1799 1540 1912 1571 dexter&
1927 1540 2051 1570 Domini
2067 1551 2135 1571 cum
2150 1543 2187 1571 eis
2201 1542 2307 1572 facien-

1246 1586 1274 1608 te
1295 1579 1443 1616 virtutem,
1460 1577 1497 1608 Vi
1519 1578 1677 1609 Armorum
1692 1584 1845 1618 ceperunt·⁷
1861 1579 1926 1609 licet
1943 1579 2143 1618 postmodum,
2162 1580 2239 1617 quod
2253 1581 2308 1611 doe

1245 1616 1335 1647 lenter
1348 1617 1508 1656 referimus,
1526 1619 1618 1655 paucis
1633 1616 1731 1648 diebus
1745 1626 1809 1647 cam
1822 1617 1965 1654 potuerint
1977 1618 2114 1655 retinere,

1286 1655 1339 1694 Ipsi
1360 1655 1487 1686 Saraceni
1511 1666 1543 1686 ac
1567 1655 1713 1696 nephanda
1736 1655 1829 1686 Natio
1849 1655 2051 1692 Turchorum,
2070 1655 2257 1686 inimicorum
2272 1658 2307 1688 δὲ

1245 1693 1403 1725 sedulorum
1420 1694 1634 1725 Persecutorum
1649 1694 1726 1725 Fidei
1743 1695 1909 1733 praelibatae,
1929 1693 2030 1724 Insulas
2045 1693 2134 1734 Cypri
2152 1696 2185 1726 ὃς
2203 1695 2311 1734 Rhodi,

1245 1733 1362 1771 aliasque
1384 1733 1487 1764 Terras
1501 1756 1510 1770 ,
1531 1733 1565 1763 ad
1589 1733 1696 1771 dictos,
1716 1732 1828 1772 Regem
1850 1733 1884 1763 δε
1911 1733 2032 1770 Fratres,
2057 1734 2087 1762 in
2109 1732 2309 1764 Ultramarinis

1245 1773 1367 1809 partibus
1388 1774 1574 1810 pertinentes,
1592 1773 1733 1802 minantur
1753 1770 1899 1809 invadere,
1919 1772 1955 1801 de
1976 1771 2082 1810 illisque
2101 1771 2209 1810 delere,
2230 1772 2308 1810 quod

1243 1811 1329 1849 absit,
1350 1810 1590 1841 Gloriolissimum
1604 1810 1728 1841 Nomen
1744 1810 1868 1845 Christi,

1280 1849 1348 1879 Nos
1369 1850 1450 1888 igitur
1469 1849 1672 1880 considerantes
1693 1848 1791 1886 quod,
1810 1850 1828 1879 li
1847 1854 2052 1886 occuparentur
2071 1849 2192 1888 praefatae
2205 1846 2308 1880 Insulae

1243 1886 1277 1917 &
1301 1888 1402 1918 Terrae
1423 1892 1488 1928 (per
1506 1897 1575 1927 quos
1597 1887 1631 1918 ad
1644 1887 1753 1918 dietam
1768 1887 1893 1917 Terram
1908 1887 2031 1918 sanctam
2041 1910 2049 1924 ,
2066 1887 2099 1917 ad
2115 1888 2192 1924 cujus
2208 1887 2308 1918 Recu-

1243 1928 1436 1963 perationem,
1462 1936 1515 1964 pro
1535 1926 1658 1964 ejusdem
1679 1926 1827 1956 Salvatoris
1847 1926 2002 1956 reverentia
2020 1926 2054 1956 &
2075 1925 2248 1964 devotione,
2272 1936 2307 1957 ac

1242 1965 1352 1996 honore
1367 1965 1520 2003 Fidelium,
1537 1973 1596 1996 tota
1607 1965 1690 1995 debet
1704 1963 1898 1996 Christianitas
1909 1964 2051 2002 anhelare,
2067 1964 2140 2003 quali
2156 1974 2204 2002 per
2217 1975 2308 2003 quan-

1241 2004 1309 2042 dam
1331 2003 1443 2035 Scalam
1464 2003 1581 2035 habetur
1601 2003 1741 2041 accessus)
1762 2003 1916 2034 auferretur
1932 2003 1989 2043 spes
2003 2003 2237 2041 Recuperationis
2253 2003 2306 2034 hu-

1236 2043 1376 2081 jusmodi,
1393 2043 1426 2074 ὃς
1448 2043 1530 2073 multi
1554 2040 1674 2081 Populi,
1693 2043 1779 2072 renati
1801 2042 1881 2072 fonte
1894 2042 2081 2079 Baptismatis,
2103 2042 2303 2080 perderentur,

1241 2082 1299 2112 *ὃς
1312 2083 1342 2112 in
1355 2081 1545 2112 Orientalibus
1557 2079 1682 2121 partibus
1695 2079 1891 2111 Christianum
1905 2080 2029 2111 Nomen
2044 2080 2077 2112 δε
2091 2079 2193 2111 Gloria
2210 2081 2304 2111 verisi-
2323 2094 2342 2114 ,ᾳ
2362 2094 2402 2124 VI

1240 2121 1341 2151 militer
1362 2121 1535 2159 delerentur,
1550 2120 1657 2159 aliaque
1677 2119 1806 2151 Pericula
1822 2120 1855 2150 δε
1877 2119 2057 2150 Detrimenta
2075 2119 2251 2159 gravissima,
2268 2120 2302 2151 ὃ(
2320 2143 2387 2172 534·
2406 2117 2415 2125 ‘

1238 2158 1388 2199 Dedecus,
1404 2169 1439 2190 ac
1455 2158 1596 2189 Confusio
1610 2158 1840 2189 Occidentalibus
1852 2155 1988 2189 Fidelibus
2002 2159 2198 2199 provenirent,

1277 2198 1315 2230 Et
1337 2198 1483 2239 propterea
1502 2198 1596 2228 dictos
1615 2197 1732 2242 Regem
1752 2198 1786 2229 δε
1807 2197 1914 2228 Fratres
1936 2206 2093 2237 eorumque
2113 2196 2255 2236 Populos,
2274 2198 2305 2228 in

1239 2237 1425 2268 ultramarinis
1444 2238 1566 2274 partibus
1584 2236 1767 2274 constitutos,
1792 2235 1847 2266 isto
1867 2236 2017 2274 praescrtim
2039 2244 2186 2274 tempore,
2203 2237 2309 2267 auxilio

1239 2276 1423 2314 praefatorum
1436 2276 1605 2314 Principum
1620 2275 1796 2314 aliorumque
1811 2274 1952 2305 Fidelium
1967 2274 2094 2314 indigere
2106 2283 2268 2313 cernentes,

1276 2315 1425 2346 Devotam
1446 2313 1690 2353 Magnificentiam
1711 2322 1790 2344 tuam
1809 2312 1967 2344 affectuose
1993 2320 2139 2352 rogamus,
2157 2314 2190 2344 &
2212 2313 2307 2344 horta-

1240 2363 1304 2384 mur
1327 2356 1449 2392 attente,
1470 2354 1613 2392 quatinus,
1636 2351 1779 2391 praemiffa
1801 2352 1846 2389 pie
1870 2351 2062 2390 considerans,
2090 2352 2123 2382 ad
2144 2352 2306 2390 hujusmodi

1240 2393 1418 2423 obviandum
1443 2392 1576 2422 Periculis
1595 2401 1626 2421 ac
1648 2392 1807 2428 Dampnis,
1827 2400 1879 2428 pro
1898 2390 2054 2420 reverentia
2074 2390 2187 2421 Summi
2201 2391 2308 2430 Regis,

1261 2442 1289 2462 er
1311 2441 1397 2471 quem
1417 2431 1534 2462 feliciter
1555 2439 1651 2469 regnas
1663 2453 1672 2468 ,
1696 2430 1871 2467 Animaeque
1891 2436 1946 2459 tuae
1966 2428 2065 2466 salute,
2090 2438 2142 2466 pro
2162 2430 2307 2459 distorum

1241 2441 1328 2510 Regis
1349 2471 1382 2501 ὃς
1406 2470 1545 2509 Fratrum
1558 2469 1728 2506 suorumque
1749 2468 1928 2506 Populorum
1942 2467 1974 2498 δε
1990 2466 2141 2497 Insularum
2156 2478 2188 2498 ac
2203 2468 2310 2498 Terra-

1241 2520 1305 2540 rum
1315 2532 1324 2547 ,
1339 2509 1373 2539 ad
1395 2518 1444 2538 eos
1458 2509 1485 2538 in
1506 2507 1608 2538 eisdem
1624 2509 1746 2545 partibus
1760 2506 1957 2536 Ultramarinis
1972 2505 2155 2543 spectantium
2165 2529 2174 2543 ,
2194 2506 2307 2536 Defen-

1242 2549 1319 2579 fione
1331 2549 1367 2577 ab
1383 2546 1592 2577 Hostilitatibus
1605 2547 1638 2576 &
1653 2546 1898 2576 Persecutionibus
1915 2543 2073 2574 infidelium
2087 2544 2306 2583 praedic‘lorum,

1241 2598 1274 2618 ac
1301 2587 1455 2617 Securitate
1478 2585 1589 2623 Maris,
1615 2592 1647 2614 ut
1670 2584 1700 2613 sit
1722 2592 1796 2614 tutus
1819 2582 1941 2614 accessus
1955 2582 2092 2613 Fidelium
2107 2582 2141 2613 ad
2155 2583 2257 2613 Insulas
2273 2584 2307 2613 ὃς

1241 2626 1345 2656 Terras
1363 2624 1492 2662 easdem,
1512 2623 1548 2653 de
1571 2622 1660 2662 aliqua
1677 2622 1775 2653 Gente
1794 2621 1929 2661 armigera
1949 2621 2018 2652 velis
2037 2621 2140 2652 eisdem
2163 2621 2257 2661 Regi,
2272 2622 2306 2653 &

1243 2664 1382 2695 Fratribus
1395 2662 1523 2693 celeriter
1536 2661 1690 2692 subvenire.

1280 2703 1405 2732 Sciturus
1426 2701 1523 2738 quod,
1549 2702 1605 2730 tam
1629 2698 1727 2738 Ituris,
1746 2707 1831 2737 quam
1852 2698 1973 2729 miffuris
1990 2698 2153 2738 Auxilium,
2180 2708 2232 2738 pro
2253 2698 2306 2729 hu·-

1236 2740 1358 2780 jusmodi
1385 2739 1472 2770 nostri
1491 2739 1697 2776 Redemptoris
1715 2738 1879 2776 Obsequio,
1902 2737 2124 2777 indulgentiam,
2142 2746 2206 2775 quae
2224 2737 2304 2768 datur

1239 2779 1497 2810 Transfretantibus
1517 2780 1545 2808 in
1560 2777 1661 2808 Terra:
1678 2777 1789 2808 Sandiae
1805 2776 1982 2813 Subfidium,
1998 2776 2128 2806 duximus
2143 2777 2307 2807 conceden-

1239 2818 1347 2887 deat.
1363 2856 1500 2887 Avinion.
1518 2854 1642 2887 secundo
1662 2852 1748 2884 Non.
1769 2853 1925 2891 octobris,
1941 2851 2127 2883 Pontificatiis
2140 2852 2227 2882 nostri
2244 2851 2305 2883 An-

1240 2903 1281 2927 no
1333 2903 1419 2926 uarto.

1849 2928 2073 2959 Bartholomaeus.

1398 3011 1451 3041 Sub
1466 3009 1553 3049 Sigillo
1563 3006 1686 3049 plumbeo
1694 3008 1827 3048 pendente
1841 3018 1859 3035 a
1874 3005 1931 3036 Filo
1943 3006 2068 3036 canabco.

1490 3156 1550 3187 Pro
1568 3154 1662 3186 Scotis
1683 3153 1714 3182 in
1730 3149 1879 3196 Angliam
1901 3152 2048 3182 venturis.

1240 3244 1296 3299 R
1308 3244 1333 3276 E
1344 3243 1391 3280 X,
1409 3241 1468 3272 &c
1488 3238 1624 3269 Salutem.

1354 3277 1453 3313 Sciatis
1476 3277 1557 3315 quod
1575 3275 1742 3314 suscepimus
1760 3274 1788 3303 in
1812 3272 2026 3304 Proteffionem
2041 3273 2075 3304 ὃς
2089 3271 2293 3304 Defenfionem
2319 3246 2397 3279 Anu*
2410 3251 2452 3282 D;

1553 3316 1558 3320 .
2340 3288 2424 3327 1366.

1235 3321 1359 3353 nostram
1373 3343 1382 3359 ,
1408 3325 1523 3348 necnon
1551 3325 1579 3344 in
1610 3313 1717 3344 salvum
1738 3313 1771 3343 &
1790 3312 1916 3342 securum
1940 3311 2126 3342 Conductum
2145 3311 2295 3351 nostrum,
2314 3331 2368 3354 An.
2383 3339 2432 3364 40·

1232 3360 1425 3391 Willielmum
1446 3356 1482 3386 de
1509 3351 1646 3391 Calabre,
1671 3351 1859 3389 Capelianum
1880 3351 1916 3380 de
1936 3350 2030 3393 Scotia
2046 3372 2054 3386 ,
2075 3349 2235 3393 veniendo,
2260 3352 2296 3382 de
2314 3370 2343 3393 E.
2368 3377 2392 3403 3·

1231 3399 1353 3438 partibus
1373 3396 1497 3432 Scotiae,
1512 3395 1541 3424 in
1562 3392 1699 3430 Regnum
1721 3390 1851 3420 nostrum
1873 3389 2003 3427 Angliae,
2021 3388 2053 3418 &
2066 3387 2131 3417 alibi
2146 3388 2215 3418 infra
2228 3389 2293 3420 Do·
2314 3409 2359 3431 Sco
2361 3413 2382 3431 t·
2399 3407 2448 3440 40'

1233 3439 1354 3468 minium
1369 3437 1402 3467 &
1415 3433 1588 3464 Potestatem
1605 3429 1714 3466 nostra,
1733 3429 1792 3459 tam
1807 3437 1855 3467 per
1868 3427 2005 3464 Terram,
2024 3426 2109 3471 quam
2126 3435 2175 3463 per
2191 3427 2293 3467 Mare,
2314 3447 2342 3469 E.
2363 3452 2387 3478 3·
2439 3427 2446 3435 .

1231 3486 1300 3507 cum
1319 3475 1432 3506 Decem
1447 3472 1537 3503 Sociis
1550 3470 1600 3501 suis
1614 3467 1780 3508 Equitibus,
1798 3465 1856 3501 &a
1866 3472 1949 3504 prout
1961 3468 1991 3494 in
1998 3463 2130 3503 fimdibus
2143 3465 2175 3495 de
2187 3467 2293 3497 eondu-
2313 3490 2351 3509 m,
2370 3490 2395 3519 3·

1259 3526 1276 3544 u
1320 3516 1405 3543 iteris.

1230 3516 1415 3589 HInLcujus,
1433 3550 1492 3580 &c
1512 3557 1560 3587 per
1578 3555 1666 3577 unum
1685 3544 1804 3575 Annum
1822 3543 1971 3573 duraturas.

1303 3590 1393 3622 Teste
1418 3588 1498 3626 Rege
1514 3584 1589 3626 apud
1607 3581 1896 3616 westmonasterium
1910 3603 1919 3618 ‚
1947 3580 2066 3611 decimo
2086 3581 2168 3612 tertio
2185 3580 2231 3611 die
2249 3579 2294 3611 0-

1352 3627 1468 3660 ‹stobris

1918 3659 1973 3687 Per
1991 3654 2143 3687 concilium.

1248 3743 1418 3776 Consimiles
1436 3741 1544 3772 Literas
1562 3736 1650 3776 Regis
1668 3736 1771 3766 habent
1788 3733 1948 3774 subscripti,
1970 3734 2006 3766 de
2026 3732 2204 3773 Conductu,
2223 3732 2274 3766 sub

1571 3778 1669 3806 eadem
1684 3775 1776 3812 Data‚·
1796 3774 1947 3811 videlicet,

1265 3859 1411 3899 Johannes
1427 3859 1538 3887 Graunt
1558 3851 1640 3882 Miles
1657 3853 1689 3882 de
1705 3854 1811 3889 Scotia,
1828 3859 1894 3882 cum
1910 3850 1964 3880 Sex
1981 3848 2140 3886 Equitibus.

1266 3897 1430 3929 Willielmus
1444 3892 1579 3931 Lindesay
1593 3894 1724 3928 Armiger
1740 3892 1771 3920 de
1786 3893 1959 3926 Scotia,cum
1967 3888 2021 3917 Sex
2029 3887 2121 3917 Sociis
2128 3887 2288 3926 Equitibus.

1265 3936 1378 3967 Alanus
1395 3935 1425 3963 de
1445 3933 1566 3971 Erskyne
1584 3931 1616 3959 de
1634 3932 1741 3967 Scotia,
1759 3938 1828 3959 cum
1851 3927 2017 3957 Duodecim
2040 3925 2196 3963 Equitibus.

1266 3976 1397 4004 Robertus
1415 3972 1447 4001 de
1462 3970 1584 4009 Erskyne
1603 3967 1685 3998 Miles
1702 3969 1734 3997 de
1749 3970 1848 4002 Scotia,
1867 3975 1936 4009 cum
1952 3964 2059 4008 Viginti
2074 3964 2229 4005 Equitibus.

1267 4013 1412 4052 Johannes
1429 4008 1506 4045 Lyllc·
1520 4011 1552 4038 de
1568 4010 1673 4045 Scotia,
1691 4016 1758 4037 cum
1770 4006 1824 4035 Sex
1840 4004 1930 4034 Sociis
1945 4002 2102 4047 Equitibus.

1268 4050 1370 4082 David
1384 4050 1415 4080 de
1432 4046 1546 4087 Berclay
1564 4045 1646 4078 Miles
1664 4046 1696 4075 de
1712 4046 1818 4120 δεοέἕι,
1837 4051 1908 4073 cum
1922 4041 2004 4074 Octo
2018 4041 2210 4110 Equitibusrl

1801 4090 1819 4111 2
2205 4089 2290 4110 mnas
