2561 4251
777 201 885 242 ET
971 198 1208 241 ACTA

1 294 77 327 Ann-
93 289 136 322 D.
183 285 413 321 ῙΝΝοΜῙΝε
440 287 607 319 SuMMAE
635 295 686 319 ET
715 294 966 317 runrvrnuffi
991 285 1215 316 TRINITA-

24 331 105 371 1389.
145 337 210 360 τις
235 327 396 359 PATR1s
423 334 474 357 ΕΤ
494 327 609 357 F1L11
640 333 691 356 ET
717 326 928 357 SP1R1Tus
957 323 1115 355 Sanc-rr
1131 346 1141 362 ,
1172 322 1215 353 A·

2 374 50 401 Ric.
69 380 96 398 ι.
152 375 179 398 Μ
190 376 208 397 E
219 375 253 396 N.

63 403 70 409 ”
184 405 264 436 cum
288 402 370 434 Pacis
389 402 519 442 Auster,
536 401 675 433 pacificos
694 401 792 432 volens
814 401 885 431 filios
898 400 953 431 effe
968 398 1164 437 beatitudinis,
1181 408 1214 428 ac

145 441 329 475 execrabilem
351 443 428 479 pacis
451 442 588 472 aemulum
612 452 628 471 a
650 439 876 470 Christianorum
897 439 1000 469 finibus
1019 437 1128 468 exulare
1144 460 1154 475 ,
1184 446 1215 467 ea

148 488 261 521 propter
281 480 316 510 ad
336 487 602 511 PERPETUAM
622 487 695 508 REI
716 485 974 514 MEMORIAM,

186 519 335 588 hlioverint
360 519 511 556 universi,
542 518 693 549 Tenorem
717 515 900 546 Praesentium
921 515 1002 546 visuri
1025 513 1058 545 &
1078 513 1216 552 audituri,

170 559 209 588 ιιὸ

149 564 167 598 q
189 580 262 628 Ort'a
283 595 406 633 dudum,
425 596 516 632 inter,
540 591 753 624 Sereniffimum
777 590 942 628 Principem
962 590 995 621 ὃς
1013 589 1144 628 Regem,
1161 589 1217 620 Ri-

152 633 309 673 chardum,
329 633 386 664 Dei
409 631 513 670 gratia,
532 630 645 669 Regem
668 630 779 668 Angliae
795 630 828 660 &
843 629 985 667 Franciae,
1002 638 1034 658 ac
1048 628 1216 658 Dominum

153 672 320 709 Hiberniae,
338 671 477 710 ligeosque
491 670 551 700 suos
566 669 693 707 Angli'ae,
712 676 789 705 parte
803 677 836 697 ex
851 678 922 705 una,
941 677 1073 703 necnon,
1092 666 1216 697 Venera-

154 711 243 742 bilem
257 711 290 742 &
305 710 481 748 Religiosum
498 706 680 746 Dominum,
700 706 863 736 Dominum
878 705 1046 737 Conradum
1060 704 1170 734 Zolner
1183 705 1219 735 de

154 748 365 785 Rothenstein,
385 745 559 783 Magistrum
574 744 762 782 Generalem,
781 744 896 774 Ordinis
909 745 1000 774 beatae
1015 742 1133 781 Mariae,
1151 743 1219 773 Do-

156 798 219 819 mus
239 786 434 818 Theutonicae
450 784 632 823 Jerusolimit.
654 782 825 821 Magistrum
846 782 1023 821 generalem,
1041 781 1219 818 Terramque

156 827 232 857 suam
252 823 386 862 Pruffiae,
405 823 438 854 δε
460 823 593 854 Subditos
613 821 754 860 ejusdem,
773 829 850 861 parte
872 830 906 850 ex
931 820 1030 857 altera,
1047 819 1219 850 dissensionis

155 865 201 896 seu
215 862 361 892 discordiae
374 862 488 892 materiai
497 884 507 899 ,

193 901 347 931 Praediems
369 899 517 930 Dominus
540 897 677 937 Magister
699 896 845 926 Generalis
859 919 868 934 ,
897 896 958 926 usus
979 894 1129 933 Consilio,
1157 895 1221 925 suos

157 939 338 970 honorabiles
359 937 496 968 Nuncios
518 936 551 966 ad
572 935 760 973 supradictum
783 934 993 964 Sereniffimum
1010 933 1171 972 Principem
1188 933 1221 963 &

158 977 272 1017 Regem
292 977 385 1008 versus
404 975 537 1015 Angliam
557 973 723 1010 destinavit,
740 972 774 1002 ad
791 973 1009 1011 proponendum
1027 972 1061 1002 δε
1077 971 1223 1010 querelan-

157 1017 227 1047 dum
244 1016 293 1046 sibi
313 1014 457 1046 violentias
476 1014 509 1043 &
528 1013 637 1050 injurias
655 1011 809 1042 Pruchenis
828 1013 864 1041 ab
884 1011 1010 1050 Anglicis
1022 1033 1031 1048 ,
1055 1018 1085 1040 ut
1101 1009 1221 1047 dicitur,

147 1055 244 1135 ‘isllatas
257 1077 268 1093 ,
285 1051 345 1088 &a
359 1046 442 1091 brout
454 1052 541 1091 fitpra
563 1052 594 1081 de
615 1053 688 1080 Dat.
708 1059 756 1080 21.
781 1052 857 1088 Aug.
881 1052 963 1079 Anni
979 1051 1116 1087 preteriti
1131 1071 1140 1087 ,
1158 1055 1223 1077 tunc

166 1103 205 1131 Ic,

198 1168 267 1199 Nos
286 1175 395 1205 autem,
414 1167 681 1207 Compositionem‚
701 1166 938 1204 Ordiriationem,
957 1163 1173 1201 Concordiam,
1191 1162 1224 1193 ὅ(

160 1207 330 1237 Tractatum
354 1206 503 1244 praedictos
527 1206 742 1243 Acceptamus,
768 1205 970 1242 Approbamus
984 1225 993 1241 ,
1019 1202 1224 1239 Ratificamus,

161 1245 213 1284 &,
231 1245 348 1312 'II'enore
364 1244 566 1314 Prgaczsentium,
585 1243 809 1274 Confirmamus.

157 1359 178 1390 b
196 1293 297 1365 ..staec
300 1292 386 1361 [1]ζὲἒέ
399 1293 473 1361 ap‘ud
489 1319 747 1361 Waestmonasterium
757 1342 766 1357 ,
781 1318 917 1349 vicesimo
930 1316 1054 1348 secundo
1069 1317 1114 1347 die
1128 1315 1224 1346 Osto-

180 1369 224 1389 ris.

584 1399 638 1427 Per
653 1393 737 1436 ipfitm
751 1398 847 1433 Regem
860 1393 897 1430 &
913 1392 1066 1424 Concilium.

282 1521 308 1548 '⁸‘
320 1524 379 1554 Pro
402 1524 489 1555 Duce
514 1518 691 1562 Lancastriae
714 1529 748 1552 ut
772 1521 876 1552 veniat
894 1521 926 1550 in
944 1516 1105 1563 Angliam.

21 1548 41 1566 ⁸
61 1547 128 1574 VII.

19 1584 98 1655 5333·
112 1620 154 1651 D·
166 1605 253 1674 RI}
263 1605 313 1644 X,
330 1604 474 1637 cariffimo
491 1604 646 1636 Avunculo
658 1604 723 1642 suo,
740 1603 870 1643 Johanni
881 1606 951 1633 Duci
968 1600 1138 1641 Lancastriae
1147 1625 1156 1640 ,
1176 1601 1226 1632 Sa-

20 1661 136 1736 Αὲρῗξ.
201 1653 423 1723 (ᾈιῗὲεᾙῌωπι
457 1690 616 1721 eroptamus
631 1679 810 1711 Praesen'tiam
826 1680 947 1711 vestram
961 1681 990 1710 in
1006 1679 1113 1723 Regno
1128 1678 1226 1709 nostro

22 1742 41 1766 R
70 1747 85 1764 2
164 1723 311 1760 optinere,
329 1723 390 1752 tam
412 1732 427 1751 a
468 1720 681 1751 Consulendum
704 1719 772 1750 Nos
788 1720 865 1757 super
879 1719 958 1749 bono
974 1718 1127 1757 Regimme
1141 1715 1227 1747 status

21 1758 98 1813 fise:
108 1784 150 1812 ¹3·
163 1760 305 1799 ejuidem,
323 1769 408 1798 quam
421 1761 503 1790 certis
515 1760 571 1789 aliis
587 1769 632 1788 ma
654 1759 694 1788 nis
709 1759 742 1789 ὃς
757 1758 918 1796 urgentibus
931 1756 1027 1787 Cauiis
1037 1779 1047 1794 ,
1063 1766 1129 1796 quas
1143 1757 1226 1786 vobis

21 1818 41 1842 R
70 1823 84 1840 2
165 1799 200 1830 ad
223 1799 375 1829 adventum
397 1798 524 1828 vestrum
544 1796 625 1827 osten
646 1807 693 1827 ere
713 1796 867 1834 faciemus,
891 1794 1073 1826 libentissime
1094 1794 1228 1824 vellemus

22 1836 58 1881 Μ’·
75 1836 117 1890 ¹}-
187 1837 245 1868 υὸά
271 1848 337 1875 vos,
355 1847 403 1875 per
422 1837 563 1874 Terram,
581 1836 626 1866 vel
641 1845 690 1873 per
708 1834 807 1872 Mare,
825 1842 907 1873 prout
921 1834 1018 1864 melius
1052 1834 1173 1870 meritis,
1191 1832 1225 1863 ad

165 1848 343 1907 {lectionem
366 1874 506 1912 vestram,
525 1884 608 1912 penes
621 1873 707 1910 Nos,
725 1872 842 1904 adcitius
857 1883 915 1911 quo
930 1882 1019 1903 como
1040 1873 1056 1901 ὲ
1072 1871 1131 1901 fieri
1147 1880 1227 1909 pote-

166 1917 219 1953 rit,
238 1915 332 1944 venire
353 1914 550 1952 disponeretis,
568 1914 605 1943 ita
625 1912 705 1951 quod
721 1912 756 1942 de
770 1911 905 1951 Corpore
918 1911 1013 1943 vestro
1029 1909 1119 1940 modis
1133 1911 1229 1940 omni-

167 1955 218 1984 bus
234 1953 322 1983 securi
337 1953 408 1989 sitis,

205 1991 357 2031 Quodque
369 2014 378 2028 ,
402 1998 466 2021 ante
486 1989 645 2021 Recessum
667 1988 791 2020 vestrum
814 1988 851 2019 ab
869 1987 1036 2026 Aquitania,
1062 1986 1229 2018 Ordinatio-

164 2040 250 2068 nem,
269 2031 414 2059 meliorem
436 2039 521 2067 quam
543 2028 683 2068 poteritis,
701 2038 753 2065 pro
776 2027 932 2064 Regimine
954 2025 1053 2056 Patriae
1065 2026 1172 2056 ibidem
1188 2027 1229 2057 fa-

166 2070 260 2107 ciatis,
278 2068 420 2107 quousque
441 2077 489 2105 per
510 2067 723 2097 Avisamentum
745 2065 886 2103 vestrum,
911 2074 964 2103 pro
983 2064 1139 2103 Regimine
1161 2064 1231 2101 ejus-

166 2108 248 2145 dem,
264 2107 299 2137 ad
319 2106 471 2138 Honorem
492 2106 525 2138 ὃς
547 2104 748 2136 Commodum
771 2104 900 2136 nostrum
923 2104 956 2135 ὅ(
977 2103 1100 2141 ejusdem
1114 2103 1231 2144 Patriae,

169 2145 298 2176 ordinare
313 2145 467 2181 valeamu33

169 2222 186 2254 s
207 2183 243 2214 Et
258 2183 314 2214 hoc
330 2184 427 2221 vobis,
445 2183 480 2213 de
493 2181 598 2213 assensu
612 2180 739 2213 Concilii
752 2180 858 2220 nostri,
877 2179 1077 2212 innotescimus
1091 2190 1142 2221 per
1153 2180 1231 2212 Prae-

181 2231 266 2253 entes.

246 2259 278 2289 In
292 2260 388 2298 cujus,
407 2260 468 2290 &c-

205 2298 296 2329 Teste
310 2298 392 2339 Rege
404 2298 478 2337 apud
491 2297 767 2340 Wstmonasterium,
787 2298 928 2329 tricesimo
942 2297 989 2328 die
1003 2296 1149 2328 octobris.

628 2377 682 2405 Per
694 2379 786 2406 Breve
800 2375 831 2405 de
844 2377 962 2405 Privato
976 2373 1075 2412 sigillo.

204 2505 254 2537 De
271 2500 412 2545 potestate
430 2498 598 2534 Traffandi
612 2511 680 2532 cum
703 2501 814 2531 Comiee
830 2501 866 2537 (ῤ’
883 2495 1026 2531 Gentibus
1042 2496 1202 2531 Flandriae.

30 2589 160 2624 'Ann.D.
174 2587 262 2650 LE
282 2586 366 2617 Ror
386 2596 401 2617 a
422 2593 492 2617 touz
510 2594 599 2623 ceux,
622 2585 672 2623 qui
691 2583 782 2615 cestes
800 2583 910 2615 Lettres
926 2591 1043 2615 verront
1062 2593 1102 2614 ou
1119 2591 1238 2621 orront,

52 2631 138 2671 1389.
249 2626 340 2656 Saluz.

32 2673 85 2698 An.
104 2679 147 2705 13.
214 2665 313 2696 Savoir
329 2663 425 2694 faisons
441 2673 495 2701 que
509 2662 616 2699 Nous,

31 2711 61 2736 R.
79 2717 105 2735 2.
217 2702 361 2733 Confianz
375 2712 388 2730 a
404 2701 477 2739 plain
492 2701 527 2731 de
541 2700 626 2738 Sens,
641 2699 750 2738 loialte,
766 2700 799 2731 &
813 2699 985 2730 avisementz
997 2698 1049 2737 de,

32 2740 169 2783 Fr‘anca3.
217 2742 293 2773 Noz
306 2740 466 2770 Treschiers
482 2740 515 2770 ὃς
530 2739 644 2776 Foialx,

32 2788 61 2812 R.
79 2793 106 2810 2.
217 2779 397 2816 L'Onurable
411 2778 480 2808 Pere
493 2787 529 2807 en
543 2777 620 2807 Dieu
636 2778 749 2806 VVauter
765 2773 854 2813 Eves
861 2786 892 2804 ue
907 2775 938 2804 de
951 2774 1096 2814 Duresme,

35 2831 71 2851 m.
87 2831 130 2850 11.
216 2817 345 2848 {Villiam
364 2817 395 2845 de
414 2815 568 2844 Beaudaam
601 2814 730 2852 Capitain
749 2814 785 2844 de
804 2786 912 2851 Calais,

214 2853 312 2901 Johan
333 2853 456 2884 clanvou
475 2853 568 2884 Chiva
580 2863 607 2882 er
626 2853 661 2883 de
677 2852 771 2883 nostre
789 2852 950 2890 Chambre,

219 2894 318 2963 {ohan
335 2897 387 2933 Say
407 2892 498 2922 Baron
516 2892 552 2922 de
573 2891 731 2929 Wemme,

217 2942 292 3015 Nede
307 2971 374 3001 bien
388 2978 470 3000 amez
485 2967 583 3007 Clers,
897 3006 902 3011 .

219 3009 342 3040 Marstre
361 3008 483 3038 Richard
499 3006 618 3036 Roulmle
638 3006 773 3037 Do&our
791 3015 824 3036 en
849 3005 932 3043 Lois,

218 3052 304 3087 Roger
320 3047 447 3077 Waldene
462 3045 631 3076 Arcediacre
647 3045 682 3075 de
701 3044 873 3084 Wyncestre
888 3043 1025 3074 Tresorer
1040 3043 1075 3075 de
1091 3042 1198 3082 Calais,

220 3086 392 3154 EthMaistlre
407 3085 520 3115 Thomas
536 3083 642 3124 Wston
658 3083 806 3114 Liccnciet
820 3093 856 3113 en
875 3082 960 3120 Lois,

247 3136 260 3154 o
281 3137 318 3155 an
337 3128 385 3154 Ut
402 3136 420 3154 n

219 3125 345 3193 {ichard
362 3135 508 3201 rhffh’ale,

220 3200 319 3239 Johan
338 3202 476 3238 Newerk,

223 3239 260 3270 Et
277 3241 319 3269 W
317 3238 403 3268 illium
420 3241 518 3275 Swyn,

225 3278 340 3317 Burgois
353 3277 388 3306 de
402 3276 496 3306 nostre
510 3275 584 3306 Ville
597 3274 632 3305 de
646 3275 745 3310 Caliz,

225 3316 313 3347 Iceux
334 3325 422 3346 avons
444 3314 615 3350 Ordennez,
642 3312 823 3351 Constitutz,
848 3312 1001 3350 Deputez,
1029 3313 1062 3344 &
1084 3312 1246 3351 Establiez,

190 3354 362 3385 Ordennons
375 3377 384 3392 ,
410 3352 598 3383 Constituons
614 3374 623 3389 ,
642 3351 793 3390 Deputons
807 3373 816 3388 ,
840 3352 874 3381 ὃς
896 3351 1056 3381 Establions
1071 3374 1079 3388 ,
1098 3351 1133 3380 de
1154 3352 1248 3381 nostre

188 3396 296 3425 certein
316 3393 426 3423 science
441 3414 450 3429 ,
475 3401 523 3430 par
545 3389 632 3419 cestes
653 3398 712 3419 Ποῖ.
730 3388 871 3429 presentez
894 3389 1017 3426 Lettres,
1043 3398 1102 3419 noz
1125 3391 1196 3419 vrais
1215 3391 1248 3420 &

188 3432 321 3471 especialx
349 3429 489 3468 Messages
504 3452 514 3466 ,
537 3427 735 3458 Commislairs
749 3451 758 3464 ,
785 3427 819 3457 δε
845 3427 977 3466 Deputez
1000 3437 1051 3466 pur
1077 3427 1103 3457 la
1129 3427 1189 3458 Fait
1212 3428 1248 3459 de

188 3471 309 3502 Traittie
324 3478 450 3508 parentre
466 3470 544 3497 Nous
559 3467 592 3496 ὃ(
608 3465 635 3495 la
653 3468 729 3495 Paiis
743 3465 775 3495 de
787 3464 934 3502 Flandres,

228 3508 266 3539 Et
287 3517 374 3538 avons
395 3506 519 3544 Donne,
536 3505 569 3535 &
593 3504 738 3534 Donnons
777 3514 805 3534 ar
818 3503 904 3534 cestes
918 3503 1059 3534 Presentes
1097 3514 1112 3533 a
1132 3504 1250 3535 mesmes

760 3581 765 3586 ⁸
791 3550 891 3582 eputez
906 3565 916 3580 ,
935 3541 997 3581 Dys
1011 3565 1021 3580 ,
1036 3527 1126 3572 N⁷oef
1136 3565 1146 3579 ,
1161 3542 1252 3582 Huit,

190 3587 277 3625 Sept,
295 3585 362 3621 Sys,
381 3582 486 3622 Cynk,
504 3582 628 3620 Qatre,
646 3581 680 3611 &
693 3581 779 3611 Trois
792 3581 829 3611 de
845 3590 917 3619 eux,
933 3580 1102 3618 Au&orire,
1122 3579 1250 3611 Puislan-

191 3636 243 3662 ce,
261 3624 295 3654 &
310 3622 500 3653 Mandement
515 3620 628 3655 especial
643 3620 676 3650 ὃς
690 3620 819 3657 general,
838 3627 896 3650 tant
911 3629 962 3656 pur
975 3618 1081 3656 Nous,
1099 3628 1184 3649 come
1198 3629 1250 3657 pur

192 3672 274 3695 toutz
295 3670 354 3692 noz
376 3660 495 3698 Subgitz
507 3683 516 3696 ,
536 3658 691 3688 Roiaumes
704 3680 713 3695 ,
732 3657 837 3687 Terres
851 3680 860 3695 ,
875 3657 947 3687 Paiis
958 3681 967 3695 ,
990 3659 1024 3689 &
1046 3656 1136 3687 Lieux
1151 3680 1161 3695 ,
1179 3657 1248 3688 deca

191 3703 226 3733 &
246 3700 306 3732 dela
329 3701 353 3730 la
376 3698 459 3735 Mer,
476 3698 507 3728 &
527 3706 578 3735 pur
594 3705 652 3726 noz
668 3695 755 3725 Alliez
773 3697 805 3726 &
822 3695 1025 3733 Bienveillans,
1043 3695 1248 3734 d'Assembler,

191 3740 330 3777 traiffler,
344 3738 377 3769 ὃς
394 3736 482 3775 parler
497 3735 621 3772 ovesque
635 3734 658 3762 le
673 3737 741 3762 Cont
752 3734 784 3762 de
796 3734 942 3771 Flandres,
957 3735 1037 3764 &les
1051 3734 1137 3763 bones
1152 3732 1252 3764 Gentz

191 3779 228 3810 de
248 3781 322 3808 Trois
344 3777 441 3805 bonnes
464 3776 491 3803 V
492 3773 548 3803 illes
569 3773 604 3802 de
620 3772 767 3803 Flaundres
786 3772 903 3809 (Gand,
920 3775 1054 3809 Brugges,
1074 3772 1107 3802 ὃ(
1122 3774 1199 3809 Ipre)
1218 3774 1251 3803 &

194 3825 267 3847 ceux
286 3815 331 3845 del
351 3814 459 3845 Frank.
477 3813 509 3843 &
527 3819 607 3842 toutz
619 3819 708 3840 autres
722 3818 804 3839 eantz
816 3809 948 3840 Interesse
960 3820 997 3840 ou
1014 3809 1122 3839 Pouoir
1133 3809 1251 3841 iuffilhnt

193 3865 209 3884 a
231 3853 369 3884 Traiffler
388 3863 440 3890 pur
458 3851 482 3881 la
505 3850 574 3880 Paiis
595 3848 630 3878 de
643 3848 809 3883 Flaundres,
824 3858 863 3878 ou
879 3849 1002 3886 ovesque
1017 3848 1079 3878 lour
1096 3847 1252 3888 Messages,

193 3892 328 3929 Deputez
343 3915 353 3928 ,
377 3891 569 3926 Procurours,
595 3888 627 3918 ὃς
651 3886 846 3916 Commisiairs
865 3887 1015 3925 epescialx,
1040 3895 1121 3916 eantz
1140 3887 1176 3917 de
1197 3896 1251 3918 eux

190 3557 250 3579 noz
273 3545 413 3584 Messages
428 3567 438 3582 ,
460 3543 658 3574 Commiffairs
673 3565 682 3581 ,
700 3544 733 3574 ὃς

193 3929 314 3964 suffisant
331 3929 536 3965 Mandement,
555 3927 719 3964 jointement
732 3926 765 3954 ὃς
780 3925 975 3961 severalrnent,

234 3969 272 3999 Et
292 3967 328 3997 de
349 3967 439 4005 Faire,
459 3966 599 4002 Prendre,
617 3963 781 4000 Accorder,
798 3964 831 3993 ὃς
856 3962 1000 3993 Recevoir
1017 3962 1125 3993 Treues
1139 3962 1172 3993 &
1187 3962 1252 3993 Suf-

196 4007 321 4038 ferances
339 4004 374 4035 de
392 4005 517 4043 Guerre,
539 4003 692 4043 generales,
711 4011 749 4030 ou
769 4001 951 4040 particuliers,
971 4011 1019 4038 par
1037 4001 1128 4031 Terre
1148 4001 1180 4031 &
1201 4011 1251 4038 par

273 4068 281 4082 ,
321 4053 353 4073 ur
376 4043 481 4080 Nous,
499 4052 558 4073 noz
576 4042 699 4079 Subgiz,
715 4040 835 4077 Terres,
852 4039 937 4076 Paiis,
954 4039 988 4070 ὃς
1004 4038 1111 4077 Alliez,
1129 4038 1251 4078 ovesque

193 4085 220 4116 le
235 4084 274 4114 dit
317 4090 385 4112 onte
401 4081 436 4111 de
450 4081 472 4111 F
475 4082 594 4119 landres,
612 4080 650 4111 les
664 4080 763 4112 Gentz
777 4077 812 4109 de
826 4078 913 4110 Trois
931 4079 1042 4109 bonnes
1057 4078 1143 4109 Villes
1156 4086 1252 4110 avant-

195 4045 266 4076 Mer

234 4125 311 4154 Tome
328 4122 386 4152 ΙΙΙ.
405 4122 437 4151 Ρ.
454 4121 502 4150 IV.

1315 194 1788 249 ⁷PUBL1CA.
2256 207 2312 247 49

1256 281 1344 319 dites,
1359 282 1392 312 &
1415 290 1486 312 ceux
1507 280 1554 312 del
1569 280 1678 318 Frank,
1696 280 1729 311 &
1744 280 1771 323 la
1783 278 1856 310 Paiis
1868 278 1905 310 de
1918 276 2067 317 Flandres,
2084 278 2266 318 iointement,
2281 281 2315 313 &
2333 270 2412 302 Ann-
2423 270 2469 302 D:

1256 320 1454 357 severalment,
1471 330 1486 349 a
1504 319 1586 349 durer
1606 319 1698 349 icelles
1711 318 1831 349 Trieues
1843 318 1876 349 &
1891 317 2052 349 Sufferantz
2065 317 2143 348 Tant
2158 317 2192 349 &
2205 318 2224 348 sl
2237 318 2318 349 Lon-
2355 309 2439 355 ‚1389-

1258 366 1376 396 gement
1389 367 1474 388 come
1489 358 1549 388 bon
1565 358 1626 388 lour
1640 357 1788 395 semblera,
1803 356 1925 395 ovesque
1938 365 2028 388 tontes
2039 355 2078 386 les
2094 354 2207 387 Clauses
2238 356 2322 388 Con·
2333 352 2386 376 Μ’
2403 356 2432 375 ²·

1258 397 1386 433 dicions,
1405 395 1639 434 Modificacions,
1655 395 1689 426 &
1711 394 1955 433 circumstances,
1973 405 2028 433 que
2049 402 2166 433 purront
2185 405 2201 425 e
2228 405 2258 425 re
2271 405 2322 426 ne-

1260 434 1386 472 ceffairs,
1403 433 1568 472 expediens,
1584 435 1618 464 &
1634 434 1739 464 serront
1755 433 1912 471 accordez,

1296 471 1334 502 Et
1349 472 1385 502 de
1403 471 1526 502 Donner
1541 473 1574 502 ὃς
1589 472 1735 510 Οιῑτοὶεῑ,
1751 472 1903 502 toutesfoiz
1915 480 1970 510 que
1983 470 2044 502 lour
2057 471 2164 510 plerra,
2182 470 2322 503 Saufcon-

1259 509 1327 541 duiz
1341 519 1368 540 as
1380 509 1428 540 diz
1442 508 1594 548 Deputez,
1610 510 1643 540 &
1659 519 1686 539 as
1699 518 1769 540 touz
1779 519 1869 541 autres
1884 509 1964 540 Gens
1979 509 2025 546 (de
2040 509 2104 547 quel
2118 510 2186 540 estat
2200 511 2234 542 δε
2249 520 2322 541 con-

1258 549 1355 617 ficio?
1376 558 1430 617 qssile
1452 548 1484 577 ils
1504 547 1604 585 soient)
1622 547 1685 578 sour
1708 548 1888 587 quelconque
1909 547 2002 578 forme
2023 548 2057 579 &
2078 557 2175 579 teneur
2190 559 2246 587 que
2261 549 2322 580 bon

1268 597 1320 618 our
1341 596 1388 616 em
1419 596 1464 617 era

1295 625 1319 669 ᾗ*
1333 624 1371 655 Et
1393 625 1435 655 sur
1459 609 1521 655 tout
1541 632 1594 662 ce,
1618 624 1666 662 qui
1690 624 1758 654 ferra
1783 623 1935 663 Tmststee,
1954 623 2050 664 Parle,
2067 623 2146 655 Com
2169 626 2232 663 ose,
2252 625 2323 656 Pro·
2337 621 2360 642 ⁸¹²
2379 623 2448 652 VIR

1261 663 1388 731 ’ὃὶξῆηἱῗῗ
1407 662 1569 738 ἓὲἓὲἶέἓξ,
1585 661 1947 743 ἒὲιῑᾷἶὲἴξιῖξὲεὲῧῗέξ,
1960 663 2325 733 Ξὲηἰῗώῗῃῑσεὲἴέἒῖἓὲῖῗ
2339 663 2409 698 ⁶4⁹⁹

1261 740 1335 770 lours
1352 749 1406 776 que
1419 739 1472 769 l’en
1486 739 1576 769 savera
1590 748 1628 769 ou
1644 747 1725 775 purra
1739 739 1843 769 devrser
1852 762 1861 775 ,
1873 739 1912 768 les
1926 740 2018 778 queles
2032 739 2120 770 Nous
2134 741 2236 770 volons
2245 742 2324 772 avoir

1261 778 1306 808 tiel
1330 776 1442 815 Effeer,
1462 776 1591 816 Vigour,
1609 777 1642 807 &
1666 776 1809 808 Fermetee
1837 786 1923 807 come
1943 777 1962 807 si
1982 777 2068 809 Nous
2081 778 2197 810 eussiens
2208 778 2323 810 donnez

1266 816 1300 847 &
1314 816 1361 846 fait
1376 825 1411 845 en
1426 815 1521 846 nostre
1551 825 1634 855 ropre
1649 813 1776 845 Parsone.

1304 853 1341 884 Et
1361 853 1396 883 de
1408 852 1490 897 Ju'rer
1502 855 1512 888 (
1522 825 1550 883 {E
1563 853 1666 883 mester
1679 852 1738 890 est)
1758 863 1793 884 en
1807 852 1921 884 l'Aume
1934 853 1970 884 de
1983 850 2087 893 Nous,

1303 891 1340 922 Et
1353 891 1389 922 de
1405 892 1498 929 Faue,
1517 890 1658 929 Prendre,
1676 891 1708 920 &
1725 891 1872 922 Accorder
1887 900 1949 922 tour
1965 893 2043 922 bone
2058 892 2124 922 Paix
2141 894 2174 924 &
2192 893 2325 933 Accord‚

1267 931 1300 961 δε
1321 931 1383 960 auxi
1404 938 1496 960 toutes
1515 939 1640 960 maneres
1655 928 1690 959 de
1704 929 1803 968 Liges,
1820 930 1985 969 Alliancez,
2003 930 2149 969 Amistez,
2167 933 2201 963 &
2214 933 2325 965 Confe-

1265 969 1402 1006 deracies,
1428 967 1566 998 honestez
1586 969 1619 999 &
1644 967 1815 1005 resonables,
1844 968 1964 1007 ovestwe
1985 968 2010 998 le
2030 969 2070 999 dit
2091 968 2205 1008 Conre,
2230 972 2263 1001 δε
2285 972 2323 1002 les

1265 1007 1347 1037 Gens
1367 1007 1404 1036 de
1424 1007 1511 1037 Trois
1525 1008 1635 1037 bonnes
1648 1005 1751 1044 Villes,
1769 1007 1802 1037 &
1816 1016 1886 1036 ceux
1899 1007 1945 1037 del
1961 1006 2069 1045 Frank,
2088 1008 2121 1038 δε
2135 1016 2197 1038 tout
2212 1008 2236 1038 la
2252 1009 2325 1039 Paiis

1265 1045 1300 1075 de
1319 1044 1469 1075 Flaundres
1489 1045 1608 1076 suisdites
1622 1068 1631 1083 ,
1649 1045 1820 1082 joinrement
1834 1067 1843 1081 ,
1867 1045 1900 1075 &
1920 1045 2118 1083 severalment‚
2140 1047 2329 1086 parpetueles,

1266 1093 1303 1114 ou
1327 1083 1511 1121 temporcles,
1530 1093 1545 1113 a
1562 1083 1666 1114 mieulz
1677 1092 1732 1121 que
1748 1093 1848 1120 pourra
1862 1082 1934 1114 estre
1948 1083 2024 1123 Fait,
2039 1084 2180 1123 ordenne,
2199 1086 2232 1115 &
2247 1085 2329 1117 devi-

1263 1121 1291 1152 se
1305 1131 1339 1151 en
1355 1122 1424 1152 celle
1438 1121 1544 1160 Partie,

1303 1159 1341 1191 Et
1362 1160 1398 1190 de
1421 1160 1543 1190 Prendre
1565 1159 1608 1190 sur
1626 1168 1660 1189 ce
1681 1167 1772 1189 toutes
1794 1158 1957 1199 Caucions,
1975 1160 2177 1201 Obligacions,
2196 1162 2229 1193 δε
2246 1161 2329 1193 Seur-

1266 1206 1342 1236 tees,
1363 1199 1399 1229 les
1414 1198 1553 1228 meillours
1565 1197 1623 1237 q'ils
1634 1197 1760 1228 saveront
1772 1198 1894 1237 deviser,

1306 1236 1342 1267 Et
1360 1236 1395 1267 de
1416 1237 1508 1274 Faire,
1533 1236 1692 1274 Executer,
1709 1235 1863 1275 Expediet,
1889 1238 1923 1268 &
1946 1237 2134 1276 Accomplir,
2150 1248 2201 1276 pur
2225 1238 2331 1278 Nous,

1268 1283 1327 1304 noz
1348 1274 1475 1315 Subgiz,
1499 1274 1672 1318 Roiaumes,
1697 1273 1819 1313 TerreS,
1838 1276 1871 1306 ὃς
1891 1275 2065 1315 Seignuries,
2090 1277 2122 1307 δε
2143 1277 2244 1315 Allies,
2270 1286 2334 1309 tout

1269 1322 1412 1352 quantque
1426 1324 1440 1344 a
1457 1313 1535 1343 Faire
1550 1314 1582 1344 ὃς
1600 1312 1702 1342 mester
1716 1313 1785 1344 serra
1797 1324 1832 1343 en
1848 1314 1895 1344 tiel
1910 1313 1982 1353 Cas,
2001 1315 2042 1345 sur
2056 1324 2146 1345 toutes
2161 1316 2195 1346 &
2209 1315 2332 1347 chescun

1268 1352 1317 1382 des
1340 1352 1459 1383 Articles
1479 1352 1647 1388 avantdites‚
1670 1361 1726 1381 oue
1747 1352 1783 1381 les
1803 1351 2030 1391 Dependences,
2054 1353 2213 1391 incidentz,
2240 1363 2332 1385 emer-

1268 1399 1372 1434 gentz,
1390 1391 1423 1421 &
1446 1400 1605 1429 connexes,
1623 1389 1736 1430 suppose
1758 1400 1812 1429 que
1824 1391 1885 1428 plus
1897 1391 2012 1431 especial
2024 1391 2215 1423 Mandement
2229 1402 2264 1423 en
2277 1393 2333 1423 ser-

1268 1438 1322 1458 roit
1341 1440 1370 1459 re
1391 1439 1444 1459 uis·

1307 1465 1346 1510 Et
1394 1453 1562 1505 romettons,
1579 1467 1724 1498 loialment
1746 1476 1780 1497 en
1798 1466 1876 1497 bone
1891 1467 1970 1508 Foy,
1989 1469 2022 1500 δε
2036 1478 2072 1499 en
2086 1468 2188 1499 Parole
2200 1468 2238 1499 du
2251 1468 2331 1508 Roi,

1268 1514 1346 1534 avoir
1367 1506 1399 1537 &
1425 1508 1512 1543 tenir,
1530 1514 1600 1536 touz
1615 1508 1709 1544 Jours,
1730 1505 1832 1536 Ferme
1853 1506 1887 1536 ὅ(
1909 1506 2064 1546 Agreable,
2081 1509 2113 1539 ὃς
2135 1507 2330 1545 Acomplir&

1270 1544 1386 1581 parfaire
1404 1551 1466 1574 tout
1489 1553 1523 1574 ce
1542 1554 1597 1581 que
1616 1545 1685 1574 serra
1698 1543 1776 1582 Fait,
1796 1543 1948 1583 Accorde,
1964 1546 1997 1577 &
2013 1544 2133 1586 Promys
2148 1556 2197 1584 par
2210 1555 2269 1577 noz
2283 1546 2331 1577 diz

1271 1581 1428 1622 Meffages,
1443 1582 1659 1620 Commissairs,
1675 1582 1707 1613 &
1722 1582 1872 1620 Deputez,

1308 1620 1388 1661 Dys,
1406 1620 1506 1659 Noef,
1523 1619 1613 1659 Huit,
1625 1620 1708 1660 Sept,
1725 1620 1793 1658 Sys,
1806 1619 1910 1659 Cynk,
1930 1621 2055 1660 Qatre,
2071 1620 2103 1651 ὃς
2118 1621 2206 1652 Trois
2218 1623 2255 1654 de
2269 1631 2333 1662 euz,

1270 1660 1313 1690 sur
1328 1668 1418 1690 toutes
1431 1660 1463 1690 &
1479 1660 1619 1690 chescune
1634 1659 1682 1689 des
1699 1657 1807 1689 Choses
1821 1659 1990 1698 avantdites,

1309 1697 1348 1729 Et
1360 1699 1396 1729 de
1411 1697 1547 1736 Ratifier,
1570 1698 1696 1735 Agreer,
1713 1697 1746 1727 δε
1763 1696 1915 1736 Approver
1929 1707 2019 1728 routes
2034 1695 2072 1727 les
2082 1695 2193 1729 'Choses
2207 1699 2334 1730 avantdi-

1271 1744 1328 1775 tes,
1346 1738 1380 1769 &
1400 1736 1539 1767 chescune
1556 1735 1695 1773 d'icelles,
1710 1736 1744 1766 &
1759 1735 1821 1765 lour
1835 1734 2067 1774 Dependencez,
2085 1745 2141 1773 que
2156 1737 2212 1767 ensl
2229 1737 2339 1768 serront.

1269 1775 1429 1814 accordez,
1447 1776 1510 1805 lanz
1531 1775 1650 1813 jammys
1671 1774 1738 1804 faire
1755 1783 1793 1804 ou
1807 1775 1902 1812 venir,
1918 1784 1958 1805 ou
1972 1774 2069 1805 suffrcr
2083 1774 2154 1806 estre
2168 1776 2217 1806 fait
2233 1786 2272 1806 ou
2286 1785 2336 1807 ve-

1271 1824 1345 1852 nue,
1363 1824 1399 1844 en
1414 1814 1513 1844 ascune
1527 1822 1635 1851 tempS,
1653 1823 1669 1843 a
1682 1812 1852 1849 l’encontre,

1308 1852 1346 1921 {t
1368 1863 1403 1883 en
1425 1852 1549 1884 Donner
1569 1859 1628 1882 noz
1650 1850 1757 1881 Lettres
1775 1849 1992 1881 Confirmatoirs
2010 1851 2161 1882 toutesfoiz
2174 1861 2230 1892 que
2244 1853 2336 1891 requis

1271 1900 1308 1921 en
1329 1901 1433 1921 errons.

1309 1929 1390 1960 Don.
1411 1939 1460 1968 par
1481 1928 1710 1968 Tesmoignance
1729 1927 1766 1958 de
1784 1926 1881 1958 nostre
1896 1926 1991 1958 Grant
2003 1927 2081 1966 Seal,
2099 1938 2114 1959 a
2129 1927 2222 1959 nostre
2242 1928 2336 1958 Palas,-

1273 1968 1305 1998 de
1325 1968 1433 2008 Wstm.
1456 1968 1481 1998 le
1497 1978 1526 1998 v.
1537 1968 1603 2005 jour
1616 1967 1651 1997 de
1666 1965 1860 2004 Novembre,
1874 1966 1941 1997 l'An
1955 1966 1990 1996 de
2004 1965 2101 1997 Gracc
2116 1966 2216 2005 Mille,
2233 1967 2335 1998 Trois-

1274 2016 1358 2046 cens,
1375 2007 1546 2046 Qatrevins
1559 2006 1593 2038 ὃς
1605 2004 1708 2044 Neuf,
1722 2005 1755 2036 &
1771 2004 1807 2035 de
1820 2004 1916 2035 nostre
1929 2005 2031 2044 Regne
2045 2004 2215 2036 Treszisme.

1617 2154 1675 2184 Pro
1700 2148 1849 2183 Soldariis
1876 2149 1990 2192 Calesx'i.

1279 2238 1335 2293 R
1346 2236 1371 2268 E
1381 2236 1412 2267 X
1438 2236 1626 2284 Colla-‘loribus
1653 2235 1839 2282 Custumaruna
1861 2235 1895 2266 ὃς
1919 2233 2096 2275 Subfidiorum
2121 2235 2284 2266 nostrorum
2306 2237 2336 2266 in
2353 2226 2430 2259 Arm·
2444 2225 2486 2257 D·

1355 2278 1440 2306 Portu
1455 2280 1589 2306 szztatts
1602 2274 1698 2315 nostrae
1711 2276 1877 2311 Londomae,
1899 2273 2031 2304 Salutem.
2373 2267 2457 2307 1389·

1300 2313 1391 2382 'Qia
1409 2314 1529 2358 ‘Soldarii
1548 2314 1636 2345 nostri
1651 2313 1734 2358 Villae
1748 2313 1852 2344 nostrae
1865 2311 1982 2350 Calefii,
1997 2312 2038 2342 ob
2052 2311 2198 2357 defedkum
2213 2311 2337 2358 Solutio-
2352 2309 2403 2334 An.
2428 2314 2469 2342 ¹3·

1276 2361 1319 2381 nis
1370 2352 1500 2384 adiorum
1521 2353 1649 2390 suorum,
1668 2362 1705 2382 eis
1726 2363 1775 2390 per
1795 2360 1905 2389 tempus
1925 2360 1985 2380 non
1999 2351 2149 2381 modicum
2163 2361 2178 2381 a
2192 2359 2265 2382 retro
2279 2361 2337 2382 exi·
2354 2349 2384 2372 R.
2401 2354 2427 2371 ²·

1275 2388 1426 2430 stentium,
1439 2392 1475 2421 ab
1486 2391 1582 2421 eadem
1597 2390 1670 2420 Villa
1683 2390 1814 2421 recedere
1826 2388 1993 2427 intendunt,
2008 2390 2038 2419 in
2051 2388 2078 2420 V
2081 2389 2135 2420 illae
2147 2388 2252 2420 nostrae
2266 2400 2337 2428 prae-
2353 2382 2453 2419 Clausi
2463 2389 2486 2416 3·

1275 2428 1370 2498 (11611χὶ
1372 2430 1546 2499 sAmiffi‘onis
1560 2429 1721 2460 Periculum
1737 2427 1934 2465 manifestum,
2351 2425 2380 2497 ἲ·
2396 2431 2428 2485 12.-

1317 2491 1451 2538 Voleines
1472 2517 1525 2545 pro
1544 2506 1616 2538 salva
1637 2504 1774 2537 Custodia
1788 2505 1912 2549 ejusdem
1927 2503 2028 2549 Villae,
2046 2506 2075 2535 in
2092 2513 2228 2543 quantum
2245 2505 2343 2544 poss‘u-
2356 2508 2392 2527 ''²-
2405 2495 2433 2525 6·

1278 2546 1587 2614 ffi'ol'tssffffissdrff
1609 2545 1899 2613 ffiffissrffssffdffi
1904 2542 2342 2613 ἶοὲῗέἷ’ὲὲἅῖἷ,ῗέῑξῃῖ01“ῐὲῗὲῧὶ“

1281 2632 1342 2666 prce
1352 2623 1487 2652 omnibus
1503 2622 1561 2653 aliis
1571 2594 1781 2660 Sglutionibus,
1796 2607 1860 2659 1³20st
1875 2620 2015 2658 Expensas
2028 2619 2153 2658 Hospitii
2166 2593 2273 2660 noffii:
2285 2606 2343 2652 fieri

1281 2661 1633 2738 ordilrgagies,praecipimus,
1651 2697 1768 2728 firmiter
1787 2697 1977 2737 injungentes,
1994 2697 2074 2736 quod
2089 2697 2192 2737 aliquas
2207 2697 2346 2729 Pecunia-

1285 2747 1349 2768 rum
1371 2738 1518 2775 Summas,
1540 2745 1672 2776 praetextu
1695 2736 1866 2773 Talliarum‚
1883 2736 1930 2767 vel
1948 2735 2082 2766 Brevium
2099 2735 2280 2775 nostrorum,
2294 2737 2344 2767 sub

1287 2776 1399 2815 Magno
1419 2777 1462 2819 seu
1483 2775 1599 2807 Privato
1614 2774 1713 2814 sigillo
1727 2774 1843 2812 nostro,
1861 2775 1942 2804 vobis
1956 2774 1986 2804 in
2000 2773 2052 2804 hac
2065 2782 2141 2814 parte
2153 2774 2326 2805 diredwrum
2335 2798 2345 2813 ,

1286 2815 1330 2844 seu
1343 2815 1455 2852 alicujus
1466 2815 1572 2845 alterius
1586 2814 1731 2852 Waranti,
1748 2814 1831 2844 alicui
1846 2811 1994 2850 Personae,
2014 2821 2048 2842 ex
2061 2821 2238 2851 quacumque
2250 2814 2346 2852 caula,

1287 2864 1347 2884 non
1362 2853 1471 2883 solvatis
1486 2853 1629 2892 quousque
1640 2852 1714 2883 aliud
1731 2851 1794 2881 inde
1808 2861 1824 2881 a
1838 2851 1921 2882 nobis
1935 2850 2083 2881 habueritis
2096 2851 2126 2881 in
2139 2849 2289 2881 Mandatis.

1323 2890 1414 2935 Teste
1435 2891 1518 2932 Rege
1539 2891 1611 2931 apud
1634 2889 1910 2929 westmonasterium,
1927 2888 2064 2921 vicesimo
2085 2889 2204 2929 septimo
2217 2889 2263 2920 die
2277 2889 2347 2920 No-

1283 2931 1416 2962 vembns'
1966 2967 2019 2996 Per
2034 2965 2186 2996 Concilium.

1287 3046 1453 3079 Consimilia
1468 3046 1566 3078 Brevia
1578 3046 1732 3085 diriguntur
1744 3042 1956 3077 collectoribus
1968 3043 2142 3083 subscriptis,
2160 3045 2189 3074 in
2206 3042 2346 3075 Portubus

1498 3085 1670 3124 subscriptis,
1688 3085 1737 3115 sub
1758 3084 1856 3115 eadem
1877 3083 1970 3120 Data,
1987 3082 2136 3121 videlicet,

1328 3161 1533 3201 collffloribus,
1550 3160 1611 3197 &c.
1624 3166 1652 3192 in
1668 3163 1753 3191 Portu
1766 3164 1794 3192 V
1796 3159 1852 3190 illae
1867 3162 2021 3199 Gippewici.

1327 3201 1532 3240 Colleffloribus,
1551 3199 1611 3235 (ἶφι.
1630 3205 1658 3230 in
1679 3202 1765 3229 Portu
1785 3202 1812 3229 V
1813 3198 1868 3229 illae
1887 3201 1920 3229 de
1938 3201 2029 3228 Lenn.

1327 3245 1349 3270 C
1350 3239 1531 3277 ollecs'r'oribus,
1549 3238 1609 3274 &c.
1629 3243 1658 3269 in
1677 3241 1763 3268 Portu
1782 3241 1811 3269 V
1812 3237 1865 3267 illae
1884 3241 1997 3274 Magnae
2013 3234 2188 3275 Jernemuth.

1328 3278 1530 3315 Collecsloribus,
1545 3276 1605 3312 &a
1626 3281 1654 3307 in
1675 3279 1759 3306 Portu
1779 3280 1806 3306 V
1807 3276 1861 3306 illae
1878 3276 1910 3305 de
1926 3277 2024 3305 Sam‘lo
2042 3273 2198 3311 Botholpho.

1328 3317 1533 3353 Colleffloribus,
1552 3315 1612 3350 ὠς.
1629 3320 1659 3346 in
1680 3318 1764 3345 Portu
1783 3318 1810 3344 V
1811 3314 1866 3344 illae
1884 3315 1915 3344 de
1932 3311 2081 3352 Kyngeston
2090 3311 2170 3351 fitper
2187 3309 2264 3340 Hull.

1328 3355 1531 3392 ColleHm-ibm,
1547 3354 1607 3390 &c.
1623 3358 1652 3384 in
1672 3356 1757 3383 Portu
1776 3356 1802 3383 V
1804 3352 1859 3382 illae
1879 3355 1958 3382 Novi
1975 3351 2063 3390 Castri
2074 3352 2154 3390 Jisper
2172 3353 2284 3391 Tynam.

1327 3393 1530 3430 ColleHoribus,
1548 3391 1607 3427 &a
1628 3396 1656 3422 in
1675 3394 1759 3422 Portu
1777 3395 1805 3422 V
1805 3391 1859 3421 illae
1876 3391 2035 3420 Sandewici.

1328 3432 1529 3469 Colleeloribus,
1547 3430 1607 3466 (ἑνί.
1625 3434 1655 3461 in
1671 3433 1756 3460 Portu
1775 3432 1908 3459 Civitatis
1924 3427 2027 3468 cicestr.

1332 3470 1532 3507 Collefforzhus,
1552 3469 1611 3505 &a
1628 3473 1657 3498 in
1674 3472 1757 3499 Portu
1771 3472 1798 3497 V
1800 3467 1854 3497 illae
1869 3467 2057 3504 Suthampton.

1330 3508 1531 3545 Colleflorjbus,
1550 3506 1609 3542 &c.
1630 3512 1659 3538 in
1679 3510 1764 3537 Portu
1781 3509 1912 3536 Civitatis
1930 3506 2021 3535 Exon.

1330 3546 1532 3584 Collea‘loribus,
1549 3546 1610 3582 &a
1625 3550 1653 3576 in
1668 3549 1754 3576 Portu
1769 3547 1797 3574 V
1796 3544 1850 3574 illae
1865 3541 1986 3583 Bristoll.

1444 3681 1469 3707 *ἒ
1484 3683 1531 3713 De
1559 3679 1748 3725 Restitutione
1773 3677 1993 3725 ‘I'Z’mporalium
2020 3675 2197 3711 Landaven.
2365 3689 2386 3711 ιιι
2404 3692 2471 3720 vn·

2365 3731 2381 3756 6
2404 3740 2431 3757 0.

1365 3768 1390 3799 E
1403 3766 1446 3805 x,
1465 3765 1572 3796 diiecto
1593 3765 1659 3803 fibi,
1675 3764 1806 3803 Jahanm·
1827 3764 1996 3801 skedemore,
2014 3761 2155 3793 Escaetori
2178 3761 2227 3792 suo
2246 3762 2275 3792 in
2289 3760 2351 3793 co-
2366 3739 2440 3797 Αῗηῃ,
2456 3765 2498 3801 D-

1376 3806 1518 3836 miratibus
1542 3803 1730 3834 Gloucestriae
1751 3804 1783 3834 &
1801 3801 1998 3839 Herefordiae,
2023 3811 2056 3831 ac
2075 3799 2210 3831 Marchifi
2230 3799 2344 3832 Walliae
2386 3805 2470 3843 1389.

1294 3845 1397 3875 eisdem
1415 3843 1606 3873 Comitatibus
1620 3842 1776 3879 adjacente,
1794 3841 1926 3871 Salutem.
2365 3847 2417 3873 An.
2438 3853 2479 3879 ¹3·

1333 3884 1412 3914 Cum
1428 3881 1573 3911 Dominus
1596 3883 1715 3909 Summus
1737 3878 1883 3917 Pontifex,
1905 3877 2103 3908 Venerabilem
2126 3876 2259 3917 Patrem,
2277 3875 2352 3907 Wil-
2365 3887 2394 3909 R.
2413 3891 2438 3907 2.

1293 3921 1426 3957 lielmum,
1451 3929 1539 3958 nuper
1558 3918 1711 3957 Episcopum
1733 3915 1942 3955 Landavenftm
1955 3939 1965 3954 ,
1991 3926 2006 3946 a
2028 3915 2164 3954 vinculo,
2188 3925 2246 3955 quo
2267 3916 2351 3946 dictae
2366 3924 2478 3954 Par.13.

1293 3959 1425 4028 Eccfffilae
1438 3959 1599 4002 tenebatur,
1625 3957 1786 3994 absolverit,
1807 3957 1840 3987 &
1857 3956 1945 3996 ipsum
1959 3953 1994 3985 ad
2008 3953 2164 3985 Ecclesiam
2180 3953 2348 3985 Roffeniem
2364 3963 2392 3985 R.
2410 3966 2436 3984 2.

1293 4008 1352 4029 tran
1381 4009 1395 4028 u
1407 4006 1455 4026 ent
2383 4018 2388 4023 .
2409 4004 2435 4021 ι.

1331 4038 1376 4067 Ac
1399 4019 1587 4071 Edm’undum,
1606 4043 1694 4071 nuper
1709 4032 1851 4062 Abbatem
1866 4029 2029 4070 Monasterii
2041 4029 2127 4062 Silvae
2142 4031 2259 4070 Majoris
2295 4029 2354 4059 Or·
2363 4002 2402 4061 ξπ
2418 4042 2462 4059 22.

1295 4075 1368 4106 dinis
1391 4073 1483 4106 Sanffl
1505 4071 1667 4109 Benediffl,
1689 4069 1893 4139 Burdegrgznfis
1913 4068 2071 4109 Dioecefis,
2095 4069 2243 4102 Scolarum
2260 4053 2357 4136 {agatii
