2561 4251
740 195 850 236 E·T
935 197 1195 237 ACTA
1276 195 1741 242 PUBLICA.

27 281 101 312 Ann.
119 275 160 308 D·
181 292 218 313 ne
240 282 352 322 Congie
368 291 401 318 a,
425 279 522 311 nostre
543 279 672 311 treschier
693 279 818 320 Neveu,
838 281 973 313 Messieur
992 282 1083 320 Jchan
1097 281 1194 313 Conte
1207 282 1242 313 de

47 316 130 355 ¹365·
183 321 362 359 Harecourt,
379 321 428 351 son
439 318 572 356 Hostage
587 329 660 358 pour
676 319 973 358 l’Accomplissement
986 322 1034 351 des
1050 321 1171 359 Choses,
1187 322 1242 351 Ac-

28 359 96 384 Ettv.
115 366 142 393 3·
181 359 297 390 cordees
311 368 388 389 entre
405 358 440 388 Li
455 356 488 388 &
503 358 528 387 le
543 357 610 398 Roy
624 358 659 388 de
673 357 778 389 France
790 359 884 390 nostre
899 359 1053 398 Seigneur,
1070 360 1106 390 de
1117 361 1172 390 s'en
1188 360 1242 390 aler

56 410 58 412 ·
73 418 79 421 «
179 408 215 429 en
229 397 252 427 F
254 407 352 434 rance,
368 407 383 427 a
399 396 550 426 demourer
564 396 701 436 illequez,
718 406 757 426 ou
771 398 875 428 ailleurs
888 400 937 436 qui
950 399 970 428 11
984 398 1082 435 plaira,
1101 399 1159 429 dou
1169 399 1241 437 Jour

2269 215 2340 241 101

1290 281 1460 322 strumenta,
1479 286 1512 316 &
1528 285 1577 315 alia
1592 286 1620 314 in
1635 285 1766 326 Scriptis,
1783 286 1881 318 Nobis
1894 289 1927 319 ὅ(
1944 288 2057 325 Populo
2070 286 2169 317 nostro
2182 295 2216 316 ac
2230 285 2335 326 Regno
2363 281 2439 312 Ann.
2457 282 2499 315 D.

1284 322 1381 351 nostro
1408 323 1488 353 valde
1510 323 1710 362 Praejudieialia
1735 325 1767 356 &
1791 325 1975 366 Dampnosa,
2004 326 2099 356 secum
2117 334 2278 363 portantes,
2304 327 2332 355 in
2384 322 2467 359 ¹365-

1277 358 1418 390 Portubus
1437 362 1469 391 &
1489 362 1544 392 aliis
1567 364 1635 392 locis
1655 364 1728 393 infra
1744 363 1879 403 Regnum
1901 365 2027 397 nostrum
2048 365 2202 404 applicare,
2220 366 2253 394 &
2272 375 2336 404 quo.
2363 362 2429 388 ΕΜ·
2451 370 2476 397 Ξ-

1280 397 1437 436 voluerint,
1455 400 1524 430 infra
1549 401 1624 431 idem
1648 400 1800 440 Regnum,
1819 403 1844 432 te
1864 403 1965 441 absque
1986 402 2079 441 aliquo
2101 403 2190 432 aresto
2212 403 2276 433 inde
2292 404 2332 434 fa-

36 907 56 949 ?
76 908 128 935 vt.

36 955 100 981 475·

148 2774 151 2776 ,
186 2741 394 2781 D’Angleterre
413 2753 420 2772 z

43 3507 120 3539 Ann.
134 3506 177 3539 D.

70 3548 154 3586 1365.

43 3589 95 3614 An.
115 3597 158 3623 3¹9.

46 3628 78 3651 E.
97 3634 120 3660 3-

44 3665 179 3701 Franc.39.

44 3703 74 3726 z.
95 3709 120 3735 3.

44 3746 82 3763 η).
95 3739 122 3764 6.

44 3775 63 3793 θ’
85 3777 136 3804 vl.

45 3815 109 3847 476-

90 3912 101 3926 Ο

180 437 216 466 de
235 435 445 473 l'Assumpcion
465 434 561 465 nostre
580 434 676 465 Darne
698 436 833 474 prochain
844 446 859 466 a
874 438 968 475 venir,
983 437 1099 475 jusquez
1112 448 1127 468 a
1141 448 1178 472 un
1193 438 1241 467 An

180 471 266 505 e'ntier
281 473 328 504 des
342 473 398 504 lors
413 473 645 513 procheinement
658 474 788 512 enssiant,

218 511 248 542 Si
264 512 410 542 devenons
425 511 556 550 Plege&
572 511 699 542 Fiancier
731 522 785 542 our
799 512 852 551 Li,
871 513 903 543 &
917 512 1114 553 Promettons,
1127 524 1164 544 en
1177 522 1240 544 tou-

181 559 210 581 te
229 551 321 581 loialte
343 551 380 581 de
402 549 577 587 Chivalerie,
595 559 650 588 que
671 550 690 579 il
738 551 858 581 evendra
873 561 908 581 au
921 551 963 582 dit
977 553 1104 591 Terme,
1123 554 1156 584 &
1173 552 1241 582 Pre-

181 589 286 619 stntera
302 589 351 620 son
366 588 460 626 Corps
472 598 506 619 au
518 587 559 618 dit
574 587 658 627 Roy,
672 599 710 619 ou
727 590 776 620 son
792 588 925 628 Conseil,
939 601 975 621 en
990 591 1015 622 la
1030 590 1096 622 Cite
1111 592 1147 622 de
1162 591 1243 621 Lon-

183 627 251 658 drez
273 627 345 663 (Cas
364 627 400 658 de
419 626 503 657 Mort
523 626 556 656 &
578 634 641 658 tout
661 627 818 666 altreJuste
833 628 1070 668 Empeschement
1086 631 1119 660 δε
1133 629 1202 659 Esso
1222 639 1241 658 n

183 666 306 702 cessant)
320 668 378 696 sens
391 665 457 696 altre
471 664 600 703 requeste
612 675 626 694 a
641 665 660 694 li
674 666 758 705 faire,
777 667 810 698 &
824 667 937 705 illeques
947 668 1095 698 demourra
1107 677 1142 697 en
1156 666 1198 696 Oi
1213 677 1242 697 a-

185 713 236 743 ge,
255 714 290 734 en
305 704 418 735 meisme
433 702 525 741 Estat,
544 704 577 735 &
593 703 773 743 Condicion,
790 705 857 744 qu’il
871 706 951 736 estoit
964 716 998 736 au
1009 705 1083 744 Jour
1099 705 1215 742 present.

223 742 278 781 Et,
297 744 315 773 li
337 753 352 772 a
371 750 428 773 tant
450 742 494 773 fut
514 742 581 782 qu’il
597 741 744 774 Deffailoit
763 742 798 773 de
819 743 945 774 Revenir
968 753 995 773 as
1008 744 1081 782 Jour
1100 743 1132 773 &
1155 743 1241 780 Lieu,

186 791 303 812 comme
317 781 360 811 dit
372 780 413 810 est
422 804 431 818 ,
449 780 537 811 Nous
551 781 650 812 volons
661 783 694 813 &
708 782 878 812 consentons
887 792 943 819 que
954 789 1046 811 tontes
1060 782 1096 810 les
1113 781 1242 818 Terrez,

188 819 320 855 Rentez,
336 819 521 858 Posseffions,
535 820 568 850 &
583 819 744 859 Heritages,
781 829 816 849 ue
829 819 917 849 Nous
932 819 1069 858 Tenons,
1084 829 1123 849 ou
1136 819 1243 850 devons

187 857 277 888 Tenir
294 881 304 897 ,
322 868 369 895 par
391 858 484 888 TiItre
497 881 507 896 ,
527 857 674 895 Maniere,
693 868 731 888 ou
786 856 848 887 ause
868 857 1064 896 quelconque,
1081 857 1185 888 dedens
1206 858 1244 887 les

185 895 258 926 Paiis
276 898 309 928 ὃ(
331 897 350 917 ³*
372 896 551 936 Seigneuriez
573 896 789 934 d'Acquitainne
803 895 837 925 &
849 894 884 924 de
900 894 1038 935 Pontieu,
1054 896 1141 926 soient
1154 895 1242 935 appli-

183 944 258 973 quez
278 946 310 974 a,
330 935 424 966 nostre
442 934 484 965 dit
504 935 654 973 Seigneur,
671 933 697 963 le
717 932 785 972 Roy
805 932 1006 973 d’Angletere,
1025 945 1040 966 a
1057 934 1146 965 Tenir
1160 944 1175 964 a
1190 934 1243 972 Li,

185 975 219 1006 &
231 984 246 1004 a
259 973 298 1005 ses
311 974 414 1012 Hoirs,
432 984 447 1004 a
460 973 621 1011 perpetuite.

224 1012 279 1051 Et,
302 1022 350 1052 par
373 1011 553 1047 habondant‚
576 1010 695 1040 dess-iore
712 1019 798 1041 come
817 1009 864 1041 des
883 1011 953 1050 Iors,
979 1011 1068 1042 Nous
1086 1011 1245 1051 Enyestons

186 1051 284 1081 nostre
297 1052 339 1082 dit
353 1051 487 1089 Seigneur
500 1049 526 1079 le
540 1048 608 1089 Roy
620 1048 831 1089 d'Angleterre‚
849 1050 883 1080 ὅς
896 1050 933 1080 ses
947 1049 1053 1085 Hoirs,
1070 1060 1108 1080 ou
1120 1061 1165 1081 cas
1179 1050 1242 1080 des-

187 1090 230 1120 sus
250 1089 308 1128 dit,
326 1090 359 1120 &
378 1088 409 1118 ils
422 1095 552 1118 'mettons
571 1097 606 1117 en
629 1087 739 1124 pleinne
758 1087 917 1118 Poffeffion
935 1089 967 1119 &
983 1088 1086 1119 Saifine
1098 1088 1134 1119 de
1147 1097 1244 1120 toutez

188 1128 228 1158 les
236 1128 363 1165 Terrez,
384 1126 572 1164 Posseffions,
589 1127 622 1158 &
636 1125 792 1165 Heritagez
803 1125 894 1157 dessus
906 1126 962 1165 dit,
980 1137 1025 1166 par
1037 1127 1062 1158 la
1076 1126 1244 1159 Condicion

188 1167 225 1198 de
238 1174 297 1196 noz
309 1165 454 1205 presentez
469 1165 589 1196 Lettres.
685 1168 689 1173 “

222 1204 278 1242 Et,
295 1213 310 1233 a
331 1204 449 1242 perfaire
469 1205 502 1235 &
524 1203 671 1234 Enteriner
691 1211 782 1234 toutes
800 1202 839 1234 les
861 1203 958 1234 choses
979 1203 1069 1234 deffus
1087 1204 1181 1243 ditez,
1207 1205 1241 1236 &

186 1242 323 1274 chascune
343 1242 484 1281 d'icellez,
502 1243 562 1273 sens
582 1242 679 1272 fraude
701 1243 734 1273 &
755 1242 814 1272 sens
836 1252 946 1273 aucune
961 1243 1016 1273 mal
1031 1245 1135 1282 engin,
1155 1243 1243 1274 Nous

186 1291 275 1350 3233?
288 1280 960 1358 11ῇέἳέυὲὶίἓὸ(ἕιξίςὶᾞὲἳῑίῖἓνέὲὲὲῗὲἒ
972 1281 1069 1350 3333
1082 1292 1134 1350 ΕΤ
1147 1281 1243 1351 ”3³33

186 1359 264 1389 main
276 1358 329 1397 de,
346 1358 450 1389 Noble
464 1343 618 1396 Seig'neur‚
631 1356 774 1396 Humfrey
782 1357 817 1388 de
825 1356 905 1388 Boun
914 1357 1030 1388 Counte
1040 1358 1075 1388 de
1083 1330 1225 1389 HZr'eford
1232 1382 1242 1397 ‚

186 1405 304 1434 prenant
326 1397 422 1427 nostre
444 1397 505 1436 Foy
523 1407 595 1436 pour
614 1395 712 1426 nostre
730 1395 772 1427 dit
792 1395 927 1435 Seigneur
941 1397 966 1426 le
981 1396 1067 1437 Roy,
1084 1397 1118 1428 &
1132 1397 1242 1435 parson

187 1434 588 1518 exfiiesRcegrd'riclgz‘slfffflgiltla
612 1481 710 1504 teneur
723 1473 760 1504 de
774 1482 833 1504 noz
846 1474 990 1512 presentez
1004 1473 1129 1513 Lettres,
1146 1484 1161 1505 a
1177 1482 1242 1505 tou-

185 1520 233 1544 tez
254 1511 363 1543 Graces
383 1514 417 1544 &
442 1512 597 1550 Privtleges
617 1512 654 1542 du
675 1511 750 1552 Pape
763 1534 773 1550 ,
798 1512 835 1543 de
852 1512 1029 1550 l’Empereur
1045 1535 1055 1550 ,
1079 1514 1112 1544 ὃς
1136 1513 1241 1543 d’autre

185 1550 305 1587 Prince,
321 1559 466 1588 empetrez
488 1552 520 1582 ὃς
542 1561 557 1581 a
570 1558 725 1588 empetrer,
742 1552 921 1589 quelconque
936 1551 1002 1589 qu'il
1012 1550 1063 1581 soit
1080 1561 1086 1581 z
1105 1551 1138 1582 &
1153 1562 1168 1581 a
1183 1551 1239 1581 Ex-

184 1589 318 1626 cepcions
339 1588 375 1619 de
395 1588 502 1626 Croix,
519 1589 590 1629 prise
609 1590 642 1620 &
664 1599 679 1619 a
693 1588 814 1627 prendre
831 1599 837 1619 ε
863 1591 899 1620 de
911 1590 1007 1628 force,
1027 1589 1063 1620 de
1077 1589 1187 1629 Paour,
1205 1589 1240 1620 de

185 1628 280 1666 cause,
297 1627 332 1657 de
345 1627 464 1666 guarde,
482 1629 515 1659 δε
528 1627 563 1657 de
578 1628 753 1666 contrainte,
770 1628 803 1659 &
817 1638 833 1658 a
847 1636 946 1658 toutez
958 1637 1046 1658 autres
1060 1627 1240 1666 Excepcions

185 1667 219 1696 &
241 1665 420 1704 Privilegez,
438 1675 486 1703 par
509 1675 584 1706 quoy
605 1675 677 1696 nous
696 1675 768 1696 nous
787 1667 915 1705 porrions
939 1666 1014 1697 aider
1034 1677 1074 1697 ou
1092 1666 1238 1698 deffendre

184 1712 321 1736 encontre
335 1713 445 1735 aucune
457 1705 504 1735 des
516 1705 621 1736 chosez
634 1703 732 1735 deffuz
744 1704 823 1735 dites.

221 1742 260 1773 Et
281 1742 407 1780 Volons,
432 1743 468 1774 de
489 1742 585 1774 nostre
604 1742 718 1773 franche
739 1743 870 1781 volente,
885 1753 958 1783 que,
975 1743 1001 1773 se
1022 1753 1132 1774 aucune
1151 1744 1236 1775 chose

183 1781 268 1812 estoit
288 1782 353 1812 faite
373 1791 413 1812 ou
433 1781 491 1813 dite
504 1792 551 1819 par
567 1781 672 1819 Nous,
688 1792 727 1812 ou
741 1791 791 1819 par
804 1790 899 1820 autre,
913 1783 950 1812 de
964 1781 1061 1812 nostre
1074 1783 1187 1813 volente
1199 1793 1240 1813 ou

183 1820 463 1858 Commandement,
478 1831 494 1850 a
507 1821 663 1850 l'encontre
676 1819 814 1851 d'aucune
827 1821 874 1850 des
887 1820 956 1851 dites
971 1819 1100 1859 Chosez,
1109 1831 1163 1859 que
1178 1821 1239 1851 des-

184 1859 240 1889 lors
260 1868 331 1889 nous
353 1858 446 1889 soions
460 1867 539 1889 tenus
554 1859 587 1888 &
602 1869 631 1889 re
654 1866 718 1889 utez
730 1868 801 1898 pour
817 1859 841 1888 F
842 1859 904 1888 aulz
916 1858 1077 1897 Chivalier‚
1095 1861 1129 1891 &
1164 1860 1237 1897 erju-

184 1906 251 1934 rez,
269 1898 302 1928 &
326 1907 489 1928 convancus
507 1897 542 1927 de
559 1896 619 1937 Foy
657 1897 746 1935 aillie,
763 1907 799 1926 en
821 1905 920 1927 toutez
940 1897 1053 1936 placez,
1091 1908 1120 1928 ar
1155 1906 1241 1928 evant

182 1945 248 1967 tous
269 1935 415 1974 Seigneurs
435 1937 469 1967 &
490 1936 641 1974 personez,
658 1936 691 1966 &
712 1945 783 1974 que,
800 1945 834 1965 en
856 1936 917 1974 plus
937 1935 1041 1974 grande
1086 1937 1193 1975 itupere
1205 1936 1242 1967 de

180 1974 287 2011 Nom,
303 1983 362 2004 noz
383 1974 486 2004 Armes
507 1974 596 2004 soient
609 1984 655 2011 par
668 1982 730 2004 tout
746 1973 904 2004 Reverreez
922 1976 975 2007 (ce
991 1975 1037 2012 qui
1048 1975 1088 2004 est
1099 1985 1133 2005 au
1149 1975 1242 2005 deffus

180 2012 308 2047 deffous)
326 2012 384 2043 sans
403 2022 437 2042 ce
455 2022 509 2052 que
528 2012 615 2042 Nous
637 2014 766 2050 porrions
779 2012 839 2042 dire
850 2022 887 2043 ne
901 2012 1018 2052 alleguer
1034 2023 1144 2044 aucune
1155 2013 1242 2044 chose

182 2061 200 2083 a
211 2051 382 2087 l'encontre,
399 2061 436 2082 en
446 2051 618 2090 jugement,
635 2060 672 2081 ne
685 2050 795 2081 dehors.

191 2111 200 2124 f,
222 2089 268 2119 En
284 2090 494 2129 Tesmoignage
510 2089 558 2119 des
579 2090 681 2126 quelez
700 2089 803 2120 chosez
821 2099 894 2120 nous
906 2099 992 2120 avons
1006 2091 1060 2120 mis
1072 2089 1167 2121 nostre
1180 2090 1243 2121 Seel

181 2137 199 2158 a
222 2127 317 2158 cestez
337 2136 395 2158 noz
415 2128 524 2159 Lettres
547 2127 690 2166 Overtez‚
708 2128 741 2158 &
764 2127 873 2166 Requis
885 2128 953 2163 aussi
969 2127 1087 2158 Maistre
1099 2128 1191 2168 Jehan
1206 2129 1241 2159 de

183 2166 350 2204 Branketre,
369 2165 522 2196 Tabellion
540 2165 692 2206 Publique,
731 2165 776 2196 u'il
790 2176 826 2196 en
840 2167 904 2197 faite
918 2177 953 2197 au
966 2166 1007 2197 dit
1024 2167 1092 2206 Roy
1106 2167 1243 2207 d'Angle-

183 2213 273 2243 terre,
290 2205 333 2235 sur
346 2213 437 2235 toutes
452 2215 499 2236 ces
512 2204 634 2244 chosez,
651 2204 700 2235 sou
735 2205 790 2234 sant
805 2203 977 2236 Instrument
989 2204 1137 2244 Publique.

197 2256 202 2275 ,·
222 2243 268 2274 Ce
283 2243 325 2273 fut·
341 2243 391 2273 fait
406 2253 443 2273 en
457 2242 573 2273 Chastel
587 2244 623 2274 de
638 2243 826 2281 Windesore,
840 2254 876 2274 en
891 2243 1017 2274 Diocese
1031 2243 1067 2274 de
1081 2244 1245 2285 Salesburg,

184 2281 212 2313 le
234 2282 338 2321 Lundy
358 2281 496 2319 prochain
512 2291 587 2321 apres
607 2281 633 2312 la
655 2281 737 2312 Feste
758 2282 836 2312 Seint
853 2282 962 2320 Jaque,
981 2283 1029 2321 qui
1049 2282 1091 2313 fut
1111 2283 1137 2313 le
1159 2285 1244 2322 xxviij

179 2319 253 2360 Jour
271 2320 310 2351 du
335 2319 421 2358 Moys
442 2321 477 2351 de
498 2319 609 2359 Juillet,
627 2320 695 2350 l’An
709 2321 745 2350 de
760 2320 856 2351 Grace
873 2321 972 2360 Mille,
990 2319 1094 2359 CCC,
1112 2321 1245 2353 Soixante

182 2360 217 2391 &
238 2359 305 2396 cinq
341 2367 458 2389 coutant
471 2359 496 2389 la
509 2359 618 2390 Tierce
633 2358 772 2398 Indicon,
790 2361 823 2390 ὃς
838 2359 864 2390 le
881 2359 965 2391 Tiers
977 2359 1025 2390 An
1039 2359 1078 2391 du
1092 2359 1245 2392 Pontificat

182 2397 211 2429 le
225 2396 301 2435 Pape
313 2382 421 2428 Urban
433 2397 545 2436 Qint3
562 2396 609 2428 En
622 2397 754 2438 presence
769 2397 822 2436 de,

183 2471 333 2504 Reverent
347 2472 429 2504 Peres
442 2484 480 2505 en
496 2473 571 2506 Dieu
580 2497 590 2513 ,

185 2514 210 2540 S
222 2523 295 2550 mon,
313 2512 345 2541 de
364 2512 433 2551 Ely,

216 2557 229 2579 t
241 2550 355 2589 Jehan,
372 2551 404 2581 de
420 2555 501 2589 Bau,

186 2587 350 2627 Evelquez,

186 2626 392 2694 (Elhancelleur,

214 2675 224 2696 t
232 2689 242 2704 5

186 2703 331 2735 Tresorier
338 2727 349 2743 ,

732 2473 830 2513 Jehan
847 2478 910 2504 Duc
926 2475 958 2505 de
975 2475 1144 2515 Lancastre,

733 2512 835 2551 Efinon
852 2517 935 2543 conte
953 2514 985 2544 de
1001 2515 1172 2555 Cantebrigg,

733 2551 796 2581 Filz
813 2562 846 2582 au
864 2551 933 2591 Roy
951 2562 958 2582 z

733 2589 881 2628 Guilleme,
898 2594 980 2620 Conte
994 2592 1024 2621 de
1036 2591 1180 2631 Salesbury
1189 2615 1199 2630 ,

735 2628 837 2658 Robert
857 2634 938 2659 Conte
955 2630 986 2659 de
1004 2629 1120 2668 Suffilk3

735 2666 866 2697 Guilleme
885 2668 916 2696 de
939 2668 1108 2708 PVykeham,
1132 2667 1250 2698 Garden

774 2705 822 2774 gu·
833 2705 919 2736 Prive
942 2707 1005 2738 Seel
1024 2707 1051 2738 le
1069 2706 1138 2746 Roy
1154 2705 1250 2736 nostre

797 2754 824 2774 et
845 2754 912 2774 neur

186 2779 310 2811 Noblez
326 2782 359 2811 &
382 2780 508 2812 Puisfims
530 2780 703 2819 Seigneurs‚
739 2785 783 2812 Et
795 2753 895 2819 Jeghan
909 2767 942 2811 aie
955 2783 1123 2820 Branketre,
1142 2781 1250 2812 Treso-

187 2817 342 2850 Meffieurs
358 2842 369 2856 ,
778 2822 832 2850 rier
846 2819 1034 2859 d’Everwyk,

224 2895 401 2933 Tesmoings
419 2894 462 2926 sur
479 2902 579 2926 toutez
595 2894 694 2926 choses
710 2893 801 2926 dessus
821 2896 907 2927 ditez.

226 2972 290 3012 Ego
308 2972 404 3011 Johan
424 2972 460 3003 de
480 2971 631 3003 Branketre
650 2972 738 3003 Clerc
759 2972 795 3003 de
815 2973 839 3003 la
863 2972 1006 3013 Dyoecese
1027 2973 1062 3005 de
1082 2974 1253 3013 Norwycz,

225 3021 238 3041 r
260 3013 297 3042 les
321 3011 477 3042 auetoritez
497 3011 535 3041 du
556 3009 632 3049 Pape
652 3011 685 3042 &
697 3011 733 3042 de
748 3011 925 3049 l'Empereur
941 3012 1094 3043 Tabellion
1109 3013 1249 3051 Publiqz,

189 3020 249 3080 glor
271 3060 304 3080 ce
320 3060 375 3089 que
385 3051 413 3087 je
428 3050 458 3080 fu
473 3050 597 3086 presente
611 3059 646 3080 en
661 3058 752 3080 toutes
768 3050 806 3080 les
819 3051 887 3081 dites
902 3051 1008 3082 ficome
1024 3050 1063 3082 les
1077 3051 1173 3081 choses
1188 3051 1252 3082 sont

189 3099 226 3119 au
239 3088 330 3118 deffus
345 3089 466 3127 recitez,
483 3089 516 3119 ὃς
531 3088 568 3119 les
583 3098 621 3118 vu
634 3088 668 3118 &
681 3096 737 3128 oyz
750 3089 806 3119 ensi
821 3088 892 3119 estre
906 3088 1000 3127 faites,
1013 3088 1048 3128 Je
1061 3089 1099 3120 les
1111 3090 1137 3119 ai
1152 3090 1198 3119 fait
1212 3090 1252 3120 es-

190 3126 596 3202 ffiihfff‘offiequffscl'istc‘ss
607 3126 993 3205 {Zigess'gssts‘t’gcffssffizfiiffi
1007 3137 1112 3204 {3333
1124 3129 1251 3199 3312?

192 3211 243 3240 ce,
259 3213 274 3233 a
290 3188 519 3241 Tesmoignaince
534 3203 570 3234 de
583 3211 675 3235 toutes
688 3203 726 3234 les
739 3203 848 3236 Choies
861 3204 952 3235 deffus
964 3205 1051 3235 ditez.

900 3285 937 3312 B.
954 3284 990 3311 R.

217 3425 267 3458 De
290 3426 441 3458 Scrutinio
454 3423 614 3470 faciendo,
633 3425 725 3471 fitper
741 3427 830 3459 Auro
850 3429 886 3464 ὠ·
904 3429 1041 3474 Argento
1057 3434 1230 3476 exportatis.

200 3507 326 3567 REX
342 3533 352 3547 ,
372 3509 479 3540 dilecto
509 3511 543 3541 &
567 3510 640 3541 fideli
661 3510 727 3549 suo,
754 3510 884 3541 Henrico
907 3511 1034 3550 l'Scrop,
1059 3513 1253 3546 Gubernatori

279 3547 486 3578 Dominiorum
499 3548 660 3579 nostrorum
679 3550 713 3579 de
727 3548 828 3590 Caleys
841 3551 874 3581 &
888 3549 924 3580 de
938 3551 1073 3589 Guynes,
1092 3553 1124 3583 ὃς
1137 3553 1253 3584 aliarum

198 3586 355 3617 Terrarum
371 3585 531 3616 nostrarum
547 3588 576 3616 in
593 3589 715 3625 partibus
730 3588 797 3626 illis,
815 3598 929 3619 necnon
946 3589 1132 3620 Thesaurario
1142 3592 1212 3621 nost
1219 3603 1253 3623 ro

199 3624 318 3663 Calefii,
336 3624 379 3654 vel
394 3634 494 3654 eorum
512 3624 590 3654 Loca
604 3627 777 3664 tenentibus,
797 3627 921 3658 Salutem

237 3662 308 3693 *Ex
331 3664 407 3702 gravi
428 3661 642 3699 Conquestione
664 3664 834 3702 Magnarum
857 3666 1024 3697 &aliorum
1039 3665 1254 3699 Communium

198 3701 295 3742 Regni
315 3700 402 3731 nostri
424 3700 647 3731 certitudinaliter
667 3703 854 3734 intelleximus
875 3705 953 3742 quod
971 3706 1147 3743 quamplures
1164 3729 1172 3743 ‚
1195 3709 1254 3738 tarn

198 3740 322 3778 Clerici,
343 3740 438 3778 Laici,
458 3740 490 3770 &
505 3738 657 3781 Religiosi,
675 3742 758 3778 quam
781 3741 841 3778 alii,
858 3751 933 3772 extra
955 3742 1092 3783 Regnum
1106 3744 1254 3785 nostrum,

196 3787 260 3810 ante
271 3779 334 3809 haec
349 3787 493 3816 tempora,
512 3777 673 3819 tran-{terunt
684 3779 717 3809 ὅ(
731 3778 819 3808 indies
831 3781 977 3818 tranliunt,

234 3817 271 3848 Et
293 3817 410 3853 grandes
430 3819 461 3846 &
475 3816 623 3846 excellivas
636 3815 757 3846 summas
771 3818 841 3847 Auri
858 3819 891 3848 &
904 3818 1041 3857 Argenti,
1061 3822 1119 3850 tam
1136 3831 1185 3858 per
1203 3822 1254 3853 Li-

196 3860 266 3886 teras
286 3855 493 3894 Cambitorias,
512 3855 598 3894 qu‘am
621 3865 670 3892 per
692 3855 777 3886 Viam
800 3855 989 3896 Chevanciae,
1008 3859 1037 3887 in
1054 3858 1255 3900 Mercandifis,

196 3892 230 3921 δε
249 3895 277 3923 in
295 3894 433 3932 Moneta,
448 3895 481 3925 ὃς
496 3892 607 3923 diversis
622 3893 678 3923 aliis
694 3893 785 3923 modis
798 3893 960 3933 subtilibus,
977 3906 1009 3926 ac
1026 3896 1189 3936 Process'us,
1207 3899 1255 3930 In-

197 3928 366 3971 strumenta,
385 3932 488 3970 Bullas‚
510 3931 631 3970 LiteraS,
647 3932 680 3962 &
701 3932 750 3962 alia
772 3933 798 3962 in
817 3932 948 3972 Scriptis,
966 3944 1019 3973 pro
1036 3936 1180 3968 voluntate
1193 3938 1254 3977 sua,

196 3968 254 3998 fine
270 3969 399 4000 Licentia
413 3969 506 4000 nostra
521 3970 692 4007 eduxerunt,
709 3971 741 4001 &
754 3971 838 4000 indies
853 3973 935 4002 educi
948 3973 1070 4011 faciunt,

233 4006 271 4036 Et
292 4008 411 4046 insuper,
431 4009 507 4046 quod
528 4010 603 4048 pejus
624 4010 682 4047 est,
698 4009 875 4047 quamplures
897 4010 1045 4050 Personae,
1063 4014 1122 4042 tam
1142 4013 1252 4046 Subditi

195 4044 304 4083 nostri,
324 4047 406 4084 quarn
430 4047 491 4085 alii,
509 4048 679 4078 transfretare
701 4048 841 4085 volentes,
861 4048 896 4078 de
909 4050 1133 4088 quibuscumque
1147 4052 1253 4083 Natio-

193 4084 276 4114 nibus
297 4084 330 4115 &
353 4082 575 4117 Conditionibus
594 4087 696 4118 fuerint
708 4108 719 4125 ,
738 4085 829 4119 Bullas
842 4109 853 4126 ,
869 4087 975 4120 Literas
988 4111 999 4127 ‚
1017 4088 1164 4121 Process'us
1176 4113 1186 4129 ,
1202 4091 1251 4122 In-

1277 436 1396 474 ciendo,
1415 437 1552 468 divertere
1564 441 1781 479 permittuntur,
1800 442 1829 470 in
1845 443 2000 471 maximum
2016 441 2104 470 nostri
2120 440 2331 480 Contemptum

1276 474 1310 504 ὃς
1325 474 1537 514 Praejudiciurn,
1555 487 1587 507 ac
1602 478 1714 516 Legum
1729 478 1828 516 Regni
1843 479 1950 518 nostri,
1966 480 1997 510 &
2007 478 2123 517 Jurium
2139 479 2264 510 Coronae
2278 491 2332 511 110-

1277 511 1356 551 strae,
1373 514 1405 543 &
1421 513 1632 557 Qrdinationis,
1649 516 1713 546 inde
1729 527 1777 554 per
1792 517 1875 556 Nos,
1895 517 2064 556 Magnates,
2083 519 2116 548 δε
2129 518 2333 550 Communica-

1277 559 1336 581 tem
1357 551 1455 595 Regni
1475 552 1580 590 nostri,
1598 555 1626 583 in
1645 554 1728 592 pleno
1750 554 1936 587 parliamento
1951 555 2047 586 nostro
2059 556 2157 594 edirae,
2176 559 2333 589 enervatio-

1277 598 1344 618 nem
1357 589 1550 628 manifestam,
1563 601 1594 621 ac
1611 601 1710 622 contra
1724 592 1926 625 Desenfionem
1938 595 1971 625 &
1988 593 2262 634 Proclamationem,
2271 597 2333 633 plu-

1277 628 1329 657 ries
1347 627 1425 667 super
1445 628 1502 659 hoc
1515 638 1549 659 ex
1562 638 1638 668 parte
1652 630 1747 661 nostra
1760 631 1860 670 fasten,
1879 633 1955 664 unde
1968 633 2161 664 vehementius
2174 636 2330 666 conturba-

1276 675 1350 695 mur.
2282 691 2286 695 .

1313 703 1398 743 Nos,

1315 740 1412 786 Talia,
1431 743 1529 774 Nobis
1549 744 1576 774 in
1597 743 1702 783 Regno
1716 745 1815 776 nostro
1829 747 2028 785 Praejudicialia
2043 749 2076 779 δε
2090 748 2270 790 Dampnosa,
2287 752 2334 782 ali-

1275 780 1390 818 qualiter
1404 782 1534 812 sustinere
1547 791 1606 812 non
1622 784 1757 821 valentes,

1316 818 1404 848 Vobis
1422 821 1451 849 in
1475 819 1530 850 fide
1548 822 1581 851 &
1595 820 1740 859 ligeantia,
1757 823 1858 861 quibus
1872 824 1951 853 nobis
1965 827 2118 862 tenemini,
2143 837 2176 857 ac
2190 828 2239 858 sub
2253 828 2332 859 foris-

1276 854 1385 887 factura
1408 859 1540 888 omnium
1563 868 1627 898 quae
1648 859 1728 889 nobis
1742 860 1902 891 forisfacere
1917 864 2056 901 poteritis,
2073 864 2195 895 distriCte
2206 867 2331 906 injungi-

1278 904 1339 924 mus
1356 896 1390 926 &
1409 897 1590 935 mandamus,
1615 897 1713 935 quod,
1738 897 1887 929 Personam
1908 901 2044 939 aliquam,
2071 902 2236 939 Clericum,
2264 904 2333 935 Lai-

1278 942 1364 978 cum,
1382 932 1579 978 Rdigiosum,
1596 936 1641 966 seu
1662 937 1764 974 alium,
1781 937 1983 978 cujuscumque
2004 940 2140 971 Narionis
2154 942 2200 972 seu
2216 942 2327 973 Condi-

1279 979 1362 1002 t10n1s
1382 972 1479 1012 fuerit,
1497 982 1573 1004 eittra
1593 973 1702 1005 dietum
1719 974 1852 1014 Regnum
1868 976 2013 1016 nostrum,
2032 979 2061 1008 in
2074 979 2211 1017 aliquibus
2226 980 2333 1012 Portu«-

1279 1010 1331 1040 bus
1352 1010 1397 1041 seu
1417 1011 1504 1043 Locis
1519 1014 1592 1044 infra
1604 1012 1739 1043 Ballivam
1752 1014 1785 1044 δε
1802 1014 1956 1045 Distrietus
1970 1016 2092 1055 vestros,
2108 1027 2178 1047 cum
2193 1019 2333 1058 Moneta,

1279 1049 1324 1079 vel
1337 1048 1414 1080 Plata
1429 1050 1501 1081 Auri
1516 1053 1559 1082 vel
1575 1051 1713 1091 Argenti,
1732 1051 1844 1083 Litteris
1859 1053 2060 1092 Cambitoriis,
2078 1056 2122 1086 vel
2138 1057 2197 1086 aliis
2215 1057 2332 1096 Literis,

1277 1096 1323 1118 aut
1346 1088 1548 1128 Processubus,
1566 1089 1776 1128 Instrumentis,
1794 1100 1840 1122 aut
1860 1091 1993 1131 aliquibus
2005 1095 2060 1124 aliis
2070 1096 2099 1124 in
2114 1094 2244 1133 Scriptis,
2263 1106 2334 1126 con-

1280 1134 1321 1170 tra
1340 1126 1542 1158 Defenfionem
1564 1130 1597 1160 ὃς
1620 1128 1840 1160 Ordinationem
1852 1132 2016 1170 praeditfltas,
2032 1143 2065 1162 ac
2082 1132 2335 1173 proclamationes,

1279 1164 1345 1209 inde
1358 1175 1421 1195 ante
1434 1167 1496 1197 haec
1510 1177 1636 1205 tempora
1650 1167 1749 1205 factas,
1767 1168 1867 1208 absque
1881 1168 2021 1201 Mandato
2036 1171 2134 1201 nostro
2147 1172 2270 1212 speciali,
2284 1183 2332 1212 per

1279 1202 1384 1234 Literas
1398 1204 1447 1234 sub
1461 1205 1566 1236 secreto
1579 1206 1680 1243 Sigillo
1694 1207 1809 1244 nostro,
1826 1207 1908 1237 vobis
1922 1208 1987 1238 inde
1998 1210 2167 1249 dirigendas,

1315 1241 1522 1287 Mercatoribus
1536 1244 1683 1282 Notoriis‚
1700 1244 1815 1283 Legales
1829 1245 2020 1277 Mercandisas
2035 1251 2260 1288 excercentibus,
2275 1252 2334 1289 qui,

1278 1289 1330 1318 pro
1346 1280 1505 1313 Excercitio
1528 1282 1765 1314 Mercandisarum
1788 1283 1896 1315 suarum
1912 1284 2027 1316 fideliter
2042 1288 2188 1327 faciendo,
2207 1291 2334 1320 transfre-

1279 1326 1335 1348 tare
1350 1320 1501 1359 voluerint,
1519 1322 1660 1352 dumtaxat
1672 1323 1818 1361 exceptis,¹

1317 1357 1449 1389 Tranfire
1469 1361 1587 1390 minime
1609 1361 1789 1399 permittatis,
1806 1363 1839 1393 ὃ(
1859 1361 1937 1399 super
1957 1362 2015 1393 hoc
2037 1364 2147 1395 bonum
2168 1375 2201 1396 ac
2216 1366 2334 1405 diligens

1279 1396 1312 1425 ὅ(
1331 1396 1469 1428 sufficiens
1490 1399 1680 1437 Scrutinium,
1698 1409 1731 1429 ac
1754 1399 1938 1438 Custodiam,
1958 1402 1987 1431 in
2008 1402 2122 1439 fingulis
2142 1404 2281 1435 Portubus
2301 1406 2334 1436 &

1282 1433 1387 1478 Locis,
1405 1436 1476 1466 infra
1498 1437 1635 1468 Dominia
1648 1437 1740 1467 nostra
1754 1439 1902 1477 praedicta,
1921 1440 2029 1478 lingulis
2045 1441 2155 1472 Diebus
2178 1444 2211 1474 ὃς
2226 1443 2337 1474 Nocti-

1281 1473 1453 1518 bus-faciatis
1466 1499 1475 1512 ,
1502 1475 1581 1513 quod
1601 1475 1674 1506 nulla
1696 1476 1831 1515 Persona,
1856 1478 2028 1517 quicumque
2050 1479 2195 1519 Clericus,
2217 1482 2336 1521 Laicus‚

1280 1510 1441 1554 Religiosus
1476 1523 1521 1543 aut
1542 1514 1625 1551 alius,
1643 1514 1848 1553 cujuscumque
1873 1516 2009 1546 Nationis
2022 1518 2064 1547 vel
2078 1518 2260 1551 Conditionis
2274 1521 2336 1551 fue-

1279 1557 1326 1588 tit,
1340 1551 1416 1593 ,infra
1436 1536 1568 1582 &animm
1591 1553 1623 1583 ὅ(
1647 1552 1798 1582 Β11111ἇ1118
1819 1553 1940 1591 vestros,
1957 1555 2078 1592 applicet
2097 1558 2141 1587 vel
2163 1559 2197 1589 ad
2213 1559 2335 1590 Terram

1280 1598 1389 1628 veniat,
1409 1599 1559 1628 antequam
1580 1591 1617 1620 fic
1637 1590 1777 1628 applicans
1797 1592 1842 1621 vel
1861 1592 1894 1622 ad
1912 1593 2033 1623 Terram
2047 1596 2177 1633 veniens,
2195 1598 2228 1628 &
2241 1599 2336 1629 omnia

1279 1637 1344 1664 quae
1366 1638 1433 1658 cum
1448 1630 1506 1666 ipso
1519 1629 1564 1659 vel
1580 1630 1609 1659 in
1624 1628 1771 1659 Comitiva
1785 1629 1830 1660 sua
1843 1630 1940 1668 aliquo
1953 1632 2043 1661 modo
2055 1633 2200 1672 detulerit,
2219 1637 2336 1674 singilla-

1278 1667 1348 1704 tim,
1367 1667 1400 1698 &
1422 1668 1532 1707 palam,
1550 1677 1582 1698 ac
1598 1667 1747 1705 diligenter
1758 1668 1932 1708 scrutentur,
1949 1670 2108 1709 videantur,
2127 1674 2160 1703 δε
2176 1677 2338 1706 examinen-

1276 1712 1321 1735 tur

1316 1727 1354 1774 hit
1369 1754 1469 1775 omnes
1484 1744 1560 1782 illos,
1577 1754 1647 1784 quos
1661 1745 1839 1783 inveneritis,
1857 1745 1965 1783 Bullas‚
1984 1745 2148 1786 Proceffus,
2165 1748 2339 1781 Instrumen—

1277 1789 1320 1821 ta,
1340 1782 1473 1820 Litteras,
1492 1784 1536 1814 vel
1553 1784 1602 1815 alia
1617 1785 1646 1814 in
1660 1783 1720 1813 Scri
1741 1785 1790 1821 tis,
1809 1794 1873 1823 quae
1886 1785 1978 1824 aliquo
1993 1786 2081 1816 modo
2096 1786 2211 1826 Nobis,
2233 1799 2280 1820 aut
2292 1791 2340 1819 ali-

1279 1822 1325 1851 cui
1340 1821 1375 1851 de
1390 1822 1514 1852 Subditis
1530 1822 1646 1859 nostris,
1664 1821 1708 1851 vel
1756 1831 1831 1860 egno
1844 1823 1960 1861 nostro,
1973 1823 2172 1861 Praejudieialia
2186 1827 2230 1857 seu
2246 1828 2340 1858 Dam-

1279 1859 1365 1897 pnofit
1384 1860 1440 1890 effe
1461 1869 1608 1898 poterunt,
1626 1861 1719 1890 secum
1742 1860 1890 1899 habentes,
1908 1862 1953 1891 vel
1971 1871 2098 1900 gerentes
2105 1887 2115 1901 ,
2134 1865 2189 1894 line
2208 1866 2341 1897 dilatione

1277 1897 1401 1937 arestari,
1419 1900 1452 1931 ὃς
1468 1899 1544 1929 salvo
1565 1898 1698 1929 custodiri
1714 1898 1818 1930 faciatis
1840 1900 1983 1940 quousque
2005 1901 2078 1932 aliud
2094 1903 2159 1933 inde
2175 1907 2343 1943 praeceperi-

1278 1946 1342 1967 mus

1317 1960 1358 2006 E?
1375 1976 1471 2009 omnia
1493 1975 1598 2014 Bullas‚
1621 1975 1787 2015 Proceffus,
1813 1975 2020 2016 Instrumenta,
2039 1977 2163 2019 Literas,
2183 1982 2217 2011 &
2238 1981 2288 2012 alia
2311 1984 2340 2013 in

1280 2014 1385 2052 scriptis
1407 2023 1613 2053 quaecumque,
1629 2024 1693 2053 quae
1710 2024 1893 2054 quocumque
1914 2016 2002 2046 modo
2021 2026 2071 2053 per
2091 2018 2263 2050 Scrutinium
2286 2021 2341 2052 hu-

1278 2052 1396 2091 jusmodi
1417 2054 1534 2083 inveniri
1550 2061 1699 2091 poterunt,
1716 2063 1801 2092 penes
1812 2063 1864 2084 vos
1877 2055 2004 2092 capiatis,
2021 2056 2055 2085 δε
2069 2065 2101 2086 ea
2118 2057 2152 2087 ad
2169 2057 2338 2089 Concilium

1280 2090 1428 2129 nostrum,
1447 2092 1521 2129 apud
1544 2091 1741 2129 Londoniam,
1768 2101 1815 2129 per
1836 2092 1912 2130 illos,
1935 2092 1971 2121 de
1992 2094 2092 2132 quibus
2114 2096 2271 2135 confiditis,
2288 2097 2340 2128 sub

1281 2129 1379 2168 Sigillo
1396 2129 1507 2169 vestro,
1521 2129 1616 2160 secure
1635 2131 1747 2160 mittatis
1761 2130 1869 2161 ibidem
1882 2130 2066 2171 inspicienda,
2083 2133 2118 2164 δε
2131 2134 2165 2164 ad
2177 2135 2340 2167 faciendum

1281 2169 1347 2199 inde
1363 2169 1440 2207 quod
1453 2168 1528 2208 Juris
1540 2169 1622 2199 fuerit
1637 2169 1670 2199 &
1686 2168 1827 2200 Rationis.
2332 2178 2333 2181 ’

1320 2207 1358 2238 Ε1
1376 2217 1476 2238 omnes
1500 2206 1653 2247 Magistros
1666 2207 1799 2238 Navium
1811 2210 1845 2239 &
1859 2207 1999 2239 Vasorum
2012 2210 2062 2247 qui
2077 2209 2148 2241 infra
2161 2211 2293 2243 Ballivam
2306 2214 2344 2245 δέ

1284 2244 1440 2277 Distrietus
1459 2246 1566 2277 vestros
1579 2245 1778 2285 applicuerint,
1796 2257 1829 2277 ac
1843 2248 1928 2278 etiam
1942 2247 2130 2287 Marinarios,
2153 2249 2343 2292 Mercatores,

1285 2286 1319 2315 &
1333 2286 1394 2315 alias
1408 2284 1538 2315 Personas
1550 2286 1754 2323 quascumque,
1772 2286 1801 2315 in
1814 2286 1919 2316 eisdem
1934 2285 2066 2317 Navibus
2081 2288 2113 2317 &
2129 2287 2206 2319 Vasrs
2222 2290 2342 2321 existen-

1285 2331 1324 2353 tes
1340 2325 1349 2357 (
1358 2323 1505 2360 videlicet)
1521 2324 1674 2362 quemlibet
1692 2333 1791 2354 eorum
1806 2333 1855 2361 per
1869 2325 1912 2362 se,
1928 2325 2008 2361 super
2023 2325 2125 2355 Samira
2140 2326 2198 2357 Dei
2213 2328 2343 2369 Evange⁴

1285 2361 1319 2392 lia
1338 2363 1459 2400 expresse
1480 2363 1566 2400 jurare
1586 2362 1707 2401 facietis,
1721 2362 1801 2401 quod
1816 2362 1865 2401 ipfi
1878 2362 2026 2393 Personam
2045 2364 2077 2393 ali
2099 2374 2180 2403 uam,
2196 2377 2249 2397 nec
2264 2370 2345 2406 quic-

1285 2410 1372 2438 quam
1391 2401 1463 2432 aliud
1485 2401 1685 2440 quodcumque
1705 2401 1806 2439 fuerit,
1828 2402 1857 2430 in
1878 2400 1964 2439 Baiis,
1980 2374 2139 2441 Herneiiis,
2158 2404 2282 2444 Barellis,
2297 2415 2344 2438 aut:

1286 2438 1380 2479 Vafis,
1397 2440 1443 2470 vel
1462 2440 1515 2471 alia
1537 2439 1600 2478 Re,
1617 2439 1690 2469 infra
1702 2438 1810 2469 easdem
1823 2439 1941 2478 Naves,
1956 2440 2048 2479 aliquo
2070 2444 2175 2480 modo,
2194 2453 2252 2474 non
2271 2455 2344 2475 con-

1285 2478 1434 2517 celabunt,
1458 2478 1497 2509 set
1518 2479 1597 2516 quod
1618 2478 1698 2508 vobis
1718 2478 1800 2516 plane
1821 2477 1917 2509 dicent
1937 2479 1971 2509 ὃς
1987 2488 2129 2517 exponent
2149 2483 2247 2512 emnia
2267 2493 2344 2521 quae-

1285 2526 1426 2555 cumque,
1444 2528 1509 2555 quae
1530 2518 1561 2546 in
1575 2516 1675 2547 eisdem
1689 2517 1783 2556 aliquo
1799 2517 1890 2547 modo
1903 2518 2100 2556 continentur,
2118 2519 2168 2549 sub
2188 2520 2278 2551 Poena
2297 2522 2343 2552 fo-

1286 2555 1437 2586 risfaeturae
1449 2556 1580 2586 Navium
1595 2556 1629 2586 &
1646 2554 1799 2593 Vasorum,
1816 2556 1848 2585 &
1862 2556 1995 2586 omnium
2012 2555 2159 2587 Bonorum
2174 2559 2206 2589 &
2222 2559 2345 2590 Catallo-

1289 2604 1352 2624 rum
1366 2617 1375 2632 ,
1399 2595 1427 2623 in
1444 2594 1546 2624 eisdem
1568 2593 1741 2624 Navibus&
1759 2593 1833 2623 Vasis
1850 2593 2045 2632 existentium,

1324 2632 1362 2662 Et
1383 2632 1490 2671 insuper
1511 2642 1611 2662 omnes
1631 2631 1822 2670 Mercatores,
1837 2634 1886 2671 qui
1905 2643 1979 2663 exrra
1995 2633 2131 2672 Regnum
2148 2634 2294 2675 nostrum,
2312 2638 2343 2667 in

1287 2670 1429 2700 Portubus
1448 2674 1484 2702 &
1504 2670 1606 2707 Locis,
1622 2670 1692 2700 infra
1712 2670 1845 2701 Ballivarn
1860 2672 1893 2701 ὃ(
1909 2671 2050 2702 districtus
2066 2672 2187 2712 vestros,
2203 2676 2343 2714 applicue-

1287 2710 1359 2747 rint,
1378 2709 1514 2740 confimili
1538 2710 1628 2738 modo
1646 2709 1736 2746 jurare
1751 2710 1873 2747 facietis,
1891 2710 1970 2748 quod
1982 2711 2030 2748 ipsi
2044 2711 2157 2741 Aurum
2175 2713 2219 2742 vel
2236 2714 2344 2753 Argen-

1287 2757 1368 2786 tum,
1386 2750 1413 2778 in
1438 2748 1558 2778 Moneta
1574 2748 1618 2777 vel
1640 2747 1713 2777 Plata
1726 2771 1736 2786 ,
1754 2757 1827 2778 extra
1846 2747 1985 2785 Regnum
2008 2750 2025 2767 ὃ*
2039 2749 2185 2788 nostrum,
2205 2751 2279 2782 clam
2299 2753 2345 2784 vel

1274 2796 1277 2800 ’
1287 2786 1398 2825 palam,
1414 2796 1598 2825 quocumque
1616 2787 1721 2824 modo,
1742 2796 1800 2816 non
1823 2786 1965 2824 deferent,
1983 2786 2027 2817 seu
2040 2788 2143 2818 deferri
2155 2788 2272 2829 facient,
2291 2802 2344 2822 nec

1290 2825 1413 2856 Cambia
1432 2825 1521 2863 aliqua
1541 2825 1587 2855 vel
1605 2824 1799 2863 Chevancias,
1825 2835 1873 2862 per
1896 2825 2000 2855 Literas
2022 2827 2065 2856 vel
2084 2827 2140 2856 alio
2163 2829 2269 2867 modo,
2294 2831 2345 2861 nisi

1290 2864 1494 2895 tantummodo
1513 2873 1565 2903 pro
1584 2863 1714 2902 legalibus
1739 2862 1922 2893 Mercandisis
1939 2864 2007 2901 suiS,
2024 2864 2058 2894 ad
2076 2863 2345 2899 Mercandisandum

1290 2903 1373 2942 inde,
1393 2904 1463 2933 sicut
1483 2903 1552 2932 boni
1572 2902 1605 2932 &
1629 2901 1724 2940 legales
1745 2900 1919 2931 Mercatores
1932 2902 2022 2932 facere
2035 2903 2153 2939 debent,
2171 2905 2197 2933 in
2214 2904 2346 2938 Excerci-

1289 2943 1331 2973 tio
1351 2941 1589 2972 Mercandisarum
1612 2940 1738 2976 suarum,
1757 2940 1863 2970 facient
1876 2950 1929 2970 nec
1944 2940 2002 2970 fieri
2018 2942 2224 2981 procurabunt,
2243 2945 2346 2984 absque

1290 2981 1415 3019 Favore,
1434 2979 1669 3015 Consortatione,
1688 2978 1819 3015 Auxilio,
1838 2977 2070 3017 Manutenentia,
2090 2981 2140 3009 sub
2153 2991 2251 3012 eorum
2268 2983 2347 3014 Um-

1289 3019 1339 3050 bra
1363 3020 1406 3050 vel
1428 3018 1555 3054 Colore,
1571 3016 1730 3055 praestandis
1750 3018 1795 3046 vel
1819 3017 1982 3046 exhibendis
2004 3018 2138 3057 aliquibus
2160 3019 2233 3058 aliis,
2258 3022 2347 3060 cujus-

1289 3068 1414 3095 cumque
1435 3055 1617 3086 Conditionis
1638 3056 1756 3093 fuerint,
1774 3055 1807 3085 ad
1826 3056 1986 3085 faciendum
2001 3057 2111 3094 aliquod
2127 3058 2288 3095 Apportum
2304 3060 2347 3091 vel

1289 3097 1483 3132 Solutionem,
1502 3103 1576 3124 extra
1596 3094 1706 3124 dietum
1728 3093 1862 3131 Regnum
1877 3093 2021 3133 nostrum,
2042 3097 2070 3124 in
2086 3095 2229 3134 fraudem,
2245 3099 2348 3136 deeep-

1290 3137 1411 3173 tionem,
1430 3134 1472 3163 vel
1494 3133 1709 3162 adnullationem
1731 3131 1850 3163 effeetus
1873 3133 1905 3163 &
1922 3134 2027 3163 tenoris
2040 3133 2232 3165 Ordinationis
2248 3138 2348 3175 praedi-

1290 3175 1363 3213 6110,
1380 3174 1428 3204 sub
1443 3171 1536 3202 Poena
1552 3171 1745 3201 Forisfae‘rurae
1757 3170 1935 3210 supradietae,
2054 3180 2056 3182 ·

1328 3214 1366 3244 Et
1387 3212 1483 3243 omnia
1503 3209 1653 3248 praedit‘ta,
1671 3211 1703 3240 &
1725 3219 1825 3239 eorum
1847 3210 2010 3248 quodlibet,
2027 3211 2063 3241 de
2084 3220 2213 3249 tempore
2234 3213 2262 3241 in
2276 3222 2348 3243 tern-

1291 3263 1358 3292 pus,
1377 3252 1425 3282 sub
1445 3249 1542 3280 eadem
1566 3248 1765 3285 Forisfaetura,
1783 3248 1878 3278 debite
1893 3249 1925 3278 ὃ(
1941 3250 2064 3279 celeriter
2079 3251 2173 3288 exequi
2188 3250 2310 3288 facietis,

1328 3291 1368 3322 Ita
1381 3289 1459 3329 quod
1474 3311 1482 3325 ,
1502 3297 1550 3327 per
1563 3287 1647 3317 vestri
1662 3287 1733 3326 negli
1754 3289 1857 3317 entiam
1869 3311 1878 3325 ,
1905 3289 2092 3326 tepiditatem,
2119 3287 2162 3317 vel
2182 3287 2346 3328 defectum,

1292 3329 1466 3368 Dampnum
1482 3327 1526 3356 vel
1542 3325 1704 3356 Periculum
1757 3326 1833 3363 obis,
1850 3335 1896 3356 aut
1911 3326 2032 3356 Subditis
2047 3325 2163 3363 nostris,
2183 3326 2227 3356 vel
2241 3326 2346 3366 Regno

1292 3368 1392 3398 nostro
1411 3365 1505 3405 (quod
1525 3365 1592 3394 absit
1603 3372 1608 3397 J
1627 3375 1685 3394 non
1705 3365 1837 3402 eveniat,
1863 3374 1912 3401 per
1935 3364 2010 3402 quod
2032 3365 2174 3394 materiam
2198 3364 2348 3397 habeamus

1291 3407 1325 3437 ad
1341 3416 1390 3436 vos
1404 3405 1521 3444 graviter
1535 3404 1660 3440 capiendi
1673 3412 1707 3433 ex
1720 3404 1772 3433 hac
1786 3403 1873 3433 causa.

1331 3443 1423 3476 Teste
1437 3442 1519 3481 Rege
1531 3442 1603 3481 apud
1617 3441 1925 3479 Westmonosterium,
1943 3440 2078 3472 vicesimo
2096 3441 2201 3474 ottavo
2211 3442 2261 3473 die'
2270 3442 2348 3482 Juffi,

1761 3521 1813 3548 Per
1829 3517 1911 3557 ipsimz
1927 3520 2022 3555 Regem
2039 3517 2077 3552 (ἔγ
2097 3518 2248 3549 Concilium.

1348 3597 1515 3630 Confimilia
1532 3596 1630 3629 Brevia
1650 3594 2004 3663 diriguntpirl'subscriptis,
2022 3594 2072 3626 sub
2085 3595 2184 3627 eadem
2202 3595 2297 3634 Dat&

1745 3644 1772 3664 vr
1793 3643 1892 3672 ercet,

1332 3713 1503 3751 nlaioribus,
1519 3711 1748 3750 Constabulariir,
1766 3710 1804 3746 ἄν
1826 3709 1949 3740 Ballivis
1965 3713 1993 3741 V
1994 3711 2047 3741 illae
2062 3709 2099 3745 (ἐν
2114 3711 2232 3749 Stapulae
2247 3713 2279 3742 de
2294 3714 2348 3742 Ca„-

1295 3753 1361 3792 leyr,
1381 3763 1410 3781 ac
1434 3750 1585 3791 Custodibus
1609 3749 1726 3789 Paffizgii
1742 3749 1779 3785 ὠ·
1793 3749 1993 3779 Scrutatoribus
2010 3753 2087 3786 Regis
2101 3753 2128 3778 in
2142 3751 2237 3788 eisdem
2252 3753 2350 3781 Parti-

1294 3792 1341 3821 bus
1389 3801 1431 3819 wc,

1329 3789 1458 3860 A’Iircliyolao
1483 3828 1515 3857 de
1539 3828 1693 3867 Lovaynei,
1716 3827 1898 3856 Gubernatori
1915 3827 1951 3862 (ξφ
1971 3824 2116 3864 SenefiaHo
2135 3829 2257 3857 Dominii
2272 3830 2348 3864 Regis

1293 3869 1324 3898 de
1346 3870 1462 3897 Pontivo
1474 3890 1483 3904 ,
1514 3877 1611 3895 necnon
1631 3865 1808 3903 Thefhurario
1832 3866 1869 3901 ὠ·
1889 3868 2020 3903 Receptori
2038 3867 2115 3902 Regis
2135 3869 2164 3895 in
2180 3866 2267 3895 eodem
2290 3870 2348 3897 Βα-

1291 3911 1387 3942 minio,
1406 3905 1455 3934 vel
1472 3915 1559 3933 eorum
1578 3907 1652 3933 Loca
1669 3905 1836 3942 tenentibus,
1854 3904 1913 3939 ὀί.

1329 3943 1435 3981 Majori
1458 3942 1495 3977 &a
1517 3942 1638 3973 Ballivis
1658 3942 1824 3972 d'Abbevill
1838 3966 1848 3981 ,
1874 3941 1910 3977 <jv
1929 3940 2082 3980 cristodibus
2098 3941 2278 3981 Paffitgiorum
2296 3942 2348 3972 ibi-

1292 3985 1365 4020 dem,
1385 3980 1422 4015 <sy
1442 3981 1509 4010 alibi
1526 3985 1555 4010 in
1573 3983 1698 4010 Dominio
1715 3984 1791 4018 Regis
1810 3982 1842 4009 de
1862 3983 1988 4009 Pontivo.

1328 4019 1451 4050 Ballivis
1471 4020 1507 4055 έν
1527 4019 1590 4049 aliis
1606 4018 1742 4060 Ministris
1760 4022 1836 4056 Regis
1854 4021 1882 4048 V
1884 4017 1939 4049 illae
1963 4017 1994 4048 de
2016 4021 2144 4059 Crotoye,
2168 4022 2199 4050 in
2221 4020 2349 4049 Dominio

1290 4063 1369 4099 Regis
1385 4059 1417 4089 de
1436 4061 1564 4089 Pontivo.

1789 4124 1823 4156 N
1843 4135 1857 4165 3
2247 4127 2349 4157 Litera

2367 2749 2384 2766 ⁴»
2405 2745 2464 2780 νη

2366 2790 2434 2818 477·
