2561 4251
202 131 283 185 148

66 216 147 252 Arm.
155 217 199 250 D.
221 233 1266 263 Μ

69 259 176 329 Βῗθῗεῑξ.
251 305 310 338 Pro
326 295 485 333 Cardinali
502 291 580 327 disto
599 291 815 339 Mapolitano‚
832 288 926 335 fhper
944 284 1103 322 Praebenda
1110 285 1172 332 fica
1185 309 1196 328 ,
1218 285 1256 322 &-

610 338 884 376 Archidiaconatu.

71 443 125 470 An.
138 437 167 466 6.
223 431 341 502 RE}
356 427 571 498 OmnibushaId
585 435 674 465 qu05,
691 422 753 456 &c-
771 421 908 455 Salutem.

121 486 148 504 2.
341 471 417 502 ciatis
452 470 492 500 uo
561 475 593 496 os

70 484 132 547 zat.
140 516 168 542 6.
257 511 309 542 Ob
322 479 518 540 Affeetignem
531 505 564 536 &
581 487 807 535 B'enivolentiam
814 523 825 540 ,
843 508 911 540 quas
923 496 1099 529 Venerabilis
1112 495 1213 533 Pater,
1231 496 1283 525 Pe-

69 561 101 586 R.
111 564 136 582 2.
144 560 203 591 p.2.
219 551 293 579 rinus
312 547 390 579 tituli
409 547 503 577 saneti
524 545 631 580 Georgii
650 541 684 572 ad
699 540 806 570 Velum
822 539 952 571 Aureum
966 540 1102 567 Diaconus
1114 532 1283 579 Cardinalis,

72 605 109 626 m.
130 602 171 621 ιι.
217 587 310 620 dietus
324 585 546 625 Neapolitanus,
563 590 632 627 erga
644 579 715 612 Nos
727 580 761 611 &
777 578 919 617 Regnum
940 575 1070 607 nostrum
1091 583 1179 614 gent,
1197 581 1283 611 prout

218 628 354 658 veraciter
366 626 460 657 sumus
469 623 633 658 informati,
722 657 727 663 .
920 656 925 660 .
1029 655 1033 660 Ι
1188 651 1196 658 x
1242 649 1247 654 .

254 663 453 697 Conceffimus
470 660 564 693 eidem
583 656 743 695 Cardinali,
761 663 899 696 quantum
918 664 947 685 1n
964 653 1048 684 n0bls
1067 651 1126 689 est,
1144 647 1226 694 quod
1239 657 1283 692 ip-

217 706 245 738 se
262 702 471 736 Poffeffionem
490 697 657 730 Praebendae
673 696 710 727 de
727 696 831 727 Sutton
848 696 878 725 in
896 691 1021 724 Ecclefia
1037 688 1201 721 Cathedrali
1213 687 1283 718 Lm-

218 741 355 777 colnienfi
364 767 371 780 ,
389 750 423 772 ac
437 735 693 770 Archidiaconatfis
705 735 825 766 Tanton
838 734 868 764 in
883 731 1009 764 Ecclesia
1021 727 1177 773 Wellensi,
1262 766 1267 772 ⁸

259 782 309 813 De
322 781 424 819 quibus
438 777 488 809 sibi
501 786 550 816 per
563 775 731 806 Dominum
743 777 880 804 Summum
894 769 1052 811 Pontificem
1066 768 1163 799 deb1te
1184 774 1283 804 provi-

240 830 300 852 etur
334 827 364 850 ut
378 817 479 848 dicitur

218 821 238 853 d
258 843 318 890 Per²
336 839 537 889 Procurato'res
558 852 639 891 ipsius
661 851 818 882 Cardinalis
838 848 968 887 adipisci,
985 847 1174 886 adeptamque
1190 846 1285 877 conti-

218 907 322 938 nuare,
337 904 452 928 necnon
473 892 610 931 Frustus,
627 890 687 928 &c.
701 896 782 929 prout
805 892 835 919 in
850 886 981 928 fimilibus
1004 886 1036 916 a'e
1052 887 1181 915 Licentia
1203 887 1285 915 Lite-

218 941 266 969 ris.

296 971 331 1005 In
343 973 439 1012 cujus,
457 971 518 1003 &c.
798 1006 803 1012 ι
929 1003 935 1009 .
1187 1001 1192 1006 .

257 1013 350 1046 Teste
368 1013 451 1051 Rege
471 1008 545 1049 apud
565 1005 856 1040 Westmonastertum
871 1028 881 1042 ,
906 1001 1044 1035 vicefimo
1066 1000 1144 1033 sexto
1163 999 1210 1031 dle
1231 997 1286 1031 Fe-

223 1054 338 1086 bmaru.
852 1082 905 1111 Per
917 1078 1000 1119 ipsum
1015 1082 1120 1117 Regem.

491 1213 550 1248 Pro
569 1208 792 1256 Archiepiftopo
808 1205 1019 1242 Armachano.

225 1299 354 1362 REX
381 1303 482 1331 Locum
503 1298 620 1339 nostrum
638 1298 757 1333 tenenti,
775 1294 833 1325 sive
850 1292 974 1324 Custodi
992 1292 1094 1323 Terrae
1112 1292 1217 1324 nostrae
1233 1295 1288 1323 Hi-

307 1341 423 1378 berniae,
438 1339 484 1369 vel
504 1347 605 1369 eorum
625 1336 708 1366 Loca
725 1333 902 1370 tenentibus,
919 1332 975 1377 sive
993 1329 1172 1363 Cancellario
1189 1333 1289 1364 Terrae

228 1380 334 1411 nostrae
351 1377 515 1417 praedietae,
541 1376 590 1414 qui
607 1383 686 1405 nunc
705 1372 786 1411 sunt,
814 1371 861 1404 vel
877 1380 928 1410 qul
944 1380 998 1409 pro
1013 1379 1146 1409 tempore
1164 1371 1267 1403 fuerint
1280 1396 1290 1410 ,

225 1420 358 1451 Salutem.

264 1456 346 1488 Cum
366 1456 513 1488 Dominus
529 1457 653 1484 Summus
670 1447 801 1490 Pontifex
815 1472 825 1488 ,
847 1456 966 1481 vacante
983 1457 1072 1486 nuper
1088 1447 1215 1480 Ecclesia
1233 1449 1292 1480 Ca-

225 1496 343 1529 thedrali
362 1492 580 1526 Armachanenfi
592 1514 602 1529 ,
624 1500 674 1532 per
692 1488 824 1520 Mortem
836 1512 846 1526 ,
870 1488 959 1518 bonae
979 1489 1129 1518 memoriae
1144 1511 1153 1526 ‚
1179 1487 1293 1517 Milonis

227 1536 317 1566 ultimi
334 1530 533 1572 Archiepifiopi
553 1531 626 1561 Loci
646 1527 775 1568 praedieti
791 1551 802 1566 ,
825 1525 919 1556 eidem
938 1525 1074 1556 Ecclefiae
1090 1526 1140 1564 de,
1167 1525 1294 1557 Venera-

227 1575 277 1606 bili
295 1573 383 1612 Viro,
405 1572 536 1612 Johanm'
555 1568 651 1599 Elec‘io
669 1564 905 1606 Armachanenfi,
930 1573 999 1595 tunc
1018 1564 1141 1596 Decano
1158 1565 1293 1596 Ecclesiae

229 1613 381 1644 Dubliniae
396 1635 405 1649 ‚
434 1611 626 1641 Decretorum
642 1606 795 1645 Doctore,
820 1605 850 1634 in
869 1602 1071 1647 Presbiteratsss
1090 1603 1203 1634 Ordine
1221 1614 1294 1634 con-

230 1652 327 1683 stituto
341 1675 351 1689 ,
377 1648 553 1689 providerit,
577 1647 612 1678 &
638 1646 728 1684 ipsum
750 1645 781 1674 in
799 1641 1051 1681 Archiepiscopum
1072 1642 1148 1673 Loci
1185 1643 1294 1673 raedic'ti

230 1690 389 1729 praefecerit
406 1689 440 1719 &1
459 1686 605 1717 Pastorem
621 1708 631 1723 ,
659 1684 729 1714 ficut
744 1692 794 1721 per
810 1681 917 1713 Literas
929 1679 1050 1724 'Bullatas
1068 1681 1150 1722 ipsius
1203 1683 1294 1712 omini

230 1730 344 1761 Summi
355 1727 516 1763 Pontificis,
534 1724 617 1755 nobis
631 1722 699 1753 inde
712 1721 848 1759 directas,
864 1721 948 1751 nobis
962 1719 1091 1760 constat,

270 1767 338 1798 Nos

270 1806 328 1838 Pro
343 1790 378 1835 eo
415 1803 474 1834 uod
489 1801 565 1832 idem
588 1797 826 1842 Archiepiscopus
839 1797 981 1841 ’omnibus
998 1796 1034 1840 βε
1054 1797 1170 1837 singulis
1186 1799 1296 1837 verbis,

231 1845 314 1876 nobis
335 1844 368 1875 &
412 1843 419 1851 “
441 1851 521 1872 ronae
542 1839 647 1870 nostrae
659 1834 914 1875 PraeJudicialibuS,
933 1845 963 1865 in
975 1834 1058 1866 dietis
1072 1836 1174 1869 Literis
1188 1838 1296 1868 bullatis

232 1883 388 1920 contentis,
405 1881 521 1922 sponte,
540 1878 649 1920 palam,
665 1877 699 1908 &
723 1875 848 1913 expresse
866 1875 1062 1913 renunciavit,
1079 1875 1113 1906 &
1131 1878 1227 1916 gratiae
1245 1887 1298 1906 no-

233 1923 297 1954 strae
315 1920 456 1952 humiliter
474 1919 501 1950 se
516 1917 640 1949 submiut
653 1938 663 1954 ,
688 1915 719 1945 in
737 1914 790 1945 hac
809 1921 886 1952 parte
906 1912 1131 1945 Praefeetionem
1156 1915 1231 1945 illam
1251 1925 1299 1946 ac-

233 1973 267 1994 ce
289 1970 375 1991 [antes

268 1971 409 2037 pCepimt’is
432 1996 608 2028 Fidelitatem
629 1992 713 2032 ipsius
736 1990 968 2037 Archiepiscopi,
987 1991 1022 2023 δε
1037 1991 1116 2021 Tem
1138 1992 1224 2022 oralia
1245 1993 1300 2023 Ar-

235 2036 458 2076 chiepiscopatus
479 2035 565 2073 illius,
585 2042 654 2064 cum
676 2039 864 2070 pertinentiis,
880 2039 964 2069 prout
985 2031 1071 2060 moris
1094 2033 1121 2060 ei
1144 2053 1153 2069 ,
1181 2031 1300 2063 restitui-

236 2087 299 2108 mus
313 2076 405 2106 eidem
417 2087 422 2092 *

275 2115 313 2146 Et
327 2115 393 2145 ideo
409 2099 491 2145 iiobis
505 2110 670 2143 mandamus
685 2108 766 2147 quod
780 2107 873 2139 eidem
890 2106 1116 2148 Archiepiscopo
1137 2108 1301 2147 Tempora-

237 2155 272 2185 lia
287 2154 440 2192 praedidh,
459 2161 526 2183 cum
542 2149 727 2189 pertinentiis,
747 2148 803 2178 una
820 2156 888 2177 cum
909 2145 1037 2176 Exitibus
1059 2148 1078 2166 ³²
1102 2147 1169 2178 inde
1189 2158 1204 2178 a
1225 2148 1302 2178 Data

239 2193 441 2261 Praesentiulng,
458 2190 566 2221 liberari
578 2186 752 2219 demandetis
766 2184 895 2217 habenda
909 2186 938 2215 in
954 2185 1046 2216 forma
1059 2186 1211 2226 praedieta3
1227 2187 1301 2218 salvo

233 2233 297 2272 jure
313 2231 410 2270 cujuli
431 2238 467 2261 et.

78 1317 146 1349 Ann
165 1315 208 1346 D.

100 1356 185 1396 1383.

76 1399 130 1424 An.
146 1396 174 1423 6.

78 1438 107 1462 R.
130 1443 156 1460 2.

76 1472 181 1501 Ibidem.

77 1520 115 1539 m.
133 1520 162 1546 9.

87 2163 107 2183 ὓ
129 2163 196 2191 VII.

90 2202 152 2238 381.

274 2312 364 2345 Teste
380 2311 463 2351 Rege
479 2309 551 2349 apud
568 2306 843 2349 Wstmonallerium,
861 2315 942 2335 nono
957 2304 1002 2335 die
1018 2303 1126 2337 Martii.

242 2389 360 2448 REX
383 2388 495 2433 ducello
509 2388 543 2419 &
562 2385 648 2431 fideli·
661 2385 710 2416 suo
732 2383 840 2413 rhome
861 2383 892 2413 de
916 2381 1031 2422 clifford
1040 2382 1182 2414 Escaetori
1202 2383 1252 2415 suo
1274 2384 1303 2414 in

319 2429 411 2459 Terra
423 2428 510 2467 Regis
527 2425 693 2461 Hibem1ae‚
710 2422 844 2454 Salutem.

276 2467 358 2498 Cum
374 2466 520 2497 Dominus
533 2468 654 2495 Summus
667 2460 814 2501 Pontifex,
831 2459 892 2495 &c.

513 2598 561 2629 De
579 2593 766 2629 Liberatione
790 2597 903 2639 (Magni
924 2594 1035 2639 sigilli.

250 2688 553 2754 MEMORANDUM
573 2685 660 2726 quod,
679 2687 720 2715 die
744 2687 865 2722 Martis,
879 2683 1001 2722 proximo
1018 2684 1074 2723 post
1094 2685 1162 2714 diem
1185 2689 1310 2717 Domini-

95 2712 173 2780 Anng'
186 2710 229 2741 D'
342 2742 401 2760 cam
416 2733 445 2759 in
459 2726 576 2767 Paffione
593 2724 742 2765 (videlicet)
760 2735 788 2752 x.
805 2724 846 2752 die
860 2726 980 2765 Martii,
1000 2726 1086 2752 Anno
1098 2723 1239 2763 praefi‘nti,
1259 2731 1308 2756 Ve-

119 2759 152 2790 13
169 2759 192 2816 63
199 2773 204 2779 ’
247 2770 375 2801 nerabilis
396 2770 498 2804 Pater,
514 2765 658 2795 Robertus
671 2762 826 2801 Epilcopus
840 2761 1001 2791 Londonlae
1010 2784 1019 2798 ,
1032 2769 1113 2799 nuper
1126 2764 1308 2794 Cancellarius

96 2794 150 2819 ΑΠ’
189 2810 195 2816 “
248 2812 360 2839 Domini
376 2806 458 2846 nostri
471 2808 564 2842 Regis,
582 2801 732 2842 defiderans
746 2812 803 2830 cum
816 2811 914 2836 magna
928 2798 1059 2837 instantia
1074 2801 1105 2828 de
1119 2801 1212 2838 Officio
1235 2807 1308 2833 Can-

96 2833 130 2894 {l
150 2838 176 2855 2.
203 2865 220 2891 6
249 2847 349 2877 cellarii
364 2847 523 2881 exonerari,
543 2844 677 2879 Magnum
699 2839 819 2876 Sigillum
841 2839 907 2868 dieti
931 2841 1042 2868 Domini
1065 2837 1144 2877 nostri
1166 2842 1261 2879 Regis,
1279 2846 1308 2871 in

98 2866 185 2933 Raus'
225 2885 230 2891 '
249 2887 368 2926 quadam
390 2883 487 2922 Baga,
512 2880 602 2919 Sigillo
620 2877 695 2918 ipfius
717 2879 837 2917 Episcopi
856 2875 993 2914 Signata,
1014 2876 1157 2916 inclusum,
1180 2881 1309 2916 praedi5l0

124 2927 130 2932 “
140 2911 198 2941 ²'p'
208 2913 233 2971 ‘²1
251 2928 366 2956 Domino
377 2922 462 2962 nostro
476 2923 558 2958 Regi,
577 2919 650 2957 apud
661 2915 921 2957 Wstmonaslerium
930 2938 939 2953 ,
956 2918 984 2944 in
996 2914 1113 2952 quadam
1128 2917 1241 2946 camera
1259 2930 1310 2947 vo-

99 2953 137 2972 m'
158 2952 200 2970 η’
227 2963 234 2972 ‘
249 2963 314 2993 tatii
329 2962 358 2992 la
373 2959 569 2992 Redechamber
602 2954 680 2997 infra
688 2959 834 2994 privatum
848 2954 1095 3022 PalatiumCluum‚
1108 2957 1137 2983 in
1150 2955 1311 2995 Praesontia,

249 2999 413 3033 Venerabilis
433 3001 528 3029 Patris
542 3020 551 3035 ,
575 2980 729 3026 willielmi
752 2992 963 3030 Archiepiscopi
1012 2993 1185 3023 antuarienfis
1229 3000 1312 3024 totius

252 3039 366 3077 Angliae
383 3040 533 3074 Primatis,
551 3034 590 3070 ό
604 3033 717 3064 aliorum
733 3031 914 3062 Praelatorum
931 3030 968 3066 &⁴
988 3034 1170 3070 Magnarum,
1178 3016 1234 3072 sibi
1248 3041 1310 3064 tunc

250 3080 348 3111 ibidem
361 3075 552 3117 affistentium‚
567 3072 717 3102 liberavit:

289 3118 415 3157 Idemque
429 3117 559 3144 Dominus
575 3114 634 3141 Rex
647 3110 718 3141 illud
730 3108 863 3139 Manibus
873 3107 930 3147 ficis
939 3111 1054 3148 propriis
1067 3115 1197 3147 receperat
1211 3109 1246 3138 ab
1269 3121 1310 3140 eo-

251 3157 329 3194 dem,
346 3166 377 3185 ac
392 3153 537 3193 praedibius
554 3153 613 3180 Rex
633 3149 753 3188 Sigillum
770 3148 945 3186 pradictum,
961 3151 990 3176 in
1013 3150 1093 3185 Baga
1102 3147 1252 3186 praedilia,
1270 3152 1312 3177 Si-

245 3195 311 3233 gillo
325 3193 451 3233 praedic'li
473 3188 734 3257 Ερψορὲῐῇζηαῐα,
752 3184 898 3225 inclusum,
921 3189 949 3215 in
966 3188 1112 3224 praeJentia
1132 3185 1312 3215 Praelatoriim

251 3233 291 3268 ώ-
311 3235 477 3270 Magnarum
491 3230 577 3267 praedi
606 3237 698 3265 orum,
713 3225 831 3255 tradidit
848 3224 973 3262 johanni
992 3224 1027 3255 de
1046 3224 1192 3255 Waltham
1207 3223 1312 3264 custodi

251 3271 408 3302 Rutulorum
421 3267 597 3299 Cancellariae
611 3270 621 3295 i
637 3265 688 3304 sius
700 3267 812 3293 Domini
822 3265 916 3302 Regis,
933 3262 1064 3303 quousque
1075 3263 1107 3293 de
1127 3262 1182 3293 alio
1202 3262 1313 3292 Cancel-

250 3311 320 3342 lario
327 3309 420 3351 fuerit
433 3305 565 3345 Provisus
576 3316 606 3335 cu
631 3303 770 3334 odiendum
778 3313 787 3331 .-

291 3352 338 3378 Αε
352 3346 513 3388 postmodum
533 3346 575 3374 die
596 3345 718 3379 Veneris,
736 3349 800 3370 tunc
813 3339 936 3379 proximo
954 3338 1101 3381 fi‘quente,
1117 3340 1186 3370 idem
1204 3339 1313 3378 Johan-

253 3397 320 3424 nes,
334 3392 471 3425 praetextu
485 3381 663 3424 quarumdam
677 3384 838 3411 Literarum
853 3380 920 3408 dicii·
936 3382 1047 3409 Domini
1062 3382 1156 3416 Regis,
1173 3380 1205 3408 de
1221 3382 1312 3415 Signe-

253 3433 282 3456 to
291 3425 344 3465 fibi
358 3425 536 3460 direliarum,
553 3425 582 3451 in
596 3420 702 3450 Filaciis
714 3416 888 3448 Cancellariae
903 3415 1018 3456 ejusilem
1036 3421 1130 3456 Regis,
1148 3421 1221 3446 inter
1243 3419 1313 3446 Bre-

253 3468 306 3495 via
325 3466 419 3501 Regis‚
437 3461 605 3501 residentium
626 3461 753 3499 (quarum
773 3459 857 3486 etiam
876 3459 961 3484 Tenor
975 3455 1091 3495 praesbns
1105 3457 1312 3486 Memorandum

248 3501 419 3543 ficbsequitur
437 3505 464 3530 in
484 3498 631 3537 Scriptura)
656 3500 764 3534 Bagam
780 3494 956 3533 praedift'am,
975 3498 1003 3523 in
1016 3493 1162 3534 praefi’ntia
1177 3495 1313 3532 Hugonis

254 3542 291 3572 de
310 3542 435 3577 Segrave
453 3537 626 3575 Thefizurarii
648 3534 778 3573 Angliae,
795 3533 931 3571 johannis
951 3532 986 3562 de
1002 3533 1161 3571 Montague
1174 3531 1314 3600 SeneYialli'

253 3579 388 3619 Hospitii,
407 3576 445 3612 ὠ·
467 3574 596 3615 Magistri
618 3574 741 3604 Walteri
763 3572 898 3602 Skirlawe
918 3570 1036 3609 Custodis
1049 3574 1164 3601 Privati
1177 3574 1230 3607 Sigi
1242 3570 1263 3601 li
1277 3576 1316 3610 ip-

250 3618 307 3658 fius
322 3619 433 3646 Domini
446 3618 539 3651 Regis,
555 3614 630 3652 apud
639 3609 896 3651 Wstmonaaerium
905 3631 914 3646 ,
931 3612 959 3638 in
975 3613 997 3638 C
997 3621 1089 3640 amera
1099 3609 1248 3648 praeliata,
1263 3614 1315 3639 cir-

259 3668 290 3684 ca
304 3656 398 3685 horam
406 3657 540 3692 primam,
557 3654 674 3689 aperiri,
692 3649 730 3684 &⁶
744 3650 846 3679 diest'um
861 3650 994 3684 Magnum
1009 3648 1130 3686 Sigillum
1141 3648 1314 3685 extrahaae'»

261 3697 368 3723 Brevia
374 3702 424 3732 pro
438 3690 569 3730 Expenfis
582 3689 708 3719 Militum
722 3685 760 3721 ὠ·
776 3685 948 3726 Burgenfium
962 3688 1046 3724 Regni
1058 3685 1170 3724 Angliae
1181 3708 1190 3724 ,
1203 3691 1316 3716 venien-

261 3735 329 3761 tium
348 3733 387 3761 ad
405 3729 637 3765 Parliamentum,
663 3733 775 3755 tantum
790 3724 924 3764 figillari5
943 3722 1000 3760 ὠ,
1022 3725 1156 3755 Brevibus
1174 3725 1314 3763 praediclis

253 3769 380 3807 figillatis
414 3767 534 3805 Sigillum
544 3766 701 3804 praedift'um
718 3768 747 3794 in
766 3766 873 3801 Bagam
889 3763 1049 3800 praedidiam
1070 3766 1184 3802 imponi,
1200 3762 1238 3797 &0
1256 3774 1315 3791 eam

253 3807 306 3845 Jub
320 3793 416 3843 Sigillis
430 3807 592 3841 eorumdem,
608 3803 798 3841 Thesaurarii‚
817 3800 972 3839 Seneffcalli,
989 3800 1026 3835 &
1042 3800 1195 3841 Custodibus
1203 3803 1317 3830 Privati

260 3845 359 3882 Sigilli,
376 3843 502 3882 figillari,
518 3842 555 3877 (ἔγ
565 3842 725 3880 praedic‘lum
740 3842 872 3876 Magnum
885 3838 1022 3878 Sigillum,
1037 3844 1066 3870 in
1087 3844 1167 3877 Baga
1181 3839 1315 3878 praedidta

254 3882 293 3922 fic
308 3881 448 3920 inclufiim,
465 3883 505 3911 ad
515 3884 632 3910 Domum
658 3889 721 3908 uam
726 3877 815 3917 secum
825 3876 924 3916 deferri
931 3876 1018 3915 fecit:

300 3921 340 3948 Et
360 3921 445 3948 eodem
464 3920 520 3954 die,
537 3923 607 3948 circa
651 3928 725 3946 oram
745 3915 929 3954 Vesperarum,
943 3915 1088 3952 Johannes
1107 3915 1144 3946 de
1167 3914 1316 3945 Waltham

254 3958 412 3996 praedic‘lum
427 3960 558 3993 Magnum
572 3955 709 3993 Sigillum,
725 3958 755 3984 in
767 3958 846 3990 Baga
857 3953 1006 3991 praedic‘la,
1023 3954 1077 3992 Jisb
1097 3953 1195 3990 Sigillis
1216 3963 1318 3982 eorum-

258 3997 333 4033 dem,
350 3994 520 4032 Thestiurarii
530 4018 539 4031 ,
558 3992 713 4032 Senefialli,
730 3991 769 4027 ὠ·
792 3990 907 4031 Custodis
931 3993 1045 4021 Privati
1059 3992 1163 4030 Sigilli,
1178 3991 1211 4028 sic
1230 3990 1317 4020 inclu-

252 4034 333 4075 sum,
352 4033 430 4073 usque
445 4031 716 4070 westmonasterium,
734 4030 954 4069 adpraefi’ntiam
966 4029 1030 4059 dicti
1045 4034 1154 4060 Domini
1167 4031 1258 4066 Regis,
1271 4029 1319 4068 se-

704 100 1500 162 CONVENTIONES,
1545 97 1939 154 LITERAE,

1311 201 1370 222 cum
1380 188 1526 259 ,jefmms
1542 189 1614 220 illud
1629 190 1714 221 eidem
1730 192 1847 221 Domino
1868 193 1951 229 Regi,
1965 193 1996 221 in
2011 189 2148 230 praedicia
2165 193 2282 222 camera
2287 213 2298 230 ,
2316 180 2380 223 libe-
2392 181 2467 223 Ann.
2478 182 2521 225 D.
2553 192 2561 226 'f

1318 240 1385 260 ravi
1406 240 1415 258 .·
2414 241 2427 261 1
2453 232 2469 263 8
2492 255 2500 264 .
2558 257 2560 264 ,

1357 267 1419 307 ‘Qui
1435 266 1540 308 quidem
1560 269 1693 297 Dominus
1714 269 1775 296 Rex
1828 266 1968 297 raediczum
1989 270 2122 305 Magnum
2136 267 2257 306 Sigillum
2293 273 2382 299 mani-
2396 239 2448 300 Ric3.
2465 240 2491 298 23.
2555 281 2560 286 ⁸

1318 306 1366 337 bus
1382 305 1442 351 suis
1454 308 1583 345 propriis,
1599 316 1617 335 a
1646 303 1753 351 ,raefato
1770 289 1809 348 so
1831 314 1904 335 anne
1917 304 2062 336 Waltham
2078 309 2218 345 recipiens,
2236 290 2305 337 illied
2318 308 2382 338 Mi—

1320 345 1412 377 chaell
1424 345 1460 375 de
1473 345 1498 375 la
1513 343 1584 374 Pole
1600 347 1623 374 C
1641 342 1732 374 svaler
1747 344 1832 382 (cujus
1845 346 2050 373 Sacramentum
2070 344 2102 373 de
2123 345 2216 383 Offi'cio
2239 346 2382 377 Camella-

1318 387 1355 415 rii
1370 383 1436 414 bem³
1447 382 1485 419 ὠ
1498 382 1616 424 fideliter
1621 381 1752 423 faciendo
1766 382 1836 412 idem
1850 384 1983 412 Dominus
1997 385 2057 412 Rex
2072 381 2170 413 ibidem
2188 387 2295 424 recepit)
2315 385 2382 416 libe-

1320 430 1401 490 rag}
1408 444 1456 491 {ulie
1473 459 1601 500 Crastina*
1617 460 1687 490 idem
1702 457 1828 490 Michael
1841 457 2021 489 Cancellarius
2034 461 2064 488 in
2077 462 2185 497 Magna
2198 462 2279 493 Aula
2296 462 2384 503 Wil-

1321 498 1517 540 monasterienfi
1531 523 1542 537 ‚
1563 502 1594 530 in
1611 498 1665 529 loco
1683 498 1856 529 Cancellariae
1871 521 1881 537 ‚
1909 501 1976 528 circa
1995 500 2102 528 Horam
2113 501 2246 539 primam,
2274 505 2384 540 Bagam

1315 539 1479 577 pradic‘lam
1497 540 1612 576 aperiri,
1629 535 1669 572 ό
1681 537 1803 574 Sigillum
1816 537 1977 576 praedit‘ium
1992 535 2121 574 extrahi,
2138 535 2177 570 ὀ·
2189 539 2299 579 diversit
2314 545 2384 571 car-

1321 583 1385 615 τας,
1409 579 1523 607 Literas
1541 578 1689 615 Potentes,
1715 575 1753 612 ᾤ’
1772 579 1880 606 Brevia
1953 583 2001 606 out
2019 579 2098 605 moris
2115 574 2169 614 est,
2194 579 2224 605 in
2236 578 2384 618 praesentia

1321 614 1480 645 clericorum
1497 613 1673 645 cancellarie
1686 614 1825 652 praedidlae
1840 637 1850 652 ,
1868 598 1920 655 sigi
1932 614 1987 644 lari
2000 638 2010 653 ‚
2037 613 2076 649 ὠ,
2092 612 2212 651 Sigillum
2237 615 2308 646 illud
2350 622 2381 649 in

1321 654 1406 723 ‘lisiagii
1414 653 1549 732 Ρῗεᾶζὸἶᾶ
1557 676 1569 693 ,
1581 652 1672 691 sigillo
1676 652 1728 693 Juo
1733 652 1848 693 fignatd
1856 676 1866 690 ,
1878 651 2023 693 incluficm,
2028 653 2118 692 fi’cum
2129 653 2170 683 ad
2179 655 2297 684 Domum
2306 640 2384 694 fitam

1341 705 1354 722 e
1369 703 1423 723 erri
1454 703 1490 723 eci
1506 715 1513 722 .

1323 827 1432 860 Litora
1446 826 1483 860 de
1499 829 1616 873 Stgneto
1635 828 1761 860 Domini
1777 827 1865 872 Regis
1875 850 1883 863 ‚
1895 823 2010 858 diresin
2019 823 2159 872 Johanni
2177 824 2215 859 de
2223 824 2387 861 Waltham

1530 873 1648 919 Custodi
1666 874 1844 908 Rotulorum
1865 874 2052 907 Cancellariae
2068 876 2166 921 Regis.

1728 973 1775 1006 De
1791 982 1851 1019 par
1866 971 1892 1005 le
1914 974 1986 1021 Ray.

1393 1060 1513 1131 ΗῙΞΙξξε
1526 1069 1852 1138 ξζυέῐῐῃξτῖἒοῖἔέιὶε,
1867 1098 1926 1143 tost
1943 1108 2022 1137 apres
2040 1099 2066 1129 la
2083 1101 2166 1131 vewe
2182 1098 2220 1130 de
2238 1099 2390 1139 cestes,'en

1326 1137 1459 1174 presence
1480 1139 1517 1169 de
1535 1147 1596 1184 noa.
1611 1139 1762 1183 trescheres
1779 1140 1812 1170 ὃς
1832 1138 1942 1183 smalx,
1966 1146 2027 1168 noz
2045 1137 2192 1169 Tresoriet
2205 1161 2216 1178 ,
2239 1138 2390 1171 Seneschal

1326 1176 1362 1206 de
1378 1177 1474 1208 nostre
1494 1176 1589 1208 Privie
1607 1177 1759 1215 Houstiel,
1781 1179 1814 1209 ὃς
1833 1176 1961 1208 Gardein
1978 1175 2016 1206 de
2033 1175 2128 1207 nostre
2145 1176 2229 1208 Prive
2245 1177 2323 1217 Sml,
2348 1178 2391 1210 fa-

1326 1224 1381 1245 cez
1398 1225 1501 1246 overer
1518 1216 1615 1247 nostre
1633 1216 1734 1247 Grand
1750 1215 1829 1254 Seal,
1844 1225 1897 1254 pur
1915 1214 2052 1245 Ensealler
2070 1214 2110 1246 les
2128 1214 2232 1254 Briefs,
2249 1224 2302 1253 pur
2317 1216 2389 1248 deli-

1327 1263 1407 1284 verer
1424 1255 1442 1274 ³*
1461 1255 1500 1285 les
1516 1254 1665 1286 Chivalers
1683 1255 1719 1285 de
1737 1254 1898 1293 Countees,
1916 1253 2030 1291 Citeee,
2048 1253 2081 1284 ὃ(
2098 1252 2226 1292 Burghs‚
2243 1255 2330 1285 &les
2341 1265 2390 1287 au·
2405 1246 2500 1274 *VH-

1327 1301 1399 1330 tres,
1419 1294 1468 1332 qui
1484 1294 1547 1324 sont
1562 1303 1659 1324 venuz
1677 1304 1730 1332 pur
1746 1294 1772 1324 le
1792 1293 1840 1337 fait
1858 1292 1893 1323 de
1909 1292 1934 1322 le
1952 1291 2128 1330 Parlement3
2147 1292 2181 1323 &
2199 1301 2272 1332 que,
2288 1294 2393 1325 tantost
2408 1284 2470 1322 38²·

1327 1340 1405 1400 aprles
1426 1342 1476 1400 ee,
1501 1343 1574 1400 vlous
1588 1331 1668 1363 facez
1686 1332 1783 1363 nostre
1800 1332 1842 1362 dit
1861 1330 1963 1375 Grand
1982 1330 2044 1361 Seal
2060 1330 2133 1361 estre
2149 1330 2243 1361 closez
2259 1355 2268 1370 ,
2291 1333 2325 1363 &
2344 1343 2395 1380 en-⁴

1329 1379 1427 1439 ξὲἇξε
1441 1371 1786 1441 gusseessgeassixtmgediit-ohrs
1801 1371 1964 1408 Tresoner,
1982 1369 2138 1408 Senescall,
2156 1370 2191 1401 &
2207 1368 2336 1402 Gardem
2355 1371 2392 1403 de

1333 1517 1337 1522 Ι
1367 1477 1469 1508 Donn.
1498 1477 1567 1509 souz
1592 1477 1689 1510 nostre
1711 1478 1810 1519 Signet
1835 1489 1851 1509 a
1870 1477 1967 1509 nostre
1985 1480 2101 1509 Manoir
2119 1478 2151 1508 de
2169 1473 2287 1508 Eltham
2303 1478 2331 1510 le
2347 1480 2393 1511 xii.

1326 1526 1393 1554 Jour
1410 1516 1447 1547 de
1466 1516 1580 1549 Marcz.

1368 1650 1416 1683 De
1433 1651 1522 1698 Lsgis
1537 1653 1573 1690 ὠ*
1593 1650 1899 1733 Confoederatioanm
1915 1661 1983 1684 cum
2004 1653 2080 1699 Rege
2095 1652 2299 1686 Romanorum
2319 1654 2357 1691 ρξ’

1789 1703 1830 1734 Bo
1852 1704 1942 1734 cmiae.

1337 1788 1418 1845 RE
1426 1789 1462 1838 Xx
1472 1789 1514 1859 J
1522 1801 1543 1821 o
1553 1799 1576 1821 τ
1585 1799 1607 1821 υ
1618 1798 1645 1821 Μ
1667 1800 1686 1822 1-
1695 1800 1714 1822 A
1723 1800 1740 1821 c
1749 1799 1761 1821 1
1770 1798 1826 1821 Μυ
1837 1799 1849 1821 s
1858 1812 1868 1828 ,
1887 1788 2006 1820 Tenorc
2026 1787 2228 1829 Praesentium,
2246 1789 2398 1823 Univerfis
2411 1788 2487 1823 Ann.
2501 1788 2545 1824 D.

1410 1839 1470 1866 quo
1499 1853 1508 1867 ,
2432 1832 2486 1862 1⁸8
2510 1853 2517 1860 .

1338 1901 1362 1932 st
1376 1867 1427 1911 Ob
1446 1868 1544 1898 finceri
1563 1868 1678 1900 Amoris
1697 1867 1893 1899 Dulcedinem
1908 1889 1918 1906 ‚
1947 1867 1981 1899 &
1999 1867 2108 1898 intimae
2125 1866 2297 1898 Dileffionis
2313 1867 2399 1900 Con-
2411 1852 2465 1900 An?
2481 1840 2511 1898 63.

1363 1915 1482 1943 annam,
2411 1915 2441 1938 R.
2465 1919 2491 1936 2.

1377 1945 1454 1984 Qlae
1473 1946 1560 1984 inter,
1587 1945 1801 1977 Sereniffimum
1819 1945 1985 1983 Principem
2000 1966 2011 1983 ,
2035 1942 2200 1976 Dominum
2221 1945 2401 1985 Wnceflaum
2412 1953 2499 1976 Franc.
2518 1948 2547 1975 6.‘

1339 1985 1436 2021 Regem
1452 1987 1632 2015 Romanorum
1646 1988 1755 2023 semper
1773 1984 1935 2023 Augustum
1954 1984 1987 2014 &
2013 1982 2127 2021 Regem
2153 1984 2280 2014 Boemiae
2292 2007 2302 2022 ,
2333 1985 2400 2015 Fra-
2413 1992 2443 2015 R.
2464 1997 2491 2015 2.
2508 1994 2547 2020 m„

1341 2031 1413 2053 trem
1439 2024 1569 2055 nostrum
1593 2023 1790 2062 cariffimum,
1821 2025 1856 2055 &
1880 2022 1949 2053 Nos
1975 2024 2070 2059 Regem
2088 2021 2204 2060 Angliae
2223 2021 2261 2057 (ἂι
2277 2026 2400 2053 Francia
2419 2035 2460 2053 ιι.

1341 2061 1510 2105 praedictujn
1528 2087 1539 2101 ,
1563 2064 1652 2102 longis
1670 2063 1812 2093 retroaetis
1826 2061 2019 2099 temporibus,
2043 2070 2076 2091 ac
2095 2063 2178 2092 etiam
2197 2070 2231 2091 ex
2252 2071 2327 2091 nova
2346 2063 2404 2100 pri-

1341 2101 1408 2144 dem
1428 2101 1574 2132 Affinitatc
1591 2101 1740 2133 contraCia
1753 2125 1762 2139 ,
1787 2101 1905 2132 dulciter
1923 2100 1957 2130 &
1972 2099 2079 2130 sincere
2094 2107 2202 2130 mutuae
2216 2101 2336 2131 caritatis
2354 2100 2405 2132 Vi-

1341 2139 1512 2178 ciffitudine,
1531 2143 1624 2180 vigere
1640 2151 1673 2171 ac
1691 2141 1775 2171 etiam
1794 2140 1913 2177 viguiss'e
1932 2139 2103 2177 noscuntur,

1378 2178 1427 2222 'Ad
1442 2178 1598 2210 Honorem
1614 2179 1687 2217 Dei,
1706 2189 1822 2210 necnon
1837 2178 2025 2217 Regnorum,
2043 2176 2257 2217 Principatuum
2268 2200 2277 2216 ,
2289 2178 2322 2208 &
2335 2177 2405 2209 D0-‘

1342 2226 1500 2259 mimorum
1526 2218 1692 2249 nostrorum
1715 2227 1902 2255 utrorumque
1916 2240 1925 2252 ,
1950 2226 1982 2246 ac
2009 2217 2092 2246 etiarn
2111 2215 2301 2246 Subditorum
2320 2217 2404 2247 nobis

1342 2255 1481 2325 {dfiimfn
1494 2256 1754 2303 Consolationem,
1770 2256 1891 2293 Pacem,
1905 2254 2168 2293 Tranquillitatem,
2187 2254 2405 2293 Commodum,

1366 2303 1376 2308 ·
1420 2305 1452 2325 ro
1466 2305 1578 2333 ectum,

1381 2332 1416 2377 N
1419 2344 1457 2364 on
1478 2345 1526 2372 per
1546 2334 1681 2365 Errorem
1698 2342 1745 2364 aut
1763 2333 1924 2371 improvide
1938 2356 1948 2370 ,
1973 2331 2018 2364 sed
2035 2332 2102 2363 sano
2119 2330 2287 2370 Principum
2305 2332 2339 2362 &
2359 2331 2407 2361 Fi-

1343 2371 1450 2402 delium
1470 2373 1635 2404 nostrorum
1655 2373 1806 2403 accedente
1825 2371 1972 2409 Consilio,

1367 2410 1441 2455 ‘Pro
1458 2411 1573 2452 Nobis,
1588 2412 1761 2443 Haeredibus
1770 2434 1780 2450 ,
1792 2411 1825 2442 ὅ(
1837 2410 2050 2441 Successoribus
2063 2408 2182 2448 nostris,
2200 2419 2314 2440 necnon
2327 2407 2409 2448 Reg-

1343 2459 1384 2479 nis
1397 2474 1406 2487 ,
1437 2450 1534 2482 Terris
1548 2474 1558 2490 ,
1582 2453 1614 2483 ὃ(
1634 2450 1780 2481 Dominiis
1798 2449 1897 2480 nostris
1916 2449 2141 2487 quibuscumque
2155 2470 2165 2487 ,
2190 2458 2260 2479 cum
2278 2447 2382 2479 eodem
2396 2469 2408 2486 ‚

1344 2487 1441 2531 Fratre
1457 2489 1556 2520 nostro
1574 2490 1734 2528 cariffimo,
1755 2489 1960 2520 Romanorum
1979 2488 2012 2518 &
2032 2487 2158 2518 Boemiae
2177 2486 2277 2525 Rege,
2304 2485 2411 2517 Haere—

1343 2526 1442 2570 dibus,
1460 2529 1494 2559 δε
1508 2528 1720 2559 Succefforibus
1739 2527 1807 2564 suis,
1826 2536 1940 2557 necnon
1956 2526 2084 2564 Regnis,
2104 2525 2268 2564 Dominiis,
2280 2525 2313 2556 &
2327 2524 2410 2554 Prin-

1344 2567 1482 2602 cipatibus
1500 2567 1686 2605 eorumdem,
1704 2566 1835 2605 quasdam
1856 2565 1958 2602 Ligas,
1974 2563 2248 2595 Confoederationes
2259 2586 2270 2602 ,
2289 2563 2345 2594 sive
2359 2562 2413 2593 Pa-

1344 2603 1390 2634 &a
1408 2605 1538 2635 duximus
1557 2605 1668 2636 inienda

1382 2641 1582 2674 Promittentes
1600 2628 1803 2680 Praesentibus,
1827 2641 1863 2673 de
1882 2649 1956 2672 certa
1973 2639 2068 2671 nostra
2084 2640 2214 2678 scientia,
2238 2639 2357 2670 firmiter
2375 2641 2410 2673 &

1344 2679 1522 2722 Spondentes
1535 2706 1544 2721 ,
1569 2683 1595 2712 in
1615 2681 1715 2712 Verbo
1730 2683 1763 2713 &
1784 2680 1939 2719 Legalitate
1958 2679 2059 2717 Regiis
2075 2703 2083 2714 ,
2111 2689 2144 2709 ac
2162 2680 2247 2710 etiam
2266 2680 2295 2708 in
2308 2679 2414 2709 virtute

1347 2723 1427 2756 super
1448 2731 1483 2750 eo
1503 2721 1615 2758 praestiti
1635 2721 1824 2758 Sacramenti,
1842 2719 1923 2757 quod
1938 2728 2050 2749 exnunc
2066 2718 2100 2749 &
2118 2719 2147 2747 in
2161 2726 2260 2756 antea,
2279 2718 2415 2755 tempori-

1346 2759 1397 2803 bus
1417 2761 1557 2797 perpetuis
1576 2759 1719 2797 affiituris,
1745 2759 1874 2796 VERI,
1899 2757 2117 2795 LEGALES,
2142 2766 2175 2787 ac
2193 2755 2413 2787 PERFEch

1348 2796 1366 2826 l-
1383 2806 1552 2829 RATRES
1572 2806 1731 2829 ERIMUS
1750 2806 1802 2828 ET
1819 2796 1967 2834 AMlcr,

1384 2836 1535 2883 Quodque
1551 2837 1640 2868 nostri
1656 2837 1755 2867 Fratris
1770 2835 1891 2874 ejusdem
1905 2834 2081 2873 Honorem,
2094 2832 2412 2872 Statum,Profe6tum‚

1347 2875 1380 2905 δε
1401 2875 1604 2906 Commodum
1625 2875 1840 2913 procurabimus
1857 2874 1991 2904 omnibus
2010 2871 2090 2911 Viis,
2106 2871 2223 2909 Modis,
2242 2870 2412 2908 Adjutoriis‚

1348 2914 1380 2944 ὃς
1398 2913 1523 2951 ingeniis
1542 2914 1722 2945 possibilibus
1736 2936 1745 2952 ,
1771 2914 1804 2944 &
1822 2913 1925 2950 quibus
1943 2911 2042 2942 melius
2057 2910 2222 2942 sciverimus
2237 2918 2285 2939 aut
2307 2910 2414 2946 poteri-

1349 2961 1412 2982 mus
1427 2975 1437 2989 ,
1464 2953 1530 2983 licut
1551 2953 1649 2984 Nobis
1666 2960 1828 2990 optaremus
1845 2951 1873 2980 in
1892 2949 1956 2981 casu
1982 2948 2065 2979 fimili
2090 2948 2232 2987 procurari
2249 2969 2260 2986 ,
2284 2945 2355 2977 dolo
2379 2948 2413 2979 ὃς

1347 2989 1444 3020 fraude
1458 2991 1625 3021 celsantibus
1643 2990 1888 3029 quibuscumque,

1387 3028 1533 3060 Universa
1551 3039 1667 3067 quoque
1685 3028 1836 3066 Dampna,
1874 3036 1917 3057 uae
1935 3025 2014 3056 dieto
2033 3025 2121 3055 Fratri
2139 3023 2258 3063 nostro,
2282 3022 2415 3054 Haeredi-

1350 3068 1418 3105 bus,
1434 3069 1468 3099 &
1486 3067 1699 3098 Successoribus
1717 3066 1787 3104 suis,
1812 3066 1841 3095 in
1884 3064 2003 3102 erfonis,
2027 3063 2169 3102 Honore,
2196 3062 2241 3093 vel
2259 3061 2359 3093 Rebus
2377 3064 2415 3092 ir-

1351 3107 1441 3144 rogari
1464 3105 1577 3145 possent
1600 3106 1645 3136 seu
1670 3103 1890 3143 quomodolibet
1913 3103 2028 3133 evenire
2054 3102 2144 3139 (cum
2170 3101 2205 3131 ad
2223 3100 2351 3131 nostram
2367 3102 2413 3131 vel

1351 3143 1510 3174 Haeredum
1537 3143 1701 3174 nostrorum
1728 3143 1909 3181 pervenerint
1927 3140 2092 3177 Notitiam)
2113 3148 2177 3171 toto
2196 3138 2282 3171 Poffe
2299 3140 2333 3172 &
2351 3139 2415 3171 Co-

1351 3184 1465 3212 namine
1482 3181 1583 3212 nostris
1599 3183 1786 3221 impediemus
1804 3181 1838 3212 &
1855 3188 2014 3211 avertemus
2033 3178 2169 3217 fideliter,

1394 3219 1488 3257 Ipsum
1515 3230 1631 3259 quoque
1654 3222 1781 3252 Fratrem
1808 3219 1939 3249 nostrum
1954 3243 1964 3258 ,
1989 3217 2152 3255 Haeredes,
2177 3217 2212 3249 ὅτ,
2234 3214 2414 3248 Successor-es

1351 3257 1430 3296 suos,
1454 3259 1489 3289 ad
1509 3259 1690 3290 refistendum
1711 3269 1811 3290 eorum
1831 3257 1974 3295 Inimicis,
2001 3256 2187 3294 Adversariis,
2211 3255 2259 3286 vel
2274 3254 2416 3286 Hostibus

1352 3297 1502 3335 universis,
1514 3296 1660 3337 Regibus,
1679 3298 1878 3336 Principibus,
1896 3295 2046 3334 Ducibus,
2060 3296 2093 3327 &
2109 3295 2165 3325 aliis
2180 3293 2415 3332 quibuscumque,

1351 3335 1408 3379 sive
1425 3336 1628 3368 Ecclefiasticis
1647 3338 1693 3368 seu
1711 3336 1907 3374 Secularibus,
1922 3334 2125 3374 cujuscumque
2142 3332 2236 3364 Status
2261 3331 2416 3362 Conditio-

1351 3384 1394 3404 n1s
1415 3375 1531 3406 existant
1550 3376 1596 3407 vel
1615 3376 1767 3416 Dignitatis
1814 3383 1973 3411 eorumque
1988 3372 2173 3403 Haerent-ibus
2189 3394 2199 3410 ,
2226 3356 2415 3408 Valitoribus,

1352 3414 1386 3444 &
1404 3414 1571 3444 Fautoribus
1581 3440 1590 3453 ,
1609 3417 1657 3453 qui
1675 3415 1764 3452 aliqua
1778 3400 1935 3450 ’Dampna‚
1946 3411 2091 3450 Jaeturas,
2108 3409 2154 3441 vel
2167 3409 2328 3440 Inimicitias
2343 3418 2415 3439 con-

1352 3460 1394 3482 tra
1412 3452 1501 3491 ipsum
1521 3453 1646 3484 Fratrem
1665 3454 1815 3490 nostrum,
1838 3449 1976 3481 Haeredes
1990 3474 2000 3488 ‚
2026 3451 2060 3481 &
2079 3448 2260 3480 Succeffores
2276 3447 2339 3478 suos
2351 3469 2362 3485 ,
2384 3447 2415 3476 in

1352 3500 1452 3521 eorum
1471 3492 1517 3521 vel
1536 3493 1696 3530 aliquorum
1715 3492 1831 3522 suorum
1850 3487 1966 3527 Status,
1992 3488 2122 3519 Honoris
2134 3511 2144 3525 .,
2169 3487 2217 3518 vel
2231 3485 2415 3517 Conditionis

1351 3528 1552 3568 Praejudicium
1566 3555 1576 3568 ,
1605 3531 1774 3560 molirentur
1798 3528 1950 3566 aliqualiter
1967 3527 2013 3558 seu
2031 3522 2253 3565 quomodolibet
2269 3530 2415 3566 attempta-

1353 3577 1433 3605 rent,
1457 3569 1518 3599 tota
1537 3568 1633 3599 nostra
1651 3567 1785 3598 Potentia
1800 3567 1962 3604 juvabimus
1981 3565 2098 3596 fideliter
2116 3564 2248 3601 Auxilio,
2268 3561 2415 3605 Consilio,

1354 3607 1388 3637 &
1408 3607 1530 3644 Pavore,
1548 3605 1711 3644 caeterisque
1731 3605 1823 3636 modis
1845 3605 1946 3643 quibus
1967 3605 2067 3634 melius
2087 3604 2122 3635 δε
2139 3602 2280 3634 efficacius
2298 3599 2419 3630 sciemus

1353 3646 1386 3676 &
1399 3647 1572 3683 poterimus,
1589 3645 1659 3675 dolo
1675 3646 1709 3676 ὃς
1722 3644 1829 3675 Fraude
1844 3643 2016 3681 quibussibet
2028 3641 2129 3680 procul
2142 3640 2244 3677 motis,
2345 3676 2351 3681 ¹

1392 3683 1528 3714 Proeterea
1542 3685 1751 3720 promittimus,
1769 3683 1818 3713 sub
1830 3682 2000 3719 juramento
2022 3679 2182 3718 praemiflo,
2200 3674 2282 3715 quod
2303 3685 2416 3706 univer-

1353 3721 1386 3752 ᾖε
1401 3723 1434 3753 &
1447 3722 1558 3761 singulis
1573 3722 1721 3759 Regibus,
1739 3721 1933 3758 Principibus,
1950 3720 2098 3755 Ducibus,
2115 3727 2148 3747 ac
2160 3716 2217 3759 aliis
2232 3715 2367 3744 omnibus
2382 3715 2415 3745 &-

1355 3760 1487 3798 singuiis,
1503 3761 1562 3791 tam
1577 3760 1793 3797 Ecclesiasticis,
1813 3760 1898 3797 quam
1912 3757 2104 3793 Secularibus,
2119 3753 2320 3796 cujuscumque
2336 3751 2419 3782 Con-

1354 3799 1485 3836 ditionis,
1503 3798 1616 3836 Status,
1635 3799 1680 3829 vel
1696 3798 1849 3837 Dignitatis
1871 3797 1989 3833 fuerint,
2007 3804 2038 3825 ut
2059 3792 2222 3831 praefertur,
2243 3801 2291 3835 qul
2310 3791 2419 3829 praefati

1356 3837 1458 3868 Fratris
1471 3837 1577 3875 nostri,
1592 3836 1769 3874 Haeredum,
1785 3836 1830 3866 vel
1847 3834 2047 3866 Succefforum
2064 3831 2178 3860 suorum
2188 3853 2203 3872 ,Δ
2213 3829 2418 3873 Dispendiurn,

1352 3875 1519 3913 Jaffluam,
1536 3875 1583 3906 seu
1606 3875 1813 3906 Verecundiam
1832 3879 2015 3911 procurarent
2034 3868 2272 3906 quomodolibet,
2289 3878 2343 3906 pro
2364 3877 2417 3897 eis-

1356 3914 1424 3944 dem
1443 3923 1497 3943 nos
1519 3912 1703 3943 effeetualiter
1724 3921 1920 3951 opponemus,
1938 3910 1972 3939 &
1991 3907 2092 3937 realem
2116 3906 2314 3937 Resistentiam
2334 3906 2418 3935 facie-

1358 3962 1438 3989 mus,
1455 3951 1528 3982 adeo
1542 3950 1622 3988 quod
1635 3951 1771 3982 Inimicus
1784 3951 1829 3980 seu
1846 3949 1958 3979 Inimici
1980 3945 2050 3975 dicti
2069 3945 2171 3975 Fratris
2189 3945 2297 3982 nostri,
2315 3943 2418 3974 Haere-

1358 3990 1445 4026 dum,
1462 3998 1508 4020 aut
1521 3989 1721 4020 Succefforum
1736 3990 1849 4019 suorum
1864 3985 1958 4015 noster
1972 3984 2017 4013 seu
2033 3983 2122 4014 nostri
2137 3984 2250 4014 Inimici
2264 3981 2419 4013 censebun-

1359 4036 1419 4066 tur,
1437 4028 1472 4059 &
1484 4029 1535 4066 qui
1546 4027 1627 4059 dicto
1642 4028 1729 4059 Fratri
1742 4026 1859 4062 nostro,
1873 4023 1956 4063 ipsius
1971 4023 2015 4053 vel
2027 4022 2198 4054 Haeredibus
2210 4029 2256 4052 aut
2270 4019 2421 4087 Succelgo-

2346 4067 2370 4087 ri
2394 4066 2425 4087 us
