2561 4251
199 125 215 151 1
228 126 245 152 2
255 115 281 150 6

61 223 138 255 Ann.
155 223 196 254 D.

59 272 173 332 Κέω]
209 283 303 327 Super
322 283 522 328 Compzfflione
547 284 583 318 ej·
604 281 850 314 Conventiom'bns
871 294 939 314 cum
970 283 1046 328 Rege
1066 278 1210 324 Castellae,
1237 279 1274 312 de

61 420 114 444 An.
136 427 181 444 20.

62 460 90 482 F..
114 465 139 483 2.

62 499 137 523 Fiam.
151 503 196 525 20,

61 537 126 561 R.2.
140 542 176 560 m.

64 580 90 605 7.

65 902 162 930 *VIL

64 942 129 977 849.

70 2816 188 2848 AnnD

92 2865 176 2895 1397-

68 2899 121 2923 Λα,
140 2906 182 2924 20.

70 2938 97 2962 R.
121 2944 146 2961 ι.

68 2976 184 3000 Ρη.’.>.ο.

67 3014 98 3037 R.
111 3018 200 3046 ztp.1.

68 3057 106 3076 m.
127 3057 150 3075 1.

73 3379 148 3409 Ann.
165 3378 203 3409 D.

94 3427 177 3455 ¹397-

74 3460 127 3483 Aa.
145 3467 186 3483 20.

124 3504 133 3513 2

74 3536 132 3559 Pal.
151 3543 194 3558 20.

73 3590 157 3636 m.-6.

74 3758 94 3776 Ψ
116 3759 184 3785 VII.

77 3797 143 3832 850.

652 330 816 364 Conduclu.

212 412 340 468 REX,
359 411 505 444 Univerfis
526 414 560 445 &
581 413 690 453 singulis
712 415 887 453 Admirallis,
903 415 964 446 &c.
981 414 1040 445 tam
1060 413 1129 444 infra
1145 412 1271 444 Liberta-

285 460 338 487 tes,
359 453 445 489 quarn
460 463 551 491 ema,
571 452 604 483 ad
621 463 709 491 quos,
729 455 788 484 &c.
807 454 939 485 Salutem.

249 488 419 534 Supplicayit
434 493 532 530 nobis,
551 492 703 522 carissimus
719 492 834 524 Patruus
846 492 957 530 noster,
975 490 1119 530 Johanner
1139 493 1209 520 Dux
1224 492 1272 518 A·

212 531 344 565 quiramae
360 538 397 563 (ς’
413 531 600 569 Lancastriae,
619 539 665 568 ut,

248 565 329 609 Cum
344 568 384 597 ob
398 569 506 599 causum
523 568 663 606 cujusdam
677 569 903 606 Transafflonis,
923 569 956 600 &
967 566 1122 599 amicabilis
1136 565 1272 604 Compo-

212 603 317 634 fitronis
331 628 341 643 ,
367 607 439 636 inter
458 606 618 645 Jahavnem
639 607 760 644 Castellae
782 606 820 641 dy
842 610 970 644 Legionis
989 609 1084 643 Regem
1097 628 1107 643 ,
1125 607 1158 637 ὃ(
1180 605 1271 642 ipsum

211 641 329 673 Ducem
344 667 354 683 ,
372 656 403 673 ar
423 643 607 685 Constantiam
627 656 716 684 nuper
737 645 872 676 Uxorem
894 646 970 676 suam
987 668 996 683 ‚
1010 647 1069 683 jam
1088 644 1272 681 desunstam,

212 691 302 719 nuper
322 683 398 713 initae
420 685 452 713 &
473 684 607 723 firmatae,
624 684 703 715 Idem
724 684 787 714 Rex
809 684 939 715 Castellae
960 684 993 714 ὅ(
1019 683 1152 722 Legionis
1167 682 1272 713 eisdem

211 719 295 750 Duci
317 723 350 752 &
373 721 518 760 Ducis'sae,
537 724 570 754 &
591 733 692 754 eorum
712 723 808 761 alteri,
824 732 871 754 aut
891 723 948 753 aliis
966 723 1087 752 nomine
1101 721 1166 759 suo,
1183 729 1273 750 certas

211 758 342 789 Summas
357 762 389 791 &
405 761 583 799 Qantitates
597 762 772 792 Francorum
781 784 790 800 ,
808 761 839 792 in
852 763 936 792 certis
950 761 1048 792 Terris
1061 761 1094 791 &
1110 760 1198 790 Locis
1206 758 1274 789 Do-

211 799 302 827 minio
317 798 415 829 nostro
430 800 572 839 lubjeetis,
588 801 664 838 juxta
678 799 898 831 Conventiones
913 801 946 831 δε
967 799 1069 838 Pacta,
1088 799 1161 828 inter
1182 797 1273 836 ipsum

212 835 326 879 Regem
342 836 474 868 Castellae
485 840 517 870 ὃς
535 839 664 876 praefatos
684 839 802 869 Ducem
822 840 855 871 &
872 838 1024 870 Duciss‘am
1042 838 1151 872 habita,
1168 837 1198 866 in
1213 845 1274 867 cer-

211 884 245 904 ns
257 875 419 914 Terminis,
437 878 506 907 inter
521 887 608 915 pai-tes
622 877 689 916 ipsas
701 887 860 914 conventa,
879 878 898 897 ²*
918 888 968 916 per
982 877 1110 915 speciales
1132 875 1273 906 Procura-

210 921 285 944 tores
300 916 334 945 &
351 914 488 946 Nuncios
501 916 562 946 suos
577 926 740 954 numerare,
757 917 791 947 ὃ(
805 917 911 947 realiter
925 916 1032 946 solvere
1045 924 1190 952 teneatur,

251 952 380 983 Velimus
400 954 502 984 eisdem
527 954 760 985 procuratoribus
781 956 815 986 &
836 955 963 985 Nunciis
978 977 987 992 ,
1013 953 1274 990 Negotiorumque

212 990 401 1031 Gestoribus,
421 1003 468 1030 per
482 993 629 1030 praefatum
646 993 757 1032 Regem
768 1016 777 1031 ,
795 993 829 1023 ad
845 993 986 1022 Praemissa
999 993 1096 1022 omnia
1117 992 1150 1022 &
1170 991 1276 1030 singula

214 1032 393 1068 exequenda,
410 1032 557 1062 statuendis
568 1033 601 1064 ὃς
618 1033 776 1069 mittendis,
795 1033 850 1062 un11
864 1042 932 1062 cum
949 1031 1056 1061 Tribus
1072 1030 1275 1067 Navibus,seu

215 1068 272 1099 aliis
287 1070 490 1108 cujuscumque
507 1072 614 1109 generis
638 1070 784 1110 Navigiis,
803 1079 959 1108 eorumque
980 1069 1083 1099 Nautis
1097 1070 1129 1099 &
1148 1068 1276 1098 Marina—

215 1109 280 1146 1iis,
299 1109 420 1138 similiter
443 1118 476 1139 ex
499 1110 552 1140 hac
573 1109 650 1140 causa
673 1112 811 1148 venturis,
830 1109 937 1141 salvum
955 1109 988 1140 &
1011 1108 1139 1139 securum
1152 1106 1274 1138 Condu-

216 1146 298 1176 etum
312 1147 441 1177 nostrum
456 1148 615 1178 concedere
628 1150 750 1187 gratiose
759 1172 768 1185 ,

254 1184 323 1214 Nos
345 1186 562 1223 (supplicationi
581 1187 663 1225 ipsius
686 1187 778 1217 Ducis
795 1187 824 1216 in
845 1187 899 1217 hac
920 1195 1000 1224 parte
1014 1184 1204 1217 favorabiliter
1226 1194 1275 1214 an-

215 1227 343 1259 nuentes)
361 1225 543 1264 suscepimuS,
563 1227 595 1257 δε
619 1236 665 1264 per
689 1225 834 1264 praesentes
856 1225 1031 1264 suscipimus,
1051 1225 1122 1263 ipsos
1138 1224 1275 1254 Procura-

215 1270 305 1304 tores,
327 1263 481 1301 Nuncios,
501 1265 534 1294 &
552 1264 749 1304 Negotiorum
767 1263 920 1303 Gestores,
939 1265 1141 1303 cujuscumque
1149 1261 1277 1300 Gradus,

215 1300 326 1339 bratus,
345 1301 389 1332 seu
412 1302 638 1333 Praeemincntiae
656 1304 815 1341 extiterint,
835 1305 889 1334 una
910 1313 980 1333 cum
1003 1303 1193 1333 Familiaribus
1206 1301 1275 1339 suis,

216 1340 302 1377 usque
316 1342 355 1369 ad
364 1343 514 1370 Numerum
527 1345 677 1379 Sexaginta
695 1342 887 1380 Persomrum,
907 1351 1005 1379 praeter
1026 1340 1135 1371 Nautas
1157 1341 1190 1371 &
1209 1339 1276 1370 Ma-

216 1379 346 1417 rinarios,
366 1381 399 1410 ad
417 1381 520 1410 Terras
534 1383 567 1412 &
586 1382 663 1411 hoca
684 1381 833 1419 praedieta,
854 1391 902 1418 per
925 1380 1044 1418 Regna,
1064 1379 1222 1417 Dominia,
1242 1379 1275 1409 &

214 1415 389 1448 Potest-atem
407 1420 518 1456 nostra,
537 1421 570 1451 &
585 1419 769 1450 Subditorum
785 1418 968 1455 nostrorum,
984 1419 1040 1449 una
1059 1428 1128 1449 cum
1143 1416 1276 1449 Navibus

215 1455 272 1486 sive
289 1456 420 1496 Navigiis
434 1459 588 1497 praedictis,
608 1467 766 1496 eorumque
782 1458 888 1489 Nautis
909 1459 942 1489 &
965 1458 1140 1496 Marinariis,
1159 1457 1276 1488 venien-

215 1494 271 1533 do,
290 1496 396 1526 ibidem
412 1497 569 1535 morando,
588 1497 746 1527 Soluriones
759 1496 817 1526 suas
833 1495 996 1535 praedizstas,
1012 1497 1090 1534 quta
1102 1495 1187 1526 Pacta
1200 1497 1276 1532 inita,

215 1533 308 1602 eirciiem
321 1534 419 1603 (Puci,
438 1536 482 1566 seu
497 1537 552 1566 aliis
566 1537 622 1575 ejus
638 1537 755 1566 nomine
770 1535 919 1574 faciendo,
938 1536 972 1566 δε
988 1535 1088 1565 exinde
1107 1534 1142 1566 ad
1165 1535 1277 1573 propria

214 1582 244 1602 rc
265 1582 318 1603 eun
339 1584 358 1604 o

255 1611 288 1642 N
292 1597 384 1643 ecnoii
408 1612 484 1643 Bona
499 1637 508 1652 ,
528 1613 588 1643 Res
603 1637 612 1651 ,
631 1612 767 1643 Hernesia
783 1636 792 1651 ,
810 1612 925 1651 Equos,
944 1613 977 1645 &
997 1613 1047 1642 alia
1069 1611 1208 1642 Animalia
1233 1609 1278 1641 sua

217 1660 425 1690 quecumque,
442 1654 527 1683 etiam
543 1653 562 1682 ii
574 1654 602 1682 in
620 1651 743 1682 Moneta
759 1653 960 1689 cujuscumque
980 1651 1073 1681 Cunei
1084 1674 1093 1688 ,
1111 1650 1156 1680 seu
1179 1651 1207 1679 in
1224 1649 1279 1688 Jo-

216 1689 322 1719 calibus
342 1690 536 1727 consistentia,
556 1691 585 1720 in
608 1690 711 1720 salvum
735 1690 911 1720 &securum
927 1689 1115 1719 Condufflmm
1131 1688 1278 1726 nostrum,

215 1737 249 1758 ac
266 1728 498 1768 Proteciionem,
515 1730 702 1766 Tuitionem,
721 1728 944 1767 Defenfionem,
965 1729 998 1760 ὃς
1018 1728 1119 1759 salvam
1140 1727 1277 1759 Gardiam

215 1766 323 1798 nostras
337 1767 465 1804 speciales
473 1791 482 1805 ,

252 1805 291 1837 Et
310 1806 375 1836 ideo
403 1807 485 1837 vobis
498 1830 507 1846 ,
536 1807 570 1838 &
591 1806 707 1837 cuilibet
730 1806 860 1837 vestrum
873 1831 883 1844 ,
910 1805 1034 1837 distrisste
1057 1805 1250 1844 praecipiendo
1269 1828 1280 1844 ,

216 1843 389 1875 Mandamus
411 1845 490 1883 quud
512 1845 614 1875 eisdem
636 1846 784 1886 Nunciis,
802 1846 847 1877 seu
870 1844 1070 1885 Negotiorum
1091 1844 1280 1883 Gestoribus,

217 1883 262 1914 vel
277 1883 468 1914 familiaribus
481 1883 668 1921 eorumdem,
688 1883 773 1923 usque
787 1885 821 1915 ad
835 1883 1003 1914 Numerum
1026 1883 1213 1922 praedietum,
1232 1892 1279 1914 aut

218 1932 317 1952 eorum
341 1923 439 1959 alicui,
455 1922 488 1952 ad
509 1923 613 1953 Terras
631 1923 664 1954 &
690 1921 941 1961 Loca'praedieta‚
962 1933 1011 1961 per
1029 1922 1150 1961 Regna,
1170 1922 1279 1953 Domi-

218 1962 280 1999 nia,
298 1962 331 1992 ὃ(
352 1961 524 1992 Porestatem
548 1962 660 1998 nostra,
679 1962 711 1992 &
735 1962 923 1993 Subditorum
940 1961 1121 1999 nostrorum,
1140 1962 1194 1992 una
1209 1970 1278 1991 cum

216 1999 367 2039 Navibus,
387 2000 442 2030 sive
457 2000 607 2038 Navigiis,
626 2000 732 2031 Nautis
747 2001 780 2032 &
796 2000 955 2031 Marinariis
976 2000 1134 2039 praediffis,
1153 2009 1184 2031 ut
1206 2009 1280 2038 prae·

217 2040 354 2077 mittitur,
371 2039 646 2077 veniendo,ibidem
660 2039 1007 2078 morando,Solutionem
1022 2039 1098 2070 suam
1114 2038 1278 2077 praedic‘tam

217 2078 246 2107 in
270 2077 362 2107 forma
381 2078 513 2114 praedicta
532 2077 680 2115 faciendo,
700 2080 733 2109 ὅ(
753 2078 855 2109 exinde
873 2078 907 2108 ad
927 2079 1039 2116 propria
1059 2077 1205 2109 redeundo
1221 2101 1231 2116 ,
1249 2079 1278 2108 in

217 2115 358 2154 personis,
378 2116 479 2155 Bonis,
500 2117 612 2155 Rebus,
631 2117 675 2147 vel
690 2117 835 2148 Hernesris
846 2117 898 2147 suis
935 2117 1054 2147 raedietis
1066 2126 1126 2147 non
1142 2117 1279 2155 inferatis,

217 2155 263 2186 vel
277 2156 311 2185 ab
326 2155 381 2185 aliis
403 2156 496 2186 inferri
517 2157 696 2194 permittatis,
713 2155 865 2194 Injuriam,
923 2155 1072 2194 olestiam,
1090 2155 1279 2194 Dampnum,

218 2194 390 2225 violentiam
405 2218 414 2232 ,
441 2195 575 2225 Arestum
589 2219 598 2232 ,
629 2193 868 2233 Impedimentum
888 2194 1003 2232 aliquod
1025 2203 1072 2225 aut
1093 2194 1279 2234 Gravamen,

217 2233 303 2263 etiam
319 2232 443 2263 Ratione
456 2234 501 2264 vel
517 2232 622 2272 Vigore
637 2233 813 2272 Reprisaliae,
832 2232 877 2264 seu
892 2232 947 2263 alio
961 2232 1166 2272 quovismodo:

257 2271 294 2301 Et
317 2271 334 2300 si
356 2271 422 2310 quid
446 2273 503 2311 eis,
519 2282 565 2302 aut
579 2282 680 2302 eorum
695 2273 795 2310 alicui,
811 2274 840 2302 in
854 2270 983 2302 Personis
995 2272 1039 2302 vel
1055 2272 1155 2302 Rebus
1168 2271 1279 2302 forisfa-

219 2310 300 2340 &um
314 2310 370 2340 sive
384 2312 541 2348 injuriatum
557 2311 657 2349 fuerit,
675 2311 701 2341 id
717 2313 771 2349 eis,
788 2312 822 2343 ὅ(
837 2320 938 2341 eorum
961 2310 1093 2349 cuilibet,
1111 2310 1168 2341 fine
1187 2311 1277 2349 aliqua

220 2348 381 2386 Dilatione,
398 2350 493 2379 debite
507 2351 612 2388 corrigi
627 2350 658 2380 ὅ(
673 2349 820 2380 reformari
835 2349 954 2387 faciatis·²

256 2386 435 2418 Dunrtamen
459 2388 485 2418 se
507 2389 581 2418 beni¹
603 2390 635 2419 ὃς
660 2388 777 2426 pacifice
800 2388 966 2419 habeant&
981 2396 1096 2426 gerant,
1114 2396 1178 2427 erga
1191 2387 1277 2426 Nos,

219 2425 253 2456 &
270 2426 402 2456 subditos
415 2427 526 2457 nostros
541 2427 754 2465 quoscumque,
771 2426 889 2457 durante
902 2435 1033 2464 tempore
1047 2427 1214 2464 supradicto.

257 2464 289 2494 In
303 2466 398 2503 cujus,
417 2466 476 2495 ὕες.
496 2475 544 2503 per
560 2465 664 2496 Unutn
682 2466 800 2496 Annum
817 2465 966 2495 duraturas.

293 2504 382 2534 Teste
399 2503 479 2543 Rege
492 2504 565 2543 apud
581 2502 856 2545 westmonasterium,
874 2504 1050 2534 duodecimo
1063 2503 1108 2534 die
1122 2503 1254 2542 Januarii.

897 2583 950 2612 Per
969 2578 1050 2621 ipfiem
1066 2583 1171 2619 Regem.

289 2726 338 2757 De
358 2722 577 2769 Temporrzlibus
593 2721 866 2769 Arclyiepfivpatus
885 2719 1021 2753 Eburum
1042 2719 1206 2764 commgffis.

221 2808 337 2866 REX
357 2809 521 2848 Omnibus,
539 2810 573 2840 ad
588 2819 675 2847 quOS,
694 2809 754 2839 &c.
775 2807 908 2847 Salutem.
1227 2846 1232 2850 .
1250 2846 1255 2850 ¹

318 2849 415 2879 Sciatis·
435 2850 514 2886 quod
538 2848 745 2879 Commiiimus
766 2847 798 2877 &
821 2844 1022 2876 Conceffimus
1035 2869 1044 2883 ,
1072 2843 1232 2876 Venerabili
1249 2856 1276 2875 in

217 2885 335 2916 Christo
349 2887 440 2924 Patri,
460 2888 574 2917 Roberto
589 2886 711 2925 Epiftopo
727 2884 895 2923 Ciccstrenli,
915 2884 1055 2922 postulato
1077 2885 1105 2913 in
1129 2884 1278 2921 Archiepi-

218 2925 336 2964 scopum
354 2926 498 2963 Eborum,
517 2926 699 2962 Temporalia
715 2924 784 2954 dic'ti
801 2921 1086 2961 Archicpiscopatfis,
1104 2932 1171 2953 curn
1186 2922 1277 2952 Perti-

220 2965 318 2993 nentiis
335 2964 490 3001 Habenda,
508 2975 522 2994 a
539 2964 759 2994 Tertiodecimo
775 2962 819 2992 die
829 2961 951 3000 januarii
963 2962 1097 3000 proximo
1117 2962 1275 3000 praeterito,

218 3002 351 3070 quamldiu
366 3004 449 3032 nobis
460 3004 610 3041 placuerit,
628 3002 729 3040 absque
741 3001 836 3039 aliquo
852 3001 934 3031 nobis
947 3000 1015 3030 inde
1027 2999 1181 3030 reddendo.

310 3052 327 3070 n
343 3043 421 3071 cu'us
457 3043 517 3072 &c

254 3080 345 3110 Teste
359 3051 441 3118 Rjeg}
456 3079 529 3118 apud
546 3078 820 3119 westmonasterium,
837 3077 954 3108 decimo
971 3085 1071 3115 quarto
1085 3076 1131 3107 die
1142 3075 1275 3116 januarii.

710 3157 762 3185 Per
781 3157 874 3185 Breve
887 3154 919 3184 de
937 3156 1056 3183 Privato
1075 3153 1171 3192 sigillo.

581 3284 630 3315 De
655 3284 893 3328 Legitimatione.

220 3370 336 3427 REX
354 3393 363 3408 ,
379 3369 522 3401 carissimis
542 3368 764 3407 Consanguineis
781 3366 882 3397 nostris
897 3391 905 3403 ,
924 3367 1084 3400 Nobilibus
1104 3367 1178 3398 Viris
1191 3390 1200 3405 ,
1219 3366 1275 3406 Jo-

297 3410 382 3439 hanm'
395 3434 404 3447 ,
424 3409 513 3439 [vliliti
526 3431 536 3445 ,
555 3410 670 3437 Henrico
683 3431 693 3445 ‚
712 3405 829 3447 Clerico
844 3430 853 3443 ,
871 3406 977 3436 Thomae
993 3429 1002 3443 ,
1030 3407 1198 3438 Domicello
1213 3429 1222 3444 ,
1241 3415 1274 3436 ac

216 3447 326 3478 dilecfiae
346 3450 444 3485 nobis,
465 3447 567 3477 Nobili
589 3445 706 3476 Mulieri
722 3468 731 3483 ,
749 3445 890 3487 Jonamfae
908 3445 1063 3485 Beaufiml,
1084 3446 1275 3483 Domiceliae‚

217 3485 385 3523 Germanis,
405 3485 593 3523 prsecarissimi
609 3484 751 3514 vaunculi
772 3483 876 3519 nostri,
897 3483 1013 3515 Nobilis
1035 3484 1114 3522 Viri,
1133 3484 1275 3522 Johannrs

217 3528 301 3554 Duris
318 3526 502 3561 Lancaſsriae,
521 3523 606 3553 Natis
621 3522 716 3560 Ligeis
730 3521 848 3560 nostris,
865 3521 990 3554 Salutem
1006 3526 1039 3555 &
1053 3522 1274 3555 benivolentiam

113 3580 122 3589 a
133 3591 151 3606 ,Ι
166 3592 170 3596 ,
182 3580 206 3598 ;,
220 3563 324 3593 nostrae
337 3560 437 3601 Regi'ae
455 3563 618 3599 Maiestatis.

258 3602 341 3631 Dum
359 3601 467 3632 interna
488 3600 710 3631 consideratione
730 3598 875 3642 pensamus
890 3621 899 3636 ,
928 3609 998 3637 quot
1024 3599 1221 3630 incessantibus
1240 3601 1273 3631 &

219 3642 326 3676 quantis
342 3640 527 3676 Honoribus,
546 3639 695 3675 perutili&
720 3638 825 3667 fincera
844 3637 1028 3677 Dilectione,
1045 3639 1151 3676 praefati
1173 3638 1274 3668 Avun-

220 3679 274 3707 culi
290 3678 393 3715 nostri,
414 3681 446 3708 ὅ(
463 3679 501 3707 lui
514 3677 677 3708 Maturitate
689 3676 824 3713 Consilii,
843 3676 980 3714 undique,
998 3677 1182 3714 decoramur,
1201 3687 1273 3706 con-

220 3724 320 3753 gruum
341 3718 506 3747 arbitramur
528 3718 560 3746 ὃς
583 3716 701 3753 dignum
718 3738 727 3751 ,
743 3724 774 3744 ut
791 3719 803 3731 ¹*
827 3714 1001 3745 Meritorum
1022 3717 1135 3746 suorum
1153 3716 1275 3752 intuitu,

223 3765 255 3783 ac
274 3756 426 3785 vesti-‚arum
442 3754 696 3791 Contemplatione
709 3752 911 3789 Personarum,
930 3763 996 3790 vos,
1015 3754 1063 3791 qui
1080 3762 1189 3791 magnae
1203 3753 1275 3783 Pro-

225 3793 315 3821 bituris
334 3795 465 3832 ingenio,
483 3793 576 3829 Yitae,
595 3793 626 3822 ἃ
650 3792 771 3821 Morum
793 3792 952 3828 honestate,
971 3792 1098 3829 fulgetis,
1117 3793 1150 3823 δε
1165 3800 1198 3821 ex
1216 3791 1276 3820 Re-

225 3831 278 3869 gali
300 3831 358 3860 esti<
380 3833 506 3869 Prosapit
527 3831 687 3868 propagati,
706 3830 884 3867 pluribusque
906 3829 1082 3868 Virtutibus,
1099 3839 1216 3860 munere
1233 3831 1277 3858 in-

227 3870 317 3906 signiti
339 3870 435 3899 divino
450 3893 459 3907 ,
485 3870 606 3908 specialis
623 3870 817 3907 praerogativae
833 3869 990 3898 munimine
1014 3869 1115 3898 favoris
1135 3868 1167 3898 δε
1183 3869 1278 3906 gratiae

224 3908 433 3939 foecundcmus.

266 3946 344 3975 Hinc
362 3945 400 3973 est
417 3946 513 3983 quod,
531 3946 599 3976 dit-‘ti
615 3945 759 3975 Avunculi
774 3943 880 3981 nostri,
896 3943 1043 3974 Genitoris
1063 3944 1164 3981 vestri,
1184 3943 1280 3974 Preci-

227 3986 278 4015 bus
294 3984 432 4020 inclinati,
450 3985 616 4022 vobiscum,
635 3985 724 4021 quint
738 3983 862 4012 asseritur
883 3983 1038 4012 Defewm
1061 3983 1209 4013 Natalium
1233 3992 1281 4019 pa-

226 4024 335 4060 timini,
354 4031 383 4052 ut
398 4021 553 4058 hujusmodi
568 4022 708 4060 Defeelzu,
726 4031 812 4060 quem
829 4020 939 4060 ejusque
955 4021 1109 4059 Qialitates
1134 4020 1281 4059 quastum-

630 107 1435 156 CONVENTIONES,
1505 110 1892 163 LITERAE,

1321 202 1375 230 que
1391 192 1576 225 Praesentibus
1591 195 1688 226 haberi
1703 196 1838 226 volumus
1853 201 1907 233 pro
1920 194 2090 229 sufficienter
2105 199 2320 240 expreffismou
2328 200 2382 231 ob-
2403 198 2545 241 Arin.D,1>

1322 232 1435 275 stante,
1453 233 1487 262 ad
1508 243 1700 272 quaecumque
1722 234 1857 264 Honores
1871 258 1881 271 ,
1899 233 2060 273 Dignitates
2083 237 2212 276 (excepta
2232 237 2414 290 Dignitate†
2426 249 2501 283 1397

1321 269 1432 309 Regali}
1447 270 1691 310 Praeeminentias,
1710 272 1815 310 Status,
1830 272 1961 311 Gradus,
1979 274 2014 303 &
2028 273 2134 306 Officia
2148 279 2260 315 publica
2275 279 2307 308 &
2323 278 2380 316 pri·
2399 292 2452 320 Ric-
2474 274 2512 315 2,'
2523 300 2532 310 .

1319 317 1396 346 vata,
1413 311 1472 339 tarn
1486 319 1634 348 perpetua,
1652 311 1739 350 quam
1752 310 1954 349 Temporalia,
1972 320 2056 350 atque
2075 313 2202 346 Feudalia
2223 318 2257 348 &
2278 315 2380 347 Nobi-
2520 318 2530 327 ⁴

1318 347 1370 384 lia,
1385 349 1611 387 quibuscumque
1623 348 1787 379 nominibus
1802 358 2019 388 nuncupentur,

1356 385 1448 416 Etiam
1471 387 1491 417 si
1514 386 1659 426 Ducatus,
1678 386 1854 425 Principatus
1868 411 1878 425 ,
1897 387 2057 419 Comitatus
2073 412 2083 428 ,
2097 389 2224 423 Baroniae
2236 415 2247 431 ,
2264 392 2311 424 vel
2327 393 2378 425 alia

1319 424 1413 455 Feuda
1425 425 1543 464 fuerint,
1563 427 1648 456 etiam
1663 426 1683 456 fi
1699 426 1821 456 mediate
1835 427 1880 456 vel
1893 427 2059 457 immediate
2071 438 2086 458 a
2101 429 2184 459 nobis
2203 431 2378 468 dependeant
2445 439 2546 490 Za

1317 463 1363 493 seu
1376 472 1537 501 teneantur,
1557 464 1681 502 praefici,
1699 466 1884 502 promoveri,
1901 465 1979 504 eligi,
1997 465 2113 504 assumi,
2130 468 2163 498 &
2175 468 2300 508 admitti,
2319 471 2377 501 illa·
2410 443 2439 496 T

1316 513 1373 546 que
1394 501 1554 546 Recipere,
1572 505 1689 534 retinere
1702 528 1711 542 ,
1728 513 1825 544 gerere
1838 527 1848 542 ,
1865 505 1900 535 &
1920 512 2070 535 excercere
2090 505 2213 543 proinde
2232 507 2320 539 libere
2340 510 2376 541 δε
2389 506 2528 559 M

1316 541 1394 572 licite
1411 540 1538 578 valeatis,
2385 544 2392 547 “
2533 535 2561 561 b,

1356 580 1401 609 Ac
1423 579 1442 609 si
1464 580 1500 609 de
1521 580 1652 616 legitimo
1673 579 1782 611 Thoro
1802 580 1875 611 Nati
1890 581 2040 614 existeretis
2052 605 2061 621 ‚
2079 582 2305 622 quibuscumque
2317 584 2378 618 Sta⁴
2387 581 2506 621 gkbn
2518 587 2555 619 Aa

1317 619 1399 655 tutis,
1418 617 1463 647 seu
1485 616 1746 661 Conliietudinibus
1767 619 1864 658 Regni
1883 619 1972 650 nostri
1994 621 2106 661 Angliae
2121 646 2131 660 ,
2150 623 2178 652 in
2199 624 2376 661 contrarium
2419 638 2426 646 ¹
2512 629 2561 684 fl

1318 657 1397 687 editis
1411 655 1455 686 seu
1466 658 1635 694 observatiS,
1653 667 1718 696 quae
1732 657 1780 688 hic
1791 658 1929 689 habemus
1951 668 2004 696 pro
2024 660 2145 690 totaliter
2164 660 2313 698 expressis,
2329 655 2407 698 ne-l,
2446 636 2521 683 [95
2550 669 2561 685 ⁶

1318 704 1460 734 quaquam
1472 695 1662 733 obstantibus,
1681 696 1718 726 de
1751 695 1903 726 lenitudine
1915 696 2019 726 nostrae
2034 697 2150 737 Regalis
2166 699 2331 738 Potestatis‚
2344 697 2446 741 &Aa
2456 716 2525 737 -ω

1316 735 1353 765 de
1374 734 1479 765 affensu
1495 733 1673 765 parliamenti
1686 738 1737 765 nol
1753 735 1797 773 ri,
1813 735 1931 765 Tenore
1945 734 2129 766 Praesentium
2147 736 2198 767 D1
2208 747 2220 768 s
2233 746 2276 768 PE
2287 747 2310 768 N
2321 748 2379 769 sA-
2411 730 2457 788 f*-
2519 719 2561 760 so

1319 781 1377 803 Mu
1388 782 1419 811 s,
1437 774 1559 812 vosque,
1577 774 1610 805 &
1636 773 1767 804 vestrum
1788 773 1965 812 quemlibet,
1981 773 2132 806 Natalibus
2150 774 2400 808 Rumam-²
2446 796 2459 809 s
2473 767 2561 828 5737

1319 813 1453 843 Mus&
1477 812 1800 843 Leorrriuamus.
2368 825 2503 859 3437,
2533 830 2561 858 2

1355 849 1388 881 In
1409 851 1505 889 cujus,
1523 851 1584 882 &c.
2457 849 2462 856 “
2509 852 2515 855 ’

1394 889 1483 921 Teste
1497 890 1584 928 Rege
1597 889 1671 928 apud
1686 889 1962 930 Wstmonasterium,
1980 901 2060 923 nono
2075 891 2122 923 die
2135 891 2287 923 Februarii.

1759 969 1815 997 Per
1829 967 1912 1007 ipsum
1924 970 2022 1005 Regem
2035 972 2064 999 in
2080 969 2276 999 parliamento.

1495 1093 1702 1138 Instruffliones
1718 1092 1995 1128 Ambaxiatoribus
2009 1097 2041 1127 in
2063 1097 2208 1130 Francia.

1321 1181 1452 1214 C‘nsr
1488 1183 1780 1216 L'INsTRucc
1797 1193 1876 1215 ron
1911 1192 1968 1214 ET
2001 1182 2226 1226 CHARGE,
2252 1185 2379 1219 Donnez

1368 1241 1388 1262 a
1412 1228 1549 1264 Edward
1570 1234 1676 1264 Conte
1695 1230 1734 1264 de
1754 1229 1945 1270 Rutteland,
1971 1232 2062 1264 frere
2086 1243 2106 1263 a
2128 1230 2220 1275 nostre
2235 1235 2378 1280 Setgneur

1367 1280 1393 1311 le
1408 1281 1486 1328 Ray,
1517 1278 1660 1312 Thomas
1680 1281 1785 1313 Conte
1806 1277 1997 1317 Mareschal,
2023 1281 2124 1323 Cotfin
2144 1292 2164 1312 a
2189 1281 2297 1326 mefme
2312 1294 2379 1315 nos-

1367 1339 1413 1361 tre
1436 1331 1578 1373 Seigneur
1597 1355 1607 1370 ‚
1632 1341 1668 1367 c,-
1695 1340 1715 1361 a
1735 1327 1876 1362 William
1904 1328 1930 1362 le
1953 1329 2073 1375 Scrop,
2102 1326 2320 1379 chamberlayn
2342 1329 2380 1364 de

1370 1375 1463 1419 mstre
1477 1377 1522 1409 dit
1541 1380 1705 1423 segnem,
1731 1377 1842 1411 alama
1860 1391 1895 1411 en
1916 1379 2052 1412 Fraunce
2068 1376 2104 1411 de
2118 1377 2235 1424 preftnt
2245 1390 2308 1426 par
2337 1380 2377 1412 les

1367 1426 1466 1471 oaufis
1486 1427 1647 1473 q'enficcnt.

1323 1509 1427 1572 PRr
1439 1520 1464 1542 Μ
1474 1522 1492 1543 E
1503 1521 1525 1557 a
1538 1521 1556 1544 a
1566 1521 1592 1544 M
1602 1522 1619 1544 E
1632 1521 1654 1544 N
1665 1521 1688 1544 τ
1702 1538 1712 1553 ,
1737 1514 1876 1545 touchant
1895 1512 2020 1545 l’Union
2037 1513 2073 1546 de
2092 1514 2186 1547 Sainte
2207 1513 2302 1554 Eglise
2316 1539 2326 1553 ,
2344 1514 2381 1546 de
2405 1531 2469 1564 Arm
2494 1532 2528 1564 D

1324 1551 1964 1622 Pereqyffgfigss}pgsselgssgssssgffggzstgglgg
1986 1556 2111 1630 {3²53}
2126 1553 2300 1624 έὲιῖἷίζέᾃ
2311 1554 2381 1624 ,ζὲἶῖ
2432 1557 2537 1612 ¹³3⁷?

1322 1626 1356 1658 ad
1380 1628 1526 1667 Ordeigne
1546 1613 1584 1660 uir
1605 1629 1709 1667 Abbe,
1728 1630 1762 1660 δε
1783 1640 1821 1660 un
1841 1629 1945 1668 Clerc,
1962 1615 1995 1661 ³&
2016 1629 2103 1661 Deux
2125 1602 2310 1670 Chivalersss:g
2307 1642 2381 1670 pour
2402 1616 2455 1678 ἐκ
2473 1622 2519 1641 ²⁰¹
2543 1629 2555 1638 '

1323 1666 1379 1697 aler
1401 1677 1436 1698 au
1460 1666 1586 1705 present,
1603 1668 1698 1699 sclonc
1719 1667 1757 1698 les
1779 1669 1873 1699 forme
1893 1669 1927 1699 &
1948 1678 2063 1699 manere
2079 1678 2165 1700 come
2183 1669 2250 1701 fuist
2269 1680 2286 1700 a
2308 1670 2379 1701 celle
2404 1673 2434 1715 13⁵
2455 1660 2482 1715 Ξ

1323 1706 1394 1737 foitz
1407 1708 1521 1744 apointe
1534 1716 1664 1744 parentre
1676 1707 1743 1737 soun
1757 1706 1880 1738 avantdit
1895 1705 1966 1736 Pere
1980 1708 2013 1738 &
2028 1707 2098 1737 Lui:
2126 1707 2165 1738 Et
2177 1708 2203 1739 la
2215 1708 2293 1739 cause
2304 1719 2378 1746 pour
2404 1734 2415 1755 t
2425 1699 2443 1715 κ
2482 1699 2517 1725 ¹⁴⁴⁴

1325 1746 1394 1783 quoi
1407 1745 1446 1776 ses
1458 1745 1518 1776 ditz
1535 1744 1680 1784 Meffages
1694 1746 1796 1776 n'ount
1809 1744 1866 1776 este
1881 1744 2010 1784 pluistost
2024 1744 2166 1786 departiz,
2181 1756 2269 1778 corne
2281 1756 2296 1777 a
2311 1747 2383 1778 celle
2417 1737 2468 1764 ''g''

1324 1784 1397 1814 foitz
1416 1783 1482 1814 fuist
1504 1785 1639 1822 apointe,
1660 1784 1680 1814 si
1702 1783 1743 1814 est
1763 1794 1836 1823 pour
1859 1793 1915 1823 ce,
1932 1793 1987 1823 que
2006 1783 2122 1815 l'entent
2140 1784 2179 1815 du
2197 1785 2266 1826 Roy
2286 1786 2382 1817 nostre

1323 1823 1463 1860 Seigneur
1477 1833 1512 1854 ce
1525 1821 1609 1861 fuist,
1627 1833 1700 1861 pour
1716 1823 1755 1853 les
1775 1824 1855 1854 avoir
1875 1823 1980 1854 envoie
2000 1822 2103 1854 devant
2117 1831 2163 1854 ces
2176 1823 2291 1863 heureS,
2308 1827 2383 1857 ovec

1324 1863 1363 1893 ses
1378 1862 1440 1893 ditz
1455 1862 1536 1893 Frere
1550 1862 1583 1892 &
1598 1860 1706 1892 Coulin
1721 1861 1758 1892 de
1768 1860 1922 1893 Rutteland
1937 1861 1970 1892 &
1987 1860 2154 1892 Mareschal.

1362 1899 1437 1944 Ijrss
1449 1909 1493 1939 M,
1511 1900 1648 1932 touchant
1662 1901 1688 1931 le
1701 1900 1828 1932 Traictie
1844 1900 1880 1931 de
1894 1900 1919 1930 la
1934 1899 2002 1930 Paix
2011 1924 2021 1939 ,
2039 1909 2095 1939 que
2106 1900 2172 1932 fuist
2185 1911 2201 1932 a
2220 1901 2291 1932 celle
2310 1900 2384 1933 foitz

1323 1938 1847 2023 {²123}ssssssaffizrfssisscifiizci’?
1859 1938 2010 2008 {aas}
2018 1938 2042 2017 f
2044 1949 2158 2009 {aliii’e
2163 1941 2256 2010 ⁸313?
2262 1939 2386 2011 εῗξίῗὲἓὲἑ

1323 2017 1463 2055 prochern
1479 2025 1600 2055 venant,
1618 2016 1644 2047 le
1658 2016 1723 2055 quel
1732 2026 1798 2053 jour
1812 2016 1847 2048 ad
1861 2015 1920 2048 este
1937 2015 2080 2056 Proroge,
2098 2027 2147 2056 par
2163 2017 2232 2048 soun
2253 2017 2326 2049 Pere
2348 2017 2386 2049 de

1323 2056 1465 2096 Fraunce,
1484 2066 1533 2095 par
1548 2055 1619 2094 pluis
1631 2056 1699 2096 long
1712 2055 1822 2087 Terme
1838 2065 1910 2094 pour
1924 2055 2043 2087 diverses
2062 2055 2170 2094 causes,
2187 2057 2221 2088 &
2240 2066 2288 2094 par
2305 2057 2383 2094 espe-

1322 2096 1375 2126 cial
1392 2105 1465 2133 pour
1480 2096 1504 2126 la
1516 2093 1591 2126 Voia
1611 2104 1627 2125 c
1641 2105 1696 2134 que
1709 2093 1771 2126 doit
1783 2105 1818 2125 au
1833 2094 1942 2133 present
1955 2093 2022 2125 faire
2036 2104 2072 2126 en
2091 2094 2279 2133 Lumbardie:
2298 2096 2317 2126 il
2339 2095 2382 2127 est

1322 2135 1379 2165 avis
1399 2144 1433 2165 au
1456 2133 1525 2174 Roy
1543 2143 1583 2164 no
1612 2144 1641 2164 re
1661 2133 1797 2173 Seigneur
1815 2143 1872 2173 que
1889 2133 1916 2164 le
1936 2132 1978 2164 dit
1998 2132 2204 2172 Apointement
2217 2134 2280 2165 doit
2292 2135 2381 2173 tenir,

1321 2173 1528 2212 c'estassavoir‚
1548 2173 1575 2203 le
1610 2172 1659 2203 luis
1673 2172 1824 2204 briefment
1839 2182 1895 2210 que
1902 2172 2082 2203 bonnernent
2093 2182 2128 2204 ce
2139 2182 2238 2212 purra,
2256 2174 2291 2205 &
2303 2173 2383 2212 espe-¹

1321 2212 1373 2243 cial
1388 2212 1493 2243 devant
1507 2211 1531 2242 la
1545 2183 1627 2242 Feiie
1639 2212 1676 2242 de
1691 2210 1845 2242 Pentecost
1857 2210 1995 2250 prochein
2007 2219 2118 2242 venant.

1358 2250 1405 2282 Ιτ
1414 2260 1432 2282 ε
1442 2258 1468 2280 M
1478 2274 1488 2289 ‚
1505 2250 1645 2290 touchant
1659 2259 1693 2281 ce
1704 2260 1762 2288 que
1774 2250 1801 2281 le
1812 2249 1881 2290 Roy
1894 2248 1989 2280 nostre
2004 2249 2051 2281 Sei
2094 2260 2142 2281 eur
2155 2249 2190 2282 ad
2205 2251 2310 2282 envoie
2328 2259 2379 2289 par

1319 2289 1358 2320 ses
1375 2289 1534 2329 Messages,
1552 2297 1636 2320 avant
1651 2298 1698 2320 ces
1711 2289 1831 2327 houres,
1848 2289 1949 2333 asoun
1961 2288 2032 2319 Pete
2047 2259 2092 2320 ἐξ
2103 2289 2230 2328 France,
2248 2288 2380 2321 Coment

1319 2329 1358 2359 les
1373 2327 1495 2367 Escotz,
1514 2329 1614 2359 n'ount
1625 2328 1682 2358 mie
1696 2328 1785 2358 volou
1798 2328 1890 2358 Tenit
1902 2327 1940 2358 les
1951 2327 2078 2366 Treues,
2096 2337 2145 2366 par
2160 2328 2186 2358 le
2199 2336 2311 2358 manere
2332 2338 2384 2359 co-

1321 2377 1368 2398 me
1382 2367 1421 2397 ilz
1433 2367 1513 2398 sount
1529 2366 1611 2406 prises
1625 2376 1658 2397 au
1673 2366 1799 2405 present,
1817 2374 1946 2407 parentre
1958 2366 2027 2397 soun
2042 2367 2167 2399 avantdit
2181 2366 2252 2397 Pere
2266 2366 2380 2398 &Luiz

1320 2406 1350 2437 Si
1365 2414 1434 2437 voet
1449 2406 1474 2436 le
1491 2406 1559 2445 Roy
1576 2404 1671 2436 nostre
1686 2406 1822 2444 Seigneur
1833 2415 1888 2443 que
1902 2405 1940 2435 ses
1957 2404 2098 2445 Messages
2119 2405 2265 2437 desuisditz
2284 2405 2379 2436 decla-

1321 2453 1406 2475 rount
1423 2454 1439 2474 a
1459 2445 1528 2476 soun
1549 2443 1675 2475 avantdit
1696 2443 1768 2474 Pere
1790 2444 1828 2474 les
1849 2443 1988 2482 ArticleS,
2006 2443 2045 2475 les
2058 2444 2169 2483 queles,
2185 2444 2224 2474 les
2238 2444 2380 2476 avantditz

1320 2483 1413 2514 Scotz
1435 2483 1516 2514 sount
1537 2482 1794 2514 encountre-dilant
1815 2493 1850 2513 au
1873 2483 1940 2513 faire
1956 2507 1965 2520 ‚
1984 2483 2017 2513 &
2038 2482 2058 2513 si
2077 2483 2160 2514 sount
2177 2491 2334 2514 encountre
2355 2483 2381 2513 la

1319 2522 1438 2592 {cnihte
1451 2523 1485 2554 de
1500 2521 1588 2555 cestes
1604 2521 1743 2562 presentes
1754 2521 1882 2561 Treues,
1901 2531 1988 2553 come
2002 2530 2019 2562 y
2032 2522 2103 2560 piert
2124 2531 2173 2561 par
2192 2522 2218 2552 la
2237 2530 2381 2553 conteuue

1349 2571 1392 2592 ice
1413 2572 1450 2591 es.

1349 2600 1481 2639 ,ΓΙ-ΕΜ,
1500 2600 1536 2631 de
1557 2599 1652 2631 Parler
1674 2599 1707 2630 &
1725 2599 1814 2630 {avoir
1832 2598 1920 2630 l'Avis
1941 2599 1975 2629 &
1995 2605 2090 2629 entent
2109 2597 2145 2629 de
2165 2598 2233 2629 soun
2254 2597 2327 2628 Pere
2341 2597 2377 2629 de

1319 2639 1343 2670 F
1345 2649 1467 2678 raunce,
1484 2639 1620 2670 touchant
1641 2638 1665 2668 la
1687 2637 1814 2676 Mari-age
1835 2645 1964 2675 parentre
1984 2636 2054 2668 soun
2066 2636 2158 2677 Coufin
2171 2637 2203 2667 de
2217 2637 2326 2676 Derby,
2344 2637 2378 2668 δε

1318 2677 1348 2708 la
1366 2678 1434 2709 Fille
1449 2678 1484 2707 du
1499 2680 1553 2716 Roy
1567 2677 1599 2707 de
1614 2679 1767 2714 Navarre,
1785 2685 1824 2706 ou
1845 2685 1955 2707 aucune
1974 2684 2051 2706 autre
2073 2685 2129 2714 que
2149 2675 2174 2706 ie
2192 2676 2244 2706 soit
2257 2675 2294 2706 de
2308 2676 2380 2706 soun

1320 2717 1444 2758 Linage,
1464 2727 1512 2755 par
1528 2717 1591 2747 auxi
1603 2717 1687 2754 bien,
1706 2724 1794 2746 come
1806 2714 1875 2745 soun
1891 2714 1964 2744 Pere
1982 2713 2018 2745 de
2036 2714 2145 2745 France
2164 2723 2201 2744 ne
2223 2722 2291 2745 voet
2312 2713 2379 2745 faire

1319 2756 1396 2786 sauns
1410 2756 1499 2786 l'Avis
1514 2755 1553 2786 du
1568 2755 1634 2795 Roy
1649 2754 1744 2785 nostre
1758 2753 1958 2792 Seigneur,ne
1971 2761 2040 2783 voet
2055 2752 2074 2782 il
2088 2753 2146 2783 fere
2162 2753 2241 2783 sauns
2255 2752 2280 2783 le
2288 2752 2376 2792 Soen,

1319 2796 1353 2826 &
1373 2794 1408 2825 de
1430 2795 1519 2826 l'Avis
1539 2793 1575 2824 de
1597 2794 1667 2824 soun
1688 2796 1703 2811 *
1722 2791 1845 2824 avantdit
1864 2791 1937 2823 Pere
1950 2791 2018 2822 faire
2031 2800 2128 2829 report
2142 2802 2176 2822 au
2193 2791 2262 2830 Roy
2279 2791 2378 2823 nostre
2405 2807 2421 2824 ο
2437 2808 2506 2836 VIL-

1319 2834 1363 2864 Sei
1386 2843 1463 2863 neur.
2500 2843 2504 2847 ’

1358 2841 1400 2902 Iga-
1412 2882 1430 2902 E
1441 2880 1468 2902 M
1477 2895 1485 2910 ,
1504 2870 1641 2902 touchant
1655 2870 1680 2900 la
1694 2869 1825 2907 Mariage
1838 2869 1874 2900 de
1887 2869 1956 2900 soun
1971 2869 2012 2900 dit
2027 2871 2106 2898 Frere
2120 2868 2152 2898 de
2162 2867 2332 2898 Rutteland:
2349 2869 2377 2900 le
2402 2846 2437 2882 85
2444 2856 2466 2874 ¹‘

1320 2910 1388 2950 Roy
1410 2920 1480 2941 voet
1502 2910 1549 2948 q'il
1570 2909 1640 2940 soiet
1660 2908 1823 2946 acornpliz,
1847 2908 1942 2940 selonc
1964 2908 1990 2939 le
2008 2917 2139 2945 manere,
2157 2916 2243 2938 come
2263 2907 2298 2938 ad
2318 2906 2376 2939 este

1319 2951 1432 2987 apointe
1449 2950 1481 2980 &
1496 2949 1570 2987 parle
1582 2948 1686 2979 devant
1699 2957 1746 2978 ces
1757 2947 1870 2978 houres.

1358 2987 1447 3018 ITEM
1457 3011 1467 3026 ,
1482 2987 1618 3018 touchant
1633 2986 1707 3017 Lisse
1721 2985 1756 3016 de
1770 2985 1846 3026 Rays
1877 2985 1910 3016 &
1921 2984 1947 3016 la
1961 2984 2035 3015 Ville
2044 2983 2081 3014 de
2093 2983 2171 3027 Saint
2186 2982 2330 3024 Maloyes:
2350 2984 2376 3015 le

1317 3025 1386 3066 Roy
1402 3035 1467 3057 voet
1481 3036 1538 3064 que
1553 3025 1590 3056 ses
1607 3024 1747 3064 Messages
1761 3032 1843 3055 avant
1864 3025 1920 3061 itz,
1938 3023 2046 3062 pariont
2055 3021 2252 3066 especialment
2271 3032 2286 3052 a
2304 3022 2376 3053 soun

1317 3064 1389 3095 Pere
1407 3064 1444 3094 de
1463 3065 1486 3095 F
1488 3074 1586 3102 rance,
1598 3068 1652 3101 spat
1674 3063 1698 3093 la
1723 3071 1835 3093 manere
1852 3071 1938 3092 come
1953 3060 1994 3091 est
2007 3069 2133 3097 compns
2148 3069 2183 3091 en
2193 3069 2250 3090 une
2263 3059 2375 3092 Cedule

1316 3104 1399 3134 baille
1412 3114 1426 3133 a
1443 3103 1513 3141 Lui,
1532 3113 1579 3140 par
1593 3103 1630 3132 les
1648 3100 1788 3138 Meffages
1803 3100 1838 3129 du
1853 3103 1915 3129 Duc
1929 3099 1962 3128 de
1973 3102 2128 3141 Bretaigrfe.

1352 3142 1397 3172 En
1413 3141 1646 3178 Tesmoignance
1660 3139 1696 3169 de
1712 3138 1794 3176 quele
1809 3137 1921 3176 Chose,
1939 3147 1953 3167 a
1968 3136 2027 3168 cest
2041 3140 2166 3177 presente
2183 3136 2357 3168 Instrufflon
2367 3162 2377 3178 ,

1317 3179 1414 3210 nostre
1435 3179 1475 3209 dit
1498 3179 1636 3215 seigneur
1655 3177 1682 3207 le
1703 3176 1788 3216 Roy,
1811 3176 1846 3208 ad
1868 3177 1916 3207 fait
1935 3184 2036 3207 mettre
2053 3175 2092 3207 ses
2115 3174 2217 3206 Grand
2239 3176 2272 3207 &
2291 3175 2378 3208 Prive

1316 3219 1413 3256 Sealx,
1430 3218 1464 3248 &
1477 3216 1546 3247 soun
1560 3216 1664 3255 Signet.

1357 3256 1466 3286 Donne
1482 3266 1497 3286 a
1511 3255 1535 3285 la
1550 3253 1674 3294 ChasteI,
1693 3253 1729 3284 de
1740 3254 1847 3284 mesme
1860 3252 1956 3284 nostre
1970 3253 2107 3290 Seigneur
2120 3252 2145 3283 le
2161 3252 2284 3292 Roy‚de
2297 3255 2378 3283 Wu-

1318 3297 1391 3335 drffor
1403 3318 1412 3332 ,
1436 3294 1461 3324 le
1482 3294 1563 3323 xxvii.
1582 3294 1648 3330 jour
1669 3292 1706 3322 de
1728 3292 1858 3331 Fenrier,
1875 3292 1941 3323 l’An
1961 3291 2000 3323 du
2019 3292 2123 3331 Regne
2143 3291 2179 3322 de
2200 3290 2298 3323 nostre
2316 3291 2377 3323 Sei—

1318 3343 1411 3374 gnour
1425 3333 1451 3364 le
1463 3333 1532 3372 Roy
1546 3331 1636 3363 suisdit
1652 3330 1799 3363 Vintisme.

2025 3408 2070 3436 Le
2086 3409 2142 3448 Roy
2159 3409 2220 3438 Rs.

1385 3557 1480 3600 Super
1499 3549 1716 3593 Solutionibus‚
1736 3561 1791 3597 per
1808 3553 1925 3584 Ducem
1946 3552 2125 3592 Britannice,
2140 3547 2304 3594 faciendis.

1318 3638 1430 3696 REX
1446 3638 1580 3669 omnibus
1594 3636 1630 3666 ad
1644 3645 1732 3675 quos,
1752 3637 1813 3667 &c-
1831 3634 1965 3669 Salutem
2394 3622 2471 3654 Ann·
2485 3623 2526 3654 D·

1408 3678 1505 3708 Sciatis
1520 3675 1600 3714 quod
1615 3675 1703 3713 Nos,
2125 3711 2130 3716 ·
2191 3710 2197 3716 ·
2299 3707 2305 3713 ,
2356 3708 2361 3713 ,
2423 3670 2508 3702 1397·

1354 3715 1404 3746 De
1424 3715 1566 3746 Fidelitate
1583 3715 1617 3745 &
1637 3711 1904 3749 circumspectione
1943 3710 2042 3742 rovida
2054 3733 2064 3748 ‚
2090 3709 2198 3740 Dileeh
2218 3709 2253 3739 &
2273 3706 2376 3751 Fidelis
2395 3705 2448 3729 An.
2463 3711 2508 3728 20-

1317 3754 1407 3784 nostri
1428 3751 1574 3783 Willielmi
1593 3750 1618 3781 lc
1639 3756 1715 3789 Scrop
1737 3749 1889 3788 Chivaler,
1914 3721 2068 3780 <gamm-arii
2086 3748 2191 3784 nostri,
2218 3745 2374 3785 plenissime
2393 3744 2422 3767 R.
2440 3750 2465 3767 ²·

1318 3792 1507 3829 confidentes,
1524 3791 1617 3821 eidem
1633 3788 1794 3820 Willielmo
1807 3788 1842 3819 ad
1857 3788 2055 3827 Exigendum,
2073 3785 2242 3830 petendum,
2258 3783 2374 3815 deman·
2392 3782 2525 3807 Franc.2o.

1320 3830 1462 3868 dandum,
1479 3832 1511 3861 &
1532 3827 1742 3868 recipiendum,
1759 3837 1811 3865 pro
1834 3827 1949 3864 Nobis,
1973 3828 2007 3857 &
2030 3834 2146 3856 nomine
2164 3821 2278 3858 nostro,
2304 3833 2374 3853 cum
2392 3820 2421 3844 R·
2438 3826 2505 3845 Lm·

1320 3871 1403 3899 omni
1425 3867 1567 3907 diligentia
1587 3877 1641 3904 qua
1663 3867 1759 3903 decet,
1777 3865 1814 3895 de
1834 3865 1976 3895 cariffimo
1998 3863 2091 3894 Fratre
2111 3860 2226 3904 nostro,
2244 3859 2376 3898 Johanne
2394 3864 2412 3890 5
2416 3876 2423 3883 ·

1322 3909 1397 3936 Duce
1420 3910 1594 3943 Britanniae,
1611 3913 1656 3935 aut
1682 3905 1740 3942 ejus
1760 3903 1969 3933 Commiffariis
1987 3902 2031 3931 vel
2047 3900 2196 3936 Deputatis
2209 3922 2219 3936 ,
2246 3898 2375 3930 Centum

1322 3947 1355 3975 ἃ
1380 3945 1486 3984 Viginti
1509 3944 1590 3974 Milia
1611 3943 1786 3973 Francorum
1808 3942 1836 3971 in
1857 3942 1956 3977 Auro,
1974 3949 2022 3976 per
2035 3937 2164 3968 Modum
2180 3947 2238 3975 quo
2253 3936 2378 3981 Cursum

1323 3983 1470 4013 habuerint
1491 3984 1519 4012 in
1542 3982 1678 4019 Francia,
1705 3982 1739 4012 &
1762 3980 1914 4010 secundum
1939 3977 2073 4007 Valorem
2097 3975 2209 4006 Marcae
2232 3975 2319 4014 Auri,
2344 3976 2378 4006 &

1324 4020 1436 4060 Nobis,
1455 4023 1484 4052 in
1504 4020 1614 4059 Regno
1632 4019 1731 4051 nostro
1748 4018 1875 4057 Angliae,
1893 4015 1977 4054 usque
1999 4014 2174 4053 praesentium
2189 4013 2314 4045 nostram
2328 4013 2383 4082 dg-
