2561 4251
648 133 1473 193 CONVENTIONES,
1530 141 1919 190 LITERAE,

1311 226 1406 265 blico,
1431 226 1571 267 stipulanti
1591 228 1656 258 vice
1678 228 1712 259 &
1733 229 1854 258 nomine
1871 226 1971 267 quibus
1993 227 2090 268 supra,
2113 236 2215 261 contra
2236 227 2384 259 Praemiffi
2395 225 2471 260 Ann.
2484 229 2527 262 D.

1311 266 1364 309 vel.
1372 276 1472 296 eorum
1485 267 1573 305 aliqua
1587 275 1732 306 nunquam
1745 267 1843 297 venire
1858 267 1904 297 vel
1917 267 2028 305 facere,
2045 278 2096 306 per
2111 268 2149 299 Se
2162 267 2206 300 vel
2220 277 2269 306 per
2282 267 2382 306 alium,
2422 276 2507 307 1372.

1310 307 1395 334 tacit’e
1409 305 1454 334 vel
1468 305 1602 342 expresse.
2396 307 2463 337 Edv.
2483 318 2508 345 3.

1349 343 1423 374 Aeta
1445 343 1507 374 sunt
1523 343 1586 373 haec
1599 352 1613 373 a
1636 343 1672 373 ud
1686 342 1850 373 Suburbem
1865 341 1997 374 Civitatis
2011 342 2218 375 Londoniensis
2231 345 2260 374 in
2273 343 2385 383 Hospi-

1309 381 1352 411 tio
1376 382 1434 412 mei
1452 382 1592 421 Johannis
1649 382 1747 419 orarii,
1765 383 1783 410 'l
1796 381 1927 412 ricesrmo
1946 381 1992 411 die
2012 381 2120 413 Mensis
2138 383 2282 422 Januani,
2305 393 2383 413 anno

1309 418 1477 451 Nativitatis
1506 421 1672 451 Dominicae
1695 419 1853 450 Millesimo
1904 419 2123 451 Trecentesimo
2134 445 2144 458 ,
2170 421 2382 461 Septuagefimo

1308 458 1452 498 secundo,
1467 459 1629 490 Indiffione
1642 458 1750 496 Nona,
1768 442 1956 489 Pontifi’catfis
1971 459 1990 478 ³¹⁵
2006 458 2132 489 Domini
2146 458 2281 499 Gregorii
2294 459 2381 499 Papae
2395 481 2412 497 ,ς

1310 495 1366 527 ΧΙ-
1380 507 1457 527 anno
1473 498 1615 537 secundo,
1633 497 1815 536 praesentibus
1830 506 1900 528 tunc
1916 497 2023 528 ibidem
2433 484 2487 547 ἔῃ

1348 534 1510 579 Venerabili
1533 537 1597 567 viro
1620 537 1757 567 Domino
1775 536 1887 567 Thoma
1902 539 2055 576 Orgranae,
2076 535 2291 569 Archidiacono
2304 536 2380 569 Cor·
2395 529 2429 555 7⁰
2453 540 2461 549 ’

1309 573 1405 604 nubiae
1420 576 1448 605 in
1464 575 1589 606 Ecclesia
1605 574 1772 614 Exonienfi,

211 174 291 210 190

57 245 135 276 Ann.
150 244 191 276 D.
244 244 410 283 Quodque,
428 239 491 281 post
515 238 625 275 lapsum
645 237 757 267 diffisum
780 234 897 265 Festum
909 232 1008 277 ‚Sancti
1024 229 1193 267 Michaelis,
1209 238 1277 272 om-

80 294 163 324 1372.
205 294 255 314 nes
276 284 308 313 ὃς
329 281 423 320 singuli
444 276 610 316 januenses,
628 287 644 307 a
667 275 756 305 Portu
773 275 806 304 &
825 272 965 315 Distrieru
976 269 1152 313 Januae,seu
1167 270 1203 298 ab
1216 268 1274 297 aliis

57 326 125 353 Edv.
145 334 171 361 3.
206 322 343 352 Portibus
364 318 514 354 recessuri,
532 326 602 346 cum
619 315 811 349 Hominibus,
832 311 982 353 Navibus,
1001 309 1033 340 ὃς
1049 308 1146 346 VaiiS,
1164 307 1197 337 ὃ(
1214 305 1273 350 Β-οτ

206 361 249 391 nis
265 368 363 391 eorum
387 355 574 394 quibussibet,
590 364 639 394 per
659 353 794 391 Regnum
809 351 842 380 δε
864 350 1003 379 Dominia
1015 347 1127 391 nostra,
1145 346 1191 376 vel
1205 345 1272 374 alibi

205 398 358 433 transituri,
379 396 482 425 Litems
503 392 723 424 Testimoniales
744 389 835 419 Ducis
856 389 889 418 &
911 387 1137 430 Communitatis
1154 384 1272 423 Januae,

204 447 252 467 aut
266 435 481 466 Officio-iorum
493 432 622 468 suorum,
637 430 734 460 secum
749 429 885 463 habeant,
898 425 1095 469 Testis-'icantes
1110 422 1190 469 quod
1203 421 1273 451 Ho-

206 477 314 512 mines,
339 472 453 511 Naves,
480 472 567 509 Vasa,
587 468 800 504 Mercimonia‚
819 468 852 498 δε
874 465 951 496 Bona
964 463 1133 502 ,hujusmodi
1151 461 1273 507 {inb-Ja-

204 513 365 549 nucnsium,
383 519 429 541 aut
452 510 575 540 aliorum
592 508 764 538 Amicorum
778 505 962 547 nostrorum,
980 504 1013 533 δε
1027 503 1126 547 ad‘eos
1140 509 1272 536 tantum,

203 554 237 583 δε
251 561 311 581 non
326 551 359 580 ad
375 549 512 579 inimicos
525 547 640 578 nostros
654 544 811 584 quossibet,
831 551 970 583 pertinent
987 551 1086 580 quovn
1099 540 1207 576 modo,

242 590 297 619 Per
318 599 384 629 quas
398 589 513 626 quidem
529 587 653 621 Literas,
671 594 704 615 ac
717 585 803 614 etiam
819 593 868 625 per
879 591 982 612 eorum
992 581 1210 624 juramentum,
1228 577 1273 606 su-

202 638 250 668 per
271 629 328 658 hoc
352 627 543 665 praestandum
553 648 562 663 ,
580 624 711 655 credetur
748 622 781 653 &
796 623 900 664 abique
915 618 1129 657 Impedimento
1141 617 1186 648 vel
1198 616 1271 647 Are-

201 668 246 698 sto
259 668 312 697 alio
328 667 416 697 Abire
431 666 463 696 3<
479 663 629 695 Recedere
643 664 706 701 paci
728 662 762 691 ce
777 667 989 703 permittentur,

240 705 388 745 Qiodque
406 704 511 734 Nullus
529 701 734 732 Ministrorum
750 708 796 729 aut
812 698 1000 729 Subditorum
1019 695 1181 739 nostrorum
1190 693 1271 725 Mer-

201 753 325 782 catores,
344 744 514 774 Marmar-‘ios
531 741 631 780 januae
647 739 815 779 praedictos,
833 746 880 767 aut
896 746 996 780 eorum
1012 735 1186 779 Familiares,
1206 733 1272 763 Na-

201 794 269 822 ves,
288 783 364 822 Res,
383 791 429 812 aur
447 781 541 819 bona,
555 781 584 810 in
601 779 736 819 Regnum
751 776 883 807 nostrum
897 774 1170 812 veniend0,1bidem
1187 771 1272 802 Mer-

200 821 389 859 candisando,
408 820 571 857 Morando,
590 816 795 854 Transeundo,
811 815 855 845 vel
869 813 1061 857 RecedendO,
1074 822 1122 852 per
1135 812 1270 850 Terram,

200 870 246 891 aut
269 870 316 899 per
339 861 439 897 Mare,
463 861 492 889 in
515 857 655 895 Perlonis,
682 856 815 886 Navibus
829 876 838 892 ,
858 862 904 883 aur
923 852 1010 883 Bonis
1031 861 1151 889 eorum,
1168 860 1270 894 contra

199 899 339 930 Praediira
359 899 404 930 vel
426 907 527 929 eorum
548 896 657 935 aliqua,
673 893 846 930 Molestare,
867 891 1049 936 Disturbate,
1068 890 1115 919 vel
1125 890 1271 934 Dampni-

199 937 286 969 ficare
306 937 404 969 audeat
418 937 463 968 seu
477 936 642 974 praesumat,
660 934 711 965 sub
727 932 818 964 Poena
832 940 966 961 omnium
983 939 1047 967 quae
1061 929 1144 959 nobis
1158 928 1271 959 forisfa-

199 987 267 1008 cere
281 985 430 1015 poterunt,
448 978 476 1006 in
492 975 628 1005 futurum.
793 1010 797 1015 Ι
1060 1006 1065 1011 ο
1128 1006 1134 1011 ⁹

237 1015 270 1046 In
293 1017 373 1054 cujus
395 1017 437 1045 rei
455 1013 673 1044 Testimonium
695 1010 743 1042 has
763 1009 868 1040 Literas
888 1005 994 1038 nostras
1008 1005 1067 1037 fieri
1079 1005 1199 1037 fecimus
1214 1004 1268 1036 Pa-

197 1062 324 1123 telssgs’te
339 1092 448 1130 meipso
459 1090 532 1128 apud
548 1089 715 1120 VVestmon.
727 1086 865 1117 vicesimo
878 1084 956 1115 sexto
971 1082 1017 1113 die
1027 1082 1168 1127 Januarii,
1187 1092 1266 1114 anno

1347 651 1457 681 Thoma
1475 651 1508 681 de
1528 651 1636 691 Wlla,
1654 650 1829 690 Capellano,

1346 691 1455 720 Thoma
1473 690 1582 730 Lovel,

1347 728 1384 759 Et
1405 731 1447 759 W
1448 728 1557 760 illielmo
1575 728 1724 768 Askham,

1346 767 1538 807 Domicellis,

1343 806 1381 837 Et
1399 806 1550 837 Guillielmo
1568 805 1695 837 Vellerut.
2128 848 2156 875 Β
2179 849 2206 876 R

1343 921 1407 963 Ego
1431 923 1577 963 Johannes
1600 924 1634 953 de
1652 924 1808 953 Branketre
1820 946 1831 962 ,
1854 921 1983 954 Clericus
2000 922 2200 955 Norwicenfis
2217 921 2375 963 Dioecefis,

1306 959 1475 1006 Apostolica
1495 963 1528 994 &
1547 962 1688 1006 Imperiali
1706 962 1885 993 Audioritate
1897 962 2036 994 Notarius
2049 961 2200 999 Publicus,
2218 963 2283 1002 quia
2297 962 2376 994 Prae-

1307 1000 1395 1043 miffis
1415 1002 1548 1032 omnibus
1563 1003 1596 1033 &
1612 1005 1650 1031 lin
1670 1001 1719 1032 ulis
1732 1001 1866 1040 interfui,
1881 1010 1913 1031 ea
1945 1011 2009 1041 quae
2025 1001 2063 1032 sic
2078 1001 2136 1031 fieri
2150 1000 2220 1032 Vidi
2234 1001 2268 1032 ὃ(
2284 1000 2374 1032 Audi-

1307 1048 1353 1077 vi,
1372 1039 1539 1085 Publicavi,
1558 1041 1591 1071 &
1611 1041 1640 1084 in
1657 1080 1661 1084 Ι
1680 1050 1736 1084 ane
1751 1039 1903 1083 Publicfim
1920 1023 2057 1070 Pormarn
2075 1040 2186 1080 redegi,
2203 1039 2264 1070 aliis
2283 1049 2374 1084 occu-

1303 1078 1558 1149 {zgfmbgcegf'nfiss
1580 1078 1922 1148 scribznfecnnaicffgigrrri'o
1943 1088 2012 1110 meo
2031 1079 2168 1110 consueto
2185 1078 2320 1118 Signavi,
2343 1087 2374 1108 in

1499 1128 1514 1148 e
1542 1127 1650 1148 imoniu
1699 1127 1757 1156 prae
1845 1127 1875 1148 ru
1911 1138 1918 1146 .

195 1131 290 1170 Regni
319 1132 409 1162 nostri
441 1131 553 1169 Angliae
576 1126 805 1168 Qadragesimo
825 1125 902 1155 sexto
923 1147 934 1161 ,
967 1122 1062 1162 Regni
1082 1124 1154 1153 vero
1175 1121 1266 1152 nostri

194 1170 321 1201 Franciae
336 1171 480 1201 tricesimo
493 1170 585 1200 tertio.
1017 1204 1020 1208 ⁴
1039 1204 1041 1207 ι
2103 1159 2140 1186 Β.
2158 1159 2194 1187 R.

869 1203 924 1231 Per
943 1200 1095 1231 Conczlaum.

46 1366 60 1382 υ
80 1367 121 1393 VI
396 1346 416 1365 ⁸
437 1345 656 1390 Arquicrtvnia
674 1340 824 1388 generalis
850 1338 1063 1386 Jnnuenfium.
1621 1302 1671 1334 De
1701 1299 1847 1334 Νινύης
1872 1300 2048 1346 anstand's’

42 1414 108 1440 707·
126 1385 132 1391 '
1299 1387 1559 1458 Κιῖῖιῇῗῃάἰῐεᾶο
1573 1386 1641 1427 sibi,
1659 1387 1792 1418 Waltero
1803 1387 1913 1428 Haule,
1930 1387 2071 1421 Servienti
2085 1387 2134 1420 suo
2146 1387 2182 1420 ad
2196 1385 2299 1427 Arma,
2316 1386 2366 1418 Sa·
2383 1383 2518 1464 Agr-721)

42 1441 174 1522 A1n57?'
193 1432 456 1509 INClgnsiiItufflso,
464 1439 516 1499 bin!
530 1429 759 1506 {rileierritiiiniiigi
781 1464 898 1496 Notarii
920 1462 1048 1501 Publici,
1075 1462 1109 1493 ὃ(
1123 1462 1259 1493 Testiurn

38 1525 93 1550 An.
107 1524 155 1558 45,
191 1511 412 1552 subscriptorum
427 1533 437 1549 ,
461 1508 599 1540 Providus
622 1507 693 1545 Vir,
715 1505 859 1536 Corradus
880 1502 996 1533 Cat-mei
1010 1524 1020 1540 ,
1039 1500 1120 1532 Civis
1137 1503 1259 1542 Janucn-

39 1565 71 1588 E·
94 1572 105 1597 3
189 1550 238 1588 fis,
325 1590 330 1594 .
427 1588 431 1592 .
476 1587 481 1592 .
685 1585 690 1589 .
742 1593 746 1597 ,
1156 1581 1160 1595 7
1204 1581 1209 1586 .
1248 1589 1259 1596 ‚

226 1589 262 1620 N
265 1598 379 1626 uncius,
402 1586 549 1623 Sindicus,
571 1585 771 1621 Ambaxiator,
789 1582 822 1613 &
846 1580 1036 1617 Procurator,
1060 1578 1209 1624 Magnifici
1226 1580 1259 1624 ᾅ

188 1628 318 1659 Potentis
339 1627 424 1664 Viri,
451 1625 575 1655 Domini
594 1623 746 1653 Dominici
763 1622 798 1651 de
821 1619 1048 1661 Campofregofi)
1066 1617 1175 1658 Ducis,
1194 1628 1261 1649 toti-

187 1667 274 1705 usque
290 1664 462 1697 Communis
478 1665 511 1694 &
528 1663 658 1693 Civitatis
669 1662 702 1692 δε
720 1658 1080 1696 Distrietusjanuenirum,
1090 1667 1170 1696 prout
1186 1669 1260 1688 con-

1334 1464 1412 1496 Scias
1435 1465 1534 1507 quod,
1550 1464 1586 1495 de
1607 1463 1738 1495 fidelitate
1756 1465 1790 1496 &
1810 1466 2070 1505 circumspectione
2084 1467 2138 1498 tuis
2150 1465 2258 1505 plenius
2272 1464 2366 1496 confi·
2376 1466 2433 1492 An.
2447 1466 2497 1499 46.

1299 1501 1411 1546 dentes,
1428 1505 1628 1541 affignavimus
1644 1504 1693 1546 Te
1713 1504 1747 1534 ad
1769 1514 1872 1535 omnes
1890 1505 2007 1544 Naves,
2025 1505 2150 1545 Portagii
2171 1504 2282 1545 Viginti
2298 1504 2365 1535 Do-
2386 1506 2414 1531 E.
2434 1512 2460 1538 3·

1300 1542 1402 1574 liorum
1425 1545 1458 1575 δε
1478 1544 1565 1580 ultra,
1584 1544 1612 1572 in
1634 1543 1746 1581 lingulis
1760 1542 1902 1574 Portubus
1917 1544 1951 1575 ὃ(
1966 1544 2055 1575 Locis
2074 1545 2239 1582 maritimis,
2254 1544 2290 1574 ab
2302 1543 2366 1574 Ore
2382 1544 2469 1570 Franc.

1301 1581 1394 1620 Aquae
1416 1582 1589 1619 Tliamiliae,
1608 1582 1700 1611 versus
1720 1590 1807 1620 partes
1830 1581 2046 1621 Occidentales,
2064 1584 2124 1613 tarn
2144 1582 2214 1613 infra
2236 1583 2366 1614 Liberta-
2383 1581 2430 1615 4⁶·
2449 1583 2514 1615 ΕΞ·

1300 1629 1356 1659 tes,
1376 1623 1462 1658 tiu-:un
1480 1629 1573 1657 extra,
1593 1620 1677 1658 usque
1690 1619 1811 1651 Portum
1824 1620 1861 1651 de
1875 1621 1968 1661 Lyme
1984 1622 2018 1653 &
2035 1622 2159 1660 ibidem,
2173 1622 2233 1660 jam
2246 1622 2367 1653 existen-
2382 1627 2418 1647 m·
2435 1626 2483 1654 49-

1298 1667 1355 1698 tes,
1375 1662 1408 1690 ἃ
1427 1661 1462 1691 ad
1486 1660 1589 1689 Portus
1609 1659 1642 1689 &
1664 1658 1745 1689 Loca
1760 1659 1896 1697 praediCta
1909 1669 2022 1691 exnunc
2039 1662 2213 1692 declinantes
2229 1661 2368 1700 (excepta

40 1603 81 1626 Ex
142 1617 153 1622 -

37 1645 104 1675 mgrq

188 1705 275 1737 stabat
289 1706 379 1735 michi
397 1704 522 1734 Notario
536 1701 675 1737 Publico,
693 1710 742 1738 per
755 1698 899 1738 quoddam
915 1697 1126 1727 Procurationis
1140 1697 1195 1727 sua:
1213 1697 1261 1727 ln-

188 1743 381 1775 sttumentum
397 1742 549 1772 Publicum
559 1764 568 1778 ,
582 1739 682 1778 Sigillis
698 1737 923 1769 Communitatis
937 1736 970 1766 δε
986 1735 1200 1778 Ar-cliiepiscopi
1211 1736 1259 1775 ja-

187 1783 336 1814 nuensium
358 1781 506 1819 sigillatum
521 1802 530 1817 ,
544 1778 742 1819 confestum,
768 1785 937 1819 receptum,
956 1775 996 1818 δε·
1013 1776 1149 1811 scripturn
1169 1785 1258 1819 'manu

188 1821 319 1860 Magistri
336 1819 478 1850 Leonardi
493 1818 529 1848 de
543 1817 692 1848 Frescheto
702 1838 711 1854 ,
733 1814 872 1852 Imperi-‘ili
886 1813 1054 1843 authoritate
1067 1813 1184 1844 Notaru
1200 1812 1258 1844 Pu-

186 1860 273 1898 blici,
290 1859 419 1896 Datum,
438 1859 471 1889 &
492 1857 600 1888 Afrum
625 1856 652 1885 in
675 1853 792 1892 Capella
815 1862 888 1883 nova
911 1851 1008 1882 Palatii
1023 1852 1140 1882 Ducalis
1162 1852 1257 1882 Com-

187 1900 281 1929 munis
293 1897 494 1936 januensium,
513 1905 590 1926 anno
605 1894 774 1924 Dominicae
788 1891 970 1928 Nativitatis,
990 1889 1258 1929 Millesimo,Tres-

189 1937 362 1976 centesimo,
382 1935 592 1974 Septuagesimo
607 1933 706 1964 Primo
715 1955 725 1970 ‚
740 1930 903 1962 Indieuone
915 1929 1034 1968 oetavzi,
1048 1929 1093 1961 die
1105 1932 1170 1970 xvij.
1185 1930 1257 1969 Sep-

183 1977 301 2008 tembris

219 1999 358 2054 Habei'is,
377 2015 448 2044 inter
470 2019 589 2048 caetera,
604 2009 779 2042 Potestatem
801 2008 951 2047 specialem
972 2017 988 2038 a
1009 2007 1096 2039 Duce
1109 2008 1143 2039 &
1159 2007 1255 2040 Com-

183 2055 321 2085 munitate
342 2053 498 2093 praedic‘iis,
516 2051 552 2081 ad
577 2049 738 2082 Petendum
749 2071 758 2088 ,
773 2047 961 2091 exigendum,
979 2047 1012 2078 &
1035 2048 1255 2092 requirendum,

180 2094 236 2132 ab,
255 2093 360 2123 lnclito
378 2092 410 2123 &
432 2091 551 2127 Illustri,
569 2090 675 2129 suoque
697 2088 820 2127 provido
843 2086 1001 2125 Concilio,
1021 2087 1054 2118 &
1069 2087 1254 2126 quibuscum-

180 2141 239 2170 que
260 2132 415 2171 Obligatis,
433 2139 554 2161 omnem
577 2128 776 2167 Qantitatem
790 2126 940 2165 Pecuniae,
959 2126 991 2157 &
1007 2126 1084 2165 Res,
1103 2127 1136 2157 &
1151 2126 1254 2157 Omne

179 2170 214 2201 Id
236 2171 269 2202 δε
290 2170 424 2207 Totum,
440 2169 473 2200 &
491 2166 638 2207 Qiicquid
655 2167 688 2198 &
705 2166 855 2204 Quantum
871 2165 1003 2204 praefatus
1016 2164 1129 2196 Illustris
1145 2165 1253 2196 Domi-

179 2219 232 2240 nus
250 2208 333 2247 Rex,
350 2209 383 2240 &
403 2210 579 2248 quicumque
602 2207 655 2237 sint
674 2206 821 2244 propterea
843 2204 992 2243 Obligati,
1007 2204 1072 2235 dare
1093 2205 1127 2236 &
1142 2204 1251 2236 solvere

177 2247 390 2318 ffisssssss’offi?
412 2245 679 2323 “gligississssrzsssss‘
695 2242 1094 2314 Crss'umfflfiiaffiiissfflfflissfi
1109 2243 1253 2322 ‘ii-¹5:323}

393 2308 402 2325 ³
674 2306 684 2322 7
1012 2305 1023 2321 2
1131 2320 1133 2322 ,

176 2326 234 2357 aliis

215 2349 261 2396 Αἷι
276 2364 343 2404 ipsas
356 2363 514 2400 pecunias,
533 2361 610 2399 Res,
627 2362 662 2393 ει
677 2360 785 2391 Debita
796 2359 974 2399 recipienda,
992 2361 1026 2392 ὅς
1039 2359 1161 2399 proinde
1178 2369 1251 2398 prae-

176 2403 267 2435 fatum
290 2403 454 2434 Dominum
475 2401 610 2439 Regem,
626 2401 660 2431 &
683 2399 895 2438 Qoscumque
915 2399 1064 2438 propterea
1078 2397 1250 2439 obligatos,

181 2443 382 2511 Qssitandum,
400 2443 433 2474 &
449 2440 661 2477 Liberandurn,
959 2477 964 2482 ι
1029 2476 1034 2481 ¹

240 2490 250 2511 t
264 2480 456 2512 Instrumenta
471 2479 648 2518 Qitationis
662 2475 843 2515 faciendum,
859 2476 893 2507 δι
907 2474 967 2507 fieri
982 2474 1163 2514 faciendum,
1180 2475 1248 2506 ficut

176 2521 207 2551 in
225 2519 307 2551 dieto
326 2519 374 2550 suo
397 2518 539 2550 Mandato
560 2517 763 2548 Procuratorio
787 2515 867 2546 latitis
889 2517 922 2547 &
943 2515 1094 2553 expressius
1114 2517 1249 2546 contine-

180 2568 370 2629 turC'onfeisus
389 2596 457 2634 fuit,
476 2597 508 2627 &
528 2593 653 2638 expresse
666 2594 822 2632 cognovit,
841 2602 918 2623 mera
932 2592 965 2622 &
979 2591 1128 2631 spontanea
1143 2592 1248 2623 volun-

176 2645 250 2675 tate,
275 2645 309 2666 ex
332 2644 408 2666 certa
428 2635 472 2665 sua
493 2635 622 2671 scientia,
647 2643 707 2662 non
733 2631 788 2669 Vi,
806 2641 862 2661 nec
885 2631 970 2661 Metu
994 2632 1109 2668 duetus,
1124 2642 1178 2663 nec
1201 2642 1249 2668 per

163 2675 310 2706 Errorem
327 2674 478 2711 deceptus,
497 2673 523 2703 sc
537 2670 693 2709 l-iabuiffe,
709 2669 900 2707 Numerasse,
916 2670 949 2700 δε
969 2669 1117 2709 Recepisse
1129 2682 1163 2710 a,
1178 2669 1249 2700 No-

179 2715 229 2744 bili
253 2715 335 2750 viro,
353 2712 486 2742 Domino
510 2711 637 2741 Ricardo
651 2710 676 2739 le
691 2709 801 2748 Scrop,
819 2708 889 2738 dicti
902 2707 1016 2738 illustris
1032 2708 1119 2748 Regis
1134 2710 1181 2740 An
1203 2709 1247 2739 life

175 2753 210 2784 &
234 2753 357 2782 Franciae
372 2774 382 2789 ,
407 2751 593 2781 Thesaurario
613 2749 740 2778 tridente
754 2772 763 2784 ,
785 2748 936 2784 liberante,
954 2747 987 2777 &
1007 2746 1155 2786 solvente,
1204 2750 1248 2778 ice

176 2792 211 2823 &
226 2791 360 2821 Nomine
374 2790 443 2820 dicti
460 2789 565 2828 Regis,
584 2786 762 2817 Officialium
779 2787 892 2816 suorum
902 2808 909 2822 ,
927 2785 961 2816 &
974 2785 1096 2815 aliorum
1108 2796 1248 2825 quorum-

177 2840 303 2868 cumque
321 2829 542 2866 Obligatorum,
561 2826 758 2857 Mambiarum
771 2825 842 2855 Duo
862 2824 962 2860 Milia,
980 2825 1008 2853 in
1025 2824 1138 2861 plenam
1150 2849 1159 2863 ,
1176 2828 1246 2855 inte-

173 2877 271 2907 gram,
296 2870 329 2900 ὃ(
352 2866 505 2905 perfectam
529 2866 726 2903 Solutionem,
751 2865 885 2893 omnium
908 2863 941 2893 δε
963 2862 1130 2897 lingularum
1152 2864 1246 2894 Sum-

175 2917 284 2937 marum
301 2931 310 2945 ,
330 2906 440 2937 Rerum
454 2928 462 2942 ,
481 2908 514 2937 δε
532 2904 678 2935 Bonorum
697 2927 706 2940 ,
727 2905 756 2932 in
777 2903 880 2940 quibus
899 2901 948 2940 ipfi
963 2923 972 2939 ,
992 2900 1137 2931 Dominus
1162 2902 1245 2941 Rex,

174 2945 323 2975 Officiales
343 2945 398 2982 sui,
416 2945 497 2975 aliive
522 2943 646 2982 Obligati
670 2942 811 2980 praedicii,
838 2941 1032 2971 communiter
1053 2940 1099 2970 seu
1119 2940 1244 2980 divisim,

174 2984 303 3023 Obligati
323 2983 451 3020 fuerunt,
469 2992 515 3012 aut
533 2982 718 3021 Tenebantur
734 2980 831 3016 Duci,
850 2979 1031 3016 Communi,
1048 2988 1094 3009 aut
1109 2979 1245 3018 aliquibus

176 3023 368 3062 singularibus
384 3021 508 3051 personis
518 3043 526 3056 ,
546 3021 664 3050 Civibus
678 3019 795 3058 Januae,
815 3020 858 3048 seu
873 3018 1120 3055 Distridrualibus,
1136 3018 1180 3049 seu
1195 3020 1244 3049 ali·-

174 3063 278 3101 quibus
292 3061 363 3096 aliis,
384 3061 467 3090 etiam
483 3060 610 3096 divisim,
628 3059 778 3089 occasione
794 3057 997 3094 Damnorum,
1013 3056 1145 3087 datorum
1160 3058 1193 3087 &
1211 3058 1244 3087 il-

175 3101 314 3136 latorum,
330 3099 446 3136 Bonis,
472 3097 615 3135 Personis,
635 3098 669 3128 <Sc
693 3096 789 3126 Rebus
810 3097 952 3127 contentis
971 3097 1000 3125 in
1020 3095 1138 3135 quadam
1162 3095 1243 3126 Navi

171 3139 355 3177 Januensium
371 3161 381 3175 ,
405 3146 506 3167 vocata
526 3136 618 3166 Navis
640 3135 827 3174 Magdaleyna
842 3158 852 3173 ,
873 3135 937 3165 alias
957 3134 1034 3165 dicia
1058 3133 1101 3164 Le
1121 3133 1243 3174 Beyard,

175 3188 240 3217 quae
263 3187 353 3215 nuper
374 3186 424 3214 per
446 3175 556 3206 Gentes
578 3175 689 3212 Angliae
704 3182 783 3216 capta
797 3173 904 3211 fuerat,
921 3173 999 3212 supra
1014 3172 1114 3211 Mare,
1131 3172 1177 3204 seu
1191 3183 1243 3204 oc—

173 3218 285 3247 calione
301 3216 352 3247 alia
366 3215 582 3252 qualicumque,
600 3222 664 3243 ante
675 3217 841 3251 praelenrem
857 3211 964 3249 Diem,

213 3255 353 3294 Qitans,
374 3254 527 3290 Liberans,
547 3252 725 3288 ExoneranS,
744 3252 777 3281 ἃ
795 3251 969 3288 Absolvens,
988 3250 1065 3280 idem
1083 3249 1243 3289 Corradus,

173 3292 360 3332 Procurator,
379 3291 561 3322 Nominibus
582 3291 682 3329 quibus
708 3291 801 3328 supra,
820 3300 867 3329 per
889 3290 946 3320 hoc
963 3289 1080 3327 praesens
1092 3289 1244 3320 Publicum

174 3331 418 3369 Instrumentum,
437 3330 583 3370 praefatos,
602 3328 766 3358 Dominum
788 3328 920 3367 Regem,
940 3327 1108 3366 obligatos,
1127 3328 1159 3358 &
1176 3328 1245 3359 alios

174 3371 408 3409 qualescumque,
425 3379 547 3408 quorum
568 3369 671 3406 poterit
690 3367 835 3405 interesse,
851 3367 1002 3397 occasione
1023 3367 1056 3397 &
1079 3366 1160 3396 causa
1180 3366 1243 3398 Re-

174 3410 315 3448 ceptionis
337 3410 472 3440 Pecuniae
495 3407 673 3445 rupi-adletae,
693 3405 728 3435 de
749 3405 824 3436 dieta
844 3404 986 3444 Pecunia,
1004 3405 1038 3435 ὅ(
1052 3405 1109 3435 aliis
1125 3403 1244 3444 Rebus,

173 3457 208 3479 ac
227 3447 262 3477 de
278 3450 412 3478 omnibus
425 3448 459 3478 δε
473 3446 582 3486 singulis
598 3445 784 3482 Adiionibm,
804 3443 1008 3481 Petitionibus,
1030 3442 1242 3474 Vendicationi-

175 3487 244 3523 bus,
262 3496 295 3517 ac
314 3486 350 3515 de
362 3495 441 3523 toto,
461 3486 493 3516 δε
507 3485 590 3516 omni
604 3493 658 3520 eo,
676 3483 753 3522 quod
769 3482 894 3513 adversus
907 3493 973 3520 eos,
992 3482 1185 3512 communiter
1198 3482 1243 3513 seu

174 3524 283 3554 divisim
293 3549 302 3561 ,
319 3524 404 3561 Dux,
423 3524 591 3554 Commune
600 3546 609 3559 ,
626 3521 821 3552 Distric'tuales
834 3520 1032 3560 Januensium‚
1044 3531 1090 3551 aut
1101 3520 1199 3558 aliquis
1211 3531 1245 3552 ex

176 3563 214 3592 eis
235 3565 450 3600 communiter,
468 3562 513 3592 seu
533 3562 662 3598 divilim,
678 3560 902 3598 quibuscumque
924 3559 1072 3590 occasione
1085 3558 1131 3589 seu
1146 3559 1244 3598 causa,

177 3611 303 3638 unquam
320 3624 329 3639 ,
356 3603 384 3631 in
404 3601 520 3639 Judicio
533 3623 542 3638 ,
566 3609 613 3629 aut
633 3608 707 3628 extra
724 3598 890 3637 judicium,
914 3600 1040 3637 exigere,
1063 3607 1172 3637 petere,
1197 3609 1243 3629 aut

180 3639 338 3670 Vendicare
362 3640 481 3676 poterit,
501 3640 546 3669 scu
567 3646 698 3677 poterunt
736 3639 815 3667 uovis
828 3636 936 3674 modo,

217 3676 255 3706 Et
276 3679 331 3716 cis,
351 3680 383 3709 ἃ
399 3687 499 3707 eorum
515 3677 629 3706 cuilibet
642 3675 707 3705 fecit
747 3676 860 3713 adium,
879 3675 1005 3706 validum
1019 3675 1052 3706 &
1068 3674 1243 3713 expressum,

179 3714 214 3744 de
227 3715 339 3745 ulterius
352 3727 412 3746 non
427 3716 550 3754 petendo
559 3738 568 3753 ,

218 3751 399 3784 Renuncians
422 3757 496 3784 idem
522 3753 710 3790 Procurator,
728 3751 800 3781 Vice
823 3753 856 3783 &
880 3751 1016 3782 Nomine
1035 3752 1166 3781 omnium
1182 3752 1243 3781 illo-

180 3800 262 3828 rum,
280 3802 402 3828 quorum
427 3793 468 3822 est
489 3792 662 3822 Procurator
683 3798 730 3820 aut
750 3790 895 3827 Sindicus,
916 3790 1084 3829 Exceptioni
1097 3799 1157 3819 non
1174 3790 1242 3820 Nu-

180 3838 293 3858 merata:
317 3828 464 3866 Pecuniae,
484 3841 541 3860 non
564 3830 599 3860 sic
621 3828 762 3858 Celebrati
778 3827 969 3866 contractas,
989 3829 1061 3859 Doli
1077 3829 1159 3865 mali,
1176 3828 1243 3866 Vis,

180 3868 215 3898 &
231 3866 344 3904 Metus,
358 3878 390 3897 ac
404 3870 535 3899 omnibus
549 3867 605 3896 aliis
620 3866 856 3904 Exceptionibus‚
872 3866 1118 3903 Cavillationibus,
1133 3867 1166 3896 8(-
1182 3866 1243 3896 De-

180 3904 370 3941 fenfionibus,
387 3905 461 3942 juris
482 3909 513 3936 ὃ(
538 3906 614 3935 Facti
625 3928 634 3942 ,
650 3915 712 3942 quae
734 3914 833 3935 contra
847 3906 998 3944 praemiffiis
1014 3906 1244 3942 Quittationcm,

181 3944 215 3975 &
230 3942 438 3983 Liberationem
456 3954 578 3982 unquam
595 3943 726 3973 intentari
741 3952 874 3982 poterunt
888 3944 932 3973 seu
948 3945 1032 3974 etiam
1045 3943 1173 3980 allegari,

180 4020 187 4049 l
219 3980 255 4011 Et
273 3980 421 4019 specialiter
438 3981 500 4018 Juri
518 3983 622 4012 dicenti
645 3981 817 4011 Generalem
838 3980 1096 4012 Renunciationem
1117 3990 1177 4011 non
1195 3991 1244 4011 va-

190 4029 236 4051 Cl'e
246 4030 251 4035 '

217 4043 390 4088 Piomittens
403 4055 480 4086 idem
494 4056 651 4095 Corradus,
671 4068 719 4096 per
735 4056 836 4089 Fidem
852 4057 944 4095 suam,
961 4058 1030 4088 mihi
1045 4056 1172 4088 Notario
1185 4057 1242 4088 Pu-

1299 1698 1443 1730 Libertate
1465 1699 1604 1737 Quinque
1626 1696 1767 1727 Portuum
1789 1697 1952 1729 nostrorum
1973 1700 2007 1730 &
2029 1698 2237 1731 Membrorum
2250 1708 2381 1732 eorum-·

1297 1738 1381 1772 dem)
1397 1737 1592 1775 arestandum,

1335 1775 1372 1807 Et
1396 1777 1481 1817 usque
1503 1776 1606 1807 Portus
1627 1774 1698 1805 infra
1718 1774 1838 1805 Insulam
1853 1773 1976 1806 Vestam
1988 1776 2157 1813 (videlicet)
2177 1776 2366 1824 Suthampto-

1295 1815 1583 1884 niaehPortesmuth,
1599 1814 1706 1845 Hamel
1728 1814 1757 1844 in
1777 1814 1825 1845 the
1844 1813 1925 1854 Rys,
1942 1814 1976 1846 &
1991 1815 2099 1846 Hamel
2118 1815 2225 1854 Hoke‚
2242 1817 2311 1849 duel
2323 1818 2365 1849 fa-

1295 1864 1359 1884 cien
1382 1865 1430 1884 um

1335 1892 1376 1924 Ita
1397 1878 1478 1933 qubd
1494 1893 1545 1924 fint
1567 1891 1689 1929 ibidem,
1710 1890 1811 1922 Primo
1824 1890 1870 1922 die
1886 1891 1976 1931 Maii,
1993 1894 2128 1931 proximo
2144 1893 2241 1925 futuro
2250 1893 2285 1924 ad
2299 1894 2366 1927 ulti-

1296 1941 1378 1962 mum
1387 1955 1396 1970 ,
1414 1932 1562 1970 Promptae
1575 1932 1609 1963 &
1624 1930 1730 1961 Paratae
1743 1931 1777 1961 ad
1791 1930 2031 1970 proficiscendum
2044 1933 2146 1964 exinde
2158 1932 2194 1964 ad
2209 1932 2297 1968 Vadia
2311 1943 2366 1965 no-

1295 1970 1366 2010 stra,
1393 1981 1444 2010 pro
1465 1970 1594 2010 Paffagio
1617 1969 1732 2008 nostro,
1752 1970 1786 2000 &
1806 1969 1948 2000 Fidelium
1969 1969 2152 2010 nostrorum,
2169 1973 2198 2002 in
2213 1970 2364 2006 Comitiva

1294 2009 1404 2048 nostra,
1422 2011 1457 2041 ad
1498 2019 1567 2040 artes
1588 2010 1780 2040 transmarinas
1796 2030 1807 2047 ‚
1830 2018 1884 2048 pro
1903 2007 2093 2047 Expeditione
2114 2010 2239 2042 Guerrae
2256 2011 2363 2046 nostrae

1292 2049 1402 2080 ibidem
1416 2059 1468 2088 pro
1481 2049 1645 2079 ecturorum
1655 2071 1665 2086 ,

1330 2087 1368 2119 Et
1383 2088 1417 2119 ad
1431 2087 1616 2119 sufficientem
1627 2087 1813 2118 Securitatem
1827 2085 1864 2117 de
1871 2085 2009 2118 Dominis
2022 2088 2056 2120 δε
2070 2087 2216 2129 Magistris
2229 2088 2365 2121 Navium

1292 2127 1456 2159 earumdem
1469 2152 1480 2166 ,
1505 2126 1524 2157 si
1543 2125 1691 2164 praesentes
1705 2125 1810 2156 fuerint
1824 2148 1834 2164 ,
1858 2125 1905 2157 vel
1927 2125 1963 2157 de
1985 2127 2085 2167 propin
2107 2129 2232 2159 uioribus
2253 2128 2366 2160 Amicis

1292 2166 1345 2198 suis
1359 2190 1369 2206 ,
1395 2166 1414 2197 fi
1432 2166 1555 2197 absentes
1575 2164 1679 2197 fuerint
1703 2164 1871 2202 (videlicet)
1891 2165 1942 2195 sub
1962 2164 2055 2196 Poena
2103 2168 2184 2209 iginti
2200 2167 2365 2200 Solidorum

1291 2214 1345 2242 pro
1383 2205 1489 2236 uolibet
1503 2203 1598 2235 Dolio
1611 2203 1738 2243 Portagii
1753 2203 1886 2233 Navium
1903 2203 2121 2244 praedictarum,
2139 2207 2219 2246 quod
2232 2207 2281 2246 ipfi
2296 2207 2364 2239 Na.

1291 2254 1341 2313 ges
1373 2254 1420 2275 uas
1441 2243 1605 2284 praedidtas,
1628 2243 1664 2274 ad
1684 2242 1784 2274 endem
1805 2241 1887 2274 Loca
1907 2242 2059 2283 praedidia,
2086 2244 2222 2285 habeant,
2246 2247 2373 2285 capim-¹

1313 2292 1361 2314 um

1329 2306 1379 2353 Ita²
1391 2321 1472 2361 quod
1493 2322 1580 2353 iidem
1602 2318 1771 2352 Domini&
1785 2319 1915 2360 Magistri
1927 2318 2131 2353 Commodum
2145 2323 2179 2355 &
2192 2322 2372 2357 Proficuum'

1290 2359 1372 2391 suum
1387 2362 1424 2392 de
1439 2361 1573 2392 Navibus
1588 2358 1729 2398 praedietis
1745 2360 1859 2390 interim
1874 2359 1978 2390 habere
1990 2360 2116 2401 valeant,

1328 2399 1366 2431 Et
1387 2401 1421 2431 ad
1446 2401 1612 2432 Securitates
1632 2398 1706 2436 illas,
1727 2398 1798 2429 curn
1817 2407 1909 2438 captae
1930 2398 2050 2438 fuerint,
2069 2401 2098 2430 in
2119 2399 2293 2432 Cancellaria
2305 2411 2374 2433 no-‘

1289 2436 1359 2477 stra,
1377 2441 1447 2472 citra
1469 2438 1586 2470 Festum
1603 2437 1718 2468 Paschae
1739 2438 1875 2477 proximo
1899 2436 2047 2476 futurum,
2063 2437 2195 2470 distinc'te
2217 2439 2252 2471 δε
2265 2442 2362 2479 aperte

1287 2476 1388 2508 deferri
1401 2478 1564 2511 faciendum
1573 2501 1583 2515 ‚
2368 2478 2372 2480 ’

1327 2515 1365 2547 Et
1387 2517 1421 2547 ad
1445 2527 1547 2548 omnes
1564 2517 1640 2553 illos,
1658 2525 1729 2555 quos
1750 2516 1779 2545 in
1799 2515 1854 2546 hac
1874 2523 1953 2553 parte
1969 2514 2136 2547 contrarios
2156 2518 2297 2550 inveneris
2315 2519 2362 2550 seu

1288 2552 1443 2594 Rebeiies‚
1461 2555 1669 2592 Arestandum,
1687 2556 1720 2585 &
1741 2553 1864 2584 Prisonis
1883 2554 1984 2584 nostris
2002 2553 2248 2596 Mancipandum,
2267 2559 2296 2588 in
2309 2559 2361 2589 eis-

1287 2594 1356 2662 (ἔφη,
1377 2604 1537 2663 ἕωηιωῑοε
1552 2593 1698 2632 quousque
1711 2592 1751 2622 do
1761 2602 1861 2622 eorum
1876 2591 2031 2623 Punitione
2044 2593 2123 2624 aliter
2136 2593 2298 2627 duxerimus
2310 2606 2359 2627 or-

1311 2643 1374 2663 inan
1398 2643 1448 2664 um
1467 2644 1473 2663 z

1325 2671 1362 2702 Et
1384 2673 1451 2703 ideo
1466 2673 1517 2703 tibi
1533 2670 1730 2710 praecipimus,
1749 2668 1867 2699 firmiter
1881 2668 2078 2709 Injungentes,
2094 2672 2174 2709 quod
2189 2674 2267 2704 circa
2280 2673 2368 2705 Prae--

1289 2710 1387 2749 missa,
1407 2721 1478 2741 cum
1500 2712 1580 2741 omni
1602 2707 1764 2749 diligentia,
1782 2707 1923 2747 intendas,
1945 2710 1979 2740 ὃς
2002 2719 2034 2740 ea
2056 2709 2139 2740 facias
2164 2711 2197 2742 &
2219 2714 2361 2752 exequaris

1287 2749 1316 2778 in
1332 2749 1422 2780 forma
1440 2749 1591 2789 praedieta3

1326 2787 1439 2819 Damus
1460 2797 1556 2819 autem
1576 2785 1710 2818 universis
1730 2785 1762 2816 δε
1785 2784 1895 2824 singulis
1915 2785 2092 2825 Admirallis,
2108 2787 2143 2818 &
2157 2798 2259 2819 eorum
2276 2789 2358 2822 Loca

1286 2828 1445 2858 tenentibus
1460 2850 1469 2865 ,
1489 2825 1716 2857 Vicecomitibus
1729 2847 1738 2862 ,
1759 2824 1920 2862 Majoribus
1934 2847 1944 2863 ,
1960 2824 2090 2864 Ballivis,
2110 2825 2266 2867 Ministris,
2290 2828 2359 2859 Do-

1287 2867 1386 2905 minis,
1407 2865 1567 2904 Magistris,
1583 2866 1616 2896 &
1633 2863 1792 2894 Marinarii's
1806 2863 1956 2903 Navium,
1972 2875 2006 2894 ac
2019 2864 2078 2894 aliis
2092 2864 2232 2896 Fidelibus
2246 2866 2357 2906 nostriS,

1287 2905 1345 2933 tLim
1366 2905 1437 2935 infra
1463 2906 1636 2942 LibertateS,
1652 2904 1738 2941 quam
1761 2910 1854 2940 extra,
1873 2903 1992 2933 Tenore
2006 2902 2207 2942 Praesentium,
2226 2906 2254 2934 in
2269 2904 2357 2935 Man-

1286 2942 1371 2981 datis,
1390 2945 1470 2982 qubd
1489 2943 1581 2981 Tibi,
1597 2944 1626 2972 in
1641 2940 1792 2971 Ριπειηίίῖῑς
1804 2941 1938 2972 faciendis
1950 2942 1984 2972 &
1999 2942 2183 2981 exequendis,
2201 2942 2356 2973 Intenden-

1287 2989 1326 3011 tes
1349 2982 1418 3020 sint,
1439 2982 1644 3019 Consulentes,
1662 2981 1695 3011 δε
1718 2979 1908 3015 Auxiliantes‚
1923 2980 2053 3017 quotiens
2075 2980 2107 3009 &
2131 2989 2215 3017 prout
2237 2982 2290 3018 eis,
2309 2981 2355 3013 seu

1286 3030 1387 3051 eorum
1402 3021 1501 3059 alicui,
1518 3020 1584 3050 scire
1600 3019 1698 3049 feceris
1713 3026 1747 3048 ex
1766 3025 1844 3054 parte
1857 3016 1968 3054 nostra,
1985 3019 2019 3048 δε
2034 3017 2114 3054 quod
2127 3018 2214 3049 iidem
2228 3018 2355 3051 Viceco-

1286 3060 1366 3090 mites
1386 3070 1486 3089 omnes
1503 3058 1651 3095 Rebelles,
1668 3066 1740 3094 quos
1754 3064 1803 3091 per
1818 3055 1866 3085 Te
1881 3054 1991 3085 arestari
2005 3057 2176 3093 contigerit,
2193 3068 2209 3088 a
2221 3058 2269 3089 Te
2284 3061 2356 3090 reci-

1286 3099 1378 3135 piant,
1397 3099 1430 3129 &
1451 3099 1480 3127 in
1503 3097 1626 3128 Prison'is
1638 3094 1740 3125 nostris
1752 3093 1830 3124 salvo
1845 3092 1978 3124 custodiri
1994 3094 2096 3125 faciant
2110 3095 2140 3125 in
2155 3096 2250 3127 forma
2261 3096 2356 3137 supra—

1284 3137 1369 3168 diesin.

1324 3173 1358 3204 [n
1380 3174 1476 3211 cuius,
1493 3174 1553 3204 &c.

1360 3211 1451 3242 Teste
1463 3212 1544 3251 Rege
1559 3210 1632 3250 apud
1647 3208 1954 3248 Westmonasterium,
1972 3209 2093 3249 septimo
2105 3211 2152 3242 die
2166 3211 2318 3245 Februarii.

1728 3289 1782 3317 Per
1801 3285 1885 3326 ipfim
1902 3289 1998 3325 Regem
2016 3286 2055 3322 ᾤ’
2074 3289 2227 3320 Concilium.

1286 3366 1400 3397 Eodem
1426 3365 1517 3396 modo
1543 3365 1713 3403 assignantur
1740 3365 1884 3401 subscripti
1908 3364 1942 3395 ad
1967 3364 2066 3395 Naves
2082 3366 2110 3396 in
2132 3365 2298 3407 Portubus,
2319 3369 2359 3401 ὃς

1324 3404 1605 3482 ὲῗςίεὶάἓιὶξέίξῖτίρῑίε,
1623 3405 1657 3435 ad
1674 3404 1755 3435 Loca
1770 3403 1905 3444 praedieia
1919 3403 2099 3443 ducendum,
2117 3405 2169 3436 sub
2180 3406 2279 3437 eadem
2291 3407 2354 3439 Da-

1326 3520 1460 3559 Philippus
1484 3522 1516 3550 de
1539 3521 1685 3559 Whaton,
1702 3521 1732 3550 in
1753 3519 1864 3559 singulis
1874 3519 2018 3550 Portubus
2031 3520 2065 3552 &
2080 3521 2168 3553 Locis
2183 3520 2354 3559 Maritimis‚'

1287 3570 1301 3589 a
1317 3559 1405 3590 Portu
1420 3560 1455 3590 de
1471 3560 1496 3590 L
1517 3570 1564 3590 me
1579 3559 1664 3597 usque
1680 3558 1801 3589 Portum
1816 3557 1944 3597 Bristoll,
1963 3560 1996 3591 &
2010 3559 2134 3600 ibidem,
2150 3562 2184 3592 &
2197 3569 2246 3599 per
2258 3568 2354 3591 totum

1287 3596 1469 3629 Comitatum
1484 3569 1658 3636 gornubiae,
1676 3599 1734 3627 tam
1749 3596 1836 3635 infra,
1849 3598 1915 3637 ἃς.

1326 3675 1463 3705 Walterus
1483 3674 1668 3712 Wdeburgh,
1687 3674 1819 3705 Serviens
1834 3674 1924 3714 Regis
1937 3674 1971 3705 ad
1989 3673 2097 3713 Arma,
2113 3675 2143 3704 in
2157 3673 2264 3713 singulis
2278 3673 2351 3704 Por-

1286 3714 1369 3743 tubus
1390 3715 1423 3745 &
1439 3714 1524 3744 Locis
1538 3713 1709 3751 MaritimiS‚
1725 3723 1774 3751 per
1788 3721 1879 3743 totam
1894 3712 2047 3751 Walliam,
2066 3713 2099 3744 &
2115 3714 2146 3743 in
2159 3711 2352 3744 Comitatibus

1286 3751 1406 3782 Cestriae
1421 3754 1453 3785 &
1472 3751 1658 3791 Lancastriae,
1674 3753 1751 3790 tam,
1769 3752 1830 3782 &c.

1323 3830 1403 3865 Hugo
1426 3827 1536 3869 Fastolf
1550 3829 1584 3860 δι’,
1603 3827 1725 3858 Thomas
1746 3831 1823 3866 Lee,
1841 3828 1970 3858 Serviens
1991 3826 2082 3860 Regis
2100 3825 2132 3855 ad
2157 3825 2260 3866 Arma,
2279 3838 2352 3859 con-

1282 3867 1408 3902 junc-”tim
1429 3869 1463 3898 &
1483 3868 1594 3899 divisim
1617 3869 1646 3898 in
1662 3867 1772 3906 singulis
1779 3890 1790 3906 ,
1808 3868 1869 3898 δῖε.
1883 3867 1914 3896 in
1929 3864 2018 3895 Com.
2034 3863 2128 3894 Eflex.
2143 3863 2216 3895 Suff.
2232 3867 2354 3905 Norffi,

1287 3905 1347 3934 &a

1325 3981 1342 3997 ²*
1360 3981 1500 4010 Walterus
1517 3980 1610 4021 Frost,
1627 3981 1668 4023 ὃς
1684 3980 1806 4010 Thomas
1825 3978 1961 4023 Staffiird,
1978 3977 2108 4022 Serviens
2127 3979 2219 4023 Regis
2239 3981 2272 4012 ad
2297 3981 2381 4012 Ab*
2403 3996 2454 4023 V1,

1287 4028 1333 4048 ma
1349 4020 1528 4056 conjunffim
1542 4020 1575 4050 &
1590 4020 1719 4056 divisim,
1737 4020 1766 4049 in
1779 4017 1907 4056 singulm,
1925 4017 1985 4048 &c.
1999 4027 2027 4048 in
2042 4016 2195 4051 Comitatu
2210 4019 2353 4058 Eborum,
2366 4041 2430 4066 709.

1286 4058 1345 4087 tiim
1361 4058 1433 4088 infra
1441 4082 1449 4093 ,
1470 4058 1532 4088 &c.

2276 4094 2359 4127 Idem
