2561 4251
698 156 805 199 ELfT
889 158 1154 202 ACTA

1 242 64 281 Qun,
75 236 114 276 Ι),
131 238 422 283 Βγςεάὶᾶκ,,ι·ῃρτεω
435 237 475 269 ibi
487 248 547 270 non
560 239 656 280 faciat,
675 250 728 272 nec
743 243 874 281 zai-iquem
895 245 935 275 ibi
954 245 1095 276 substituat
1115 246 1184 278 loco

1 284 478 353 j{?73,¹sk11.5:alv‘a*,etiamss'Nobis,
494 317 527 347 &
543 316 714 348 Haeredibus
734 319 851 358 nostris,
872 331 924 358 pro
944 323 1120 360 temporibus
1141 334 1186 354 ea-

131 353 262 385 rumdem
283 351 490 392 vacationum,
509 355 648 386 Custodia
667 356 822 388 Terrarum
837 383 846 396 ,
865 361 899 391 ὃ(
920 360 1197 400 Τεηεσιεηῐοωτη,,

133 395 178 424 seu
200 392 390 428 Reddituum,
406 390 426 420 fi
446 402 510 430 quae
533 393 665 432 Episcopi
688 396 810 432 ejusdem
832 397 889 427 loci
911 399 939 427 in
961 398 1062 431 Feodo
1074 409 1185 430 exnunc

133 429 364 470 adquisierint3&
377 430 460 460 etiam
477 430 619 462 Custodia
630 433 783 464 Terrarum
799 436 834 465 &c
848 435 1185 476 Tenementorum,quae

132 471 166 501 ad
181 478 276 499 manus
297 466 464 499 eorumdem
487 469 712 508 Episcoporuni‚
731 481 779 508 per
803 472 965 512 Escaetam‚
983 475 1027 504 vel
1047 476 1101 506 alio
1124 487 1188 506 nio-

133 509 190 545 do,
205 507 335 537 devenire
349 509 512 547 contiberit,
530 518 578 545 per
590 508 749 539 Escaetores
763 510 808 540 seu
823 511 889 541 alios
903 512 1053 543 Ministros
1067 515 1188 554 nostrOS‚

135 545 296 576 durantibus
311 544 412 575 eisdem
427 531 642 584 Vacationibus,
661 547 821 585 retinenda,
839 550 874 578 ita
887 559 982 580 tamen
1004 554 1084 590 quod
1110 553 1190 583 Red-

136 585 206 615 ditus
228 583 260 613 &
284 583 400 614 Servitia
421 583 522 613 Annua
542 583 699 614 Terrarum
720 586 753 615 &
774 586 1022 620 Tenementorum
1037 615 1047 628 ,
1072 601 1136 628 quie
1155 592 1190 622 ad

137 632 235 652 manus
254 622 397 652 dietorum
419 621 444 651 E
466 621 644 659 iscoporum,
663 633 711 660 per
734 623 894 663 Escaetam,
914 627 951 657 fic
972 628 1103 660 devenire
1118 640 1190 660 con-

115 675 123 682 ·
135 662 242 699 tinget,
260 671 312 698 pro
327 660 445 696 tempori
469 662 499 689 us
510 660 673 691 earumdem
696 661 899 703 Vacationum,
918 665 1041 704 eisdem,
1060 668 1191 698 Praecen-

138 701 193 729 tori
216 700 249 730 ὅ(
270 697 418 736 capitulo,
435 697 469 727 δε
490 707 590 728 eorum
613 699 843 740 Succefforibus,
862 713 1037 741 remaneant,
1057 706 1090 735 &
1111 706 1192 745 quod

94 736 110 754 “v
140 738 262 774 (ratione
275 734 421 766 Custodiae
434 735 591 767 Tem-arum
611 738 645 768 &
663 738 929 779 Tenemenrorum,
945 743 990 772 seu
1014 743 1193 774 Reddituum

139 774 310 813 hujusmodi)
325 773 503 812 EscaetOtes‚
521 774 564 805 seu
578 775 620 805 alii
638 776 763 807 Ministri
777 778 883 816 nostri,
902 780 948 809 vel
963 780 1118 811 Hceredum
1139 792 1195 812 no-

140 814 279 849 strorum,
295 811 406 842 dictum
424 812 626 851 Episcopatum
640 815 794 845 nullatenus
806 817 1014 855 ingrediantur,
1032 830 1087 850 nec
1102 820 1137 849 de
1146 831 1196 850 eo-

140 853 207 882 dem
220 849 406 888 Episcopatu,
424 850 469 880 seu
485 852 631 889 aliquibus,
652 853 685 882 ad
701 863 766 896 eum
782 864 858 884 nunc
874 857 1093 896 pertinentibus,
1111 859 1137 888 se
1152 860 1196 888 iri-

125 918 127 920 ,
140 890 298 921 uomittant
310 889 385 918 aliter
399 890 483 927 quam
499 891 527 919 in
543 890 636 920 forma
649 891 811 928 supradieta.

177 925 210 957 In
227 929 321 964 cujuS,
338 928 398 958 &c.

176 965 267 996 Teste
281 965 361 1004 Rege
374 965 448 1003 apud
461 965 765 1006 westmonasterium,
783 970 879 1008 primo
893 970 940 1002 die
957 971 1038 1003 Maii.

178 1040 330 1119 Perlipficm
346 1043 458 1085 Regem,

475 1044 633 1072 Nunciante
654 1043 786 1076 Roberto
805 1045 842 1076 de
862 1047 989 1080 Asheton
1004 1072 1015 1088 ,
1043 1053 1198 1080 Camerario

215 1084 290 1118 ipius
304 1082 389 1116 Regis.
800 1107 802 1110 v

252 1202 301 1233 De
320 1203 416 1233 Mora
427 1202 590 1246 fiacienda,
607 1205 698 1251 sitper
715 1206 868 1250 [nvafione
885 1208 1082 1245 Gallicorum.

149 1284 281 1342 REX,
300 1285 460 1317 Venerabili
476 1289 507 1317 in
527 1288 645 1319 Christo
664 1289 753 1329 Patri,
772 1291 823 1321 Th.
847 1293 945 1324 eadem
960 1296 1065 1334 gratifi,
1081 1296 1203 1336 Episcopo

227 1326 362 1364 Eximiae,
380 1326 513 1356 Salutem.

186 1363 263 1401 Quia
284 1374 336 1400 pro
359 1374 439 1395 certo
460 1364 643 1396 intelleximus
666 1367 746 1405 quod
768 1367 882 1399 Inimici
905 1370 992 1401 nostri
1007 1371 1149 1412 Franciae,
1168 1375 1201 1405 δε

147 1401 190 1432 alii
208 1402 255 1432 sibi
271 1402 453 1433 Adliaerentes
463 1427 472 1440 ,
491 1414 624 1440 magnam
639 1405 850 1437 multitudinem
866 1408 1014 1448 Navium,
1033 1410 1185 1442 Galearum
1195 1436 1204 1450 ,

149 1440 181 1470 &
196 1439 379 1479 Bargeirum,
398 1451 466 1471 cum
480 1441 656 1473 Hominibus
676 1443 712 1474 ad
733 1444 822 1476 Arma
836 1447 875 1481 ,δε
890 1447 1028 1488 Armatis,
1046 1451 1204 1489 congrega-

152 1487 216 1509 runt

189 1501 235 1547 Et’
243 1516 313 1547 infra
336 1512 470 1556 Regnum
485 1518 614 1548 nostrum
628 1518 756 1558 AngHae,
774 1520 808 1550 ad
823 1522 905 1552 citius
919 1533 978 1561 quo
990 1533 1139 1565 poterunt,
1156 1538 1205 1566 ap-

151 1554 449 1593 plicare,&,N05,&
463 1556 576 1586 dic‘tum
592 1556 728 1595 Regnum
742 1558 889 1598 nostrum,
907 1571 940 1591 ac
955 1571 1045 1594 totam
1061 1565 1204 1602 Linguam

150 1593 336 1632 Anglicanam
358 1593 498 1624 destruere
518 1596 551 1626 ὃς
572 1594 664 1626 delere
684 1606 849 1635 proponunt
863 1622 872 1636 ,
892 1600 941 1630 nisi
962 1611 1061 1633 eorum
1084 1603 1205 1636 Malitiae

142 1631 245 1662 ·Manu
264 1631 342 1662 Forti
357 1631 507 1671 resistatur,

189 1669 259 1700 Nos
267 1692 277 1708 ,

187 1707 324 1738 Voleiites
336 1707 496 1746 hujusmodi
510 1709 650 1748 Darnpnis
663 1711 697 1742 ὃς
721 1712 871 1752 periculis,
888 1724 951 1753 quae
974 1717 1091 1757 Nobis,
1110 1721 1143 1751 ὃς
1164 1720 1207 1750 di-

142 1745 202 1776 eto
219 1745 322 1784 Regno
336 1747 435 1777 nostro
445 1757 495 1785 ,ex
509 1749 603 1779 subitis
616 1749 760 1781 &storum
769 1751 958 1785 Inimicorum
973 1756 1136 1788 nostrorum
1147 1759 1207 1798 Ag—

151 1784 300 1823 greslibus,
316 1787 429 1816 evenire
445 1786 572 1824 poffent,
590 1797 766 1829 praecavere,

141 1845 144 1848 .
187 1822 295 1861 Vobis,
312 1823 476 1862 districtius,
496 1835 554 1862 quo
576 1827 731 1862 poterimus
745 1851 754 1865 ,
773 1828 890 1860 firmiter
909 1832 1099 1872 iniungendo,
1120 1835 1208 1866 Man-

151 1860 249 1892 damus
269 1862 348 1899 quod
370 1872 439 1899 vos,
458 1873 524 1892 cum
544 1865 626 1893 omni
648 1864 835 1897 Festinatione
848 1893 857 1906 ,
875 1869 909 1899 ad
932 1870 1033 1902 Terras
1053 1875 1086 1904 ὃς
1109 1874 1207 1904 Tene-

151 1909 247 1930 menta
262 1899 368 1937 vestra,
389 1900 473 1930 Villae
487 1902 523 1931 de
537 1901 712 1934 Dertmouth
728 1907 913 1945 propinquius
925 1909 1095 1950 adjacentia,
1114 1913 1207 1949 perso-

151 1939 247 1968 naliter
258 1937 414 1977 divertatis,
433 1939 556 1978 ibidem,
574 1949 640 1970 cum
656 1941 835 1975 Hominibus
847 1946 958 1983 vestris,
977 1949 1010 1979 ὃς
1022 1957 1079 1979 tota
1096 1951 1208 1982 Familia

151 1976 258 2013 vestra,
277 1976 386 2007 fortiori
400 1977 491 2008 modo
504 1989 563 2015 quo
576 1981 717 2018 poteritis,
735 1982 813 2019 super
836 1983 1009 2016 Defensione
1033 1987 1114 2018 Villae
1136 2000 1209 2029 prae-

151 2015 255 2053 dietae,
265 2016 298 2046 &
310 2014 433 2046 Partium
451 2017 469 2036 ³*
487 2017 804 2058 Adjacentium,contra
818 2021 946 2054 Hostiles
961 2025 1210 2066 Aggreffus,c0n-

155 2055 233 2084 tinue
253 2055 406 2093 moraturi,

192 2091 231 2122 Et
246 2091 388 2122 Homines
403 2094 436 2124 &
459 2093 603 2124 Tenentes
622 2094 730 2127 vestros
750 2097 857 2128 ibidem
878 2100 1032 2139 (videlicet)
1054 2105 1212 2142 quemlibet

154 2139 257 2160 eorum
272 2131 350 2168 juxta
370 2131 478 2161 Statum
502 2135 534 2162 ὅτ.
550 2132 704 2164 Facultates
720 2135 800 2174 suos,
818 2139 921 2168 arraiari
932 2162 942 2178 ,
959 2142 993 2171 δε
1010 2141 1127 2173 Moram
1141 2154 1212 2174 con-

153 2169 262 2198 tinuam
277 2168 400 2207 ibidem,
418 2170 527 2200 fortiori
549 2170 639 2201 modo
662 2182 720 2209 quo
743 2183 890 2214 poterunt,
906 2178 1064 2215 hujusmodi
1079 2181 1213 2212 Periculis

157 2207 348 2241 iminentibus)
365 2208 474 2245 facere,
490 2210 523 2239 Sc
540 2209 628 2247 ipsos,
647 2211 681 2241 ad
697 2212 755 2242 hoc
769 2213 893 2245 celeriter
905 2216 1082 2257 faciendum,
1100 2231 1149 2258 per
1156 2220 1211 2251 Di-

158 2244 321 2275 stridkiones-
330 2242 477 2276 Bonorum
489 2249 523 2278 ὃς
537 2247 713 2279 Catallorum
725 2250 840 2282 suorum
849 2254 898 2290 ,&
911 2255 978 2285 alios
991 2258 1049 2286 vias
1063 2259 1096 2288 ὃς
1110 2258 1212 2290 modos

155 2284 258 2320 quibus
280 2285 403 2321 poteritis
417 2307 428 2322 ,
445 2286 579 2323 compelli
601 2287 633 2318 &
655 2287 781 2328 distringi
801 2291 903 2322 faciatis
923 2294 1061 2333 indilate,
1079 2297 1113 2327 &
1135 2298 1212 2336 hoc,

157 2322 207 2353 sub
220 2321 350 2352 Periculo
365 2323 443 2361 quod
454 2325 611 2363 incumbit,
629 2326 783 2358 nullatenus
801 2331 944 2362 omittatis.

193 2360 282 2392 Teste
295 2360 382 2399 Rege
396 2362 469 2399 apud
484 2362 790 2405 Westnionasterium,
810 2369 866 2400 xiv.
887 2369 931 2400 die
948 2371 1030 2402 Maii.

0 1311 74 1343 Arm.
85 1309 127 1337 D.

15 1355 100 1388 1377-

0 1395 48 1420 Au.
66 1395 113 1421 5¹·

0 1434 30 1458 Ε.
51 1435 77 1462 3·

0 1464 87 1499 Clatcs.

0 1515 42 1542 5¹·
60 1507 85 1529 Ε.
107 1509 131 1536 3.

1 2016 21 2037 ’Β
41 2018 108 2045 VII.

7 2058 67 2092 146.

627 2443 680 2471 Per
693 2442 775 2482 ipfinn
790 2446 886 2483 Regem
901 2446 939 2482 ὦ»
956 2449 1106 2481 Concilium.

203 2512 361 2545 Confimile
373 2515 461 2547 Breve
475 2516 602 2555 dirigitur
615 2518 727 2548 Abbati
742 2520 773 2550 de
787 2522 896 2563 Bucfest
910 2524 960 2556 sub
973 2526 1072 2557 eadem
1086 2527 1169 2558 Data.

196 2589 362 2621 Consimilia
382 2592 481 2623 Brevia
501 2594 658 2633 diriguntur
678 2596 849 2637 subscriptis,
868 2599 901 2630 ad
922 2601 949 2631 se
962 2625 971 2640 ,
989 2602 1023 2633 ad
1043 2604 1162 2644 Terras,
1181 2606 1214 2637 &

158 2628 337 2660 Tenementa
349 2630 407 2667 sua,
426 2631 508 2662 Villae
526 2633 561 2663 de
575 2633 731 2665 Plunmuth
747 2638 934 2677 propinquius
954 2640 1106 2679 adjacentia
1124 2644 1215 2676 diver-

160 2668 279 2698 tendum
292 2668 341 2698 sub
355 2669 454 2699 eadem
471 2670 563 2710 Data,
578 2672 725 2712 videlicet,

161 2743 273 2773 Abbati
284 2745 316 2773 de
331 2743 470 2783 Tavestok.

163 2782 273 2811 Abbati
287 2783 318 2811 de
331 2783 478 2813 Bukelona'.

161 2822 249 2849 Priori
262 2819 293 2849 de
307 2820 457 2859 Plumpton.

162 2896 296 2953 REX,
313 2896 420 2928 dileeio
435 2899 468 2929 &
483 2898 556 2930 fideli
571 2900 637 2940 suo,
655 2901 784 2940 Johanni
802 2907 952 2945 Damirell,
969 2909 1102 2942 Salutem.

259 2936 335 2973 Qiia
348 2946 400 2973 pro
416 2945 514 2976 certo,
532 2937 591 2972 &c.
608 2947 641 2969 ut
647 2940 732 2980 fiapra
746 2941 823 2983 usque
837 2944 875 2973 ibi
883 2969 891 2983 ,
905 2956 1078 2986 praecavcre,
1097 2949 1135 2984 (ξφ
1149 2958 1214 2981 tunc

151 2971 206 3012 fic,
224 2973 316 3004 Vobis
336 2974 518 3015 mandamus,
537 2977 651 3009 firmiter
673 2981 851 3019 injungentes
865 3005 874 3021 ,
893 2985 942 3015 sub
961 2986 1134 3019 forisfadtura
1151 3000 1216 3020 om-

158 3012 237 3042 niurn
248 3035 258 3050 ,
277 3022 341 3050 quae
354 3013 436 3043 nobis
449 3014 608 3047 forisfacere
621 3020 759 3058 poteritis,
778 3021 859 3058 quod
874 3033 941 3061 VOS,
958 3034 1026 3055 cum
1041 3028 1123 3057 omni
1138 3028 1216 3058 festi-

158 3051 272 3080 natione
286 3075 296 3088 ,
321 3050 355 3081 ad
373 3051 477 3084 Tei-ras
496 3054 530 3085 &
554 3054 732 3087 Tenementa
752 3059 842 3089 vestra
860 3084 869 3096 ,
886 3060 967 3093 Villae
989 3063 1024 3093 de
1047 3065 1215 3097 Plummuih

159 3089 342 3127 propinquius
356 3089 523 3130 adjacentia,
541 3093 601 3127 &a
615 3101 646 3123 ut
659 3096 739 3133 supra
754 3095 832 3137 usque
845 3098 901 3137 ibi,
918 3102 1032 3133 indilate
1044 3103 1082 3138 (ξφ
1098 3105 1213 3144 tuucfic5

161 3125 199 3156 Et
200 3128 272 3195 ,113οῆ
284 3128 332 3157 sub
347 3129 522 3195 {oris-factura
533 3131 666 3169 praediCta
678 3134 831 3168 nullatenus
839 3139 982 3171 omittatis.

233 3175 247 3194 e
274 3175 289 3194 e
304 3175 334 3196 ut
360 3176 433 3203 upra.

709 2749 836 2788 Johanni
852 2756 880 2781 V
880 2757 960 2784 icario
973 2756 1005 2785 de
1017 2757 1166 2797 Plttmpton.

709 2790 799 2819 Priori
812 2792 843 2820 de
861 2793 999 2833 stlotbury.

6 2921 68 2950 ibid.

162 3239 330 3270 Consimilia
344 3240 440 3273 Brevia
454 3243 608 3283 diriguntur
624 3247 854 3288 subscriptis‚sub
868 3253 967 3285 eadem
981 3256 1061 3297 data,
1071 3259 1218 3299 videlicet,

163 3316 292 3356 Johanni
303 3317 380 3347 Kelle
388 3341 398 3356 ,
414 3318 561 3359 Chivaler,

164 3357 291 3384 Martino
305 3358 396 3385 Ferers
405 3379 414 3394 ,

166 3392 313 3423 Wllielmo
327 3395 358 3423 de
373 3399 521 3434 Corynton,

167 3429 295 3469 Johanni
303 3432 424 3462 Ura'ham
432 3457 442 3472 ,

711 3324 838 3362 Johanni
851 3329 882 3358 de
897 3333 1007 3372 Mewy,

711 3363 817 3394 Thomae
834 3366 1018 3409 chaumbron,

712 3401 826 3432 Roberto
839 3405 955 3436 Chalom·
962 3430 972 3446 ,

711 3439 840 3478 Johanm‘
855 3443 948 3484 Gelle,
968 3446 1129 3480 Marchant.

204 3506 370 3539 Consimilia
392 3509 488 3541 Brevia
512 3512 668 3551 diriguntur
689 3515 846 3555 subscriptis
860 3543 869 3558 ,
887 3520 921 3550 ad
941 3521 966 3552 se
981 3545 990 3560 ,
1008 3523 1042 3553 ad
1064 3525 1168 3555 Terras
1187 3527 1222 3557 δι’

166 3544 348 3576 Tenementa
363 3547 423 3585 sua,
443 3549 524 3578 Villae
539 3551 574 3579 de
588 3551 741 3584 Dertmuth
757 3559 940 3596 propinquius
951 3561 1222 3602 adjacentia,diver-

166 3584 300 3622 tendum,
319 3585 368 3615 sub
382 3586 480 3617 eadem
497 3587 591 3627 Data,
608 3590 753 3631 videlicet,

166 3660 271 3698 Jacobo
287 3661 317 3690 de
326 3661 440 3692 Audele.

164 3698 292 3736 Johanni
308 3703 467 3737 hlountagu.

169 3738 210 3765 W
208 3736 315 3767 illielmo
331 3741 476 3770 Botriaux.

712 3668 840 3707 Johanni
853 3673 885 3702 de
898 3673 927 3703 la
942 3677 1077 3716 pomeray.

714 3707 832 3747 Philippo
845 3712 877 3740 de
893 3717 1050 3755 courtenay.

715 3747 790 3776 Adae
805 3748 873 3778 Cole.

23 3827 100 3859 Arm.
113 3825 155 3857 D.

54 3874 138 3905 1377·

23 3908 77 3932 An.
92 3914 139 3939 5¹-

26 3946 54 3969 E.
79 3953 105 3979 3.

28 3984 162 4014 Franc.51.

414 3873 463 3904 De
478 3873 657 3918 Prifimariis
679 3877 823 3921 Capitalis
838 3877 874 3912 de
890 3882 988 3928 Bogio.

181 3950 315 4005 REX,
333 3963 382 3997 per
396 3955 508 3999 'Literas
529 3958 586 4002 suas
606 3959 740 4002 Patentesv
771 3972 820 4000 per
840 3963 924 4007 Duos
947 3965 1062 3999 Menses
1074 3969 1229 4011 duraturas,

195 4002 200 4005 -
737 3985 941 4035 besenlionem
961 4007 1054 4046 suam,
1072 4019 1185 4041 necnon
1200 4014 1230 4042 in

767 4041 886 4071 aidonem
901 4042 932 4072 de
948 4046 1020 4083 Rupe
1043 4047 1232 4082 Archidiaco-

1238 163 1718 209 PUBL-ICA.
2238 191 2288 228 59

1222 258 1292 278 num
1304 271 1312 287 ,
1331 250 1363 280 &
1380 249 1578 282 Colleekorem
1592 256 1703 284 Domini
1717 259 1817 285 Summi
1832 254 2276 302 Pontificis,veniendoinReg-
2301 264 2376 295 Ann.
2392 264 2434 295 D.

1223 297 1293 316 num
1310 287 1439 324 Angliae,
1455 298 1511 319 tam
1528 301 1576 327 per
1590 292 1726 329 Terram,
1742 296 1827 331 quam
1843 305 1891 332 per
1910 297 2007 333 Mire,
2027 308 2079 334 pro
2094 298 2206 330 finanus
2223 304 2276 330 Ro-
2329 311 2413 341 1377.

1219 329 1276 362 geri
1291 326 1322 354 de
1338 326 1412 355 Bello
1424 330 1500 356 Furti
1516 329 1616 359 Militis
1631 333 1663 361 &
1679 330 1821 368 Johannis
1835 334 1866 361 αἰ·
1882 336 1954 372 Rupe
1971 335 2086 374 Militis,
2106 337 2278 369 Prisonario-
2301 344 2365 370 Edv.
2383 352 2409 379 3.

1223 373 1287 394 rum
1302 362 1435 401 Capitalis
1448 366 1483 395 de
1498 365 1590 406 Bogio
1603 368 1746 407 facienda,
1761 380 1829 400 cum
1846 371 1927 410 Qin
1951 382 1984 402 ue
1999 373 2148 411 Equitibus
2162 378 2191 406 in
2215 377 2278 407 Co-

1225 403 1320 432 mitiva
1336 403 1395 439 sua,
1415 413 1447 433 ac
1464 403 1562 434 Rebus
1577 407 1610 436 δε
1626 406 1764 438 Hernel'iis
1778 407 1831 437 suis
1846 411 1933 447 quibu
1946 420 2078 449 cumque.

1229 439 1356 508 MTeste
1376 441 1460 479 Rege
1488 443 1562 481 apud
1593 445 1879 478 Westmonasterium
1893 472 1903 486 ,
1930 449 2067 480 vicelimo
2092 452 2210 491 septimo
2238 453 2284 484 die

1267 489 1310 508 su.

1433 519 1486 547 Per
1500 518 1658 558 Concilium,
1677 523 1834 553 Nunciante
1852 523 2003 555 Nicholao
2017 526 2052 556 de
2066 526 2180 560 Carreu-

1265 596 1437 627 Confimiles
1456 597 1562 628 Literas
1576 598 1665 638 Regis
1678 599 1714 630 de
1730 599 1888 633 Conduetu
1898 627 1907 641 ,
1927 614 1976 642 per
1991 605 2065 636 idem
2081 616 2189 646 tempus
2203 610 2286 641 dura-

1229 642 1316 671 tutas,
1336 635 1419 665 habet
1435 635 1522 664 Guido
1534 636 1563 665 la
1579 638 1736 676 Bardonia,
1754 639 1882 670 Serviens
1897 643 1930 672 ad
1956 644 2059 683 Arma,
2077 649 2186 675 Domini
2208 654 2285 678 Sum-

1227 684 1263 701 mi
1287 672 1440 713 Pontificis,
1458 674 1615 713 veniendo,
1635 686 1704 706 cum
1726 677 1832 708 Tribus
1853 678 2018 720 Equitibus,
2035 684 2064 713 in
2083 684 2196 715 dietum
2207 686 2290 727 Reg-

1230 720 1300 741 num
1318 710 1445 750 Angliae,
1465 721 1500 742 ex
1513 713 1595 744 causa
1610 714 1752 752 praedidta.

1270 748 1359 778 Teste
1377 758 1406 780 ut
1425 750 1512 788 supra.

1423 827 1475 855 Per
1494 826 1653 865 Quiza-ilium,
1672 829 1830 860 Nuntiante
1843 830 1995 865 Nicholao
2016 835 2052 866 de
2068 836 2185 869 Carreu.

1499 954 1518 973 ⁴*
1548 955 1595 986 De
1614 954 1757 987 morando
1776 946 1807 988 in
1829 958 1933 1003 Infhla
1946 961 2046 995 Vesta.
2317 985 2405 1013 nvn,

1239 1035 1374 1092 REX,
1393 1037 1499 1068 anesus
1520 1039 1553 1069 sc
1574 1037 1700 1069 fidelibus
1722 1039 1790 1078 suis,
1807 1041 1937 1079 Johanm'
1961 1045 1992 1073 de
2006 1046 2172 1087 cavendiyh,
2191 1051 2225 1080 ες
2242 1050 2298 1080 so·
2320 1034 2394 1091 X‘ssxg,
2407 1060 2449 1090 ι),

1253 1113 1258 1117 1
1311 1077 1367 1144 giis
1389 1076 1440 1106 suis
1455 1076 1634 1116 justiciariis,
1653 1077 1687 1107 ad
1702 1077 1806 1110 Placita
1820 1090 1918 1112 coram
1933 1082 2034 1114 Nobis
2051 1087 2169 1117 tenenda
2183 1087 2298 1128 affigna-
2341 1107 2425 1138 1377¹

1238 1120 1272 1142 tis
1332 1124 1345 1143 a
1358 1123 1443 1144 utem.

1274 1136 1473 1183 Memoramur
1484 1153 1606 1184 corditer
1619 1155 1653 1184 &
1666 1152 1770 1186 attente
1784 1156 1863 1194 quod
1879 1158 1913 1188 ad
1926 1158 2115 1191 Salvationem
2131 1162 2227 1203 Regni
2243 1175 2299 1196 no-

1239 1188 1285 1219 stri
1307 1191 1435 1229 Anghae,
1453 1202 1512 1229 prae
1533 1194 1641 1223 caeteris
1665 1192 1888 1233 astringimur&
1901 1205 2045 1237 tenemur,

1239 1229 1342 1259 viribus
1357 1230 1533 1260 intendemus
1547 1232 1580 1262 &
1595 1241 1733 1267 ponemus
1746 1242 1834 1270 partes
1847 1234 1963 1265 nostras.

1280 1265 1359 1297 Cum
1373 1268 1466 1306 itaque
1480 1269 1569 1299 Insula
1585 1266 1692 1307 Vesta,
1713 1280 1777 1308 quae
1789 1271 1860 1302 infra
1874 1272 1954 1303 Litus
1978 1273 2082 1313 Maris,
2101 1279 2129 1307 in
2153 1277 2302 1312 Comitatu

1241 1304 1486 1345 Suthamptoniae,
1502 1307 1612 1337 situatur
1622 1332 1631 1345 ,
1650 1307 1790 1339 Hostibus
1803 1309 1903 1340 nostris
1915 1312 2033 1349 publicis
2049 1317 2171 1347 maxime
2183 1318 2213 1348 sit
2236 1330 2304 1358 pro-

1241 1343 1360 1381 pinqua,
1381 1355 1465 1382 quam
1479 1347 1562 1375 etiam
1576 1345 1695 1376 Insulam
1711 1347 1797 1376 iidem
1811 1347 1917 1379 Hostes
1932 1350 2054 1381 multum
2079 1354 2232 1387 desiderant
2242 1380 2250 1395 ,
2267 1359 2303 1389 ὃς

1241 1391 1303 1411 eam
1321 1383 1391 1412 infra
1415 1384 1502 1414 breve
1521 1393 1632 1422 tempus
1651 1386 1856 1423 apropinquare
1874 1388 1907 1419 &
1920 1387 2057 1420 debellare
2069 1401 2252 1434 proponunt,
2272 1404 2303 1427 ut

1242 1419 1414 1458 audivimus,
1433 1422 1466 1452 &
1482 1421 1508 1452 se
1527 1428 1638 1461 parant,

1282 1458 1351 1488 Nos

1282 1482 1383 1535 Licei,
1402 1497 1438 1527 de
1453 1498 1635 1529 Avisamento
1649 1498 1775 1530 Concilii
1789 1500 1895 1539 nostri,
1909 1502 2048 1535 Seffiones
2065 1507 2187 1548 nostras,
2198 1510 2226 1539 in
2242 1509 2306 1541 Co-

1244 1535 1343 1566 mitatu
1357 1535 1511 1574 praedicsto,
1529 1537 1564 1566 ad
1578 1537 1683 1567 Placita
1707 1548 1806 1568 coram
1827 1539 1924 1570 Nobis
1946 1543 2080 1583 tenenda,
2100 1549 2234 1584 quamdiu
2254 1560 2308 1580 no-

1245 1572 1309 1603 strae
1324 1574 1458 1610 placuerit
1471 1575 1625 1613 voluntati,
1644 1574 1862 1614 ordinavimus,

1284 1611 1425 1643 Volumus
1440 1621 1534 1643 tamen
1549 1614 1583 1644 &
1594 1614 1725 1651 jubemus
1740 1614 1821 1652 quod
1836 1625 1936 1647 omnes
1958 1618 1990 1648 &
2014 1619 2129 1660 singuli,
2145 1623 2308 1656 Residentes

1245 1650 1279 1681 &
1302 1650 1465 1681 Habitantes
1487 1651 1517 1681 in
1535 1650 1624 1681 Insula
1646 1650 1736 1682 Ved'ta
1750 1676 1760 1689 ‚
1793 1653 1994 1696 cujuscumque
2017 1658 2120 1689 fuerint
2139 1661 2232 1692 Statsis
2260 1674 2306 1694 aut

1246 1688 1450 1727 Conditionis,
1469 1689 1620 1720 Salvationi
1636 1691 1668 1721 ὃς
1684 1689 1852 1721 Defensioni
1867 1692 1988 1730 ejusdem
2000 1694 2100 1727 Insulae
2112 1702 2248 1730 continue
2264 1703 2307 1730 in-

1247 1727 1379 1766 tendant,
1398 1728 1431 1758 &
1445 1727 1552 1758 ibidem
1569 1727 1688 1758 Moram
1703 1729 1805 1759 faciant
1817 1730 1855 1773 ὅς
1864 1741 2037 1771 remaneant,
2055 1736 2157 1774 absque
2172 1748 2207 1768 eo
2229 1740 2308 1776 quod

1247 1765 1312 1803 ioli,
1330 1766 1374 1796 seu
1395 1775 1496 1796 eorum
1519 1767 1633 1805 aliquis,
1651 1777 1750 1797 coram
1773 1767 1886 1806 Nobis,
1902 1771 1931 1799 in
1955 1771 2126 1804 Seffionibus
2142 1776 2258 1816 nostris,
2279 1779 2309 1807 iti

1248 1802 1395 1835 Comitatu
1409 1804 1565 1842 praeditito,
1581 1808 1745 1843 compatere
1760 1806 1805 1836 seu
1820 1808 1934 1845 venire,
1952 1809 1997 1839 vel
2012 1813 2040 1841 in
2064 1812 2176 1851 Asfifis,
2190 1814 2310 1853 juratis,

1246 1841 1292 1872 scu
1314 1842 1575 1878 Recognitionibus
1590 1843 1727 1880 aliquibus
1749 1844 1856 1874 ibidem
1877 1846 2062 1886 (quamquam
2084 1861 2136 1881 nos
2159 1853 2311 1890 specialiter

1247 1882 1373 1919 tangant)
1392 1881 1466 1911 Poni
1481 1881 1525 1911 seu
1543 1880 1698 1912 Pannellari
1709 1883 1928 1921 compellantur,
1945 1896 1991 1917 aut
2011 1897 2154 1920 teneantur
2167 1901 2311 1929 quocum-

1249 1928 1305 1956 que
1326 1919 1417 1950 modo
1433 1919 1478 1951 vel
1494 1919 1609 1958 colore,
1627 1919 1774 1958 quousque
1789 1920 1863 1951 aliud
1878 1923 1944 1953 inde
1958 1924 2118 1958 duxerimus
2137 1928 2312 1961 demandan-

1249 1958 1335 1987 duni:

1287 1995 1324 2027 Et
1341 1996 1406 2027 ideo
1422 1995 1514 2026 Vobis
1530 1996 1701 2028 Mandamus
1719 1997 1800 2035 quod
1821 1998 1894 2036 ipsos
1913 1998 2072 2041 Homines,
2091 2004 2257 2037 Residentes
2278 2008 2312 2038 &

1250 2033 1416 2066 Habitantes
1429 2036 1460 2065 iu
1473 2034 1572 2065 eadem
1586 2035 1693 2073 Insula,
1713 2046 1810 2067 coram
1834 2037 1951 2076 Nobis,
1968 2040 1996 2069 in
2016 2040 2189 2074 Seslionibus
2210 2045 2314 2076 nostris

1250 2073 1409 2111 praedic'tis,
1434 2075 1463 2103 in
1485 2072 1634 2104 Comitatu
1654 2074 1808 2113 praedieto,
1833 2085 1999 2116 comparere
2016 2079 2062 2110 seu
2084 2084 2197 2119 venire,
2221 2083 2267 2114 vel
2285 2085 2316 2114 in

1251 2111 1361 2150 Affisis,
1381 2112 1501 2150 juratis,
1528 2112 1575 2142 seu
1597 2112 1854 2152 Recognitionibus
1874 2114 2010 2153 aliquibus
2033 2116 2142 2150 ibidem
2164 2121 2242 2158 (licet
2262 2132 2317 2153 nos

1251 2150 1401 2187 specialiter
1416 2151 1542 2188 tangant)
1560 2150 1636 2181 Poni
1650 2151 1695 2181 seu
1709 2150 1863 2183 Pannellari
1872 2176 1881 2191 ,
1898 2153 2051 2186 nullatenus
2065 2159 2253 2198 compellatis,
2263 2170 2318 2190 nec

1252 2189 1388 2226 compelli
1408 2190 1573 2226 permittatis
1595 2189 1653 2220 ullo
1666 2188 1775 2228 m0d0,
1795 2199 1894 2221 contra
1910 2191 2096 2225 Voluntatem
2112 2198 2145 2228 &
2154 2198 2171 2237 J
2177 2197 2318 2229 uffionern

1251 2226 1356 2257 nostras
1369 2226 1550 2264 supradietas:
1890 2267 1896 2273 ι

1288 2265 1343 2303 Et,
1359 2265 1378 2295 si
1394 2276 1458 2303 quae
1472 2265 1546 2296 forte
1561 2265 1665 2297 Placita
1677 2266 1723 2297 vel
1740 2266 1872 2305 Qerelae
1888 2276 1959 2299 inter
1971 2269 2116 2303 Homines
2128 2273 2227 2305 Insulae
2242 2285 2316 2312 prae-

1251 2303 1352 2342 ἀῑᾶεε,
1373 2303 1429 2334 five
1444 2303 1516 2334 inter
1529 2314 1620 2335 unum
1631 2314 1731 2335 eorum
1744 2307 1776 2336 ὃς
1799 2305 1883 2336 alium
1904 2307 2104 2349 Forinsecum,
2122 2323 2220 2343 coram
2245 2314 2316 2345 No-

1252 2343 1311 2380 bis,
1330 2343 1358 2372 in
1373 2342 1513 2379 praediffis
1526 2342 1713 2381 Seffionibus,
1730 2352 1899 2375 moveantur
1914 2355 1959 2376 aut
1972 2349 2111 2385 pendeant
2124 2352 2151 2380 iii
2174 2353 2318 2391 praesenti,

1252 2389 1322 2410 tunc
1338 2380 1434 2410 eadem
1450 2379 1557 2411 Placita
1570 2381 1603 2411 &
1620 2381 1774 2419 Querelas,
1790 2391 1923 2426 quatenus
1937 2384 1973 2414 de
1982 2386 2043 2423 jure
2058 2390 2199 2426 poteritis,
2218 2400 2316 2420 coram

1252 2418 1351 2450 Nobis
1364 2420 1540 2457 continuari,
1558 2420 1614 2450 sive
1629 2422 1772 2458 piorogari
1791 2421 1910 2460 faciat1s3
1926 2423 2014 2454 taliter
2036 2436 2087 2456 vos
2107 2428 2239 2459 habentes
2261 2430 2316 2467 ne,

1252 2467 1302 2495 per
1323 2457 1468 2487 dictorum
1488 2457 1685 2488 Habitantium
1703 2458 1872 2497 absentiam,
1890 2461 2006 2500 aliquale
2025 2463 2188 2496 Periculum
2206 2468 2315 2498 eveniat

1255 2495 1353 2526 Insulae
1367 2495 1538 2534 supradicstae.

1288 2533 1378 2565 Teste
1393 2534 1474 2574 Rege
1487 2533 1559 2573 apud
1574 2533 1883 2574 westmonasterium,
1900 2537 2042 2569 tricesimo
2055 2539 2101 2571 di'e
2121 2541 2202 2573 Maii.

2320 1143 2371 1166 An.
2389 1148 2432 1171 51.

2063 1201 2097 1231 &
2111 1201 2145 1231 ad
2162 1203 2219 1234 hoc
2234 1206 2298 1235 totis
2318 1182 2453 1250 giagstp.

2321 1257 2455 1289 E.3.m.9,

1254 2611 1369 2668 REX
1385 2611 1559 2642 Vicecomiti
1571 2611 1810 2650 Suthamptoniae,
1829 2612 1962 2644 Salutem.

1348 2650 1446 2688 Licet,
1462 2650 1498 2680 de
1521 2649 1702 2680 Avisamento
1724 2649 1842 2681 Conlilii
1865 2652 1972 2691 nostri,
1991 2652 2049 2688 &a
2069 2662 2101 2685 ut
2114 2655 2200 2696 fiepra
2219 2657 2315 2699 usque,

1255 2687 1413 2717 duxerimus
1430 2688 1674 2726 demandandum,
1894 2729 1898 2733 Δ

1293 2725 1331 2756 Et
1350 2726 1415 2756 ideo
1437 2727 1487 2757 tibi
1511 2727 1693 2764 Praecipimus
1714 2726 1795 2764 quod
1813 2727 1965 2765 praedrffios
1978 2729 2136 2771 Homines,
2155 2734 2319 2767 Refidemes

1255 2764 1288 2795 ὅ(
1310 2763 1473 2794 Habitantes
1493 2766 1521 2795 in
1545 2764 1642 2795 eadem
1664 2764 1772 2802 Insula,
1790 2766 1823 2795 ad
1846 2769 2070 2804 comparendum
2085 2772 2129 2801 vel
2145 2774 2317 2804 veniendum

1257 2812 1356 2832 coram
1379 2802 1491 2841 Nobis,
1519 2804 1548 2833 in
1567 2803 1740 2847 Seffionibus
1762 2803 1864 2833 nostris
1885 2806 2042 2849 prandistis,
2065 2818 2123 2838 non
2145 2812 2317 2856 compellas,

1256 2850 1311 2909 335
1327 2840 1571 2917 ziffi5i332e31‘53
1584 2841 1881 2916 ἓξὲἳῖἕὲςίἓὴὲῑῶἓῗῐ
1894 2842 2076 2918 {Quis-,iffi
2090 2846 2318 2926 affiffcssagissise'iik‘ss

1256 2917 1310 2948 ne'c
1326 2918 1399 2947 Poni
1415 2918 1459 2948 vel
1473 2917 1628 2947 Pannellari
1643 2917 1724 2947 facias
1740 2917 1797 2948 ullo
1813 2927 1864 2948 mo
1884 2928 1912 2948 0.

1293 2955 1383 2987 Teste
1398 2964 1428 2986 ut
1441 2956 1528 2995 supra.

2334 2632 2440 2661 Ibidem,

1256 3032 1369 3089 REX
1387 3055 1396 3071 ‚
1418 3032 1524 3064 dilediis
1545 3033 1578 3064 ὃς
1601 3031 1727 3063 fidelibus
1747 3033 1814 3071 suis,
1842 3035 1953 3071 Hugoni
1973 3035 2063 3076 :lyrell
2083 3037 2205 3070 Custodi
2225 3040 2318 3071 Castri

1325 3071 1362 3101 de
1381 3070 1539 3101 Caresbrok
1563 3072 1589 3100 in
1611 3069 1701 3101 Insula
1721 3070 1829 3109 Vecta,
1848 3074 1882 3103 ὃς
1905 3072 2034 3111 Johanm'
2057 3075 2177 3117 Grfflth
2194 3077 2317 3109 Consta-

1257 3107 1366 3140 bulario
1389 3109 1508 3148 ejusdem
1525 3108 1634 3149 Castri,
1651 3109 1697 3140 vel
1711 3119 1812 3140 eorum
1829 3110 1908 3142 Loca
1925 3114 2083 3145 tenentibus
2096 3116 2221 3155 ibidem,
2238 3117 2318 3148 Salu-

1257 3155 1325 3177 tem.

1298 3186 1396 3223 Licet,
1415 3185 1474 3221 &c.
1494 3192 1524 3214 ut
1532 3185 1619 3224 fiepra
1632 3184 1710 3226 usque
1725 3186 1778 3225 ibi,
1794 3186 2038 3220 demandandum:

1296 3223 1335 3254 Et
1350 3225 1414 3255 ideo
1431 3225 1511 3254 vobis
1527 3224 1692 3254 mandamus
1708 3224 1788 3262 quod
1810 3225 1960 3263 praedietos
1980 3227 2138 3268 Homines,
2156 3230 2319 3263 Residentes

1259 3263 1291 3294 &
1306 3262 1470 3294 Habitantes
1485 3263 1512 3292 in
1527 3262 1625 3292 eadem
1641 3262 1745 3301 Insula,
1759 3263 1792 3293 ad
1806 3265 2010 3296 intendendum
2024 3269 2058 3299 ὃς
2072 3269 2206 3298 continue
2215 3279 2318 3301 como-

1258 3301 1377 3331 randum
1388 3324 1397 3339 ‚
1415 3301 1492 3338 super
1508 3299 1577 3330 salva
1594 3299 1734 3332 Custodia
1746 3302 1779 3332 &
1793 3302 1954 3333 defensione
1968 3304 2062 3335 lnsulae
2076 3307 2237 3346 praedoetae,
2251 3318 2318 3338 om-

1259 3340 1340 3370 nibus
1355 3341 1406 3369 viis
1419 3340 1451 3370 &
1466 3338 1558 3368 modis
1573 3339 1674 3377 quibus
1690 3341 1827 3379 poteritis,
1847 3342 2037 3381 compellatis,
2056 3353 2114 3373 nou
2129 3347 2320 3383 permittentes

1258 3387 1322 3417 eos,
1340 3378 1385 3409 vel
1402 3386 1502 3407 eorum
1516 3376 1655 3415 aliquem,
1673 3377 1778 3408 dfflam
1796 3378 1914 3409 Insulam
1929 3381 2019 3418 exire,
2036 3382 2069 3411 ad
2091 3385 2318 3420 comparendum

1260 3425 1364 3483 coraml
1373 3415 1487 3452 Nobis,
1505 3415 1534 3444 in
1549 3414 1722 3448 Sesfionibus
1736 3416 1836 3447 nostris
1850 3417 2003 3456 praedicitis,
2023 3429 2209 3459 quocumque
2225 3424 2317 3467 modo

1260 3454 1305 3484 vel
1319 3464 1356 3484 co
1367 3464 1427 3484 ore.

1301 3491 1391 3523 Teste
1406 3502 1435 3523 ut
1450 3491 1535 3531 supra.

2339 3047 2441 3075 Ibidem„

1262 3613 1290 3640 ἕ*
1316 3617 1374 3648 Pro
1393 3614 1554 3648 {Villielmo
1581 3615 1617 3648 de
1635 3617 1758 3667 Ramfiy
1782 3628 1956 3665 aegrotante,
1975 3619 2034 3666 sitb
2052 3624 2134 3657 Cura
2154 3628 2266 3658 Prioris
2283 3625 2319 3660 de
2338 3629 2435 3662 *VIL'

1668 3667 1903 3715 Bermtmdcfi‘ye.
2347 3670 2408 3705 ¹48·

1266 3747 1486 3810 W1llielmus
1500 3747 1532 3777 de
1544 3749 1655 3787 Ramsey
1669 3748 1817 3790 Chivaler,
2342 3755 2418 3785 Ann.
2433 3754 2474 3784 D,

1395 3787 1455 3825 Qii
1476 3787 1552 3823 gravi
1574 3786 1711 3824 Corporis
1732 3789 1770 3819 sui
1793 3789 1951 3822 infirmitate
1971 3800 2103 3831 vexatur,
2122 3795 2155 3826 &
2171 3795 2221 3826 sub
2235 3799 2323 3838 curfi,
2365 3801 2450 3832 1377·

1265 3823 1362 3855 di1e6ti
1378 3824 1465 3862 Regis
1479 3826 1506 3853 in
1522 3823 1658 3864 Christo,
1676 3826 1779 3857 Prioris
1792 3830 1829 3859 de
1846 3827 2066 3870 Bermundeseye
2082 3832 2186 3872 existit,
2206 3844 2236 3866 ut
2256 3836 2321 3869 Rex
2344 3836 2396 3898 {³⁷¹-
2414 3841 2428 3867 5
2436 3841 2458 3858 ¹·

1268 3872 1336 3892 acce
1357 3864 1377 3893 it
2370 3892 2375 3897 .
2396 3880 2420 3906 3.

1304 3873 1401 3930 Hgbe’t
1424 3899 1532 3930 Lireras
1549 3899 1640 3938 Regis
1660 3901 1695 3932 de
1716 3902 1888 3943 condam,
1908 3906 1978 3936 infra
1992 3906 2127 3946 Regnum
2142 3910 2268 3951 Angliae‚
2287 3924 2320 3944 ex
2348 3914 2412 3936 &02-
2431 3916 2448 3942 5
2455 3916 2477 3934 ¹·

1268 3939 1345 3968 causa
1362 3938 1593 3975 Recuperationis
1615 3940 1686 3978 suae,
1711 3952 1779 3972 cum
1803 3953 1861 3973 uno
1882 3943 1971 3974 Socio
2008 3946 2118 3983 Viginti
2139 3949 2173 3979 &
2195 3951 2328 3989 Qatuor
2347 3952 2375 3974 E.
2397 3955 2421 3982 3·
2440 3954 2479 3972 '⁷¹’

1269 3977 1418 4014 Equitibus
1438 3978 1473 4006 de
1494 3976 1605 4015 Scotia,
1622 3979 1651 4008 in
1675 3979 1823 4011 Comitiva
1842 3981 1900 4019 sua,
1925 3992 1957 4013 ac
1979 3969 2140 4025 Hernesiis,
2166 3988 2267 4027 Bonis,
2293 3992 2326 4021 &
2350 3995 2373 4011 2·

1271 4015 1370 4044 Rebus
1390 4015 1439 4044 suis
1462 4015 1701 4055 quibuscumque,
1726 4019 1882 4058 morandO,
1908 4021 1942 4052 ὃς
1966 4022 2066 4055 exinde
2088 4024 2117 4054 in
2139 4025 2266 4057 Scotiam
2286 4037 2329 4056 re-

1272 4052 1403 4091 deundo,
1423 4062 1470 4091 per
1486 4063 1574 4084 unum
1589 4055 1707 4087 Annum
1721 4056 1869 4087 duraturas.

1753 4093 1822 4125 ΗΖ
