2561 4251
65 181 195 212 AnnD.

114 229 177 260 377-

66 1996 86 2016 *
109 1997 176 2024 v2⁷11.

72 2037 133 2062 166.

207 105 237 139 -6
241 103 265 139 6

245 182 435 220 Voleiitesque
453 179 494 210 ob
518 179 723 211 Reverentiam
746 180 805 210 Dei
823 178 1039 222 Omnipotentis
1053 200 1062 214 ,
1087 177 1136 221 qui
1157 185 1208 205 nos
1221 173 1269 218 ,ad

209 222 308 261 Regni
328 220 417 251 nostri
440 219 643 249 Gubernacula
660 242 669 257 ,
686 218 733 249 sua
749 218 855 248 Divina
871 217 1143 259 Miseratione,-Jam
1158 222 1272 257 noviter

211 261 359 294 evocavit,
375 267 490 288 necnon
512 256 546 286 ad
562 257 716 288 Honorem
735 256 847 287 Sanciae
862 254 963 285 Matris
978 254 1134 297 Eccleloe,
1149 250 1271 294 beat1ffi7

212 308 326 336 maeque
345 297 468 334 Virginis
491 294 593 325 Mariae
605 320 613 333 ,
640 295 813 326 San&orum
836 293 1045 335 Apostolorum
1060 292 1181 336 Petri&
1194 289 1273 320 Pauli

212 339 247 368 ὃς
261 335 356 367 Sanffl
369 333 506 372 Swythini
523 333 703 364 Coiifefforis
713 355 724 371 ‚
741 332 825 362 dietae
839 330 973 362 Ecclesiae
987 331 1159 369 Wyntoniae
1174 329 1273 371 Patro-

213 384 333 409 norum,
351 374 543 409 omniumque
565 373 643 402 simul
659 371 849 408 Sanctorum,
868 380 922 410 pro
937 370 1090 400 Securitate
1105 368 1188 406 ipsius
1203 366 1273 404 Epi-

214 414 290 450 scopi
305 411 517 450 Wyntonienfis
529 409 679 448 Statsisque
693 410 730 439 sui
745 411 778 440 δε
795 408 933 452 Ecclesiae
944 409 1000 439 suae
1016 408 1177 449 praedietae,
1209 444 1215 449 ἠ
1259 441 1271 451 Α

251 450 305 480 Ne
319 450 367 486 ipii
377 472 387 488 ,
407 458 440 479 ε’(
451 448 548 480 Causis
563 447 726 486 praemiffis,
750 448 795 478 seu
807 449 864 478 aliis
877 457 941 485 quae
955 447 1104 484 secuntur,
1122 454 1167 475 aiit
1182 444 1275 486 aliqua

208 487 378 518 eorumdem
391 511 401 527 ,
427 487 526 518 futuris
550 487 742 526 temporibus,
759 486 911 523 aliqualiter
923 485 1118 523 Imperantur,
1136 483 1275 527 Occasio-

209 535 327 564 netitur,
345 525 390 556 seu
405 527 434 556 in
448 526 544 564 aliquo
560 525 768 564 Molestentur,
786 525 832 555 seu
844 525 988 565 impetiri,
1007 523 1207 559 Occasionari,
1228 520 1274 552 vel

209 563 360 596 Molestari
373 565 482 595 valeant
491 588 500 601 ,

247 603 280 634 In
295 613 430 641 quantum
448 601 594 642 possumus
610 602 778 640 providere,
1091 637 1102 647 Α

247 641 296 673 De
310 641 409 672 Gratia
423 641 520 671 nostra
533 641 658 679 speciali,
678 643 712 672 &
727 650 761 671 ex
774 640 852 671 certa
869 638 993 671 Scientia
1008 637 1122 676 nostra,
1136 647 1169 668 ac
1182 636 1218 667 de
1234 636 1275 666 Α-

207 681 365 710 visiineiito
388 682 420 710 ἃς
443 680 579 718 Affensu,
598 680 739 710 Cariffimi
754 678 900 710 Avunculi
923 678 1025 715 nostri,
1044 676 1185 716 Johannis
1197 678 1277 712 Regis

210 719 333 758 castella
348 717 385 751 «ἐν
403 721 527 755 Legionis
544 718 636 749 Ducis
653 717 842 756 Lancastriae,
861 727 973 748 necnon
988 716 1192 751 praelatorum,
1211 714 1276 744 Co-

211 760 315 788 mitum
325 782 332 795 ,
353 756 512 795 Baronum,
530 758 563 788 δε
582 757 750 796 Magnarum
760 780 769 796 ,
784 767 817 787 ac
830 757 951 788 alierum
966 755 1131 793 SapIentum
1145 753 1181 784 de
1191 752 1277 783 Con-

210 796 277 826 cilio
292 795 406 833 nostrO,
429 796 526 826 Nobis
542 795 725 826 affistentium
735 818 745 834 ,

252 833 362 865 Rani
376 843 498 865 SIMUS
526 836 559 866 ὃ(
585 834 932 865 PARDoNAvnuus
961 833 1088 863 omnino
1105 854 1115 869 ,
1140 840 1193 869 pro
1207 828 1278 860 No-

209 874 268 911 bis,
289 875 321 903 &
337 873 506 903 Hmredibus
524 873 643 911 nostris,
662 873 778 911 praesato
796 872 922 911 Epiftopo
937 870 1116 910 Wyntoniensz
1130 869 1275 900 omnes&

211 912 332 952 singulos
348 911 488 942 Articiilos
499 911 689 949 supradicftos,
709 912 742 943 ὃς
757 912 854 942 omnia
873 913 907 943 &
928 909 1031 949 singula
1044 910 1073 938 in
1087 908 1276 953 eisdem-con-

211 958 307 989 tenta,
326 961 440 980 necnon
462 960 563 981 omnes
579 950 811 981 Circumstantias
831 948 1070 991 eorumdemQ&
1084 946 1221 986 quicquid
1240 945 1275 990 ad

210 989 322 1019 dictum
340 990 438 1020 Avum
454 989 586 1020 nostruin
602 990 750 1027 pertinuit,
768 988 813 1018 seu
827 988 861 1018 ad
875 987 944 1018 Nos
959 994 1097 1030 pertinet,
1113 986 1159 1029 vel
1175 994 1277 1029 quovis

211 1027 304 1058 modo
326 1028 463 1066 pertinere
485 1029 589 1065 poterit
602 1050 612 1065 ‚
635 1027 671 1058 de
686 1028 820 1059 omnibus
834 1028 867 1058 &
882 1026 996 1063 singulis
1008 1024 1141 1068 Articulis
1155 1022 1278 1067 supradi-

211 1066 264 1097 ‹stis
278 1089 288 1104 ,
314 1067 499 1105 universisque
520 1068 548 1096 in
569 1067 674 1097 eisdem
694 1066 854 1103 contentis,
879 1065 911 1095 &
929 1073 1031 1107 eorum
1047 1062 1276 1093 Circumstantiis

212 1105 457 1143 quibuscumque,
477 1106 510 1135 ὃ(
523 1105 560 1135 de
574 1105 677 1136 eisdem
692 1105 827 1135 omnibus
841 1105 874 1135 &
890 1103 1002 1142 singulis
1015 1102 1107 1140 ipsum
1122 1099 1277 1140 Episcopum

214 1144 425 1182 W'i‘ntonoensm
438 1166 448 1182 ,
471 1143 653 1175 Successores
668 1168 678 1182 ,
701 1142 840 1174 Haeredes
853 1167 862 1180 ,
886 1142 920 1173 ὅτ,
941 1141 1116 1171 Executores
1138 1140 1200 1170 suos
1214 1161 1224 1178 ,
1241 1148 1275 1169 ac

209 1180 368 1213 Terrarum
394 1181 503 1214 suarum
523 1183 670 1212 Tenentes
682 1206 691 1219 ,
717 1182 837 1212 totaliter
863 1180 889 1210 E
898 1190 943 1210 xo
952 1188 974 1210 N
986 1189 1004 1210 E
1015 1188 1038 1209 R
1050 1189 1068 1209 A
1079 1187 1105 1210 M
1115 1187 1138 1208 u
1148 1187 1160 1208 s
1175 1201 1190 1222 ,Ι
1213 1178 1277 1208 Ac-

209 1228 465 1289 finieramus
481 1244 492 1258 ,
516 1222 549 1251 &
570 1221 681 1259 penitus
704 1220 956 1251 ABSOLVIMU
969 1228 981 1249 s
994 1241 1003 1257 ,
1029 1227 1081 1257 pro
1105 1216 1224 1255 Nobis,
1242 1216 1275 1247 ὃς

248 1259 383 1290 aeredibus
402 1258 502 1290 nostris
520 1258 620 1290 ΙΜΡΕ
633 1265 857 1289 apa-ruum:
1239 1294 1244 1300 ι

251 1297 501 1328 REMtsxixius
528 1299 613 1328 etiam
640 1299 673 1329 &
702 1296 1070 1333 PARDoNAVtMns,
1086 1304 1139 1333 pro
1158 1293 1276 1332 Nobis,

211 1335 245 1366 &
268 1335 439 1366 Haeredibiis
462 1335 563 1366 nostris
576 1360 585 1373 ,
604 1345 637 1366 ex
652 1345 725 1366 certa
739 1336 859 1367 Scientia
870 1334 981 1378 nostra,
996 1333 1032 1365 de
1048 1333 1229 1365 Avisamento
1242 1333 1276 1363 &

214 1373 331 1404 Affensu
367 1375 487 1406 raediffls
497 1399 506 1412 ,
524 1375 604 1405 dieto
620 1374 764 1413 Episcopo
780 1374 984 1412 Wyntonienli
1002 1373 1022 1404 S
1032 1382 1049 1403 Ε
1058 1383 1076 1403 c
1085 1381 1108 1402 'r
1119 1382 1138 1402 A
1150 1380 1177 1402 M
1206 1371 1230 1402 P
1240 1381 1274 1401 A·

213 1422 230 1442 c
241 1422 250 1442 1
262 1422 274 1443 s
301 1385 423 1452 nograe,
442 1415 474 1445 ὃς
491 1413 625 1453 quicquid
640 1413 674 1444 ad
690 1413 759 1444 Nos
773 1414 875 1452 quovis
898 1412 989 1443 modo
1003 1413 1138 1450 pertinet,
1154 1419 1200 1441 aut
1213 1420 1277 1448 per-

214 1452 305 1482 tinere
326 1454 428 1490 poterit
441 1475 451 1491 ,
477 1463 531 1490 pro
554 1452 733 1483 omnimodis
747 1451 975 1488 proditionibus,
994 1449 1200 1487 Seditionibus,
1215 1448 1277 1479 Ad-

213 1489 355 1520 haerentiis
371 1491 449 1521 saitis
463 1490 590 1522 inimicis
607 1491 675 1521 dieti
691 1491 747 1522 Avi
764 1490 853 1521 nostri
867 1490 913 1522 vel
928 1489 1045 1527 nostris,
1064 1488 1278 1530 Receptamen-

214 1530 246 1560 tis
269 1528 455 1560 Proditorum
470 1553 480 1566 ,
507 1529 650 1560 Felonum
665 1553 675 1568 ,
702 1531 736 1561 &
757 1529 948 1560 inimicorum
969 1528 1038 1559 dieii
1055 1527 1112 1558 Avi
1127 1526 1216 1557 nostri
1231 1531 1277 1570 seu

213 1567 379 1598 nostrorum
396 1578 402 1597 :
430 1568 547 1599 Affensu
558 1591 568 1606 ‚
591 1568 745 1605 Concilio,
764 1569 797 1599 ὃ(
811 1577 998 1606 quocumque
1011 1567 1136 1603 Favore,
1154 1566 1279 1596 Inimicis

215 1606 298 1643 ipfius
312 1607 370 1637 Avi
380 1606 425 1637 seu
441 1606 541 1636 nostris
556 1607 683 1646 praestitis
699 1607 755 1637 sive
770 1607 848 1637 factis
863 1617 869 1636 :
898 1606 997 1645 Regali
1010 1605 1152 1636 Potestate
1166 1604 1213 1648 seu
1225 1604 1279 1642 Ju-

213 1644 372 1675 risdiclione
386 1669 396 1683 ,
422 1645 472 1676 sibi
494 1645 632 1683 affumpta
654 1646 819 1676 auctoritate
839 1644 968 1683 propria,
987 1644 1086 1675 colore
1101 1643 1279 1673 Officiorum

213 1682 343 1721 suorum,
363 1684 395 1714 ὅ(
411 1684 467 1714 alio
482 1683 573 1715 modo
589 1694 771 1723 quocumque
786 1708 796 1721 ,
814 1684 885 1714 infra
906 1683 1041 1722 Regnum
1063 1682 1193 1712 nostrum
1215 1681 1279 1723 An-

235 1721 278 1752 iiae
292 1724 324 1753 δε
339 1732 428 1752 extra:
448 1723 481 1753 ἃ
498 1733 551 1761 pro
563 1723 740 1753 omnimodis
755 1722 973 1760 Inobedientiis,
993 1721 1214 1758 Amiffionibus,
1232 1723 1278 1750 ieu

241 1760 607 1798 erditioiiibusCivitatum,
626 1761 783 1800 Villarum,
801 1760 988 1799 Castrorum,
1008 1760 1277 1792 &fortalitioi-um:

213 1799 247 1830 &
272 1808 324 1836 pro
346 1799 499 1829 Obsidibus
521 1801 555 1831 &
577 1799 737 1830 Prisonariis
752 1824 761 1837 ,
785 1801 843 1830 tarn
866 1799 1034 1839 Regalibus,
1051 1800 1138 1837 quam
1153 1799 1226 1834 aliis,
1244 1798 1280 1828 de

214 1837 349 1876 Francia,
368 1838 400 1868 &
417 1839 473 1868 aliis
489 1837 645 1868 Obfidibus
665 1839 699 1869 ὃ(
714 1838 874 1868 Prisonariis
887 1836 1130 1876 quibuscumque,
1147 1837 1279 1875 qualiter-

215 1885 282 1906 cum
306 1887 340 1906 ue
362 1876 529 1908 Deliberatis
541 1900 551 1915 ,
576 1876 621 1908 seu
645 1887 698 1914 pro
712 1876 853 1907 Evasione
866 1875 1050 1907 eorumdem:
1070 1876 1193 1915 Treugis
1206 1875 1280 1905 solu·

217 1915 263 1944 tis:
313 1915 484 1945 onduffibus
497 1915 630 1952 diruptis,
645 1917 677 1947 ὃς
695 1925 755 1946 non
770 1916 922 1947 observatis
936 1915 977 1945 ob
993 1914 1151 1945 Defeetum
1166 1916 1200 1946 δε
1215 1913 1282 1945 Ne-

212 1953 393 1992 ifingendam,
409 1953 464 1985 sive
487 1964 537 1992 per
550 1953 701 1985 Asfiensum
716 1954 797 1993 ipsius
815 1954 932 1993 Episcopi
948 1952 1161 1995 Wyntonienfis:
1181 1963 1214 1983 ac
1227 1963 1280 1991 pro

214 1991 436 2023 Veiiditionibus
451 2002 497 2023 aut
513 1993 771 2024 Deliberationibus
783 1992 967 2031 Castrorum,
987 1993 1006 2012 *²
1026 1991 1281 2030 Civitatum,l3ur-

214 2040 318 2070 gorum
335 2055 344 2070 ,
371 2031 507 2062 villarum
565 2031 764 2062 Maneriorum
779 2054 789 2070 ‚
823 2031 1054 2062 Hamelettorum
1070 2054 1080 2069 ,
1103 2031 1260 2061 Terrarum
1273 2055 1283 2070 ,

213 2070 464 2101 Teiienieritorum
478 2092 487 2107 ,
511 2054 690 2101 Reddituum
706 2094 716 2109 ‚
739 2072 771 2102 &
788 2070 994 2108 Servitiorum,
1013 2069 1174 2107 Obfidurn,
1190 2068 1283 2100 Priso-

214 2110 373 2146 nai-iorum,
392 2109 493 2139 tamin
511 2109 630 2148 Anglia,
648 2111 736 2148 quam
749 2111 779 2140 in
793 2109 930 2148 Francia,
949 2108 1104 2147 Britannia,
1124 2108 1279 2146 Vasconia,

216 2148 249 2178 &
264 2147 346 2185 alibi,
365 2148 424 2177 tam
440 2148 507 2178 citra
525 2147 626 2187 Mare,
645 2149 732 2186 quam
749 2148 818 2179 ultra
834 2148 934 2186 Mare,
952 2148 1012 2178 tam
1027 2147 1153 2178 Inimicis
1168 2147 1282 2185 nostris,

215 2187 303 2223 quam
323 2187 392 2216 aliis:
403 2187 436 2217 &
456 2196 508 2223 pro
521 2187 697 2217 omnimodis
712 2186 905 2224 Calumpniis,
920 2187 964 2217 seu
979 2186 1281 2224 Imperitionibus‚vel

216 2224 420 2264 Suspitionibus
439 2224 528 2263 Sigilli
542 2249 551 2263 ,
577 2225 646 2256 dicti
670 2226 727 2256 Avi
748 2225 838 2256 nostri
860 2234 906 2255 aut
927 2224 1059 2264 Nostri,
1082 2224 1283 2263 Controsasti,

217 2261 369 2296 confracti
383 2287 392 2302 ,
418 2264 463 2294 vel
505 2274 614 2295 uocum
637 2274 672 2295 ue
690 2265 746 2295 alio
769 2264 860 2295 modo
882 2263 989 2295 Violati
1007 2263 1054 2295 seu
1076 2263 1227 2302 Despeeti:
1248 2265 1282 2294 &

215 2312 269 2339 pro
291 2302 470 2332 omnimodis
525 2304 615 2334 omici
638 2304 668 2333 iis
681 2326 692 2342 ,
714 2303 837 2334 Feloniis
852 2326 862 2341 ,
882 2302 1039 2341 Incendiis‚
1057 2301 1210 2340 Roberiis,
1227 2301 1283 2332 La-

216 2342 340 2371 trociniis
357 2364 366 2380 ‚
391 2340 691 2380 Transgreffionibus,
714 2343 773 2373 tam
795 2341 832 2372 de
852 2341 984 2379 Foresta,
1004 2342 1091 2380 quarn
1105 2340 1160 2371 alio
1175 2340 1284 2379 modo,

217 2378 390 2410 Malefatftis:
406 2379 519 2418 Jurium
533 2380 565 2411 &
583 2379 782 2411 Proficuorum
797 2380 962 2410 nostrorum
970 2379 1216 2410 Concelamentis:
1234 2379 1284 2410 fal-

215 2417 248 2448 sis
262 2419 295 2449 &
313 2418 391 2448 malis
404 2418 536 2448 Consiliis
552 2420 586 2449 ὃς
600 2418 851 2450 Ordinationibus:
872 2418 1071 2456 Forstallariis,
1090 2417 1284 2449 Confoedera-

217 2458 360 2494 tionibus,
379 2456 662 2495 Conspirationibus,
681 2457 881 2496 Cambipertiis
893 2480 902 2496 ,
919 2457 1138 2496 Ambidextriis,
1155 2457 1284 2494 Alligan-

217 2496 261 2524 tiis
275 2519 283 2532 ,
309 2495 448 2525 Falsariim
472 2495 662 2534 Qierelarum
688 2496 910 2527 Manutenentiis
926 2518 935 2534 ‚
955 2496 1125 2526 Fallitatibus
1158 2495 1284 2534 Injuriis,

221 2532 475 2572 Oppressionibiis,
496 2535 613 2573 Usuris,
629 2534 858 2573 Extorsionibus,
876 2534 1108 2573 Collusionibus,
1126 2520 1208 2565 i‘alsis
1224 2534 1284 2564 Iin-

218 2572 430 2610 prisonamentis
447 2574 478 2602 &c
494 2573 599 2611 injustis
614 2573 883 2604 incarcerationibus
898 2573 1064 2604 Hominum
1077 2583 1287 2612 quorumcum-

239 2620 291 2647 ue,
310 2609 554 2649 Deceptionibus,
569 2611 806 2650 Conventiculis,
824 2611 1004 2650 Excessibus,
1023 2612 1206 2651 Dampnibus
1223 2635 1233 2651 ,
1251 2613 1285 2644 δί

253 2649 464 2687 ravaminibus,
487 2649 520 2680 ὃς
545 2650 769 2688 quibuscumque
792 2651 886 2681 DiCtis
909 2650 1000 2680 FaCtis
1014 2651 1058 2682 vel
1073 2650 1173 2681 Rebus
1187 2651 1287 2682 illicitis

218 2688 265 2718 seu
286 2687 439 2717 inhonestis
455 2711 464 2725 ,
483 2688 598 2725 praefato
622 2688 689 2718 Avo
705 2688 820 2726 nostro,
838 2688 955 2726 Nobis,
972 2689 1018 2719 vel
1031 2689 1111 2720 alicui
1126 2689 1163 2720 de
1176 2689 1286 2727 Regno

220 2725 321 2756 nosti-0
343 2726 585 2764 qualitercumque
603 2727 672 2757 actis
689 2749 699 2765 ,
718 2728 879 2765 perpetratis
890 2749 900 2764 ,
919 2727 965 2757 seu
981 2727 1075 2757 illatis:
1096 2729 1130 2758 &
1145 2738 1197 2766 pro
1211 2728 1287 2759 Eva-

220 2765 345 2794 sionibus
365 2765 398 2794 ὃς
421 2763 565 2802 Escbapiis
579 2765 758 2802 Latronum,
777 2765 937 2803 Felonum,
953 2766 987 2795 &
1000 2764 1183 2796 Clericorum
1200 2765 1284 2797 Con-

218 2803 364 2833 vistorum
381 2813 386 2832 z
414 2802 579 2842 Ignorantiis
604 2804 831 2842 quibuscumque
851 2804 885 2834 &
910 2803 1141 2841 Mesprisionibus
1156 2829 1165 2843 ,
1183 2805 1241 2835 tam
1258 2807 1287 2836 in

223 2840 376 2879 Praecepto
392 2842 470 2873 facto
483 2843 541 2872 aliis
559 2842 697 2873 Ministris
714 2843 795 2880 ipsius
809 2843 865 2873 Avi
879 2841 987 2881 nostri,
1005 2843 1090 2880 quam
1107 2852 1156 2880 per
1170 2843 1287 2882 seipsum

222 2879 423 2919 Episcopum,
449 2890 481 2911 ac
504 2881 677 2911 omnimodis
696 2882 753 2911 aliis
774 2880 907 2911 Articulis
923 2904 932 2920 ,
951 2890 1049 2911 contra
1064 2880 1173 2912 dictum
1189 2882 1286 2912 Avum

222 2918 369 2958 nostrum,
389 2919 446 2949 sive
461 2930 559 2950 contra
572 2919 658 2957 Nos,
674 2919 841 2958 Coronam,
857 2919 1033 2959 Dignitatem
1055 2919 1179 2957 Regiam
1222 2920 1289 2951 Ma-

242 2957 376 2995 estatem,
401 2957 471 2988 diffi
491 2959 549 2989 Avi
568 2958 656 2988 nostri
678 2958 724 2989 seu
746 2958 890 2989 Nostram
907 2982 917 2997 ,
939 2959 986 2989 seu
1010 2958 1171 2989 Laefionem
1217 2961 1287 2998 egiae

251 2995 386 3034 lagestatis
401 3019 410 3034 ,
436 2996 609 3027 Comunem
631 2997 741 3036 Legem
758 2997 880 3035 Terrae,
905 2997 1013 3028 Statura
1028 3021 1037 3035 ,
1063 2997 1265 3028 Ordinationes
1277 3023 1287 3036 ,

222 3033 482 3073 Proclaniationes,
501 3037 533 3066 &
548 3035 749 3073 Inhibitiones,
765 3045 829 3066 ante
841 3036 905 3066 haec
921 3044 1052 3074 tempora
1065 3036 1138 3067 edita
1150 3037 1196 3067 vel
1205 3037 1287 3075 facia,

221 3083 288 3110 quae
311 3083 358 3111 per
381 3073 469 3113 ipsum
488 3073 640 3112 Episcopum
663 3074 872 3114 Wyntonienfi’m
887 3098 897 3113 ‚
916 3085 1103 3113 quocumque
1119 3075 1227 3114 modo,
1244 3076 1288 3106 di-

223 3121 327 3142 cuntur
343 3112 387 3142 vel
403 3112 458 3142 dici
477 3121 608 3149 poterunt
622 3121 687 3143 ante
699 3113 763 3143 haec
777 3122 907 3151 tempora
927 3114 1092 3152 perpetrari,
1109 3114 1141 3145 ὅ(
1157 3123 1210 3151 pro
1221 3124 1288 3144 om-

222 3151 346 3181 nimodis
362 3149 579 3188 Inobedientiis,
595 3150 740 3189 Offensis,
756 3152 789 3182 &
803 3151 1097 3191 Transgreffionibus,
1115 3153 1287 3190 cuicumque

224 3189 338 3219 Locum
360 3189 427 3219 dicti
450 3190 506 3219 Avi
527 3188 615 3219 nostri
629 3190 675 3220 seu
691 3189 779 3220 nostri
796 3192 972 3228 tenentium,
991 3190 1224 3229 Officiariorum,
1239 3191 1286 3221 seu

220 3226 424 3258 Ministrorum
445 3227 567 3266 ejusdem
592 3228 647 3258 Avi
668 3228 757 3258 nostri
780 3228 826 3259 seu
839 3229 1022 3266 nostrorum,
1040 3230 1118 3260 illatis
1132 3229 1176 3259 vel
1190 3229 1287 3267 facus,

221 3267 296 3296 utin
313 3266 547 3303 Gubernatione,
564 3265 730 3303 Duc'tione,
750 3266 969 3306 Diminutione,
987 3267 1194 3305 Ordinatione,
1213 3267 1290 3298 Mis-

223 3304 300 3335 sione
315 3304 480 3335 Hominum
493 3305 526 3335 ad
543 3305 645 3342 Arma,
664 3305 897 3344 Sagittariorum,
917 3306 1154 3344 Manu-ariorum,
1170 3308 1203 3338 &
1219 3306 1289 3336 alio-

224 3352 289 3372 rum
305 3344 335 3373 in
350 3343 468 3374 Guerris
482 3343 563 3381 ipsius
579 3344 637 3375 Avi
652 3343 826 3382 nostri,tarn
842 3346 870 3374 in
884 3345 1041 3384 Hibernia,
1057 3345 1188 3382 Francia,
1204 3344 1290 3374 Nor-

225 3383 340 3411 mannia
354 3404 363 3418 ,
387 3381 527 3412 Britannia
541 3405 551 3420 ,
580 3382 733 3421 Vasconia,
753 3384 787 3414 ὃς
801 3383 913 3422 Scotia,
928 3386 1015 3421 quam
1029 3385 1113 3422 alibi,
1129 3383 1174 3414 seu
1189 3382 1289 3413 Perdi-

224 3420 322 3457 tione,
341 3419 511 3458 Occilione,
527 3430 574 3451 aut
587 3421 643 3451 alio
659 3421 836 3460 Insortunio,
854 3421 898 3452 seu
915 3422 998 3453 Malo
1012 3423 1141 3459 Eventu,
1161 3431 1209 3460 per
1225 3422 1288 3452 De-

223 3457 333 3500 fectum
344 3483 352 3495 ,
368 3458 545 3497 Consilium,
562 3460 606 3490 vel
620 3459 838 3499 Negligentiam
854 3461 936 3498 ipiius
950 3461 1085 3500 Episcopi
1093 3460 1288 3501 Wyntonien—

227 3498 276 3534 iis,
294 3507 339 3527 aut
351 3497 406 3527 alio
421 3498 511 3528 modo
528 3508 710 3537 quocumque
724 3499 814 3538 ipsum
831 3501 1081 3538 contingentibus,
1095 3501 1128 3531 &
1142 3509 1195 3536 pro
1210 3499 1288 3530 malo

226 3533 381 3575 Regimine
403 3536 435 3566 &
456 3536 671 3568 Gubernatione
693 3537 786 3568 Status
808 3538 876 3568 dicti
902 3538 958 3568 Avi
973 3539 1105 3569 nostri&
1120 3537 1217 3576 Regni
1231 3538 1288 3577 sui,

225 3577 270 3603 1eu
292 3573 490 3612 Negotiorum
513 3577 546 3605 ὃς
567 3576 677 3606 Rerum
701 3576 824 3614 ejusdem
846 3576 904 3606 Avi
917 3577 1004 3607 nostri
1018 3587 1054 3608 ex
1065 3575 1194 3607 Confiiio
1205 3577 1288 3614 ipsius

229 3610 361 3651 Episcopi
373 3612 606 3651 Wyntoniensis,
622 3614 812 3646 Ordinatione
827 3614 874 3645 sua
888 3615 934 3645 vel
949 3614 1137 3656 negligentia,
1155 3615 1289 3645 ubicum—

227 3659 283 3686 que
297 3651 380 3681 fuerit
398 3652 427 3681 in
448 3651 550 3690 Anglia
569 3653 615 3683 vel
628 3661 723 3691 extra,
740 3654 773 3684 &
788 3664 841 3690 pro
855 3655 1031 3685 omnimodis
1044 3653 1231 3692 Captionibus
1242 3655 1288 3684 vel

229 3688 434 3719 Amiffionibus
455 3689 586 3720 Navium
601 3714 610 3728 ,
639 3691 821 3730 Bargearum,
840 3691 1012 3723 Batellorum
1023 3716 1031 3731 ‚
1047 3694 1081 3724 &
1095 3692 1216 3723 aliorum
1231 3691 1289 3722 Va—

228 3724 321 3769 sorum
336 3728 493 3764 hujusmodi
509 3728 588 3765 supra
605 3729 704 3766 Mare,
722 3731 750 3759 iii
765 3729 904 3760 Portubus
923 3730 1011 3761 Maris
1027 3732 1072 3761 vel
1083 3730 1164 3768 alibi,
1181 3731 1241 3760 tam
1256 3732 1286 3760 in

229 3761 329 3801 Anglia
344 3766 389 3795 vel
404 3775 494 3796 extra:
514 3767 547 3797 ὃς
563 3777 615 3804 pro
628 3769 806 3798 omnimodis
820 3767 906 3798 Bonis
917 3769 951 3799 δε
966 3768 1080 3800 Catallis
1092 3770 1178 3806 captis
1191 3769 1221 3797 in
1236 3770 1288 3798 eis-

227 3800 297 3843 deni
317 3802 390 3833 Vasis
406 3827 416 3841 ,
434 3804 536 3835 Morte
549 3804 703 3842 Hominis,
722 3805 866 3845 Captione
880 3806 1121 3844 Prisonariorum‚
1138 3806 1288 3843 Redemp-

227 3839 368 3881 tion-ibus,
385 3842 443 3871 tarn
457 3852 586 3880 tempore
602 3843 741 3882 Guerrae,
759 3845 846 3882 quam
861 3846 890 3874 in
905 3854 1037 3884 tempore
1044 3845 1226 3883 Treugarum
1242 3847 1287 3875 vel

224 3874 306 3906 Pacis
355 3887 401 3908 aut
421 3880 472 3910 aiiii
487 3882 646 3919 huiusmodi
660 3881 752 3912 Causa
767 3892 961 3921 quacumque:
982 3884 1027 3915 Ac
1040 3885 1124 3915 etiarn
1137 3884 1288 3913 omnimo-

227 3913 274 3943 das
290 3899 459 3957 U'tlagariaS,
479 3919 498 3948 si
514 3930 578 3957 quae
594 3922 623 3950 in
637 3920 726 3957 ipsum
738 3921 935 3962 occasionibus
950 3923 1090 3959 praedistis
1105 3922 1206 3952 fuerint
1219 3931 1287 3959 pro—

231 3951 380 3996 mulgatae,
396 3955 429 3984 &
443 3965 612 3995 quamquam
628 3960 706 3988 idern
720 3960 775 3996 Epi
787 3967 859 3997 copus
873 3960 1033 3998 Wyntonien
1043 3971 1067 3990 ις
1081 3969 1156 3992 extra
1167 3958 1287 3991 Protec-

228 3998 339 4022 tionem
357 3991 439 4030 ipsius
460 3993 517 4027 Avi
537 3996 626 4027 nostri
647 3997 695 4028 seu
714 4007 754 4029 no
781 4007 840 4028 ram
853 3996 947 4035 aliquo
961 4008 992 4035 m
1034 4008 1054 4029 o
1069 3999 1173 4038 positus
1185 3997 1287 4038 fuerit,

670 87 1433 136 CONVENTIONES

1306 172 1341 202 ὃ(
1361 172 1488 203 Firmam
1510 173 1617 205 Pacem
1638 175 1765 206 nostram
1786 175 1823 207 Ei
1842 176 1909 207 inde
1931 177 2128 210 Concedimus
2141 203 2151 218 ,
2179 179 2214 211 &
2229 177 2321 217 ipsum
2336 178 2371 210 ad
2397 174 2472 207 Ann.
2483 172 2525 210 D.
2545 164 2554 207 ,ἲ

1350 249 1574 281 Pardonavimus
1595 251 1707 290 insuper
1730 253 1763 282 &
1786 252 1977 291 Remifimus,
1994 263 2047 292 pro
2060 255 2178 294 Nobis,
2195 255 2229 287 δε
2241 255 2376 287 Haeredi-
2394 224 2505 283 Εἰς-731,

1530 90 1919 140 LITERAE,

1311 209 1481 242 Comunem
1498 212 1613 249 Legem
1627 213 1831 253 Restituimus3

1312 288 1364 317 bus
1385 289 1487 333 nostris
1500 312 1510 334 ,
1533 291 1567 320 &
1590 299 1624 320 ex
1646 299 1721 334 certa
1735 290 1859 321 Scientia
1872 291 1984 330 nostra,
2001 292 2038 322 de
2049 293 2130 325 dicitis
2143 294 2326 326 Avisamento
2341 295 2376 327 &

1310 326 1429 358 Assensu
1442 328 1513 358 dieb
1528 328 1674 359 Avunculi
1688 328 1775 359 nostri
1790 330 1822 360 &
1836 330 1974 368 aliorum,
1987 330 2107 370 praefato
2121 333 2245 372 Episcopo
2263 335 2377 372 Wynto-

1309 365 1393 406 nienfi
1403 368 1585 397 omnimodas
1600 367 1794 405 Receptiones
1809 377 2059 406 quorumcumque
2074 369 2232 403 Munerum
2246 372 2292 403 seu
2308 371 2376 402 Do-

1310 413 1434 473 ffigimd,
1453 405 1490 435 de
1498 406 2116 475 ·quj1i³·Uscun(¹)qf{²3epess‘ffnisgxiquacsilm‘swe
2127 408 2225 479 gagg
2244 420 2378 456 recepto-

1313 480 1365 524 sius
1383 453 1481 525 ’fueilziiA
1489 454 1551 527 :mEt
1566 454 2185 528 bqutiits‘cumqsst?ffeirueslatigneIsIZui-ilisc‘iiumqsie
2199 450 2319 519 Casiililffi
2333 458 2378 518 iipi:

1313 519 1352 548 ἂι
1367 518 1425 549 Avi
1438 520 1525 551 nostri
1539 522 1571 552 &
1586 522 1680 562 Regni
1694 522 1747 567 sui:
1766 532 1883 553 necnon
1896 522 2090 560 quascumque
2097 521 2240 555 Licentias
2249 525 2376 558 &Con-

1313 556 1468 595 ceffionee,
1486 569 1536 596 per
1555 560 1645 597 ipsum
1667 560 1771 598 Episco
1793 571 1842 591 um
1863 561 1968 600 facias,
1985 561 2022 591 de
2037 560 2119 592 Auro
2131 561 2165 591 &
2181 561 2325 603 Argento,
2345 566 2377 595 in

1313 594 1408 634 Plata‚
1431 597 1520 641 Masta
1533 598 1587 642 vel·
1595 597 1736 643 Moneta,
1754 571 1832 629 &fans
1845 599 1944 629 Aureis
1957 600 2002 631 vel
2016 599 2184 639 Argenteis,
2202 599 2375 642 Armaturis,

1313 634 1463 702 iArtellariis
1477 661 1486 674 ,
1512 635 1619 674 Bladis,
1636 637 1858 681 Vmthanis,
1873 637 1986 682 Coriis,
2004 637 2129 683 Pellibus
2142 639 2258 684 lanutis,
2276 639 2375 672 Plum-

1314 674 1539 756 ςζῑέυῗὲἒὲἒῖὲ
1548 674 1804 757 ,ᾋῖἱὲἛὲἕέΞώ
1819 675 2264 755 issi‘iiffilssbi'issgiffiiiu‘z‘nfflssi
2274 678 2377 750 ῗὲῗὲίἓ

1314 749 1388 794 Villa
1403 751 1505 782 Caleni
1518 752 1584 782 alibi
1597 752 1750 790 ducendis,
1768 762 1867 783 contra
1880 751 1988 784 Statuta
2000 776 2010 790 ,
2033 752 2249 795 Ordinationes,
2270 754 2378 787 Inhibi-

1315 797 1422 833 tiones,
1441 789 1646 829 Defensiones,
1665 793 1699 823 &
1721 791 1960 822 proclamationes
1977 814 1987 830 ,
2012 791 2041 821 in
2055 795 2231 825 contrarium
2245 795 2318 826 sadra
2332 795 2380 827 vel

1314 827 1404 872 edita,
1422 829 1455 859 &
1469 831 1555 873 etiam
1570 828 1754 874 inhibitiones
1770 831 1804 861 &
1819 829 2024 874 Defensiones,
2043 840 2093 867 per
2106 831 2194 868 ipsum
2209 833 2294 864 factas
2309 856 2319 871 ,
2339 833 2378 865 de

1313 866 1474 904 hujusmodi
1495 867 1697 899 Mercimoniis
1749 868 1928 900 victualibus
1942 892 1952 908 ,
1977 870 2010 901 δε
2031 868 2132 900 Rebus
2145 879 2160 899 a
2174 871 2254 902 dieto
2270 871 2377 911 Regno

1313 904 1414 949 nostro
1436 892 1761 950 AngliaeQtraducendiQ
1779 917 1880 952 contra
1894 908 2018 952 Statuta,
2035 906 2252 952 Ordinationes,
2270 908 2378 942 Inhibi-

1314 952 1420 983 tiones,
1441 945 1646 984 Dereniiones,
1663 948 1697 977 ὃς
1713 945 1952 977 proclamationes
1967 946 2144 985 hujusmodl:

1353 982 1469 1027 Insuper
1493 984 1710 1028 Pardopavimus
1732 985 1765 1016 &
1788 987 1863 1015 Remi
1874 995 1942 1014 imus
1962 986 2087 1016 omnino
2101 1010 2111 1024 ‚
2135 996 2189 1024 pro
2207 984 2323 1026 Nobis,
2343 988 2376 1019 &

1313 1019 1485 1053 Haeredibus
1505 1023 1603 1053 nostris
1650 1025 1684 1054 δε
1705 1033 1739 1054 ex
1757 1033 1832 1055 certa

1315 1069 1415 1091 mento
1428 1061 1462 1091 &
1476 1060 1595 1092 Assensu
1607 1045 1676 1092 dieti
1693 1062 1837 1093 Avunculi
1861 1024 1962 1054 cientia
1973 1023 2086 1063 nOstra'
2100 1024 2136 1055 de
2152 1025 2170 1045 ⁴*
2182 1025 2266 1056 diffis
2280 1027 2378 1058 Avisa-

1861 1061 1951 1092 nostri
2001 1064 2035 1095 &
2049 1063 2187 1102 aliorum,
2206 1066 2289 1094 eidem
2309 1067 2379 1104 Epi-

1307 1096 1384 1137 scopo
1402 1099 1584 1145 PVyntonienfi
1602 1100 1785 1132 Omnimoda
1806 1101 1911 1132 Debita
1926 1123 1936 1139 ,
1960 1085 2110 1140 Computa
2122 1126 2133 1141 ,
2161 1102 2289 1135 Praestita
2302 1126 2312 1142 ,
2343 1105 2377 1136 &

1314 1137 1446 1168 Summas
1460 1137 1672 1178 Denariorum,
1689 1139 1768 1170 dicto
1783 1138 1851 1171 Avo
1865 1139 1982 1179 nostro,
2000 1141 2046 1171 vel
2056 1140 2172 1180 Nobis,
2189 1151 2223 1173 ex
2239 1153 2379 1182 quacum-

1314 1185 1370 1214 que
1393 1176 1476 1207 causa
1499 1177 1545 1208 vel
1566 1177 1736 1217 occasione,
1753 1179 1799 1209 seu
1814 1187 2000 1218 quocumque
2013 1179 2130 1218 colore,
2145 1180 2309 1212 debitorum
2319 1204 2329 1220 ,
2343 1191 2378 1213 ac

1314 1225 1447 1252 quaecum
1471 1226 1506 1246 ue
1527 1216 1688 1248 Solutiones
1701 1242 1711 1255 ,
1738 1217 1933 1249 Liberationes
1949 1242 1958 1256 ,
1975 1217 2191 1257 Ordinationes,
2206 1218 2378 1258 Affignatio-

1312 1263 1381 1292 nes,
1399 1255 1432 1286 &
1475 1265 1597 1293 raecepta
1611 1278 1621 1294 ‚
1644 1266 1694 1294 per
1714 1256 1805 1295 ipsum
1819 1256 1996 1296 Episcopum
2017 1256 2053 1287 de
2064 1257 2199 1296 denariis,
2213 1257 2379 1298 Jocalibus,

1315 1291 1418 1323 Pannis
1433 1316 1443 1331 ‚
1466 1295 1499 1324 ὃς
1520 1295 1578 1325 aliis
1598 1296 1680 1326 rebus
1695 1319 1706 1333 ,
1733 1297 1762 1325 in
1777 1294 1900 1326 Camera
1913 1296 1995 1333 ipsius
2007 1296 2066 1327 Avi
2081 1296 2186 1334 nostri,
2205 1297 2250 1327 vel
2263 1297 2325 1328 alias
2340 1299 2376 1328 de

1310 1330 1457 1362 Thesauro
1472 1333 1536 1372 suo,
1561 1334 1589 1364 in
1609 1333 1691 1364 Rece
1712 1334 1892 1371 taAScaccarii
1913 1335 1952 1365 sii
1965 1359 1974 1371 ,
2000 1334 2129 1366 Personae
2145 1336 2318 1374 cuicumque
2333 1337 2376 1366 fa-

1313 1370 1378 1400 Cta:
1407 1381 1522 1401 necnon
1549 1373 1684 1403 omnimo
1706 1383 1721 1403 a
1749 1372 1857 1404 Debita
1878 1374 1911 1404 &
1936 1372 2084 1412 Compota
2096 1373 2240 1413 Jocalium
2255 1375 2286 1406 ἃ
2306 1375 2381 1405 Pan-

1314 1418 1434 1447 norum,
1455 1420 1504 1448 per
1519 1411 1609 1450 ipsum
1627 1410 1781 1451 Episcopum
1797 1411 2028 1481 PVyntonietffem,
2047 1411 2263 1452 Receprorum,
2282 1414 2328 1445 vel
2344 1414 2380 1445 de

1313 1446 1494 1478 Thesauraria
1508 1449 1589 1489 ipsius
1602 1449 1659 1482 Avi
1673 1451 1762 1481 nostri
1776 1450 1820 1481 vel
1835 1451 1930 1482 nostra
1965 1459 2150 1490 uinptorum:
2169 1453 2203 1484 &
2218 1452 2254 1482 de
2264 1452 2380 1484 Reven-

1313 1486 1438 1517 tionibus
1453 1510 1463 1526 ‚
1488 1487 1615 1520 Exitibus
1630 1512 1642 1527 ,
1659 1488 1921 1528 Redemptionibus
1941 1489 2182 1529 Prisonariorum‚
2200 1489 2379 1530 Civitatum,

1315 1523 1503 1565 Castrorum,
1519 1526 1678 1567 Burgorum
1688 1551 1698 1566 ,
1716 1528 1870 1566 Villarum,
1887 1527 2085 1560 Maneriorum
2100 1553 2110 1568 ,
2129 1529 2381 1569 Hamelettorum,

1314 1562 1760 1606 Terrarum,Tenement0rum,
1779 1567 1975 1605 Reddituum,
1991 1567 2024 1598 ὅτ,
2040 1567 2225 1599 Sei-vitiorum
2239 1577 2382 1607 quorum-

1314 1611 1440 1640 cumque
1454 1627 1464 1641 ,
1489 1603 1545 1635 five
1568 1604 1653 1636 fuerit
1674 1605 1746 1636 insta
1768 1605 1905 1646 Regnum
1925 1605 2055 1637 nostrum
2068 1606 2197 1646 Angliae,
2215 1606 2272 1638 five
2286 1616 2379 1647 extra,

1315 1650 1503 1680 quocumque
1524 1642 1678 1681 Nomine,
1703 1643 1793 1675 Causa
1808 1669 1817 1682 ,
1844 1645 1890 1676 vel
1905 1643 2016 1676 Colore
2035 1645 2212 1676 censeantur:
2232 1647 2266 1678 &
2280 1649 2380 1678 omni-

1315 1680 1414 1710 modas
1437 1681 1577 1712 Aetiones
1590 1706 1600 1720 ,
1626 1681 1822 1719 Imperitiones
1837 1707 1847 1721 ‚
1871 1684 1904 1714 &
1926 1683 2091 1714 Demandas
2111 1682 2350 1716 Conventionum
2368 1708 2379 1724 ,

1317 1717 1515 1757 Dispositionis
1529 1744 1539 1758 ,
1565 1719 1768 1759 Injunxnonis‚
1786 1722 1819 1753 δε
1835 1721 2094 1753 Administrationis
2105 1722 2261 1762 Thesauri,
2280 1723 2378 1755 Bono-

1318 1767 1383 1787 rum
1396 1781 1406 1795 ,
1429 1759 1463 1789 &
1485 1758 1662 1790 Catallorum
1675 1784 1684 1798 ,
1708 1770 1741 1790 ac
1761 1760 1877 1791 aliarum
1896 1759 2007 1791 Rerum
2026 1759 2072 1790 seu
2086 1760 2281 1800 Negotiorum
2296 1763 2379 1810 ipsius

1319 1795 1376 1838 Avi
1390 1796 1480 1827 nostri
1495 1807 1757 1837 quorumcumque:
1777 1809 1895 1830 necnon
1910 1798 2052 1838 Receptas
2065 1798 2286 1839 Custumarum,
2303 1803 2379 1832 bub-

1317 1833 1451 1866 {idiorum
1464 1860 1474 1874 ,
1495 1836 1679 1872 Solutionum
1694 1861 1704 1876 ,
1729 1838 1798 1869 Auri
1813 1839 1848 1869 &
1861 1837 1997 1876 Argenti,
2012 1847 2063 1875 per
2078 1837 2312 1878 obligationem,
2331 1839 2379 1870 In-

1316 1873 1464 1904 denturam
1477 1899 1486 1911 ,
1514 1875 1690 1906 Promiffum
1705 1899 1714 1915 ,
1733 1876 1894 1916 Loquelam
1930 1876 2114 1915 Receptum,
2131 1876 2177 1906 vel
2190 1877 2266 1906 aliter
2282 1887 2380 1916 recep-

1317 1920 1414 1943 torum
1433 1923 1439 1943 z
1468 1912 1564 1945 Exitus
1579 1937 1588 1952 ‚
1612 1914 1773 1947 Proventus
1788 1938 1798 1951 ‚
1823 1899 2043 1953 Emolumenta,
2057 1915 2090 1946 &
2103 1915 2275 1946 omnimoda
2291 1915 2381 1946 Profi-

1316 1960 1387 1994 cua,
1403 1951 1484 1982 disto
1500 1952 1568 1984 Avo
1583 1952 1681 1991 nstro,
1699 1955 1744 1985 vel
1762 1953 1877 1993 Nobis,
1897 1964 1932 1984 ex
1946 1953 2172 1993 quibuscumque
2183 1954 2270 1985 causis
2283 1978 2292 1991 ,
2312 1965 2380 1993 qua-

1316 1989 1507 2029 litercumque
1534 1993 1698 2030 pertinentia
1716 2003 1722 2023 z
1747 1993 1780 2024 δε
1804 1994 1973 2024 omnimoda
1997 1992 2226 2023 Amerciamenta
2236 2017 2245 2031 ,
2274 1994 2356 2024 Fines
2370 2018 2380 2032 ,

1319 2027 1417 2059 Exitus
1439 2029 1611 2061 Forisfaoos
1628 2055 1638 2069 ,
1657 2030 1764 2062 Catana
1780 2031 1949 2071 Forisfa&a‚
1967 2032 2000 2063 &
2012 2031 2183 2062 omnimoda
2196 2031 2246 2062 alia
2260 2031 2383 2071 Debita,

1319 2065 1468 2105 Compota
1479 2091 1489 2107 ,
1515 2069 1642 2100 Praestita
1653 2093 1663 2108 ,
1681 2070 1715 2101 &
1729 2069 1828 2101 Onera
1843 2070 2002 2108 hujusmodi
2018 2092 2028 2108 ‚
2053 2070 2130 2101 unde
2145 2070 2298 2108 praedicitis
2312 2071 2384 2109 Epi-

1318 2105 1419 2145 scopus
1434 2106 1665 2147 Wyntoniensis,
1682 2108 1717 2139 ad
1731 2108 1846 2146 praesens
1854 2108 1995 2139 Oneratus
2009 2107 2067 2145 est,
2085 2108 2130 2139 vel
2144 2108 2185 2139 est
2198 2108 2385 2149 Onerandus,

1318 2155 1364 2175 aut
1386 2147 1490 2183 poterit
1511 2146 1632 2178 Onerati
1653 2147 1699 2178 vel
1720 2147 1847 2185 Impetiri
1868 2158 1919 2186 per
1934 2147 2021 2186 Nos,
2038 2146 2083 2178 vel
2098 2146 2236 2178 Haeredes
2250 2148 2381 2188 nostros,

1318 2193 1364 2214 aut
1380 2184 1552 2223 justiciarios
1567 2209 1578 2225 ,
1600 2185 1721 2216 Barones
1732 2186 1768 2216 de
1781 2186 1949 2225 Scaccario,
1967 2186 2012 2216 seu
2024 2186 2092 2216 alios
2107 2187 2302 2224 quoscumque
2319 2186 2381 2217 Mi-

1318 2222 1419 2253 nistros
1441 2223 1554 2255 nostros
1569 2247 1578 2262 ‚
1600 2225 1631 2254 in
1651 2234 1833 2263 quacumque
1853 2224 1941 2256 Curia
1961 2224 2074 2263 nostra,
2090 2224 2137 2256 vel
2151 2224 2312 2256 Haeredum
2326 2236 2382 2257 no-

1318 2261 1459 2300 strorum,
1479 2273 1532 2300 pro
1546 2272 1676 2301 tempore
1685 2265 1744 2302 jam
1759 2263 1904 2294 transacto.

1355 2300 1703 2332 PARDoNAVIMUs
1728 2304 1813 2333 etiam
1834 2303 1868 2334 ὅ(
1893 2301 2141 2332 Reriusnwus
2157 2326 2166 2340 ,
2190 2312 2245 2341 pro
2264 2301 2383 2341 Nobis,

1318 2339 1352 2370 &
1362 2338 1533 2370 Haeredibus
1548 2340 1667 2379 nostris,
1685 2349 1719 2371 ex
1733 2351 1810 2372 certa
1822 2342 1932 2371 scientia
1946 2340 2059 2379 nostra,
2076 2341 2112 2371 de
2126 2340 2207 2371 dietis
2216 2340 2382 2371 Avisamen-

1316 2386 1350 2407 to
1371 2379 1404 2409 &
1428 2378 1546 2410 Affensu
1568 2379 1638 2410 disti
1661 2379 1807 2411 Avunculi
1821 2379 1912 2411 nostri
1926 2381 1959 2411 ὃς
1974 2380 2112 2417 aliorum,
2129 2379 2261 2410 eidemE
2283 2380 2382 2418 ‘iscopo

1318 2415 1523 2455 Wyntoniensi
1542 2418 1724 2449 omnimodas
1743 2418 1922 2449 Donationes
1937 2442 1947 2458 ,
1969 2418 2160 2449 Alienationes
2175 2442 2186 2457 ,
2204 2419 2238 2449 ὅτ.
2281 2418 2385 2457 dquifi·

1318 2456 1410 2485 tiones
1425 2479 1434 2493 ,
1455 2467 1505 2494 per
1523 2457 1613 2495 ipsum
1633 2457 1718 2488 factas
1736 2456 1820 2496 (dum
1838 2467 1932 2488 tamen
1953 2467 2014 2488 non
2026 2456 2061 2487 ad
2076 2455 2200 2488 Manum
2218 2456 2380 2494 Mortuam)

1319 2492 1355 2523 de
1375 2494 1472 2524 Terris
1493 2496 1527 2526 ὅ(
1545 2496 1745 2534 Tenementis,
1764 2506 1827 2535 quae
1842 2497 1878 2527 de
1889 2496 1950 2535 ipso
1965 2497 2034 2527 Avo
2048 2495 2166 2533 nostro,
2182 2496 2227 2526 seu
2239 2496 2296 2526 aliis
2311 2495 2384 2526 Pro-

1318 2534 1492 2570 genitoribus
1507 2534 1623 2572 nostris,
1642 2535 1825 2573 tenebantur,
1841 2535 1898 2566 fine
1913 2535 2044 2565 Licentia
2059 2533 2166 2571 Regia:
2187 2536 2221 2566 &
2235 2536 2384 2564 omnimo-

1320 2572 1355 2601 da
1370 2571 1488 2602 Relevia
1504 2573 1538 2604 &
1553 2573 1702 2612 Scutagia,
1717 2583 1782 2611 quae
1797 2583 1862 2604 ante
1877 2574 1940 2604 haec
1956 2582 2085 2611 tempora
2098 2581 2252 2603 evenerunt
2266 2574 2294 2603 in
2302 2573 2382 2611 Reg-

1319 2620 1360 2640 no
1382 2610 1481 2641 nostro
1503 2611 1636 2651 Angliae:
1662 2613 1694 2643 &
1713 2612 1894 2643 omnimodas
1916 2611 2054 2642 Actiones
2067 2635 2078 2650 ,
2097 2610 2252 2650 Qerelas,
2270 2612 2304 2642 &
2320 2610 2384 2641 De-

1322 2649 1436 2680 mandas
1451 2672 1461 2687 ‚
1489 2651 1571 2681 reales
1587 2674 1597 2689 ,
1622 2650 1776 2689 personales
1789 2676 1799 2689 ,
1817 2652 1850 2682 &
1868 2652 1982 2689 miXtas,
2002 2659 2069 2689 quas
2084 2650 2175 2681 dictus
2195 2650 2275 2681 Avus
2288 2650 2384 2680 noster

1320 2687 1418 2718 habuit
1441 2688 1485 2719 vel
1504 2690 1606 2720 habere
1619 2691 1712 2728 potuit
1726 2699 1775 2727 per
1788 2690 1814 2720 se
1834 2699 1962 2729 tantum,
1981 2690 2027 2720 vel
2040 2689 2105 2719 alias
2121 2689 2300 2727 conjunctim
2316 2697 2386 2719 cum

1319 2727 1376 2757 aliis
1400 2726 1528 2759 Pei‘sonis
1542 2752 1551 2766 ,
1573 2729 1618 2758 vel
1641 2738 1707 2766 quas
1723 2728 1791 2759 Nos
1805 2729 1959 2767 habemus,
1977 2728 2023 2759 vel
2037 2728 2139 2759 habere
2152 2729 2326 2765 poterimus,
2342 2737 2386 2758 er-

1321 2775 1358 2803 ga
1379 2766 1529 2803 praefatum
1551 2766 1703 2806 Episcopum
1726 2766 1956 2807 Wntonienfi’m,
1973 2767 2122 2798 occasione
2136 2767 2296 2805 aliquorum
2309 2766 2387 2796 Prae-

1324 2804 1472 2835 mifforum
1488 2829 1497 2841 ,
1521 2806 1566 2836 seu
1589 2807 1710 2838 aliorum
1732 2816 1980 2844 quorumcumque
1996 2829 2006 2845 ‚
2028 2805 2065 2836 de
2083 2815 2215 2843 tempore
2229 2805 2387 2843 praeterito,

1320 2843 1366 2872 seu
1387 2845 1496 2874 ratione
1515 2844 1631 2885 Passagii
1646 2869 1655 2884 ‚
1682 2845 1827 2876 Lanarum
1842 2868 1852 2884 ,
1879 2844 2056 2884 Coriorum,
2074 2844 2196 2875 Pellium
2211 2844 2386 2881 lanutarurn,

1321 2882 1367 2911 vel
1388 2883 1502 2913 aliarum
1527 2883 1769 2915 Mercandisarum
1785 2884 1819 2914 ad
1836 2893 1923 2921 partes
1935 2883 2065 2921 Exoeras,
2084 2890 2183 2913 contra
2196 2881 2318 2918 Statuta,
2336 2880 2385 2910 In-

1322 2919 1491 2959 hibitiones,
1510 2923 1542 2952 &
1556 2922 1758 2954 Ordinationes
1768 2945 1778 2960 ,
1796 2923 1863 2952 inde
1877 2922 1965 2959 faeta,
1983 2923 2042 2951 tam
2054 2929 2224 2958 coopertura
2237 2919 2270 2949 &
2286 2920 2384 2950 nomi-

1322 2968 1360 2988 ne
1381 2959 1581 2990 Mercatorum
1596 2984 1607 3000 ,
1631 2961 1678 2991 vel
1697 2960 1796 2990 colore
1817 2961 1978 2991 Literarum
2001 2959 2164 2989 Patentiiim
2186 2957 2385 2987 concessarum

1321 2997 1396 3035 apud
1405 2998 1568 3038 Durdraght
1578 3022 1587 3037 ,
1607 3000 1652 3029 vel
1666 2999 1731 3030 alibi
1747 2999 1775 3028 in
1791 2997 2136 3036 partibusTransmarinis,
2154 2997 2240 3033 quam
2255 2995 2310 3026 alio
2319 3006 2386 3026 mo-

1321 3035 1363 3066 do
1376 3046 1579 3076 quocumque,
1595 3037 1641 3068 seu
1654 3036 1850 3068 occasionibus
1863 3036 1938 3073 aliis,
1952 3036 2011 3066 tam
2026 3034 2061 3065 de
2077 3044 2206 3072 ternpore
2221 3033 2338 3077 bVqlreri
2353 3035 2386 3064 de

1322 3074 1447 3106 Chiriton
1467 3077 1501 3108 &
1521 3076 1677 3106 Sociorum
1696 3075 1812 3106 suorum
1827 3099 1837 3112 ,
1862 3084 1951 3113 nuper
1966 3073 2172 3104 Firmariorum
2187 3072 2384 3104 Subiidiorum

1322 3113 1357 3143 &
1380 3113 1586 3144 Costumarum
1609 3113 1690 3151 ipsius
1713 3113 1769 3143 Avi
1789 3113 1900 3151 nostri,
1924 3112 2011 3151 quam
2035 3112 2090 3142 alio
2105 3121 2233 3150 tempore
2269 3121 2386 3142 necnon

1322 3153 1472 3182 occasione
1491 3153 1647 3189 aliquarum
1663 3151 1884 3188 Impositionum
1897 3152 1976 3190 super
1993 3151 2100 3188 Lanas,
2118 3149 2222 3188 Coria,
2241 3134 2332 3180 i'elles
2347 3150 2387 3180 la·

1323 3199 1401 3220 nutas
1417 3212 1426 3228 ‚
1449 3191 1493 3220 seu
1513 3191 1605 3228 aliqua
1625 3191 1676 3221 alia
1697 3190 1891 3220 Mercimoriia
1912 3199 2103 3228 quaecumque
2120 3212 2129 3227 ,
2153 3198 2252 3220 contra
2265 3188 2388 3228 Statura,

1324 3227 1543 3267 Ordinationes,
1562 3229 1762 3266 inhibitiones,
1779 3229 1811 3259 ὃ(
1822 3228 2063 3259 proclamationes
2078 3227 2209 3266 quascum
2231 3237 2284 3266 ue,
2302 3227 2387 3258 faita-

1324 3276 1405 3304 rum,
1424 3268 1499 3298 unde
1514 3268 1664 3306 prredidtus
1680 3267 1820 3308 Episcopus
1836 3267 2027 3308 Wyntonienfis
2037 3266 2185 3304 Impetitus
2198 3276 2214 3297 e
2246 3290 2257 3304 ,
2276 3266 2322 3297 seu
2337 3266 2387 3296 ali-

1325 3306 1442 3344 qualiter
1455 3308 1557 3344 poterit
1571 3306 1712 3345 impetiri:

1361 3344 1440 3383 Qiae
1454 3345 1571 3383 quidem
1583 3347 1680 3376 omnia
1693 3346 1726 3376 &
1741 3345 1846 3383 singula
1855 3345 2048 3383 praedi&a,&
2063 3343 2160 3374 omnia
2172 3342 2223 3373 alia
2238 3352 2387 3381 quaecum—

1324 3393 1380 3420 que
1394 3393 1457 3421 quae
1474 3394 1523 3422 per
1537 3385 1626 3421 ipsum
1635 3384 1789 3423 Episcopum
1798 3385 2012 3423 lVyntoniensem
2027 3382 2116 3419 male,
2132 3382 2322 3421 negligenter,
2341 3381 2386 3413 vel

1324 3422 1513 3452 incommode
1536 3424 1617 3455 Facta
1632 3446 1640 3462 ,
1663 3422 1839 3463 Transgreffa
1855 3445 1864 3461 ,
1890 3422 1962 3453 Aera
1975 3445 1984 3460 ,
2004 3420 2180 3459 Perpetrata,
2195 3420 2242 3450 vel
2274 3429 2385 3458 uoquo-

1325 3460 1415 3491 modo
1430 3460 1618 3500 Mesprisiata,
1637 3461 1740 3500 Dicta,
1758 3461 1803 3493 vel
1816 3460 2018 3499 Conjeeturata
2029 3460 2159 3497 fuerunt,
2178 3459 2236 3490 tam
2271 3469 2286 3489 e
2300 3459 2382 3490 omni

1321 3507 1454 3537 ternpore
1474 3510 1533 3538 quo
1554 3501 1642 3532 fuerat
1654 3502 1682 3531 in
1697 3500 1922 3539 quibuscumque
1935 3498 2065 3537 Officiis,
2083 3497 2242 3535 Gradibus,
2265 3497 2310 3527 vel
2324 3496 2385 3527 Sta-

1322 3539 1397 3568 tibus
1411 3548 1480 3568 cum
1501 3539 1640 3578 praedicto
1655 3539 1722 3570 Avo
1736 3538 1836 3568 nostro
1845 3561 1855 3575 ,
1873 3539 1958 3576 quam
1972 3538 2027 3568 alio
2040 3546 2172 3575 tempore
2185 3544 2386 3581 quocumque,

1324 3578 1384 3606 tam
1406 3577 1506 3609 colore
1526 3577 1705 3609 Officiorum
1723 3601 1732 3616 ,
1757 3576 1926 3615 Graduum,
1943 3576 1990 3607 vel
2003 3575 2133 3607 statuum
2149 3575 2280 3611 illorum,
2299 3582 2385 3616 quam

1323 3615 1400 3645 aliter
1422 3615 1610 3654 quovismodo
1624 3639 1634 3654 ,
1659 3617 1693 3647 &
1715 3615 1850 3654 quicquid
1873 3615 1907 3646 ad
1922 3615 2034 3646 dictum
2050 3615 2148 3645 Avum
2160 3611 2289 3656 nostrum
2304 3620 2386 3655 perti-

1324 3655 1402 3692 nuit,
1419 3655 1465 3684 seu
1486 3653 1521 3685 ad
1543 3654 1612 3685 Nos
1631 3655 1768 3693 pertinet,
1787 3663 1832 3685 aut
1847 3655 1983 3692 pertinere
1999 3654 2102 3691 poterit
2137 3660 2190 3690 pro
2203 3649 2308 3695 eisdem
2323 3659 2386 3686 <311¹-

1325 3692 1503 3730 buscumque
1523 3693 1649 3724 Ratione
1663 3717 1673 3730 ,
1691 3693 1785 3724 Causa
1797 3717 1808 3731 ,
1830 3694 1876 3724 vel
1890 3691 2002 3723 Colore
2015 3715 2024 3730 ,
2038 3702 2097 3730 prae
2125 3698 2156 3720 to
2169 3686 2291 3727 Episcopo
2298 3689 2388 3731 'Wu-

1324 3731 1434 3770 tonienfi
1458 3731 1679 3762 Remisimu
1692 3741 1704 3762 s
1722 3755 1732 3770 ,
1754 3731 2065 3762 RELaixAv1Mtis
2084 3730 2134 3765 &‚
2151 3725 2334 3772 pr0,N0b¹35‚
2352 3727 2387 3758 &

1323 3767 1494 3800 Haeredibus
1508 3770 1628 3809 nostris,
1646 3770 1660 3800 I
1670 3778 1697 3800 M
1707 3779 1724 3800 p
1734 3779 1750 3800 E
1760 3779 1783 3800 R
1794 3779 1812 3800 P
1821 3779 1838 3800 a
1847 3778 1870 3799 τ
1879 3778 1901 3799 υ
1911 3778 1934 3799 u
1945 3777 1988 3807 Μ,
2005 3767 2153 3808 totaliter„
2161 3765 2194 3808 ὅς
2209 3772 2335 3809 integre,
2353 3773 2388 3795 ex

1323 3816 1398 3838 certa
1413 3808 1536 3839 Scientia
1548 3809 1644 3839 nostra
1658 3832 1668 3846 ,
1696 3808 1719 3839 P
1728 3819 1748 3838 A
1759 3818 1782 3838 R
1793 3818 1814 3838 D
1823 3818 1843 3837 o
1856 3816 1879 3838 Ν
1890 3818 1910 3838 Α
1918 3818 1938 3838 v
1947 3817 1958 3838 1
1968 3815 1996 3837 M
2004 3815 2028 3836 u
2037 3815 2049 3836 s
2073 3804 2108 3834 de
2125 3803 2207 3833 dietis
2221 3803 2387 3834 Avisamen-

1323 3853 1354 3875 to
1370 3846 1403 3876 &
1420 3846 1556 3884 Affensu,
1574 3846 1646 3876 dicti
1659 3847 1803 3878 Avunculi
1816 3846 1905 3876 nostri
1918 3847 1952 3877 &
1965 3845 2096 3875 aliorum:

1358 3884 1504 3916 Nolentes
1543 3885 1604 3916 uod
1624 3885 1775 3922 praedictus
1792 3884 1931 3924 Episcopus
1950 3879 2143 3921 Wyntonienfis
2157 3903 2167 3919 ,
2190 3879 2388 3918 successores,

1323 3920 1482 3961 Haeredes,
1499 3934 1536 3954 ve
1560 3923 1735 3954 Executores
1751 3924 1807 3960 sui,
1822 3931 1868 3953 aut
1881 3922 2034 3951 Terrarum
2046 3919 2155 3949 suarum
2169 3918 2334 3957 Tenentes,
2350 3918 2388 3949 de

1324 3969 1447 3999 caetero,
1463 3962 1574 3992 Futuris
1593 3963 1613 3981 '¹‘
1629 3962 1826 3999 Temporibus
1859 3958 2009 3989 occasione
2021 3957 2180 3995 hujusmodi
2194 3957 2388 4000 Debitorumu,
2406 3958 2427 3976 *³
2449 3958 2515 3985 v11.

1833 3983 1968 4036 binium,
1988 3996 2303 4033 Amerciamentorum,
2320 3994 2389 4024 Exi-
2412 3996 2472 4025 168.

1324 3996 1544 4037 Compotorum
1560 4024 1570 4037 ,
1594 3999 1790 4031 Praestitorutn
1804 4021 1815 4037 ‚
2289 4041 2370 4064 tuum

2379 4055 2389 4069 ἱ

2396 1023 2410 1038 “
2422 1024 2491 1052 v11.

2399 1063 2460 1097 167.
