2561 4251
105 252 183 283 Anu.
201 249 243 281 D.

139 291 226 329 1356.

107 330 178 358 liv.
201 339 228 367 3.

116 4057 200 4087 ¹⁸v1.
219 4068 246 4088 2.

241 2234 351 2350 ,ΗΕ

261 183 335 223 132

260 254 295 286 de
311 254 460 294 Breghyn,
477 253 511 286 δε
533 252 667 283 Thomas
686 250 723 282 de
744 248 913 287 Kateneffe,
930 246 1080 285 Episcopi:
1099 255 1133 276 ac
1153 241 1328 284 Willielmus

261 293 296 324 de
312 293 519 333 Levyngston,
537 290 684 321 Robertus
697 289 855 328 d'Erskyn,
872 289 906 319 &
920 286 1052 316 Thomas
1066 284 1101 328 de
1116 281 1248 319 Fauside,
1266 279 1330 323 Mi-

262 333 339 370 lites·⁷
356 332 391 362 de
407 331 530 369 partibus
545 329 670 367 Scotiae,
687 338 757 359 cum
772 326 990 365 Quinquaginta
1004 323 1154 362 Equmbus
1175 320 1210 351 de
1235 319 1331 349 Fami-

261 371 296 401 lia
310 370 372 408 sua,
389 371 419 400 in
434 369 576 406 Regnum
590 367 723 398 nostrum
737 366 860 403 Angliae,
877 363 911 394 ad
927 362 1087 393 Civitatem
1102 360 1231 391 nostram
1248 357 1332 401 Lon-

261 409 373 446 donne,
392 407 427 438 ad
448 405 648 437 TracCtandum
671 414 741 435 cum
762 402 902 434 Concilio
922 401 1023 432 nostro
1046 401 1126 438 super
1141 398 1334 429 Deliberano-

261 459 297 478 ne
307 446 407 491 *David
421 445 457 478 de
472 445 575 486 Bruys,
593 443 742 475 Prisonarii
755 441 864 480 nostri,
880 440 916 472 de
933 440 1064 471 Licentia
1081 437 1177 469 nostra
1193 436 1247 467 sint
1263 444 1335 466 ven-

259 494 332 524 turi,

297 525 386 562 Nos,

296 563 436 593 Volentes
450 570 551 593 eorum
566 558 716 590 Securitati
731 558 761 588 in
775 558 828 589 hac
844 565 921 595 parte
934 555 1084 595 providere
1093 577 1103 592 ,

297 601 477 639 Suscepimus
492 599 581 637 ipsos,
599 597 772 636 Episoopos,
790 596 983 627 Willielmum
997 594 1033 625 de
1042 590 1230 635 Levyngston
1239 612 1249 628 ,
1263 587 1329 619 Ro-

258 641 373 672 bertum
387 642 421 672 &
436 639 605 675 Thomam,
622 647 656 668 ac
671 636 786 677 Equites
800 635 835 666 de
851 635 967 665 Familia
991 633 1054 670 sua,
1071 634 1157 669 uique
1171 629 1206 660 ad
1228 637 1330 659 nume-

256 689 322 710 rurn
338 677 524 717 praediCium,
541 673 603 709 &a
616 682 697 714 prout
718 679 747 705 in
757 673 886 716 similibus
901 673 933 702 de
947 671 1085 702 Condullu
1101 672 1216 700 Literir.

295 718 330 748 In
343 718 432 760 cujus,
446 717 508 762 {ke-
526 714 611 752 usque
626 714 661 745 ad
675 713 752 744 diem
767 713 957 744 Dominicam
971 711 1001 741 in
1022 708 1121 740 medio
1144 705 1332 747 Quadragefi-

259 767 316 791 mae
326 752 945 863 &gifengggugffiddffitffisssonasterium,
962 787 1079 820 decimo
1100 786 1186 818 tertio
1201 783 1248 815 die
1272 782 1334 814 De-

258 842 324 864 cem
346 841 391 862 ris.

261 960 282 981 ’⁶
308 961 359 993 De
383 955 526 1002 Potestase
549 955 704 991 traHandi
719 956 811 1003 snper
840 956 966 1001 Treugis
1001 956 1033 985 in
1066 948 1239 986 Ducatibus
1264 951 1335 983 Bri-

590 1010 696 1041 tannia:
720 1008 756 1044 ὠ·
789 1005 996 1037 Normanniae.

262 1093 394 1167 REX
412 1093 580 1132 Univerfis,
593 1093 742 1162 (praesentes
758 1091 865 1122 Literas
878 1088 1059 1128 inspeeturis,
1077 1086 1213 1118 Salutem.

364 1134 516 1165 Noveritis
531 1135 591 1170 quo
626 1131 706 1170 Nos,
1281 1161 1286 1166 ·
1327 1161 1332 1166 ⁵

298 1172 347 1204 De
367 1172 496 1204 fidelitate
517 1172 551 1203 δε
572 1168 829 1208 circumspefflone
851 1165 989 1206 provida,
1007 1163 1101 1196 dilecti
1124 1162 1335 1200 Consangumei

261 1213 295 1244 &
309 1211 394 1243 fidelis
409 1211 517 1249 nostri,
534 1209 656 1242 Henrici
672 1208 765 1239 Ducis
781 1206 969 1244 Lancastriae,
988 1203 1137 1242 Capitanei
1158 1203 1191 1234 &
1217 1201 1335 1232 Locum

259 1250 393 1282 nostrum
409 1251 530 1282 tenentis
547 1251 577 1280 in
596 1249 713 1279 Ducatu
732 1246 899 1283 Britanniae,
925 1243 1118 1280 multipliciter
1137 1238 1312 1272 confidentes
1329 1261 1339 1278 ,

300 1289 412 1320 Damus
433 1290 501 1328 fibi,
526 1287 707 1326 praesentibus
729 1285 831 1316 Literis
851 1283 971 1321 nostris,
996 1282 1116 1313 Plenam
1139 1281 1172 1311 &
1197 1279 1334 1309 Liberam

262 1328 438 1360 Potestatem
450 1327 484 1359 ad
498 1324 697 1358 Tractandum
712 1325 745 1356 ὃ(
762 1321 1011 1367 Concordandum
1027 1330 1096 1353 cum
1111 1318 1337 1386 quibuscumqpe

263 1367 407 1406 Nunciis,
425 1365 680 1402 ProcuratoribuS,
704 1362 750 1393 seu
772 1361 859 1392 Vices
882 1361 1045 1397 gerentibus
1066 1357 1224 1390 Adversarii
1246 1358 1297 1400 noi
1314 1365 1336 1385 ri

265 1406 289 1437 F
290 1407 410 1445 sancire,
435 1407 469 1437 ὃ(
484 1404 558 1442 aliis,
575 1402 610 1434 ad
623 1400 822 1433 Tractandum
836 1402 869 1432 &
886 1397 1135 1430 Concordandum
1151 1396 1228 1434 super
1243 1394 1336 1432 hujus-

264 1445 344 1476 modi
360 1445 479 1476 Plenam
493 1444 527 1475 &
543 1441 743 1473 Sufficientem
757 1438 934 1470 Potestatem
949 1439 982 1470 &
999 1437 1208 1468 Auctoritatem
1228 1434 1335 1477 haben-

262 1485 356 1522 tibus,
374 1483 409 1514 de
423 1484 457 1515 &
471 1482 551 1520 super
564 1481 707 1518 Treugis,
725 1477 903 1509 Guerrarum
918 1475 1111 1513 Sufferentiis,
1129 1476 1162 1506 &
1180 1472 1335 1503 Abstinen-

262 1524 306 1553 tiis
329 1521 572 1561 quibuscumque,
589 1520 662 1550 inter
685 1517 772 1555 Nos,
789 1516 902 1547 nostros
924 1515 1077 1553 Subditos,
1094 1516 1128 1546 ὃς
1152 1512 1336 1554 Adhaerentes

261 1563 475 1602 quoscumque,
492 1560 525 1590 &
541 1558 634 1596 ipsum
651 1556 849 1588 Adversarium
871 1553 1020 1592 nostrum,
1038 1555 1072 1586 &
1095 1551 1280 1595 Adhgerentes
1301 1554 1336 1580 11-

260 1600 291 1669 ἓι
300 1623 310 1639 ,
327 1610 380 1638 pro
396 1598 567 1630 Ducatubus
582 1596 733 1627 Britanniae
748 1596 782 1626 ὃ(
798 1593 990 1625 Normanniae
1005 1594 1039 1625 δε
1055 1590 1198 1623 Confinns
1219 1598 1336 1620 eorum-

281 1649 328 1669 ern

298 1661 443 1716 TffeugaS,
460 1673 657 1712 SufferentiaS,
674 1673 708 1705 ὃς
726 1671 917 1702 Abstinentias
935 1669 1095 1710 hujusmodi
1113 1665 1335 1706 acceptandum,

260 1715 435 1753 ineundum,
467 1711 691 1750 Stabiliendum,
722 1712 756 1743 ὃς
783 1708 969 1740 Firmandum
993 1708 1196 1739 Securitatibus
1221 1704 1336 1746 quibus-

261 1764 567 1835 cuilgtqtaitei'omniatalia
582 1790 616 1822 δε
632 1787 736 1834 singula
752 1786 931 1831 faciendum,
948 1796 982 1817 ex·
1018 1785 1166 1830 diendutn,
1184 1784 1218 1815 &
1234 1791 1335 1813 excer-

262 1830 406 1867 cendum,
425 1839 488 1867 quae
504 1839 533 1858 m
550 1828 695 1866 praermffis
710 1828 743 1858 δε
759 1836 834 1856 circa
848 1836 879 1856 ω
894 1829 973 1856 necel
988 1835 1042 1855 aria
1057 1824 1162 1855 fuerint
1185 1822 1232 1853 vel
1247 1831 1336 1862 opor-

262 1879 346 1906 tuna,
363 1870 448 1899 etiam
464 1868 484 1898 fi
501 1866 671 1897 Mandatum
687 1865 774 1903 magis
788 1865 902 1901 exigant
916 1863 1052 1902 speciale;

300 1908 503 1939 Promittentes
525 1905 594 1936 Nos
616 1904 745 1942 Ratum,
764 1902 890 1933 Gratum
911 1904 945 1935 &
969 1901 1074 1933 Stabile
1094 1901 1239 1932 habituros
1254 1899 1336 1937 quic-

742 149 1545 205 CONVENTIONES,
1601 152 1994 207 LITERAE,

1366 237 1499 308 &gagg
1510 237 1633 307 finitum
1655 240 1793 309 Duceri'r'
1811 239 2071 284 Conianguineum
2092 239 2247 280 nostrum3
2267 239 2379 274 Aetum
2401 240 2449 275 vel
2464 232 2559 270 Ami

1406 314 1441 345 In
1454 315 1532 352 cujus
1538 286 1640 354 ,εϊὲῑζὲη
1654 289 1757 317 praerm
1780 290 1819 318 1S‚
1837 279 1872 311 &
1887 278 2016 318 quolibet
2037 279 2217 313 eorumdem.
2467 279 2561 355 3235}

1373 392 1439 422 bris.
1449 352 1518 385 Dat.
1540 355 1571 385 in
1589 350 1697 388 Palatio
1719 355 1816 388 nostro
1839 354 1969 387 Westm.
1988 355 2107 388 decimo
2128 357 2231 397 quinto
2251 357 2298 390 die
2321 356 2451 391 Decem-

1417 522 1468 554 De
1490 522 1719 569 Operationibns
1732 550 1743 568 ,
1767 524 1873 607 fitperl
1886 524 2024 607 Dapnglas
2047 526 2129 560 Tour
2153 528 2291 573 inceptis,
2322 538 2405 574 com-⁴

1836 584 1859 621 p
1873 586 1907 607 en
1929 586 1965 608 15·

1372 656 1458 712 RE
1467 656 1499 688 X
1508 680 1517 696 ‚
1534 657 1640 703 dilecto
1655 658 1722 698 fibi,
1739 658 1873 691 Roberto
1886 659 1922 692 de
1937 660 2086 701 Tughale,
2104 659 2274 693 Camerario
2295 662 2346 694 suo
2360 661 2445 696 VilIae
2470 657 2561 700 Amw

1450 696 1588 728 Berewrcr
1602 697 1682 737 super
1694 698 1857 737 Twedam,
1875 698 2009 731 Salutem.
2498 708 2559 741 1352

1410 735 1584 767 Mandamus
1598 737 1682 767 vobis
1696 735 1778 776 quod
1800 736 2003 776 operationes,
2021 738 2103 777 super
2117 738 2223 778 Turri,
2240 739 2344 771 vocata
2359 739 2446 772 Dou-
2471 740 2523 767 An.
2537 749 2556 778 3·

1373 774 1431 811 glas
1445 774 1548 819 Tour,
1566 785 1656 820 prope
1671 774 1808 806 Castrum
1822 775 1954 819 nostrum
1968 776 2093 815 ibidem,
2110 779 2246 817 inceptas,
2263 777 2300 810 de
2315 778 2444 811 Exitibus
2469 779 2498 804 Ε·
2517 786 2558 815 δι(

1373 811 1545 844 Camerariae
1567 814 1731 858 praedfiae,
1764 824 1813 852 per
1835 813 1936 844 Visum
1959 815 1993 846 &
2015 814 2233 847 Testimonium
2249 816 2387 856 johannis
2408 818 2444 850 de
2467 818 2532 844 ⁸⁶⁰¹·
2552 831 2558 844 ·‹

1373 851 1543 896 Coupeland
1557 854 1591 884 &
1601 852 1726 897 *Ricardi
1739 852 1897 890 Tempest,
1914 852 1960 883 vel
1973 853 2083 884 alterius
2096 864 2208 894 eorum,
2225 865 2280 894 pro
2293 856 2445 889 salvatione
2467 857 2503 883 13—
2519 851 2561 893 ξιξ

1372 889 1466 921 Castri
1499 890 1624 929 raedidti,
1641 892 1789 930 complere
1802 891 1922 929 faciatis3
2471 900 2494 922 1.

1410 929 1448 974 Et
1485 940 1501 974 e
1526 928 1691 968 Custubus,
1716 941 1788 969 quos
1806 931 1836 961 in
1853 930 1906 960 hac
1924 938 2001 968 parte
2026 930 2224 963 rationabiliter
2248 933 2447 973 apposueritis,

1374 969 1458 999 vobis
1482 979 1512 999 m
1539 966 1694 1006 Compoto
1717 969 1814 1001 vestro
1838 968 1963 1000 debitam
1988 969 2204 1001 Allocationem
2227 971 2331 1004 habere
2356 973 2443 1005 facie-

1376 1017 1449 1038 mus.

1443 1044 1541 1090 ¹[Teste
1555 1044 1642 1085 Rege
1659 1045 1734 1084 apud
1749 1044 2056 1086 westmonasterium,
2074 1046 2191 1079 decimo
2215 1047 2320 1080 octavo
2341 1050 2388 1080 die
2399 1050 2449 1088 Ja-

1371 1095 1469 1117 nuaru.

2135 1127 2190 1155 Per
2207 1124 2290 1165 ipfitm
2308 1127 2413 1164 Regem.

1660 1269 1721 1300 Pro
1749 1265 1868 1300 Liberis
1891 1267 1995 1299 Caroli
2015 1265 2052 1300 de
2077 1267 2174 1316 Bloys.

1443 1353 1468 1385 E
1478 1353 1509 1384 X
1525 1352 1695 1391 Univerfis‚
1713 1353 1776 1385 &c.
1813 1352 1950 1384 Salutem.

1480 1393 1579 1423 Sciatis
1595 1390 1694 1431 quod,

1417 1430 1498 1462 Cum
1522 1431 1621 1462 Petrus
1643 1429 1838 1468 Pounkellen,
1863 1429 1990 1461 Valertus
2014 1430 2204 1470 Liberorum,
2229 1431 2349 1463 Nobilis
2370 1431 2450 1473 Viri,
2473 1429 2559 1463 Amm

1375 1469 1474 1514 Karoli
1489 1469 1524 1500 de
1539 1469 1632 1513 Blois,
1649 1469 1680 1499 in
1696 1468 1800 1508 Regno
1815 1468 1915 1499 nostro
1931 1468 2042 1508 Angliae
2059 1471 2142 1500 certis
2155 1469 2191 1501 de
2205 1471 2292 1502 causis
2307 1481 2446 1503 commo·
2496 1479 2555 1512 1352

1374 1518 1514 1546 rannum,
1533 1518 1581 1546 qui
1596 1519 1625 1538 in
1639 1507 1762 1538 Servitio
1778 1507 1948 1538 eorumdem
1964 1508 2138 1539 Liberorum
2159 1510 2189 1539 in
2209 1509 2313 1540 eodem
2334 1509 2444 1548 Regno
2469 1513 2520 1538 Aa.
2537 1520 2548 1549 3

1374 1547 1474 1591 nostro
1484 1545 1661 1591 aliqua—mdiu
1675 1545 1768 1584 stetit,
1785 1547 1841 1584 jam
1857 1545 1892 1576 ad
1906 1545 2002 1577 Partes
2017 1546 2075 1577 suas
2091 1546 2222 1588 Proprias
2242 1548 2285 1579 est
2299 1547 2336 1580 de
2351 1549 2447 1581 nostra
2469 1552 2498 1576 Ε·
2514 1557 2555 1586 3=³

1376 1587 1507 1617 L1centia
1522 1584 1677 1623 rediturus,
2470 1590 2557 1616 Franci

1412 1624 1592 1662 Suscepimus
1606 1623 1697 1661 ipsum
1711 1623 1848 1667 Petrum,
1865 1624 1906 1667 ὃς
1922 1622 2064 1664 quendam
2079 1623 2225 1656 Valettum
2246 1625 2345 1664 suum,
2362 1619 2450 1658 trans-
2474 1634 2520 1662 30·
2532 1629 2550 1654 Ε

1375 1663 1471 1694 eundo
1494 1662 1579 1703 usque
1601 1662 1697 1692 Partes
1717 1661 1880 1702 praedrffls,
1898 1672 1928 1692 1n
1951 1661 2168 1694 Proteffionem
2189 1665 2224 1695 δε
2240 1663 2450 1699 Defenfionem
2474 1673 2510 1693 m.
2522 1672 2548 1702 3.

1375 1701 1520 1744 nostram,
1538 1699 1600 1736 &a
1614 1707 1697 1738 prout
1713 1705 1743 1731 in
1757 1699 1931 1739 consimilibus
1945 1700 1976 1729 de
1991 1701 2127 1730 Condudlu
2148 1704 2265 1732 Literir.

1375 1779 1394 1810 d
1414 1740 1447 1771 ln
1463 1749 1562 1778 cujus,
1579 1740 1641 1771 δίε.
1659 1738 1744 1778 usque
1766 1738 1802 1769 ad
1823 1738 1941 1769 Festum
1963 1738 2146 1771 Pentecostes
2169 1743 2304 1779 proximo
2319 1742 2449 1776 futurum

1396 1787 1528 1811 uraturas.

1449 1817 1538 1849 Teste
1555 1815 1640 1855 Rege
1653 1816 1727 1856 apud
1745 1813 2033 1847 westmonasterium
2042 1837 2053 1854 ,
2068 1817 2206 1849 vicefimo
2220 1817 2268 1849 die
2279 1818 2414 1857 Januarii.

2187 1897 2241 1927 Per
2258 1895 2410 1928 Concilium.

487 2001 702 2035 FINIS
750 1998 965 2033 TOMI
1017 1998 1065 2032 V.
1122 1990 1579 2030 EDITIONIS
1639 1987 2224 2025 LONDINENSIS.

260 2091 2435 2148 eea-se§amenasewffiwwwffifflffifflwsswwwffimwwmfflw

362 2287 391 2320 Χ
406 2290 545 2321 omnibus
560 2287 595 2319 ad
610 2297 698 2327 quos,
716 2288 777 2320 δίε.
815 2285 951 2318 Salutem.

364 2329 463 2359 Sciatis
479 2327 576 2366 quod,
1299 2351 1303 2359 ,

298 2368 379 2400 Εὐιτι
395 2367 616 2397 concesserimus
631 2366 664 2396 &
681 2363 889 2402 promiserimus
903 2362 1019 2402 solvere,
1036 2362 1144 2394 dilecto
1153 2361 1335 2400 Consangui-

262 2418 318 2438 neo
334 2408 366 2438 ὅ(
390 2404 477 2435 Fideli
499 2403 618 2441 nostro,
634 2402 778 2433 Edwardo
801 2402 836 2433 de
856 2401 991 2440 Balliolo,
1008 2412 1099 2439 nuper
1114 2402 1186 2441 Regi
1209 2401 1335 2440 Scotiae,

261 2443 431 2476 omnimoda
454 2443 579 2480 Debita,
596 2452 660 2482 quae
682 2442 737 2479 ipse
758 2440 960 2472 rationabiliter
984 2440 1141 2471 monstrare
1157 2441 1262 2477 poterit
1284 2441 1334 2471 fibi

260 2484 296 2515 de
310 2485 404 2522 claro,
422 2483 481 2513 tam
496 2481 530 2512 de
548 2481 637 2518 Pace,
655 2482 742 2520 quim
757 2479 792 2511 de
806 2479 935 2517 Guerra,
957 2489 1007 2516 per
1020 2489 1072 2510 nos
1086 2479 1202 2516 deberi,

297 2522 333 2553 Et
359 2523 512 2559 praecipere
537 2519 723 2550 Thesaurario
747 2518 846 2549 nostro
871 2518 951 2557 quod
976 2519 985 2547 i
1006 2518 1032 2549 se
1058 2528 1127 2548 cum
1150 2518 1231 2548 dieto
1250 2516 1334 2548 Con-

258 2561 411 2601 sanguineo
436 2559 552 2597 nostro,
577 2559 612 2589 de
631 2559 767 2589 omnibus
786 2558 899 2588 Debitis
917 2567 975 2596 prae
997 2557 1076 2595 ictis,
1102 2564 1271 2595 computet,
1298 2558 1332 2587 &

258 2601 309 2644 fibi
328 2600 453 2630 debitam
479 2598 706 2636 Allocationem,
717 2632 725 2640 x
728 2598 807 2636 juxta
826 2598 966 2630 rationem
985 2598 1019 2629 &
1037 2597 1145 2627 bonam
1162 2595 1266 2634 fidem,
1290 2593 1331 2626 fa-

258 2648 337 2721 cmE}
356 2676 396 2719 de
405 2686 459 2713 eo,
477 2675 554 2720 quod
570 2675 620 2705 fibi
634 2684 684 2713 per
697 2673 884 2711 Compotum
906 2673 1066 2718 hujusmodi
1087 2673 1183 2705 deberi
1205 2673 1327 2704 inveniri

259 2724 428 2755 contigerlt,
446 2715 628 2745 Solutionem
643 2721 858 2750 competentem
873 2712 932 2743 fieri
947 2713 1102 2751 faciemus,

298 2754 388 2784 Prout
400 2755 429 2783 in
446 2752 567 2791 quadam
582 2751 752 2790 Indentura,
770 2752 842 2782 inter
858 2751 924 2781 Nos
938 2753 973 2783 &
989 2751 1138 2789 praefatum
1146 2749 1327 2789 consangui-

259 2803 347 2825 neum
362 2791 493 2823 nostrum
508 2790 660 2829 confecta,
677 2790 785 2830 plenius
801 2791 982 2828 continetur,

300 2831 386 2868 Nos,
404 2830 543 2868 praemiffa
563 2830 661 2860 omnia
683 2831 717 2861 ὃ(
740 2829 847 2865 singula
861 2829 1008 2861 observare
1022 2829 1056 2860 δε
1070 2827 1240 2866 adimplere,
1256 2838 1328 2866 prae-

259 2870 319 2901 fato
335 2869 556 2909 Conianguineo
570 2867 670 2899 nostro
684 2868 877 2906 promittimus
892 2867 968 2899 bona
982 2867 1054 2904 fide,
1073 2868 1107 2898 δε
1121 2867 1151 2896 in
1174 2866 1247 2897 Casu
1269 2878 1328 2905 quo

260 2909 337 2940 idern
353 2908 584 2947 Consanguineus
598 2906 710 2945 noster,
728 2915 879 2945 antequam
894 2906 930 2938 de
944 2906 1026 2937 dietis
1040 2906 1154 2937 Debitis
1177 2915 1328 2943 computa-

260 2948 351 2985 verit,
370 2948 400 2977 in
416 2947 482 2977 Fata
495 2945 658 2984 decesserit,
674 2945 808 2977 volumus
823 2948 857 2978 ὃς
871 2945 1077 2983 concedimus,
1098 2954 1151 2982 pro
1166 2944 1279 2982 Nobis,
1294 2946 1328 2976 &

260 2985 432 3017 Haeredibus
446 2984 566 3024 nostris,
584 2984 665 3022 quod
679 2984 851 3015 Executoroe
866 2983 1045 3015 Testamenti
1061 2982 1184 3021 ejusdem
1199 2982 1329 3014 Consan-

280 3025 354 3055 uinei
370 3023 459 3067 nostri
493 3032 541 3055 aut
554 3023 692 3063 Affignati
706 3023 747 3054 sui
760 3022 795 3053 ad
810 3022 1040 3060 computandum
1056 3021 1207 3053 nobiscum
1223 3021 1258 3052 de
1266 3021 1329 3052 De-

259 3034 326 3094 {itis
348 3062 417 3100 illis,
435 3046 476 3093 ad²
492 3062 675 3093 Scaccarium
697 3061 829 3104 nostrum
849 3061 1048 3098 admittantur,
1067 3062 1101 3092 &
1123 3059 1203 3099 quod
1224 3060 1272 3091 Eis
1294 3060 1329 3091 de

260 3101 324 3139 Eo,
342 3101 420 3145 quod
436 3110 488 3145 per
506 3100 692 3138 Compotum
710 3100 873 3137 hujusmodi
897 3099 1014 3137 praefato
1040 3098 1155 3130 Consan
1175 3100 1261 3129 uineo
1278 3109 1333 3129 no-

262 3140 322 3171 stro
346 3149 467 3170 inveniri
492 3140 646 3178 contigerit
671 3139 708 3171 de
733 3139 811 3170 claro
828 3138 942 3177 deberi,
967 3146 1132 3177 promptam
1171 3137 1332 3169 olutionem

262 3179 366 3210 habere
382 3177 527 3209 faciemus.

301 3217 336 3248 ln
351 3217 445 3256 cujuS,
462 3216 523 3247 &c.

335 3254 424 3287 Teste
437 3254 521 3294 Rege
535 3254 609 3294 apud
623 3254 925 3293 westmonasterium,
956 3261 1055 3293 quarto
1067 3253 1115 3285 die
1130 3253 1283 3283 Februarii.

1026 3333 1080 3361 Per
1099 3324 1182 3370 ipficm
1199 3331 1305 3367 Regem.

463 3468 559 3511 Super
576 3466 747 3497 Annuitate
764 3461 897 3510 praedic'li
918 3471 1009 3508 nuper
1031 3462 1131 3505 Regis.

268 3548 392 3610 REX
415 3550 628 3581 Conee’mribus
651 3548 860 3581 Custurnarum
881 3546 992 3577 suarum
1013 3544 1043 3574 in
1065 3543 1156 3574 Portu
1178 3543 1213 3575 de
1227 3543 1336 3576 Sandio

348 3587 527 3626 Botholpho,
544 3588 679 3619 Salutem.

300 3623 399 3663 Cum,
413 3627 490 3663 juxta
503 3627 720 3658 Conventiones

302 3663 379 3695 Inter
393 3664 459 3694 Nos
493 3666 544 3702 &²
560 3665 699 3696 dilectum
713 3649 972 3701 donsanguineum
987 3662 1021 3693 &
1036 3658 1163 3690 Fidelem
1182 3659 1332 3700 nostrum,

267 3701 441 3733 Edwardum
454 3686 489 3732 de
505 3702 638 3741 Balliolo,
656 3714 745 3740 nuper
761 3702 873 3742 Regem
887 3701 1010 3738 Scotiae,
1027 3698 1107 3736 super
1122 3698 1331 3731 Donatione&

267 3740 459 3772 Concesfione
473 3739 509 3770 de
522 3740 629 3777 Regno
643 3743 676 3773 ὃ(
692 3741 812 3772 Corona
828 3741 945 3777 Scotiae,
958 3749 992 3770 ac
1007 3746 1071 3769 toto
1082 3736 1150 3775 jure
1165 3738 1198 3768 &
1214 3736 1330 3768 Clamio

286 3790 330 3809 uae
344 3790 373 3846 ιὲι
379 3777 615 3848 {isdem-Regno
628 3780 662 3811 ὃ(
676 3779 796 3812 Corona
810 3778 1033 3818 habuit2Nobis
1046 3786 1096 3814 per
1108 3775 1199 3813 ipsum
1213 3774 1330 3807 Edwar-

286 3827 336 3847 um
363 3829 377 3848 a
409 3829 430 3849 is
438 3840 448 3856 ,
466 3825 563 3855 initas,

306 3854 409 3886 Eidem
424 3855 643 3894 Edwardo,pro
656 3854 863 3887 Sustentatione
876 3855 923 3886 sua
937 3857 971 3887 &
985 3853 1065 3885 Statu
1079 3852 1129 3884 suo
1143 3860 1328 3883 manutenen-

269 3893 326 3931 do,
345 3892 380 3936 cle
402 3893 526 3925 Duobus
548 3893 668 3924 Milibus
691 3894 860 3933 Librarum,
875 3894 909 3925 ad
924 3894 1101 3925 Terminum
1115 3889 1190 3920 Vitae
1213 3890 1267 3920 suae
1281 3891 1330 3922 ha-

270 3930 387 3970 bendis,
405 3932 624 3962 concesserimus
639 3931 805 3970 providere,
820 3942 905 3970 prout
918 3934 947 3962 in
963 3931 1085 3970 quadam
1099 3928 1267 3966 Indentura,
1289 3931 1331 3960 in-

270 3970 308 4001 de
323 3971 395 4000 inter
409 3970 476 4000 Nos
488 3972 521 4002 ὃς
536 3970 686 4008 praefatum
698 3969 874 4002 Edwardum
887 3970 1039 4008 confetiri,
1057 3971 1092 4003 &
1107 3968 1223 3999 Privato
1236 3967 1334 4006 Sigillo

272 4008 379 4077 antrloI
387 4008 506 4047 signata,
524 4009 631 4046 plenius
644 4010 817 4040 continetur.

382 4056 430 4084 os,

296 4084 432 4118 volentes
446 4084 553 4118 dietam
568 4084 798 4119 Conceffionem
812 4085 939 4120 nostram
953 4085 1071 4120 effectui
1092 4084 1265 4124 mancipari,
1281 4082 1332 4116 de-

665 2200 692 2228 *
716 2201 765 2234 De
788 2196 929 2242 Debitis,
946 2198 1038 2247 sitper
1061 2200 1201 2245 Computa
1224 2209 1295 2232 cum
1318 2192 1469 2229 Edvardo
1493 2202 1584 2240 nuper
1605 2193 1683 2239 Rege
1707 2193 1826 2231 Scotiae,
1842 2190 2006 2238 sblvendis.

2559 2250 2561 2269 l

1372 2280 1497 2311 derimus
1511 2280 1545 2311 &
1561 2276 1800 2317 concesserimus,
1818 2288 1872 2317 pro
1886 2277 2003 2318 Nobis,
2019 2279 2054 2312 ὃς
2076 2278 2249 2312 Haeredibus
2269 2280 2391 2320 nostris,
2407 2281 2448 2313 ei-
2467 2280 2553 2316 Anu-r

1371 2319 1440 2363 dem
1455 2317 1598 2362 Edwardo
1613 2317 1686 2348 Duo
1702 2317 1784 2349 Milia
1800 2318 1963 2356 Librarum,
1981 2318 2110 2349 habenda
2124 2321 2158 2350 &
2174 2321 2369 2359 percipienda,
2388 2321 2443 2352 sm-
2497 2328 2552 2362 135:

1371 2358 1442 2397 gulis
1458 2356 1567 2401 Annis,
1584 2367 1615 2400 in
1630 2356 1773 2401 Portubus
1787 2356 1823 2400 de
1839 2355 2012 2395 Kyngeston
2025 2356 2106 2394 super
2120 2357 2193 2388 Hull
2207 2360 2241 2391 ὃς
2263 2359 2369 2391 Sancto
2391 2359 2448 2391 Bo·
2470 2359 2534 2390 Edv.
2544 2376 2551 2387 r

1373 2396 1494 2434 tholpho
1515 2395 1670 2432 (videlicet)
1692 2406 1721 2426 in
1737 2395 1864 2434 quolibet
1879 2394 2021 2425 Portuum
2037 2395 2259 2435 praedictorum,
2560 2400 2561 2403 ’

1411 2435 1560 2465 Ducentas
1576 2435 1610 2465 &
1628 2434 1843 2474 Quinquaginta
1869 2433 1967 2464 Libras
1987 2435 2018 2464 in
2036 2433 2122 2464 Festo
2136 2434 2269 2473 Paschae,
2559 2428 2561 2433 ’

1411 2473 1448 2504 Et
1462 2473 1610 2516 Ducentas
1624 2474 1658 2504 &
1675 2473 1894 2512 Quinquaginta
1919 2472 2019 2503 Libras
2041 2473 2071 2503 in
2089 2473 2174 2504 Festo
2189 2473 2356 2506 Nativitatis
2379 2474 2451 2507 San-

1373 2512 1414 2543 eti
1427 2511 1564 2551 Johanms
1580 2510 1713 2549 Baptistae
1722 2534 1732 2549 ,

1394 2550 1462 2620 hEtl·
1476 2550 1625 2582 Ducentas
1652 2551 1686 2582 &
1719 2550 1939 2590 Quinquaginta
1963 2548 2063 2580 Libras
2086 2549 2117 2580 in
2146 2549 2232 2581 Festo
2256 2549 2355 2582 Sancti
2382 2551 2447 2584 Mi-

1374 2599 1624 2672 c'Eetlsl'Ducentas
1650 2626 1689 2658 δε.
1711 2615 1927 2667 Quinquaginta
1953 2625 2052 2656 Libras
2076 2626 2106 2656 in
2132 2626 2218 2658 Festo
2244 2627 2358 2659 Natalis
2382 2628 2450 2660 Do-

1366 2676 1456 2737 auge,
1476 2704 1605 2736 Exitibus
1627 2704 1837 2737 Custumarum
1860 2704 1894 2735 &
1911 2701 2107 2733 Subfidiorum
2130 2702 2297 2748 nostrorum
2313 2705 2445 2746 ibidem,

1365 2754 1415 2782 per
1431 2754 1533 2775 manus
1558 2742 1762 2777 Colleerum
1781 2741 1969 2779 eorumdem,
1987 2740 2023 2771 ad
2044 2749 2136 2772 totam
2160 2741 2257 2773 Vitam
2284 2743 2367 2781 ipsius
2388 2743 2448 2775 Ed-

1365 2783 1472 2822 wardi,
1489 2782 1592 2821 absque
1613 2782 1825 2822 impedimento
1847 2780 1894 2812 seu
1910 2778 2149 2811 Contradistione
2168 2780 2260 2819 aliqua
2279 2790 2327 2812 aut
2343 2782 2446 2813 Revo-

1366 2823 1480 2852 catione
1502 2821 1570 2852 inde
1595 2821 1731 2854 faciendis
1751 2829 1786 2851 ex
1799 2827 1981 2858 quacumque
1995 2818 2095 2857 causa,
2114 2827 2200 2857 prout
2213 2821 2244 2851 in
2261 2820 2362 2852 Literis
2387 2831 2444 2852 no-

1367 2860 1428 2891 stris
1443 2860 1625 2900 patentibus,
1642 2861 1711 2892 inde
1726 2858 1883 2896 confecti&
1901 2858 2012 2896 plenius
2025 2859 2209 2896 continetur,

1395 2900 1497 2943 ‘Vobis
1521 2901 1702 2938 praecipimus
1725 2897 1828 2937 quod,
1845 2897 1944 2927 solutis
1968 2895 2213 2934 Affignationibus
2229 2895 2360 2936 Iiabessae,
2379 2897 2449 2930 Ma-

1367 2937 1836 3013 {effraenatae
1861 2933 2443 3008 amm&

1368 3015 1567 3046 Subfidiorum
1587 3014 1795 3053 praedi&orum
1815 2996 1838 3042 'a
1877 3011 2035 3042 Terminos
2057 3010 2183 3041 statutos
2205 3010 2286 3041 faffis
2298 3033 2309 3051 ,
2321 3013 2443 3050 praefato

1370 3053 1590 3093 Consanguineo
1613 3053 1713 3084 nostro
1734 3049 1882 3094 praedictas
1906 3048 1988 3093 Mille
2013 3048 2130 3087 Libras,
2155 3048 2192 3080 de
2212 3048 2295 3080 diffis
2318 3051 2445 3083 Duobus

1371 3092 1501 3123 Millibus
1517 3092 1688 3128 Librarum,
1705 3090 1741 3121 de
1754 3090 1853 3129 primis
1867 3087 1996 3130 Exitibus
2011 3086 2217 3118 Custumarum
2241 3089 2276 3120 &
2296 3088 2445 3121 Subfidio-

1370 3141 1435 3161 rum
1459 3131 1681 3170 praedictorum,
1698 3139 1758 3167 prae
1778 3127 1916 3170 omnibus
1933 3125 1992 3156 aliis
2015 3125 2275 3165 Affignationibus,
2295 3127 2331 3158 ad
2352 3128 2447 3159 dictos

1374 3170 1508 3208 Quatuor
1523 3170 1698 3206 Terminos,
1716 3165 1833 3204 singulis
1846 3164 1948 3203 Annis,
1966 3163 2069 3203 absque
2082 3163 2296 3203 Impedimento
2310 3166 2355 3197 vel
2363 3165 2448 3198 Con-

1374 3207 1545 3238 tradirstione
1559 3206 1652 3245 aliqua
1665 3206 1794 3243 solvaris3

1378 3245 1454 3315 haga
1467 3255 1521 3314 nqs
1535 3246 1619 3290 vobis
1634 3245 1721 3284 inde,
1740 3245 1772 3275 in
1784 3242 1938 3281 Compoto
1961 3239 2073 3281 vestro,
2091 3241 2221 3273 debitam
2234 3241 2449 3276 Allocationern

1436 3293 1640 3360 egfessgrffigsd
1656 3321 1730 3360 apud
1751 3318 2059 3358 Westmonasterium,
2084 3326 2187 3357 quarto
2210 3317 2257 3349 die
2278 3309 2434 3375 Feiffidarii.

1416 3399 1553 3439 Confimile
1575 3402 1668 3429 Breve
1688 3399 1817 3436 dirigitur
1838 3396 2025 3427 colleaoribus
2046 3393 2232 3433 Callumarum
2255 3399 2285 3425 in
2300 3397 2387 3425 Portu
2413 3397 2447 3427 de
2557 3346 2561 3428 1

1379 3441 1408 3468 Κ
1403 3437 1529 3484 yngeston
1537 3438 1617 3478 snper
1633 3437 1720 3476 Hull,
1743 3438 1775 3467 de
1795 3435 1878 3467 Mille
1891 3435 1984 3466 Libris
1998 3432 2106 3475 refiduis
2126 3434 2210 3465 eidem
2231 3434 2375 3475 Edwardo
2392 3434 2448 3473 [ol-
2558 3430 2561 3489 1

1378 3479 1474 3508 venda
1482 3500 1492 3516 ,
1506 3476 1560 3518 fieb
1574 3477 1665 3508 eadem
1679 3480 1769 3506 Data.
2557 3494 2561 3514 l

1451 3613 1546 3656 Super
1569 3606 1741 3644 Venditione
1765 3608 1802 3644 ά
1828 3607 1987 3651 Emptione
2008 3600 2128 3651 Jacobi
2149 3600 2356 3636 daBourbon.

1430 3695 1557 3734 Dward,
1574 3695 1613 3726 du
1633 3692 1844 3725 Tresexceuent
1864 3691 2022 3731 seignour,
2044 3699 2097 3734 par·
2112 3688 2138 3719 la
2161 3686 2260 3732 Grace
2281 3686 2318 3717 de
2339 3687 2438 3729 Dieu,
2457 3691 2539 3725 Ama

1448 3736 1517 3776 Roy
1531 3733 1727 3770 d’Angleterre
1741 3733 1775 3764 &
1789 3732 1825 3762 de
1840 3731 1963 3769 France,
1980 3729 2005 3760 F
2004 3737 2060 3770 yux
2072 3725 2195 3765 amma,
2212 3725 2317 3757 Prmce
2330 3726 2367 3758 de
2373 3727 2436 3760 Ga-
2481 3728 2546 3774 1355l

1368 3773 1423 3812 les,
1441 3773 1512 3804 Duc
1535 3773 1571 3804 de
1593 3770 1814 3808 Cornowailhe,
1832 3770 1866 3801 δε
1890 3767 1999 3799 Comte
2021 3766 2058 3797 de
2078 3763 2196 3803 Cestre,
2213 3775 2229 3797 a
2245 3772 2330 3796 toutz
2345 3775 2420 3798 ceux
2426 3784 2438 3806 -,
2452 3773 2504 3800 An.
2517 3776 2528 3796 2
2544 3783 2545 3792 1

1367 3813 1416 3851 qui
1430 3812 1628 3856 ces'presentes
1645 3811 1754 3842 Lettres
1770 3815 1887 3840 verront
1899 3817 1940 3839 ou
1954 3812 2071 3843 orronr,
2089 3802 2196 3842 Salutz,
2455 3813 2528 3844 13:⁸3-
2542 3826 2544 3832 .

1405 3850 1542 3919 ἓξὲξῐιῑέ
1555 3887 1684 3918 Monfire
1698 3886 1792 3926 Johan
1809 3884 1846 3915 de
1861 3882 1998 3922 GrayHn,
2016 3879 2183 3918 CaPtande
2198 3879 2291 3925 Euch,
2308 3879 2440 3913 Monfire
2457 3851 2498 3876 Ex
2510 3847 2527 3872 ε

1370 3926 1505 3958 Estienne
1522 3927 1623 3963 Daex,
1642 3925 1813 3956 Menancon
1828 3923 1864 3953 de
1879 3920 2000 3958 CasanS,
2018 3918 2134 3962 Arnaud
2157 3917 2297 3949 Gu111.de
2317 3919 2438 3960 Puy-lo-

1374 3956 2441 4041 Passaffiffissff‘zssffissss²15³uinss¹ssis0iud¹ssucygstfi¹ffiiffie{zi-³¹53&

1373 4041 1505 4072 Monfire
1517 4041 1620 4079 Jaques
1635 4041 1670 4070 de
1684 4039 1821 4070 Bourbon
1835 4035 1946 4067 Comte
1958 4034 1994 4064 de
2009 4033 2127 4072 Pontis,

1407 4079 1439 4112 Si
1453 4089 1553 4112 avoms
1566 4089 1638 4112 nous
1652 4088 1688 4110 eu
1702 4079 1736 4110 &
1750 4075 1848 4108 achate
1861 4073 1896 4105 de
1912 4082 1984 4112 eux,
2002 4073 2036 4106 ὃς
2051 4073 2115 4104 auxi
2128 4081 2183 4105 eux
2197 4070 2290 4105 Nous
2296 4078 2350 4104 ont
2358 4071 2438 4143 Vegi
