2561 4251
0 3453 56 3539 {²²

10 3296 76 3322 ἸΑνι.
94 3304 140 3330 42.

12 3411 154 3446 :E.3.m.

781 158 884 202 ET

19 248 150 288 Ann.D.
165 250 202 283 de
217 247 342 282 Westm.
352 246 381 279 le
391 246 488 286 Qtint
496 247 563 287 jour
576 244 613 278 de
622 244 747 286 Januer,
763 244 833 279 l'An
846 246 883 279 de
901 244 1000 278 nostre
1022 246 1126 287 Regae
1148 247 1228 287 Qa-

16 289 132 365 Σῇἐόῧὸ.
167 289 297 321 rantisme
312 287 433 318 Primer.

197 418 248 452 De
271 415 454 450 Armaturis
472 439 483 457 ,
512 413 606 460 usque
635 416 770 495 Scoitiam
792 411 953 457 ducendis,
977 414 1070 460 fhper
1089 415 1200 447 Duello

626 464 673 496 Va
696 465 771 495 iaso.

24 556 100 590 Ann.
111 554 155 586 D.
172 549 313 609 REX,
339 547 581 586 vicecomitibus,
599 545 776 585 Maioribus,
794 546 922 586 Ballivis,
948 546 1105 588 Ministris,
1123 550 1157 581 &
1173 550 1233 580 aliis

49 595 133 628 1268·
252 588 394 621 Fidelibus
405 587 474 627 suis,
493 586 527 617 ad
542 596 633 625 quos,
650 587 711 618 &c.
729 587 863 617 Salutem.

24 629 81 664 An?
92 643 140 671 41.
209 629 309 661 Sciatis
320 627 400 668 quod
412 626 572 657 Licentiam
588 625 716 656 dedimus
730 625 859 655 Thomae
874 621 910 655 de
928 624 1038 665 Erskyn
1057 627 1093 657 de
1115 627 1231 666 Scotia,

23 678 54 703 Ε.
77 683 102 710 3.
192 668 269 707 uod,
283 667 338 707 ipse
348 675 438 697 unum
452 665 507 695 Par
520 664 555 694 de
572 663 677 701 Putes,
694 673 787 695 unum
801 663 1001 701 Bacenettum,
1021 674 1112 695 unum
1126 666 1180 696 Par
1195 666 1232 696 de

26 718 94 741 Scor.
109 720 156 747 4¹·
197 718 287 740 racers
322 714 413 737 unum
426 703 481 735 Par
495 703 530 733 de
547 703 716 742 Qusseulx,
733 712 826 734 unum
847 702 902 732 Par
923 703 959 732 de
981 703 1121 741 Grieves,
1138 713 1229 734 unum

23 754 55 778 E.
74 759 100 786 3.
173 730 351 784 Chanffrisyn
366 752 419 781 pro
431 752 493 773 uno
506 741 611 780 Equo,
629 751 720 771 unum
743 741 898 772 Cultellum
921 750 1024 784 ¹unum
1040 740 1143 772 Ensem
1166 743 1231 772 lon-

23 798 62 817 m.
79 798 106 817 2.
171 795 241 826 gum
273 792 364 814 unum
381 781 485 811 Ensem
500 780 643 818 Currum,
660 780 694 810 &
708 789 799 811 unum
822 763 1091 823 Par—dlrotecarum
1113 780 1149 810 de
1164 780 1232 811 Fer-

171 834 223 862 ro,
241 807 295 860 pro
311 820 419 852 Duello
434 821 464 850 in
479 820 600 864 partibus
615 819 721 849 Scotiae
729 818 856 855 vadiato,
876 826 904 845 m
913 816 1036 862 Ctvrtate
1043 818 1139 849 nostra
1150 818 1232 849 Lon-

170 859 448 930 doni}{athemglrlt‘saessri:e
457 858 626 927 pffffirtdere,
644 858 677 888 &
693 856 777 895 usque
795 855 830 886 ad
850 863 940 895 partes
954 855 1080 894 Sconae,
1099 866 1133 887 ex
1153 858 1234 889 causa

171 910 202 939 Pl
208 910 248 968 {t
254 910 329 968 1ideo
345 937 429 968 vobis
440 907 606 966 mandamus
620 931 700 971 quod
718 932 891 977 praedi&um
904 932 1055 977 Thomam
1070 932 1235 965 Armaturas

170 976 320 1018 praedidias
353 977 384 1005 in
396 973 521 1004 Civitate
535 971 628 1002 nostra
640 971 791 1010 praedre'ta,
808 981 902 1001 emere
916 972 950 1002 ὃς
963 971 1131 1012 provrdere,
1148 973 1235 1005 &us-

171 1026 230 1054 que
243 1015 277 1046 ad
289 999 379 1045 dietas
401 1019 489 1051 partes
505 1010 632 1048 Scotiae,
649 1010 752 1054 abfique
772 1010 984 1054 Impedimento
1005 1010 1117 1050 aliquo,
1131 1012 1236 1043 ducere

169 1054 354 1095 permittatis,
373 1051 426 1081 hac
439 1050 522 1087 vice,
536 1049 573 1080 de
585 1047 685 1079 Gratia
699 1048 797 1080 nostra
809 1049 928 1087 speciali.

204 1093 238 1124 In
249 1092 345 1130 cujus,
363 1090 423 1120 ὅτε.
795 1127 801 1133 .
894 1127 899 1133 Ι
1033 1128 1049 1134 ..

243 1128 334 1162 Teste
349 1127 434 1168 Rege
447 1126 521 1167 apud
539 1125 738 1165 Wyndesore,
753 1133 855 1165 qumto
871 1125 1059 1164 dreJanuaru.

859 1207 913 1234 Per
927 1203 1009 1243 ipfitm
1028 1207 1133 1243 Regem.

510 1331 571 1364 Pro
593 1331 772 1362 Camerario
792 1331 901 1363 Scotiae.

24 1413 102 1445 Ann.
113 1415 154 1445 D.

47 1454 132 1494 1368.

22 1496 76 1521 An.
93 1503 140 1529 4¹·

172 1417 252 1477 RE
262 1417 294 1449 X
303 1441 313 1457 ‚
327 1417 389 1449 &c.
408 1415 543 1447 Salutem.

265 1456 365 1487 Sciatis
377 1454 457 1496 quod
471 1454 640 1492 suscepimus
660 1455 691 1485 in
712 1453 819 1485 salvum
841 1454 875 1485 δε
898 1453 1026 1484 securum
1048 1452 1239 1485 Condu&um

171 1494 320 1534 nostrum,
338 1505 373 1526 ac
393 1495 425 1524 in
447 1492 664 1524 Protestionem
685 1492 719 1522 ὃς
736 1492 943 1523 Defenfionern
964 1491 1072 1523 nostras
1094 1491 1239 1532 speciales,

172 1527 336 1564 Walteium
351 1532 459 1573 Byger,
476 1530 628 1562 Personam
636 1530 774 1561 Ecclefiae
788 1530 824 1559 de
837 1529 930 1561 Erroll
939 1553 947 1569 ,
957 1529 1152 1562 camerarium
1167 1532 1240 1563 Sco-

171 1573 236 1610 tiae,
253 1571 395 1606 veniendo
411 1570 497 1614 usque
512 1569 619 1600 Villam
635 1569 762 1600 nostram
778 1569 933 1607 Berewici,
951 1579 1020 1600 cum
1035 1570 1240 1609 Qatervigin-

169 1611 191 1642 ti
207 1610 299 1643 Sociis
311 1610 362 1641 suis
383 1609 551 1647 Equrtibus,
569 1609 775 1647 cujuscumque
796 1605 890 1639 Status
910 1608 953 1640 seu
973 1607 1159 1640 Conditionis
1178 1610 1239 1640 fue-

167 1649 240 1688 rint,
259 1659 292 1681 ac
306 1657 409 1679 eorum
421 1647 634 1685 Garcionibus,
652 1646 814 1684 Hernefiis,
833 1646 936 1685 Bonis,
953 1646 1078 1678 Pecunia
1089 1671 1099 1685 ,
1127 1649 1161 1679 &
1183 1648 1240 1679 aliis

167 1686 269 1756 Rgbus
277 1687 333 1756 <{i'uis
346 1686 587 1728 quibuscumque,
603 1686 710 1717 ibidem
727 1686 887 1724 morando,
905 1686 939 1717 &
955 1686 1057 1716 exinde
1070 1685 1105 1716 ad
1120 1685 1239 1725 Propria

169 1736 199 1757 re
220 1736 276 1757 eun
295 1736 335 1765 ος

48 1552 122 1599 'rifle

21 1768 42 1789 ’ἕ
60 1771 113 1799 VI.
204 1765 224 1785 '¹‘
241 1764 279 1795 Et
293 1765 360 1795 ideo
373 1764 473 1802 vobis,
489 1762 550 1800 ὠς.
563 1769 644 1802 prout
660 1765 689 1791 in
696 1761 827 1802 fimilibus
841 1763 873 1792 de
889 1763 1025 1793 Conduc‘i'u
1042 1762 1156 1794 Literir.

19 1809 86 1844 584.
206 1802 241 1834 In
257 1804 352 1842 cujus,
371 1804 433 1835 &c.
450 1802 536 1843 usque
547 1803 584 1834 ad
600 1801 715 1832 Festum
723 1801 855 1841 Paschae,
870 1803 1003 1842 proximo
1021 1803 1168 1842 futurum,
1185 1803 1239 1836 du-

168 1850 332 1913 ratur'aIs'este
343 1879 428 1922 Rege
440 1880 514 1922 apud
526 1878 818 1912 westmonasterium
826 1902 835 1917 ‚
853 1878 990 1910 vicefirno
1005 1879 1050 1910 die
1061 1880 1196 1919 Januarii.

605 1959 660 1987 Per
680 1954 764 1996 ipfiaem
782 1958 878 1994 Regem
896 1954 934 1991 ὠ
954 1955 1109 1987 Concilium.

468 2089 528 2120 Pro
553 2087 686 2120 Nunciis
706 2086 795 2131 Regis
821 2086 931 2118 Scotiae.
962 2116 965 2121 .

18 2180 96 2212 Ann,
110 2178 152 2211 D
171 2173 257 2231 RE
268 2173 319 2218 X,
336 2173 395 2218 &C-
413 2170 548 2220 Salutem.

40 2219 124 2260 1368,
245 2252 253 2260 .
267 2213 368 2244 Sciatis
386 2210 483 2255 quod,
667 2249 672 2254 ·
697 2249 702 2254 ¹
878 2248 882 2254 ι
1091 2250 1097 2256 .

19 2263 73 2287 An.
87 2267 121 2295 4¹
206 2251 306 2290 Cum,
324 2250 490 2294 Venerabils
504 2248 605 2287 Pater,
618 2247 809 2286 Wsshelmus,
828 2247 986 2293 Episcopus
1000 2248 1099 2280 Sanetr
1109 2249 1235 2294 Andreae

18 2301 51 2326 Ξ,
73 2306 99 2334 3,
170 2289 207 2321 de
222 2290 336 2329 Scotia,
353 2289 389 2321 ad
404 2298 459 2332 nos
473 2298 503 2318 m
524 2286 662 2332 Regnum
684 2287 814 2332 nostrum
831 2287 969 2332 An'ghae,
982 2297 1017 2318 ex
1038 2297 1115 2328 parte
1138 2289 1237 2320 Davld

21 2340 88 2364 stat.
105 2344 153 2373 4¹-
168 2329 206 2361 de
219 2328 355 2373 Bruys'de
367 2326 481 2373 Seonfi,
500 2326 602 2371 Fratris
615 2324 719 2363 nostri,
737 2336 771 2371 m·
782 2325 937 2357 Nuncrum
951 2331 984 2356 nt
995 2335 1141 2372 venturus,

20 2377 51 2402 Ξ.
73 2383 99 2411 3,
205 2367 410 2411 suscepimusr
428 2366 488 2396 sum
504 2364 850 2403 Episcopum‚vemendo
864 2374 899 2409 ex
914 2364 994 2395 causa
1006 2366 1236 2413 praedteia‚cum

21 2421 59 2441 m.
76 2421 87 2440 1
170 2407 302 2446 Triginta
315 2405 411 2445 Equiti
432 2414 481 2443 υς,
501 2402 536 2434 ad
552 2402 621 2434 Nos
636 2403 711 2441 apud
733 2403 938 2442 Londomam,
955 2410 986 2433 ut
1009 2408 1041 2435 in
1054 2404 1187 2444 finalibus
1202 2406 1235 2436 de

169 2446 309 2476 Conduc'lu
325 2447 439 2474 Literis.

206 2482 275 2516 Dat.
289 2483 367 2522 apud
380 2480 671 2515 Westmonasterium
679 2503 689 2519 ‚
707 2481 844 2513 vicesimo
858 2479 982 2513 secundo
996 2480 1043 2511 die
1052 2480 1186 2520 januarii.

807 2561 860 2589 Per
877 2558 960 2598 ipfitm
972 2560 1078 2597 Regem.

166 2637 339 2670 Consimiles
354 2637 464 2669 Literas
484 2637 573 2676 Regis
593 2636 630 2666 de
651 2635 811 2667 Conduc'hr
832 2636 936 2667 habent
959 2636 1119 2676 subscripti,
1139 2638 1187 2676 qui
1207 2638 1237 2667 in

204 2677 357 2716 Angliam,
374 2685 409 2707 ex
420 2684 498 2716 parte
512 2675 642 2714 praediffl
657 2675 772 2713 David,
791 2675 843 2705 sint
857 2676 988 2714 venturi,
1006 2686 1056 2714 per
1072 2676 1149 2706 idern
1163 2685 1237 2706 tem-

205 2726 257 2754 pus
267 2715 427 2753 duraturas,
444 2716 478 2746 &
492 2714 542 2744 sub
557 2714 655 2744 eadem
670 2713 764 2752 Data,
783 2715 840 2744 viz.

168 2791 307 2823 Walterus
321 2790 461 2830 Episcopus
476 2789 641 2829 Glascuenfis
659 2791 689 2820 in
703 2790 815 2829 Scotia,
833 2800 901 2821 cum
917 2791 1050 2830 Triginta
1070 2790 1237 2831 Equitibus,

205 2831 239 2862 &
253 2839 356 2861 eorum
371 2829 574 2860 Garcionibus.

168 2869 248 2905 Hugo
261 2867 440 2913 ale-Eglinton
455 2865 607 2905 Chivaler,
623 2876 694 2897 cum
712 2865 879 2898 Duodecim
897 2866 1063 2907 Equitibus,
1081 2867 1115 2899 &
1135 2877 1236 2899 eorum

168 2906 426 2976 Rogssiziossaetisn
439 2943 593 2982 Chivaler,
610 2953 681 2974 cum
700 2942 879 2981 Qrindecim
894 2942 1056 2983 Equitibus,
1074 2946 1136 2977 δίε.

168 2983 310 3016 Walterus
324 2956 406 3024 Lestff
419 2982 576 3022 Chivaler,
592 2992 663 3014 cum
677 2981 846 3013 Duodecim
859 2982 1024 3023 Equitium,
1042 2985 1104 3016 &c.

359 3119 408 3152 De
434 3116 609 3156 Condffln,
627 3125 683 3163 pro
705 3116 836 3150 Waltero
857 3116 894 3150 de
919 3117 1041 3166 Lcsscye.

20 3213 102 3247 ‘Ann.
117 3215 159 3248 D.
174 3200 319 3261 REX2
336 3201 396 3246 850·
415 3201 552 3249 Salutem.
587 3243 592 3249 Ι
679 3242 685 3248 .
852 3243 857 3249 ,

44 3256 130 3296 ¹368·
270 3241 371 3273 scmus
391 3241 473 3280 quod
492 3241 660 3279 suscepimus
678 3252 708 3272 m
728 3241 947 3273 Proteehonem
970 3243 1003 3273 &
1025 3241 1233 3274 Defenfionem

171 3279 315 3318 nostram,
341 3288 460 3310 necnon
483 3278 514 3310 in
532 3279 640 3311 salvum
660 3281 693 3312 &c
713 3280 842 3311 securum
868 3279 1059 3312 Conduetum
1084 3282 1235 3321 nostrum,

23 3336 47 3359 13
171 3319 334 3350 Walterum
345 3317 380 3349 de
392 3317 526 3356 Lesseye,
543 3316 673 3349 Militem
686 3318 722 3349 de
734 3318 848 3357 Scotia‚
866 3320 1010 3351 veniendo
1027 3323 1084 3351 tam
1101 3330 1151 3361 per
1162 3321 1238 3352 Ter-

25 3341 103 3399 Sit-›tz-
130 3380 144 3398 2
174 3367 235 3389 ram
269 3357 353 3396 quam
367 3366 416 3395 per
439 3355 537 3393 Mare,
557 3357 587 3386 in
608 3356 746 3396 Regnum
765 3357 896 3387 nostrum
913 3359 1043 3404 Angliae,
1061 3360 1095 3390 ὃς
1115 3360 1181 3390 alibi
1196 3361 1241 3390 in-

108 3381 128 3407 4
150 3392 157 3399 ”
173 3396 215 3426 fra
228 3381 404 3427 Dominium
417 3395 451 3426 δε
467 3393 639 3425 Potestatem
655 3395 770 3434 nostra,
786 3404 855 3426 cum
875 3395 930 3425 Sex
950 3396 1097 3436 Equitibus
1117 3398 1154 3428 de
1177 3397 1239 3428 Co-

172 3436 271 3503 miltiva
283 3432 415 3502 sua‚l&c.
435 3440 467 3464 ut
485 3437 514 3464 in
526 3433 659 3476 fimilibus
674 3434 706 3464 de
720 3435 856 3465 conduelu
875 3437 996 3474 Literis,
1013 3446 1071 3465 cum
1084 3435 1136 3466 hac
1154 3436 1239 3468 Clau-

188 3485 204 3504 u
215 3483 250 3504 a·
273 3475 338 3502 viae
349 3475 401 3501 icet

166 3471 199 3515 s
211 3495 390 3543 D'umtamen
408 3494 565 3542 Monetam
587 3512 707 3551 aliquam
729 3511 765 3542 de
784 3508 892 3542 Cuneis
910 3510 1011 3541 nostris
1033 3511 1144 3552 Angliae
1159 3538 1168 3552 ,
1192 3514 1238 3545 seu

172 3551 338 3584 Armaturas
349 3549 471 3594 aliquam,
489 3559 567 3582 extra
587 3551 723 3590 Regnum
742 3549 872 3582 nostrum
895 3560 955 3581 non
970 3550 1092 3590 ducant,
1109 3553 1155 3584 seu
1171 3554 1239 3585 duci

173 3591 278 3622 faciant
290 3598 390 3633 quows
405 3588 506 3618 modo.

212 3628 247 3660 In
261 3637 358 3667 cujus,
374 3627 435 3658 δίε.
455 3637 505 3664 pet·
519 3636 609 3657 unum
624 3628 744 3658 Annum
757 3627 908 3659 duraturas.

211 3666 305 3699 Teste
317 3665 401 3706 Rege
412 3664 486 3706 apud
493 3665 798 3705 Westmonasterium,
817 3667 952 3700 Viceslmo
964 3667 1041 3699 sexto
1049 3668 1095 3699 die
1104 3667 1239 3707 Januarii.

885 3747 938 3774 Per
957 3743 1110 3775 Concilium.

326 3820 498 3853 Consimiles
515 3820 624 3851 Literas
641 3819 746 3851 habent
765 3820 924 3860 subscripti3
943 3821 1092 3861 videlicet,

179 3895 339 3927 Willielmus
354 3899 457 3938 Muaiy,
477 3898 609 3935 Armiger
621 3897 657 3927 de
672 3896 786 3935 Scotia,
803 3907 871 3928 cum
888 3897 1010 3928 Duobus
1025 3898 1182 3937 Equitibus.

177 3935 322 3973 Johannes
336 3936 368 3965 de
381 3935 515 3976 Forresta‚
538 3937 671 3975 Armiger
684 3936 720 3966 de
733 3935 849 3974 Scotifi,
869 3946 936 3966 cum
953 3936 1027 3967 Uno
1042 3937 1153 3975 Equite.

178 3972 345 4004 Willielmus
357 3974 476 4014 Michel‚
495 3976 631 4012 Armiger
645 3974 682 4004 de
696 3974 810 4013 Scotia,
829 3985 895 4005 cum
910 3974 987 4005 Uno
1001 3975 1103 4014 Equite

180 4010 348 4042 Willielmus
359 4015 456 4051 More,
473 4013 510 4043 de
525 4013 621 4044 Scotift
637 4013 738 4052 Miles,
755 4023 824 4043 cum
841 4013 895 4043 Sex
912 4013 1001 4044 Sociis
1013 4014 1063 4044 suis
1082 4014 1240 4053 Equitibus.

182 4049 348 4122 έξῖκὲιᾶετζ
363 4049 403 4118 ,ἷζε
417 4052 574 4092 Lyndeffoy,
593 4050 680 4083 Miles
693 4052 729 4083 de
749 4051 865 4092 Scotia,
882 4062 952 4083 cum
969 4052 1139 4084 Duodecim
1150 4054 1241 4085 Sociis

240 4099 251 4119 s
299 4095 370 4127 quiti
392 4097 432 4118 us.

981 156 1247 202 ACTA
1332 157 1813 204 PUBLICA.

2256 176 2332 222 143

1271 243 1490 321 Wfilggsstligzsde
1509 247 1690 287 Rammefi’ye,
1713 247 1801 280 Miles
1820 250 1856 281 de
1876 250 1990 292 Scotifi,
2007 260 2076 283 eum
2097 251 2154 284 Sex
2175 251 2265 285 Sociis
2282 255 2334 286 suis
2354 249 2483 331 Αεὶγξῐόὲ)

1268 322 1530 398 Rigzurffigucgomn,
1548 323 1680 364 Armiger
1694 325 1730 356 de
1745 326 1861 366 Semta,
1877 339 1947 360 cum
1967 329 2092 363 Duobus
2111 330 2203 362 Sociis
2221 326 2273 361 suis
2293 330 2332 362 E·
2352 334 2420 358 Edw-
2441 341 2468 367 3.

1269 397 1460 475 Joggffirissglse
1474 404 1576 442 Cragy,
1597 402 1730 443 Armiger
1745 403 1782 435 de
1803 405 1918 444 Scotia,
1935 416 2003 437 curn
2026 406 2150 439 Duobus
2173 407 2264 440 Sociis
2282 408 2332 440 suis

1269 473 1415 544 Jotlissffies
1431 477 1462 506 de
1481 477 1639 518 Collyhach,
1660 479 1696 510 de
1716 480 1830 521 Scotifi,
1845 492 1915 514 cum
1935 483 2044 516 Tribus
2064 485 2155 517 Sociis
2173 484 2226 519 suis
2245 486 2336 527 Equi-

1272 552 1379 583 Walter
1395 551 1488 592 Belle,
1507 553 1695 596 Capellanus,
1714 567 1783 590 cum
1796 560 1902 592 Tribus
1915 560 2005 594 Sociis
2015 561 2068 594 suis
2082 561 2241 604 Equitibus.

1390 679 1438 711 De
1462 679 1611 713 Trac‘bam
1635 684 1672 720 ὄσ·
1698 684 1860 717 Concordia
1881 689 1981 720 Scotiae
2006 686 2208 734 observandis.

1272 760 1475 815 EDwardus,
1493 764 1550 810 Dei
1564 766 1669 810 gratia,
1687 767 1894 812 Rex'Angliae,
1910 771 2057 804 Dominus
2075 773 2226 807 Hiberniae
2241 776 2275 808 δε
2289 776 2332 809 A·
2354 770 2431 802 Asm-
2446 769 2489 805 D·

1338 812 1485 847 qnurtantae,
1507 804 1615 835 dileehs
1636 807 1669 836 ὃς
1686 805 1813 837 fidelibus
1835 810 1908 847 iuis,
1931 810 2065 844 Grlberto
2088 813 2123 844 de
2142 815 2332 847 Urnframvill
2380 809 2464 849 ¹363·

1273 839 1559 881 Comitid’Anegos,
1579 842 1714 875 Hernico
1727 846 1764 876 de
1778 845 1867 886 Percy
1888 849 1913 878 le
1934 848 2030 890 Piere,
2048 853 2082 884 ὃς
2105 852 2195 884 Sociis
2212 853 2266 886 suis
2298 856 2333 887 ad
2355 851 2470 885 ³4⁷¹·42*

1273 879 1442 910 Traeratum
1456 880 1488 910 &
1504 881 1719 921 Concordiam,
2272 878 2282 894 ²
2356 892 2385 915 E.
2410 897 2435 923 3.

1311 919 1329 935 ³⁸*
1349 917 1452 958 Nuper
1465 919 1553 958 inter,
1571 921 1706 951 dileetum
1723 922 1755 952 &
1769 921 1880 954 fidelem
1894 925 2040 964 nostrum,
2059 927 2210 961 Thomam
2224 930 2261 961 de
2273 931 2336 962 Ber·
2356 931 2422 954 ⁸⁶0²·
2441 934 2489 962 4²·

1275 955 1304 986 lo
1320 955 1437 994 Campo
1448 957 1599 988 Comitem
1611 959 1794 992 Warriwicae
1803 984 1814 999 ,
1831 964 1865 992 ὅτ
1880 965 2012 1002 quosdam
2026 966 2095 997 alios
2108 967 2200 999 fideles
2212 970 2325 1002 nostros
2358 968 2386 991 E.
2409 972 2434 1000 3·

1275 995 1348 1032 apud
1364 995 1558 1027 Moroullawe
1573 999 1606 1028 &
1624 998 1814 1038 Rokesburgh
1825 1024 1834 1039 ,
1854 1012 1906 1041 pro
1921 1003 2020 1034 Nobis
2034 1007 2067 1036 ὃς
2082 1006 2205 1038 Subditis
2222 994 2336 1039 nostris’
2357 1011 2394 1030 ⁷⁷¹·
2410 1002 2436 1029 3·

1278 1043 1312 1063 ex
1334 1043 1410 1072 parte
1434 1036 1507 1074 una,
1524 1037 1711 1080 &quosdam
1733 1038 1867 1070 Praelatos
1883 1042 1915 1070 δί
1935 1043 2002 1074 alios
2023 1043 2148 1075 Nobiles
2167 1046 2203 1077 de
2223 1033 2337 1086 Scotia}
2359 1041 2377 1058 *²
2398 1043 2437 1069 VI

1277 1082 1330 1114 pro
1345 1081 1422 1117 parte
1436 1075 1470 1118 ὃς
1489 1084 1607 1107 nomme
1621 1075 1717 1107 David
1730 1077 1767 1107 de
1783 1076 1869 1121 Bruys
1883 1079 1918 1109 de
1934 1080 2049 1121 Scoria,
2068 1082 2169 1114 Fratris
2182 1084 2288 1125 nostri,
2305 1087 2338 1117 ὃς
2357 1088 2373 1115 5
2377 1079 2412 1114 85
2416 1099 2422 1106 -

1279 1111 1374 1150 Regni
1391 1112 1513 1152 Sconae,
1530 1123 1564 1143 ex
1579 1123 1655 1152 parte
1668 1115 1767 1154 altera,
1785 1126 1885 1155 mltos,

1316 1150 1348 1180 In
1371 1150 1522 1182 Comitatu
1543 1151 1766 1185 Northumbriae
1782 1177 1791 1192 ,
1814 1156 1847 1186 &
1867 1156 1931 1186 alibi
1955 1158 1982 1187 in
2007 1157 2154 1192 Dominiis
2176 1161 2278 1195 nostris
2309 1165 2339 1195 in

1282 1187 1415 1219 Marchia
1432 1190 1538 1221 Scotiae
1558 1192 1648 1223 versus
1670 1202 1759 1232 partes
1777 1193 1953 1233 orientales,
1971 1198 2044 1233 quta
2065 1200 2190 1231 formam
2206 1188 2341 1234 Indexitu-

1280 1238 1335 1265 τοὶ,
1353 1228 1419 1258 inde
1434 1239 1467 1258 ex
1484 1239 1598 1268 utraque
1614 1241 1690 1269 parte
1710 1231 1810 1270 faetae‚
1827 1233 2052 1267 conservandum
2072 1239 2105 1270 &
2128 1242 2215 1270 teneri
2234 1241 2341 1273 facien-

1279 1266 1349 1296 dum
1363 1266 1517 1311 affignatis,
1536 1269 1670 1302 Salutem.

1318 1306 1447 1349 Novrter
1468 1306 1613 1339 Robertus
1633 1309 1668 1339 de
1688 1307 1797 1349 Erskyn
1825 1310 1928 1349 Miles,
1946 1322 2001 1350 pro
2022 1323 2099 1352 parte
2120 1315 2220 1348 Fratris
2246 1318 2338 1351 nostri

1280 1344 1429 1413 przedfii,
1453 1346 1487 1376 ad
1509 1346 1578 1376 Nos
1597 1349 1726 1386 veniens,
1746 1349 1846 1379 Nobis
1873 1353 1998 1388 exposuit
2019 1354 2099 1392 quod
2112 1378 2121 1393 ,
2147 1358 2203 1386 tam
2228 1367 2344 1398 propter

1297 1382 1673 1431 nundatroneshkAquarum,
1696 1387 1783 1425 quam
1805 1388 1857 1418 alia
1879 1387 2085 1427 Impedimenta
2106 1396 2251 1435 notabilia,
2267 1399 2346 1437 juxtra

1282 1422 1436 1460 condidia,
1453 1423 1516 1454 alias
1526 1432 1597 1455 mter
1612 1427 1760 1462 praefatum
1775 1425 1925 1457 Comitem
1941 1430 1974 1460 &
1987 1429 2082 1462 dieros
2096 1433 2165 1464 alios
2176 1434 2283 1467 Fideles
2290 1447 2345 1467 no-

1281 1461 1370 1505 strOS,
1386 1470 1439 1498 pro
1456 1471 1531 1505 parte
1543 1463 1640 1494 nostra
1655 1463 1832 1504 Deputatos,
1850 1476 1883 1496 ac
1899 1468 1965 1498 alios
1988 1470 2071 1500 etiam
2094 1481 2146 1508 pto
2187 1483 2244 1505 arte
2264 1476 2344 1514 ipsius

1281 1499 1383 1530 Fratris
1394 1498 1488 1544 nostri¹
1498 1500 1608 1539 habita,
1624 1501 1805 1533 Traeratores
1819 1505 1875 1534 five
1891 1505 2046 1545 Numeros,
2062 1510 2136 1539 circa
2158 1482 2345 1550 &undenam

1279 1537 1396 1568 Paichae
1410 1547 1570 1577 proximam
1579 1563 1588 1578 ,
1607 1549 1666 1570 non
1679 1542 1771 1578 potuit
1783 1542 1816 1572 ad
1832 1541 1900 1573 Nos
1913 1547 2073 1576 commode
2087 1548 2223 1580 destinare

1303 1576 1481 1620 ‘Supplicans
1494 1578 1577 1607 nobis
1591 1578 1725 1609 instanter
1741 1588 1771 1610 ut
1786 1590 1975 1620 quaecumque
1987 1584 2120 1616 Tmetata
2136 1588 2170 1617 ὃς
2181 1575 2325 1621 Coiadiera
2342 1595 2346 1599 '

1279 1614 1349 1646 hinc
1363 1616 1397 1646 &
1414 1616 1497 1654 inde,
1516 1616 1549 1646 ad
1564 1616 1642 1647 diem
1656 1617 1799 1648 Marchiae
1822 1620 1952 1651 ultimum
1968 1622 2093 1662 fuerant,
2112 1625 2141 1655 in
2161 1627 2263 1657 eodem
2283 1613 2346 1660 Stat

1277 1662 1327 1724 ἐμ,
1345 1664 1403 1694 quo
1419 1665 1498 1686 nunc
1511 1655 1588 1694 sunt,
1608 1665 1754 1687 remanere
1761 1680 1772 1696 ,
1790 1657 1845 1688 fine
1865 1658 2007 1692 Novitate
2026 1663 2166 1702 qualibet,
2184 1668 2346 1702 permittere

1298 1702 1470 1732 ignaremur:

1320 1732 1389 1776 Nos
1402 1733 1504 1802 kgitur,
1524 1742 1557 1763 ex
1573 1734 1659 1764 caufis
1672 1733 1850 1773 hujusmodi,
1867 1736 1900 1766 &
1911 1737 1969 1767 aliis
1983 1740 2197 1778 quampluribus
2217 1743 2349 1782 excitati,

1279 1772 1378 1809 vobis,
1424 1773 1522 1802 rmiter
1544 1773 1734 1812 injungendo,
1754 1774 1921 1807 mandamus
1939 1779 2065 1817 quatinus
2086 1790 2276 1821 quaecumque
2296 1793 2346 1822 per

1279 1808 1391 1840 dietum
1408 1810 1557 1841 Comitem
1573 1811 1606 1842 &
1620 1813 1686 1842 alios
1701 1811 1808 1843 Fideles
1822 1813 1948 1853 nostros,
1966 1826 2018 1853 pro
2039 1827 2116 1854 parre
2136 1818 2247 1858 nostrii,
2266 1830 2300 1851 ac
2315 1832 2345 1851 a-

1279 1848 1331 1879 lios
1343 1859 1396 1888 pro
1410 1858 1487 1887 parte
1500 1850 1569 1879 dien
1586 1849 1687 1881 Fratris
1703 1849 1808 1888 nostri,
1821 1850 2038 1892 Deputatos,ad
2053 1856 2164 1887 dietum
2178 1859 2255 1888 diem
2265 1858 2346 1890 Mar-

1278 1887 1369 1926 chiae,
1386 1897 1469 1926 prout
1485 1889 1512 1917 in
1530 1886 1690 1919 Indenturis
1710 1889 1766 1920 sive
1786 1889 1936 1928 Scripturis
1950 1893 2008 1923 aliis
2043 1894 2111 1926 hinc
2134 1896 2167 1926 &
2187 1897 2253 1927 inde
2275 1908 2347 1928 con-

1278 1927 1375 1965 feffis,
1395 1926 1520 1957 scriosius
1543 1929 1743 1966 continentur,
1762 1928 1918 1967 ordinata,
1942 1916 2094 1972 Traetata,
2113 1933 2271 1973 condicta,
2288 1938 2346 1968 five

1278 1964 1460 1996 Concordata
1476 1966 1602 2004 fuerant,
1619 1966 1819 1998 inviolabiliter
1835 1966 1944 1999 Teneri
1966 1970 1999 2001 &
2014 1970 2167 2003 Observari
2190 1975 2218 2004 in
2239 1975 2346 2006 eodem

1279 2004 1368 2044 statu,
1387 2014 1446 2042 quo
1461 2014 1539 2034 nunc
1554 2005 1679 2045 fuerant,
1698 2006 1727 2035 in
1742 2007 1879 2037 omnibus
1894 2009 1928 2039 &
1944 2018 1993 2045 per
2007 2011 2125 2049 omnia,
2137 2020 2271 2050 quatenus
2279 2013 2349 2045 Par-

1278 2051 1338 2073 tem
1354 2043 1480 2074 nostram
1495 2053 1669 2074 concernere
1683 2052 1833 2084 poterunt,
1852 2055 1900 2085 per
1921 2046 1983 2078 Vos
2005 2049 2038 2079 ὃς
2059 2049 2252 2091 quoscumque
2277 2052 2346 2084 alios

1278 2081 1413 2112 Subditos
1438 2081 1549 2113 nostros
1564 2105 1574 2121 ,
1600 2081 1784 2114 effeerualiter
1804 2084 1928 2123 faciatis,
1947 2087 2032 2125 usque
2057 2088 2092 2118 ad
2115 2089 2241 2128 primum
2265 2092 2344 2122 diem

1278 2120 1389 2151 Mensis
1406 2120 1452 2152 Au
1474 2120 1543 2159 usti,
1562 2123 1697 2160 proximo
1711 2121 1890 2161 sequentem,
1904 2126 1937 2156 ὃς
1951 2125 2001 2156 sub
2013 2126 2118 2158 eisdem
2127 2127 2244 2167 Modis,
2262 2129 2345 2161 Con-

1277 2160 1446 2197 dhionibus,
1491 2160 1575 2198 ac‘tis,
1595 2160 1810 2199 Securitatibus,
1829 2161 2116 2204 Manucaptionibus,
2132 2167 2165 2197 ὃς
2180 2166 2347 2206 Fidejuffio-

1276 2198 1375 2269 pibus,
1392 2199 1493 2238 quibus
1511 2199 1652 2237 praemiffa
1671 2198 1826 2239 ordinata,
1843 2201 1899 2232 five
1920 2202 2024 2242 Facta,
2044 2213 2092 2235 aut
2114 2204 2252 2243 Expedita
2275 2217 2346 2239 tunc

1290 2247 1401 2276 uetant,

1313 2276 1405 2315 Asque
1421 2286 1458 2306 eo
1475 2276 1554 2314 quod
1565 2299 1574 2315 ,
1592 2287 1645 2316 pro
1659 2276 1740 2308 Parte
1754 2277 1868 2317 nostra,
1885 2288 1933 2310 aut
1947 2280 2059 2320 alicujus
2081 2281 2268 2314 Subditorum
2289 2294 2345 2315 no-

1276 2314 1403 2345 strorum
1424 2316 1455 2345 in
1475 2314 1602 2346 Partibus
1624 2316 1693 2355 illis,
1718 2318 1795 2347 circa
1817 2318 1974 2362 praemiffi,
1993 2320 2039 2350 vel
2059 2321 2167 2359 aliquos
2188 2323 2347 2362 praemiffo-

1277 2363 1341 2384 rum
1354 2377 1364 2392 ,
1389 2353 1489 2394 aliquid
1510 2355 1640 2385 innovari
1662 2354 1707 2386 vel
1730 2363 1884 2392 attemptari
1904 2359 2008 2394 poterit
2032 2360 2241 2400 quovismodo,
2258 2362 2344 2402 usque

1279 2394 1314 2424 ad
1353 2394 1458 2423 rimum
1474 2393 1551 2423 diem
1567 2393 1688 2430 Augusti
1701 2393 1887 2433 praedfflum,
1983 2423 1986 2427 .

1315 2403 1382 2462 lgm
1396 2432 1511 2462 interim
1526 2442 1576 2470 per
1591 2432 1676 2471 Nos,
1695 2434 1728 2463 &
1750 2432 1863 2463 dierum
1882 2433 2007 2466 Fratrem
2027 2436 2175 2477 nostrum,
2193 2447 2240 2470 aut
2259 2439 2344 2479 alios,

1277 2481 1330 2511 pro
1345 2470 1426 2501 Parte
1441 2470 1499 2508 sua,
1516 2470 1591 2501 aliud
1607 2471 1684 2507 super
1699 2471 1752 2501 hiis
1766 2472 1849 2502 fuerit
1865 2472 1978 2504 interim
1993 2474 2166 2507 Ordinatum
2176 2500 2185 2514 ,

1316 2509 1410 2540 Unde
1427 2509 1524 2547 vobis,
1543 2519 1593 2548 per
1607 2510 1715 2540 Literas
1729 2509 1852 2548 nostraS,
1870 2521 1975 2544 extunc
1996 2514 2152 2545 certificare
2167 2515 2202 2546 ad
2223 2516 2342 2554 plenum

1277 2549 1441 2580 curabimus
1455 2548 1570 2578 indilate
1578 2570 1587 2586 ‚

1314 2586 1498 2626 Recipientes
1511 2596 1526 2615 a
1542 2586 1623 2616 Parte
1638 2586 1706 2617 dieti
1722 2586 1821 2618 Fratris
1842 2587 1930 2620 nostri
1946 2589 2054 2621 Literas
2075 2591 2233 2623 confimiles
2256 2593 2343 2625 Secu-

1278 2627 1378 2663 ritatis,
1395 2624 1472 2662 quod
1485 2624 1559 2663 ipse,
1575 2635 1627 2662 pro
1644 2624 1726 2655 Parte
1746 2626 1808 2664 sua,
1826 2629 1923 2658 onmia
1943 2629 1976 2659 &
1999 2629 2106 2669 singula
2127 2631 2284 2668 supradicta
2305 2642 2345 2663 te-

1276 2665 1371 2702 nebit,
1388 2663 1561 2702 observabit,
1581 2664 1614 2695 &
1631 2663 1785 2706 efficaciter
1797 2664 1980 2706 adimplebit,
1998 2678 2134 2707 quatenus
2142 2668 2255 2701 Partem
2270 2671 2345 2702 suam

1275 2712 1448 2733 concernere
1465 2711 1598 2738 poterunt
1612 2704 1816 2741 quovilmodo.

1312 2740 1380 2772 Dat.
1400 2743 1429 2772 in
1447 2739 1553 2770 Palatio
1567 2741 1665 2771 nostro
1688 2741 1816 2772 Westm.
1840 2743 1890 2774 sub
1905 2743 2007 2783 Magni
2028 2745 2117 2783 Sigilli
2138 2745 2227 2777 nostri
2247 2745 2346 2777 Testi-

1279 2781 1381 2823 monio
1390 2779 1552 2849 ,sviceng
1574 2780 1652 2811 seXto
1667 2780 1713 2810 die
1723 2780 1867 2821 januarii,
1885 2782 1974 2814 Anno
1993 2783 2088 2824 Regni
2107 2785 2197 2815 nostri
2213 2785 2346 2823 Quadra-

1276 2825 1382 2859 genmo
1408 2827 1482 2848 ecun
1502 2827 1530 2848 o.

1906 2900 1960 2928 Per
1978 2898 2060 2937 ipfiim
2080 2902 2184 2939 Regem.

1478 3019 1722 3063 Alemorandnm
1742 3031 1798 3067 pro
1823 3024 1911 3055 Duce
1935 3023 1971 3056 de
1997 3023 2144 3059 Borbonn.

1355 3106 1380 3138 E
1390 3114 1416 3137 M
1426 3117 1446 3136 o
1457 3116 1479 3136 R
1490 3116 1509 3136 A
1519 3114 1541 3135 N
1552 3114 1573 3135 D
1582 3114 1604 3136 U
1616 3113 1644 3136 M
1660 3128 1670 3143 ,
1696 3105 1772 3145 quod
1791 3106 1925 3147 Magister
1946 3109 2093 3148 Johannes
2117 3111 2149 3142 de
2170 3112 2326 3142 Eranketre
2334 3135 2342 3151 ,
2366 3112 2443 3144 Ann.
2454 3113 2500 3151 D.

1374 3150 1432 3184 vices
1445 3156 1495 3174 emo
1519 3148 1614 3173 oeiavo
1632 3144 1674 3174 die
1698 3146 1855 3184 Januarii,
1881 3152 1969 3178 Anno
1988 3152 2132 3188 praesenti,
2152 3163 2180 3181 in
2196 3154 2344 3190 praeJentia
2387 3153 2472 3191 1368.

1275 3188 1390 3216 Domini
1403 3182 1567 3214 Cancellarii
1577 3206 1585 3221 ,
1601 3182 1732 3225 liberavit
1747 3184 1895 3223 Helmyngo
1912 3190 1998 3224 Leget
2013 3189 2198 3226 Obligationes
2211 3192 2296 3219 Ducis
2311 3190 2344 3218 de
2364 3195 2416 3218 An.
2432 3201 2481 3227 42,

1276 3223 1439 3261 Bourboun,
1459 3226 1573 3252 Domino
1589 3223 1654 3257 Regi
1661 3220 1778 3261 fatias,
1798 3224 1828 3253 de
1842 3224 2042 3263 Quadraginta
2058 3227 2188 3257 Millibus
2206 3229 2345 3267 Scua'atis,
2367 3234 2393 3257 E.
2418 3240 2444 3266 3.

1276 3262 1346 3293 unde*
1351 3261 1441 3300 solvit
1458 3264 1556 3290 Decem
1570 3260 1682 3303 Millm,
1699 3261 1737 3296 &
1752 3262 1892 3302 Residuum
1900 3263 1996 3302 fialvet
2013 3274 2063 3304 per
2077 3266 2192 3306 aequales
2205 3268 2344 3297 Portiones
2367 3267 2457 3304 Claus.

1278 3301 1425 3337 (videlicet)
1446 3301 1487 3329 ad
1494 3298 1599 3338 Festum
1612 3298 1723 3336 Paschae
1738 3302 1864 3339 proximi]
1869 3302 2016 3341 futurum,
2034 3303 2072 3338 (ῥ’
2095 3305 2134 3334 ad
2151 3303 2253 3343 Festum
2275 3309 2345 3335 San-
2366 3316 2413 3342 4²-
2432 3309 2501 3343 1:132

1278 3342 1315 3370 {ii
1334 3338 1479 3369 Michaelis
1489 3361 1499 3376 ,
1514 3337 1552 3372 (ἐν
1570 3338 1610 3367 ad
1621 3337 1726 3377 Festum
1741 3340 1859 3370 Natalis
1872 3343 1984 3371 Domini
1992 3342 2118 3380 proximi>
2126 3342 2280 3383 sequentia.
2365 3353 2402 3374 m.
2417 3345 2498 3381 27·d4

1484 3464 1704 3507 Acqnietamia
1720 3465 1811 3510 fabia
1836 3463 1951 3498 David
1969 3463 2005 3498 de
2028 3467 2133 3515 Bruys.

1335 3553 1361 3584 E
1379 3551 1441 3584 Roi
1453 3560 1469 3582 a
1484 3558 1553 3581 touz
1566 3556 1656 3589 ceux,
1674 3551 1724 3590 qui
1737 3551 1824 3582 cestes
1841 3551 1950 3582 Lettres
1964 3559 2080 3583 verront
2101 3561 2140 3584 ou
2161 3562 2275 3593 orront,
2293 3553 2344 3586 Sa-
2361 3562 2437 3595 Arm,
2453 3562 2498 3597 D,

1349 3592 1406 3636 luz:
1542 3630 1546 3635 ,
2387 3604 2473 3643 1368.

1317 3630 1417 3662 Savotr
1430 3639 1498 3660 vous
1513 3629 1612 3660 farsons
1625 3638 1682 3667 que
1696 3637 1769 3658 nous
1785 3637 1872 3657 avons
1893 3638 1929 3659 en
1945 3627 2092 3668 Acompte
2112 3630 2145 3661 ὃς
2161 3631 2271 3662 Resceu
2286 3631 2341 3671 de,
2359 3646 2410 3669 An.
2426 3652 2476 3677 42,

1279 3670 1376 3700 nostre
1391 3668 1551 3699 Trescbere
1567 3669 1664 3705 Frere,
1685 3666 1780 3696 David
1795 3667 1830 3696 de
1845 3666 1929 3706 Bruys
1965 3670 1998 3699 δε
2012 3670 2037 3699 sa
2052 3668 2160 3705 Parae,
2179 3670 2230 3710 Sys
2247 3670 2342 3702 Milles
2365 3685 2393 3708 E.
2415 3690 2440 3717 3,

1279 3707 1379 3739 Mares
1392 3706 1593 3745 d'Esterlings,
1611 3707 1646 3736 de
1659 3705 1752 3735 nostre
1764 3704 1890 3736 Monoie
1903 3707 1929 3735 d'
1942 3705 2113 3745 *nale-terre,
2131 3718 2184 3745 pur
2206 3708 2265 3739 cest
2280 3719 2342 3748 pre·
2363 3724 2429 3748 scot.
2445 3723 2495 3754 4²3

1280 3747 1338 3777 sent
1360 3747 1472 3777 Terme
1492 3744 1528 3775 de
1550 3746 1574 3774 la
1596 3744 1785 3774 Purificacion
1805 3746 1841 3774 de
1862 3745 1957 3775 nostre
1979 3738 2090 3782 Darne,
2116 3755 2152 3775 en
2170 3747 2343 3787 deductiori,
2362 3761 2395 3785 E.
2414 3767 2426 3793 3
2443 3767 2480 3785 m.

1278 3785 1391 3822 Rebar,
1410 3785 1442 3815 &
1459 3783 1549 3813 Partie
1565 3783 1601 3812 de
1615 3783 1760 3812 Paiement
1773 3781 1809 3812 de
1821 3781 1897 3813 Cent
1916 3783 2012 3813 Milles
2027 3785 2124 3814 Livres
2137 3784 2337 3827 d'Esterlings,
2361 3804 2387 3830 7,

1282 3825 1322 3854 les
1336 3824 1427 3864 queles
1445 3822 1539 3852 nostre
1549 3822 1568 3841 *²
1577 3822 1617 3851 dit
1626 3821 1707 3851 Frere
1716 3820 1803 3851 Nous
1811 3833 1826 3851 a
1837 3823 1942 3852 acorde
1954 3824 1986 3853 &
1996 3832 2111 3862 promys
2124 3832 2170 3861 par
2185 3824 2224 3855 ses
2235 3825 2343 3857 Lettres
2381 3833 2400 3852 *ι
2420 3833 2476 3865 νῙ,

1279 3862 1469 3902 obligamus,
1488 3861 1520 3890 &
1535 3870 1583 3899 par
1599 3860 1722 3890 certcine
1735 3860 1845 3898 forme,
1861 3862 2000 3899 maniere,
2018 3863 2052 3891 &
2066 3862 2158 3893 causes
2177 3866 2302 3903 compris
2314 3875 2342 3895 es
2380 3871 2446 3909 586.

1280 3902 1352 3932 dites
1368 3902 1476 3932 Lettres
2441 3903 2445 3906 ⁴

1319 3940 1368 3970 De
1383 3941 1405 3968 la
1419 3922 1500 3977 quel’e
1513 3937 1618 3976 Some,
1636 3937 1671 3968 de
1686 3937 1738 3976 Sys
1751 3936 1847 3967 Milles
1862 3937 1978 3975 Marci,
1997 3937 2082 3968 Nous
2096 3949 2169 3970 nous
2182 3949 2283 3972 tenoris
2291 3951 2343 3979 pur

1280 3980 1346 4008 bien
1367 3985 1504 4008 contentz
1521 3977 1554 4006 &
1575 3977 1671 4015 paiez,
1690 3977 1723 4006 ὃς
1749 3986 1785 4006 en
1809 3977 1938 4014 quitons,
1954 3977 2098 4008 deliurons
2111 4001 2121 4016 ,
2147 3979 2180 4010 &
2205 3980 2346 4011 Absolons

1281 4018 1378 4047 nostre
1392 4016 1432 4045 dit
1450 4014 1550 4051 Frere,
1566 4015 1599 4045 &
1615 4015 1652 4044 ses
1668 4015 1774 4052 Hoirs,
1790 4025 1804 4044 a
1818 4024 1886 4045 touz
1897 4016 1989 4053 jours,

1318 4054 1358 4085 Er
1372 4054 1473 4085 faisons
1488 4052 1609 4083 Paetion
1623 4054 1657 4083 &
1670 4053 1845 4083 Covenance
1858 4063 1953 4093 expres
1966 4055 2003 4084 de
2015 4054 2141 4091 jammais
2163 4055 2315 4086 demandre
2328 4066 2345 4087 a

1282 4093 1346 4133 luy,
1364 4103 1402 4123 ne
1416 4102 1431 4122 a
1445 4091 1484 4122 ses
1499 4090 1606 4129 Hoirs,
1621 4101 1657 4122 en
1668 4092 1842 4131 jugement,
1860 4102 1896 4123 ne
1912 4092 2030 4131 dehors,
2045 4094 2071 4124 la
2089 4094 2148 4125 dite
2167 4093 2345 4162 Sommesde

2315 4141 2345 4162 vs
