2561 4251
85 226 163 259 nnn.
179 226 221 257 D.

109 275 194 304 1:73.

87 309 153 334 Erit.

88 342 223 380 ‘VH-‘19-

98 2195 174 2227 Ann.
188 2194 229 2226 D.

118 2243 202 2274 ¹373·

95 2277 148 2301 An.
166 2284 211 2308 47.

97 2335 137 2377 Le
154 2334 209 2377 siu-

97 2395 160 2424 ‘ogr'

96 3264 229 3293 *V11.20.

240 159 290 186 10

277 231 296 251 ²¹⁵
311 230 344 260 In
358 238 482 267 quorum
497 229 626 259 omnium
641 227 741 258 Fidem
755 229 788 260 &
803 228 1018 259 Testimonium
1031 225 1178 264 praesentes
1190 225 1297 257 nostras

242 269 348 299 Literas
362 268 418 297 fieri
433 269 465 296 &
480 267 615 303 publicari
628 267 748 297 fecimus
763 277 812 300 per
820 264 1158 309 MagistriimJohannem
1165 265 1196 294 de
1203 267 1297 293 Bran-

182 319 205 340 ς.
243 309 315 337 heire
328 331 337 343 ,
356 306 508 335 Nomii-„m
529 305 679 335 pubiicum
695 328 705 343 ,
723 305 909 348 scribamque·
921 304 1048 344 Regium
1072 304 1296 341 infrascriptum,

242 355 275 376 ac
292 344 453 383 Sigillorum
469 343 634 374 nostrorum
650 346 819 381 appeniione
832 344 943 373 muniri.

279 421 387 450 Datum
403 421 437 451 ὃς
450 419 576 457 Αξὶυττι,
594 419 753 449 inCivitate
768 418 863 456 Regi-51
878 418 1137 457 Londoniae,apud
1153 417 1298 457 Majorem

238 458 393 489 scelestam
416 458 616 488 cathedralem
639 458 767 495 ibEdem,
799 458 827 486 in
858 457 943 487 Festo
971 457 1072 488 Novae
1098 457 1298 495 solempnitatis

238 498 294 525 (⁸171
302 498 375 533 puris
396 495 502 526 Cin-isti
524 496 665 533 (videlicet
687 495 803 526 decimo
825 495 901 526 sexto
915 496 960 526 die
974 495 1081 526 Mensis
1093 496 1186 534 Junii:
1210 495 1297 525 Anno

237 536 358 566 Domini
376 534 548 571 MilieiiiiiO,
567 534 809 571 Trescenteiirno,
828 534 1037 573 Septuagesimo
1045 536 1141 564 tertio:
1161 532 1297 563 Indieiio-

235 584 270 603 ne
292 572 474 610 Undecima,
494 572 683 603 Poiitisicatsis
707 575 779 603 vero
800 572 925 603 Domini
945 572 1098 613 Gregorii,
1117 571 1201 609 Papae
1225 571 1298 602 Un-

237 611 358 650 decimi,
376 612 465 642 Antio
478 611 590 642 Tertio.

669 686 872 727 Praesentibus,

278 762 438 795 Nobilibus
453 762 541 802 Viris,

282 802 439 838 Dominis,

277 840 411 880 Jolunne
426 841 557 880 Knyvet,
575 839 751 872 Cancellario
765 841 879 878 Angiiae

277 878 408 909 Nirholao
423 882 542 916 Carreu,
561 878 692 910 Custode
708 879 811 910 Privati
828 879 913 917 Sigilli
929 878 1013 918 Regii
1026 888 1033 908 ε

274 916 408 948 Domino
422 916 552 955 Johanne
567 921 682 955 Gotery,
702 917 826 948 Decano
841 918 976 948 Ecclesiae
988 915 1169 955 segobiensi,

279 955 382 985 Thema
399 959 539 1023 Orffraue,
556 956 768 987 Archidiacono
781 954 942 987 Comubiae
953 956 982 986 in
997 954 1124 986 Ecclesia
1137 953 1300 992 Exoniensi,

280 997 380 1031 Rognro
397 997 441 1024 Ho
453 1005 508 1031 me,

276 1032 397 1063 Waltero
416 1033 447 1062 de
468 1031 627 1072 Ala'ebury,

277 1070 315 1102 Et
331 1070 477 1101 Willielmo
493 1072 524 1100 de
538 1072 685 1110 Dyghton,

278 1109 434 1139 Canonicis
445 1109 532 1140 dietae
548 1109 665 1147 Majoris
680 1108 814 1141 Ecclesiae
828 1107 1010 1140 Londoniae:

277 1146 411 1177 Nicholao
428 1148 460 1176 de
477 1148 656 1187 Tamworth,

280 1185 396 1215 Matheo
410 1186 547 1216 Redmane
555 1211 565 1225 ,

279 1224 438 1254 Militibus:

278 1261 423 1331 {lagistro
439 1264 543 1293 Simone
560 1264 592 1293 de
610 1262 738 1301 Multon,
757 1261 870 1302 Legum
889 1261 1040 1300 DoCtore,

309 1310 325 1330 c

277 1324 359 1407 Pego
376 1339 493 1407 Didalfi,
512 1339 625 1379 Milite,
643 1337 889 1371 Commendatore
902 1338 1020 1370 Ordinis
1035 1337 1131 1370 Sancti
1149 1336 1252 1377 Jacobi
1271 1336 1302 1366 in

343 1387 443 1413 ortuga
454 1388 491 1408 ia·

281 1415 416 1447 Testibus
431 1417 459 1446 in
473 1401 608 1446 o'mnibus
623 1415 791 1455 supradietis.

280 1494 339 1529 Ego
348 1493 493 1531 johannes
509 1492 545 1522 de
559 1491 724 1531 Branketre,
741 1492 856 1522 Clericus
869 1495 1017 1522 Norwicen
1028 1503 1049 1521 ις
1067 1490 1205 1533 Dioecefis,
1223 1493 1302 1529 Apo-

235 1530 333 1572 stolicd
348 1530 386 1566 ὠ
402 1530 538 1570 Imperiali
554 1531 778 1561 Aucloritatibus
792 1533 929 1561 Notarius
941 1532 1000 1561 Pub
1012 1535 1067 1561 icus
1102 1530 1165 1571 ipfiu
1178 1541 1228 1569 que
1242 1533 1302 1560 Do-

243 1573 310 1600 mini
324 1568 405 1609 nostri
417 1573 493 1607 Regis
507 1568 618 1607 Scriba,
635 1573 700 1609 quia
725 1569 910 1608 Alligantiis,
928 1554 1116 1599 ContraHiZus
1178 1579 1303 1597 uramen-

245 1615 335 1638 torum
354 1607 592 1648 Praestationibus‚
607 1607 756 1644 Sigillorum
777 1608 1003 1649 Appenfionibus,
1020 1612 1108 1638 caeteri
1121 1608 1169 1647 que
1182 1606 1301 1637 omnibus

244 1644 283 1680 ό*
291 1645 420 1688 singulis,
435 1655 482 1685 per
496 1648 685 1675 Procuratores
693 1646 925 1686 stapranominatos
945 1647 1063 1685 habitis,
1073 1645 1179 1686 fastis,
1197 1643 1236 1680 ό
1256 1656 1302 1683 ge-

236 1684 290 1725 stis
304 1710 313 1723 ,
332 1688 418 1714 Anno
429 1709 438 1722 ,
457 1686 605 1715 Indidione
619 1708 628 1724 ,
649 1685 813 1726 Pontificatu
828 1708 837 1723 ,
857 1686 950 1726 stlensb
964 1710 974 1722 ,
993 1689 1062 1723 Die,
1081 1684 1119 1719 ὠ·
1139 1688 1209 1714 Loco
1223 1683 1302 1723 stape-

246 1724 300 1752 riics
314 1728 473 1762 annotatis,
491 1723 545 1752 und
562 1734 619 1752 cum
633 1723 748 1761 Testibus
761 1725 922 1761 anteaiiffls,
935 1724 1052 1762 praesem
1075 1722 1204 1762 interfui,
1221 1734 1303 1762 eaque

246 1765 334 1790 omnia
355 1759 392 1795 do·
405 1761 515 1828 lingula
532 1760 571 1801 fic
585 1760 650 1802 fieri
672 1763 736 1791 vidi
754 1761 792 1796 dr*
807 1762 918 1800 audivi,
932 1770 980 1800 per
994 1762 1079 1792 alium
1086 1761 1170 1801 stribi'
1180 1761 1238 1801 feci
1255 1766 1301 1795 (α-

247 1798 289 1828 liis
311 1799 402 1835 Regali
423 1811 452 1829 us
475 1802 596 1836 Negotiis
619 1801 768 1838 occupatus)
787 1799 824 1834 c}
833 1800 991 1838 publxravi,
1010 1799 1066 1839 (ἕν,
1081 1805 1109 1830 in
1125 1801 1194 1829 hanc
1210 1800 1303 1829 Publi-

246 1848 305 1866 cam
325 1842 488 1875 Scri-'pturam
511 1837 548 1871 &-
569 1841 692 1866 Formam
711 1839 845 1875 redigens,
865 1842 926 1867 meis
949 1837 1065 1877 confireto
1086 1843 1163 1877 Signo
1183 1837 1220 1873 ὠ·
1240 1841 1302 1868 No-

246 1887 315 1905 mme
333 1876 459 1908 roboravi
479 1881 507 1906 in
522 1878 613 1906 Fidem
628 1874 666 1911 &¹
685 1876 866 1917 Testimonium
883 1880 1024 1907 Veritatis.

380 1922 384 1926 '
599 1931 604 1936 ·
1097 1918 1132 1946 B.
1152 1917 1198 1946 Rs.

266 2052 380 2083 forma
394 2051 638 2098 Alligamiarum
657 2053 850 2099 Porttggaliae,
876 2065 946 2086 cum
964 2057 1061 2102 Rege,
1087 2057 1123 2093 ὠ·
1143 2057 1279 2101 Principe

677 2104 863 2147 Aquitanis.

333 2184 407 2221 OS,

362 2223 505 2261 Johannes
520 2225 655 2254 Fernandi
669 2225 700 2254 de
716 2226 850 2265 Audena,
871 2225 972 2266 Miles,
990 2228 1023 2259 ὅ(
1043 2227 1162 2267 Velascus
1177 2231 1304 2258 Domini-

246 2263 268 2289 ci
291 2259 400 2291 Cantor
415 2262 549 2293 Ecclefiae
565 2263 731 2294 Bracarensis
743 2286 752 2301 ,

286 2298 487 2342 Procuratores
507 2303 540 2332 &
560 2301 760 2338 Negotiorum
781 2301 917 2332 Gestores
931 2325 941 2340 ,
973 2302 1121 2342 Magnis-'ici
1143 2304 1280 2343 Principis
1294 2329 1304 2345 ,

248 2336 371 2367 Domini
394 2338 498 2376 nostri,
515 2339 634 2369 Domini
654 2340 807 2377 Fer-nandi,
826 2340 885 2370 Dei
904 2341 990 2380 gratia
1005 2365 1015 2379 ,
1034 2346 1110 2379 Regis
1130 2343 1302 2381 Portugalliae

248 2373 285 2409 ὠ
302 2375 448 2415 Algarbii,
467 2378 518 2415 &,
539 2377 729 2407 illustrissimae
748 2378 902 2416 Dominae,
923 2379 1062 2411 Dominae
1077 2381 1240 2421 Altanorae,
1258 2393 1303 2413 ea-

246 2413 312 2444 dem
326 2415 431 2453 qratia,
448 2418 573 2455 Regmae,
591 2416 738 2446 Consortis
753 2416 822 2454 suae,

284 2453 327 2482 Ad
352 2454 556 2491 infrascriptum
579 2454 740 2493 Negotium
764 2455 915 2492 specialiter
934 2456 1073 2495 deputati,
1092 2466 1176 2495 prout
1190 2468 1301 2497 apparet

245 2490 352 2527 plenius
367 2502 415 2529 per
434 2492 548 2522 Litteras
565 2493 682 2532 Regias,
701 2492 744 2523 seu
759 2503 809 2531 per
825 2493 976 2524 Publicuni
992 2495 1216 2527 instrumentum
1236 2499 1302 2529 inde

245 2528 354 2559 faustum
363 2553 372 2567 ,
390 2530 554 2572 infrascripti
572 2533 692 2570 tenoris,

281 2602 400 2647 Notum
417 2604 533 2636 facimus
547 2606 695 2643 universis,
714 2608 860 2644 praesentes
884 2608 1002 2640 Litteras
1021 2610 1201 2650 inspeeturis,
1218 2612 1299 2650 quod

244 2641 393 2672 Dominus
410 2643 502 2673 noster
519 2644 581 2673 Rex
593 2646 625 2675 &
642 2645 769 2675 Domina
785 2646 879 2675 nostra
894 2647 1019 2686 Regina,

281 2679 496 2711 Considerantcs
512 2683 676 2720 propinquae
696 2683 946 2722 Consaiiguinitatis
965 2686 1112 2716 vinculum
1134 2687 1167 2718 &
1189 2687 1299 2719 Amici-

245 2719 294 2749 tias
314 2721 480 2757 antiquatas,
499 2730 561 2758 quae
585 2721 662 2757 sunt,
681 2722 714 2751 ἃ
737 2721 869 2751 haetenus
890 2724 1056 2762 extiterunt,
1071 2726 1142 2755 inter
1172 2727 1298 2758 raefatum

245 2756 412 2787 Dominum
428 2758 554 2788 nostrum
572 2758 682 2798 Regem
694 2782 702 2796 ‚
721 2769 752 2789 ac
770 2770 825 2791 eius
848 2760 1068 2799 progenitores,
1086 2764 1136 2800 &,
1167 2764 1299 2796 ilustriffi-

244 2805 326 2826 muni
352 2795 526 2834 Principem,
549 2797 712 2827 Dominum
734 2799 922 2837 Edwardum,
940 2800 1038 2830 eadem
1062 2800 1161 2832 Gratia
1176 2825 1185 2840 ,
1203 2807 1298 2841 Regem

245 2834 358 2870 Anglt'ae
371 2832 408 2868 CL»
423 2838 560 2873 Francia»,
576 2836 686 2873 ejusque
704 2836 918 2875 progenitores,
938 2837 1019 2868 clar-:e
1039 2841 1203 2879 memoriae,

283 2872 350 2915 No>-
363 2897 371 2911 ,
389 2872 546 2910 Jolmnnem
568 2876 601 2904 δε
625 2874 757 2914 Vel-istum
770 2898 779 2913 ,
797 2885 898 2905 corum
921 2875 1117 2907 Procuratores
1131 2900 1141 2915 ,
1160 2878 1193 2908 ad
1216 2879 1297 2917 ipsius

245 2909 367 2953 Domini
385 2912 471 2947 Regis
486 2912 644 2949 Aiigloruni
659 2913 831 2951 pneieiitiam
851 2914 977 2953 pridem,
993 2925 1062 2946 cum
1083 2925 1184 2946 eorum
1202 2918 1297 2949 clausis

246 2948 377 2986 Litteris,
395 2951 611 2987 transmiserant,
1033 2984 1035 2986 ,

260 3025 264 3029 “
285 2987 388 3016 Danres
403 2990 435 3018 δε
452 2988 662 3019 Commitentes
676 2991 776 3027 nobis,
794 2991 864 3020 inter
878 3000 995 3030 cretera,
1013 2991 1183 3022 potestatem
1204 2995 1298 3031 plena-

244 3034 312 3067 riam
328 3026 359 3055 ἃ
375 3027 526 3067 expreiisrn
564 3029 626 3058 vice
641 3028 689 3058 suis
703 3029 734 3059 ἃ
752 3031 885 3067 nomine,
904 3030 995 3060 eidem
1013 3030 1144 3061 Domino
1153 3031 1227 3071 Regi
1237 3034 1296 3064 An·-

244 3063 309 3106 glize
323 3068 433 3101 Quique
447 3065 510 3106 sano
526 3050 661 3096 Concilio
676 3068 814 3104 pi‘aemifla
827 3067 951 3098 seriosius
965 3067 1148 3107 Exponendi,

283 3101 319 3144 ht
329 3125 337 3139 ,
355 3106 395 3145 ob
409 3103 602 3146 Aiieirionem
618 3105 765 3141 sinceram,
784 3116 868 3143 quam
881 3116 944 3144 erga
960 3106 1052 3144 Ipsum
1067 3107 1178 3146 ejusque
1194 3108 1295 3147 Regna

244 3139 277 3170 &
295 3139 433 3170 hominia
446 3142 593 3183 obtinent,
615 3153 682 3173 cum
699 3146 736 3173 eis
750 3144 842 3174 firmas
856 3145 1015 3185 Alligantias
1031 3145 1240 3183 Contrahcndi,

283 3178 359 3222 Qiae
374 3181 470 3223 omnia
484 3182 515 3210 &
529 3181 630 3219 lingula
641 3205 650 3218 ,
666 3191 746 3218 prout
769 3184 851 3213 nobis
873 3183 1057 3214 commissum
1080 3185 1183 3220 fuerat,
1200 3186 1294 3215 eidem

245 3215 383 3260 Domino
398 3217 467 3257 Regi
481 3219 609 3256 Angue,
629 3222 782 3250 maturitate
796 3221 904 3259 debir-51,
924 3232 1008 3259 prout
1023 3223 1130 3259 decuit,
1151 3233 1294 3261 exponen-

241 3263 303 3293 -tes,
323 3256 442 3286 euidem
460 3256 581 3286 Domini
597 3257 684 3294 Regis
701 3259 813 3294 Angliae
826 3260 904 3297 super
926 3261 989 3298 ipsis
1007 3260 1137 3292 instanter
1156 3262 1173 3281 *²
1194 3264 1295 3301 petivi-

245 3303 309 3323 mus
323 3278 445 3324 (li-atum
459 3295 491 3325 &
506 3295 684 3332 Acce-piabile
700 3296 797 3326 Nobi>-
813 3299 869 3327 diri
887 3299 1058 3338 Responsum
1068 3322 1077 3337 ,

279 3332 371 3363 Unde
384 3333 458 3362 idem
476 3333 618 3363 Dominus
636 3336 715 3373 Rex,
734 3336 829 3366 nostra
844 3336 984 3368 Peritione
1000 3337 1154 3376 hujusmodi
1168 3337 1294 3377 benignis

241 3372 351 3413 auribus
367 3372 511 3410 exaudita,
530 3372 699 3410 hujusmodi,
720 3383 768 3410 per
782 3384 833 3404 nos
850 3375 1149 3415 Petitas,Alligantias,
1168 3375 1293 3407 deCon-

242 3409 297 3438 cilii
313 3411 350 3438 iui
364 3409 576 3441 Deliberatione
591 3411 726 3449 provida,
743 3413 879 3443 conceslit
891 3414 1035 3444 liberaliter
1050 3413 1205 3453 faciendas,

276 3447 344 3476 Nos
359 3449 454 3486 igitur,
471 3448 614 3486 Jahannes
629 3452 662 3480 &
679 3449 813 3488 wlassin,
833 3451 1030 3483 Procuratores
1047 3452 1187 3491 praediffl,

275 3484 386 3528 ‘Zelurn
406 3486 546 3517 fervidum
572 3488 668 3525 (quem
695 3488 769 3518 ideni
788 3489 931 3520 Dominus
946 3491 1010 3520 Rex
1025 3491 1135 3527 Angliae
1147 3500 1210 3528 erga
1224 3490 1292 3521 Do-

241 3532 352 3553 minum
377 3525 504 3555 nostruin
528 3525 638 3564 Regem
659 3528 691 3557 &
716 3527 872 3557 Dominam
896 3529 1020 3559 nostram
1035 3529 1176 3565 Repinam
1189 3528 1291 3559 Portu-

240 3561 327 3599 gailiae
343 3563 376 3593 &
392 3562 515 3600 Algarvii
529 3574 562 3594 ex
576 3565 627 3594 hiis
641 3565 771 3595 obtinere
784 3568 979 3606 concepimus)
1004 3567 1161 3598 medullitus
1180 3568 1289 3605 ponde-

238 3609 345 3638 rantes,

274 3638 354 3668 Cum
367 3639 483 3682 praefato
498 3639 631 3670 Domino
647 3641 728 3678 Rege
743 3641 866 3672 Franci-„e
881 3644 913 3673 ὃ(
928 3643 1053 3681 Anglie,
1071 3644 1104 3675 &
1117 3643 1173 3681 ejus
1193 3645 1288 3673 omni-

240 3675 291 3704 bus
314 3676 526 3708 Successoribus
546 3680 574 3708 in
598 3678 705 3715 Regno
726 3681 852 3719 Angliae,
871 3682 966 3711 Terris
979 3705 988 3720 ,
1008 3682 1152 3711 Dominiis
1172 3691 1286 3720 eorum,

241 3714 416 3752 ubicumque
433 3715 624 3754 existentibus,
646 3717 768 3748 Subditis
789 3720 821 3749 ὃς
845 3718 873 3749 V
875 3720 984 3757 ailallis,
1002 3719 1118 3750 fideliter
1129 3719 1286 3750 obedienti—

242 3750 293 3779 bus
309 3754 498 3794 quibussibet,
519 3764 615 3784 contra
633 3765 731 3785 omnes
752 3755 911 3795 Homines,
927 3760 975 3794 qui
997 3757 1110 3796 possunt
1131 3759 1226 3788 vivere
1241 3759 1286 3788 vel

242 3796 314 3817 mori
324 3812 332 3824 ,
351 3793 412 3820 vice
425 3793 458 3822 &
472 3794 589 3822 nomine
603 3793 670 3822 diCti
686 3793 809 3824 Domini
826 3796 911 3825 nostri
928 3796 1014 3835 Regis
1029 3797 1062 3827 &
1076 3795 1214 3825 Dominae
1232 3806 1286 3826 rio-

242 3824 303 3855 strae
324 3828 456 3869 Reginae,
475 3830 699 3868 Regnorumque
719 3831 895 3871 Portugalliae
915 3835 947 3865 ὃς
971 3835 1113 3873 Algarbii,
1131 3843 1286 3871 eorumque

242 3862 424 3909 Subditorum
446 3870 478 3898 ὃς
498 3869 701 3907 Vaffallorum,
719 3869 834 3900 fideliter
852 3873 1061 3909 obedientium,
1079 3873 1177 3911 vigore
1192 3874 1220 3902 in
1235 3873 1287 3903 hac

241 3910 318 3943 parte
333 3904 414 3945 nobis
426 3906 530 3937 traditae
544 3907 690 3938 Potestatis
703 3908 735 3937 ὃ(
749 3908 862 3946 suscepti
877 3910 995 3948 Officii,
1008 3911 1183 3948 Alligantias,
1202 3909 1285 3940 Con-

242 3939 456 3980 foederationes,
475 3945 637 3982 Amicitias,
657 3945 866 3985 Adunationes,
884 3949 916 3978 ὅ(
930 3959 1006 3985 purae
1025 3949 1193 3979 Dilectionis
1216 3948 1285 3978 Fce-

243 3976 326 4015 dera,
344 3977 377 4008 &
390 3989 473 4017 cum,
491 3982 599 4013 Nobili
613 3983 702 4022 Viro,
720 3984 852 4014 Domino
868 3985 1013 4016 PVillielmo
1029 3990 1148 4017 Domino
1173 3987 1203 4016 de
1222 3989 1285 4016 La-

247 4022 392 4055 tymer,ac,
411 4017 568 4051 Venerabili
583 4021 739 4061 Magistro,
754 4022 887 4053 Domino
899 4024 998 4054 Thomu
1019 4025 1144 4064 Juvem's
1159 4023 1285 4056 officiali

693 136 1494 184 CONVENTIONES,

1316 4024 1473 4064 Requisitae
1481 4038 1492 4064 3

1550 137 1931 189 LITERAE,

1335 220 1433 252 Curiae
1450 220 1670 261 Cantuariensis,
1687 222 1919 253 procuratoribus
1934 221 2014 259 ipsius
2028 221 2154 253 Domini
2167 222 2258 262 Regis
2269 222 2395 261 Angliae,
2413 217 2485 251 Arm.
2501 220 2548 259 D,

1334 260 1368 290 ad
1390 259 1538 298 subscripta
1552 271 1600 298 pei·
1616 260 1735 291 Litteras
1749 260 1807 291 suas
1822 259 1969 297 Parentes,
1988 259 2103 298 Magno
2123 261 2221 300 Sigillo
2233 261 2283 293 suo
2298 262 2395 300 Regio
2440 268 2526 299 1373.
2540 262 2554 278 '·

1335 299 1526 343 consignatas,
1545 299 1696 336 specialiter
1715 298 1869 336 deputatis,
1885 298 1936 328 sub
1958 298 2052 331 modis
2072 300 2106 330 &
2126 300 2257 331 formulis
2278 300 2395 331 infe‘riils
2415 300 2477 326 Edv.
2491 308 2533 335 3.⁴

1334 346 1490 376 annotatis,
1499 336 1650 376 praehabita
1663 337 1794 375 primitus
1806 336 1885 374 super
1897 334 1948 366 hiis
1956 335 2168 369 Deliberatione
2183 339 2397 378 matura,prout

1334 376 1434 414 nobis,
1452 385 1483 407 ut
1506 376 1668 416 praefertur,
1687 373 1873 406 commissum
1894 374 1952 412 est,
1971 373 2187 414 Contrahim'u's',
2205 377 2396 416 Ordinamus,

1337 413 1485 452 Facimus,
1503 417 1537 446 δε
1558 414 1733 453 Stabilimus,
1751 413 1889 452 perpetuis
1909 413 2083 451 temporibus
2095 435 2106 452 ,
2123 413 2268 447 Altiffimo
2292 426 2398 448 conce-

1335 451 1419 483 dente
1426 477 1436 491 ,
1451 453 1646 484 inviolabiliter
1656 452 1847 490 observanda,

1373 526 1418 558 IN
1438 526 1552 559 PRiM
1564 538 1613 567 rs,
1631 529 1805 559 Ordinarnus
1825 529 1859 560 &
1879 526 2099 558 Concordamus
2118 527 2198 565 qued
2210 550 2222 567 ,
2237 529 2309 567 inter
2330 529 2398 561 Do-

1335 567 1449 596 minum
1465 568 1636 597 Fernandum
1647 570 1744 604 Regem
1760 565 1934 604 Pm·tugalliae
1950 564 1988 601 ὠ·-
2011 565 2165 604 Algarbii‚
2180 567 2214 598 &
2235 565 2397 602 Dominam

1334 604 1521 643 Alianoram,
1540 608 1672 642 Reginam
1691 605 1725 636 &
1745 604 1911 649 Conjugem
1933 604 2028 644 suam,
2044 614 2205 643 eorumque
2219 604 2398 638 Suceeffores

1335 644 1364 673 in
1388 643 1495 683 Regnis
1515 643 1656 681 praediffis
1674 642 1846 681 Portugaliae
1865 644 1898 674 &
1911 642 2056 681 Algarbii,
2074 653 2107 673 ac
2121 644 2220 674 omnia
2232 643 2284 675 alia
2295 654 2397 676 eorum

1335 681 1437 712 Terras
1451 705 1461 720 ,
1479 681 1620 712 Dominia
1660 680 1823 712 Provincias
1836 703 1846 718 ,
1863 679 2001 712 Vaffallos
2036 683 2069 712 &
2091 681 2226 716 Subditos
2246 682 2398 721 quoscum·

1336 730 1410 758 que,
1425 720 1542 751 fideliter
1564 705 1748 758 obedientes,
1766 720 1799 750 &
1822 718 1990 750 Dominum
2009 704 2181 752 edwardum
2203 720 2319 761 Regem
2334 721 2399 752 An-

1336 759 1402 798 gliae
1424 759 1457 790 &
1480 759 1626 796 Franciae,
1643 758 1702 796 ejus
1722 757 1901 789 Succeffores
1923 758 1954 787 in
1966 757 2046 787 dieto
2057 757 2163 796 Regno
2177 759 2307 799 Angliae,
2322 760 2400 791 Ter-

1339 807 1398 835 ras,
1415 796 1573 836 Dominia,
1593 797 1760 828 Provincias
1775 819 1785 835 ,
1803 795 1957 833 vassallos,
1975 795 2009 826 &
2030 794 2164 827 Subditos
2185 799 2400 837 quoscumque,

1336 835 1455 866 fideliter
1476 836 1657 875 obedientes,
1674 844 1756 866 erunt
1778 835 1846 866 hinc
1870 833 1935 865 inde
1955 833 2092 872 Vemces,
2110 834 2234 875 Fideles,
2252 837 2400 868 Constan-

1337 882 1396 912 tes,
1415 874 1546 912 Mutuae,
1562 875 1594 905 &
1610 874 1756 912 Perpetuae
1769 873 1930 912 Amicitiae,
1946 871 2156 916 Adunationes‚
2171 873 2351 914 Alligantiae,
2364 876 2399 907 &

1335 922 1414 951 purae
1435 912 1608 943 Dilec‘tionis
1628 912 1749 943 Foedera
1761 936 1770 950 ,
1789 913 1841 949 δε,
1856 911 1934 942 velut
1955 911 2051 942 Amici
2072 910 2181 942 Fideles
2202 912 2236 943 &
2260 913 2398 953 veraces,

1336 953 1439 982 mutuo
1455 952 1522 981 hinc
1539 951 1603 981 inde
1617 950 1726 981 Amicis
1740 950 1856 989 Amici,
1874 951 1907 982 ὃς
1920 949 2049 980 Inimicis
2064 949 2194 989 Inimici,
2213 961 2313 983 contra
2331 963 2398 984 orn-

1337 999 1386 1020 nes
1407 989 1550 1020 Homines
1570 990 1618 1027 qui
1641 988 1755 1027 possunt
1773 989 1871 1020 vivere
1882 988 1927 1019 vel
1942 989 2034 1026 mori,
2051 988 2255 1028 cujuscumque
2268 989 2399 1029 Dignita-

1337 1029 1387 1066 tis,
1405 1026 1517 1066 Statim,
1536 1027 1779 1066 Praeeminentiae,
1797 1027 1841 1058 seu
1858 1025 2042 1058 Conditionis
2055 1026 2189 1067 existant,
2207 1038 2310 1060 eorum
2323 1029 2398 1061 Tet-

1337 1076 1395 1104 ras,
1415 1065 1533 1105 Regna,
1551 1067 1584 1097 &
1605 1065 1744 1096 Dominia
1758 1089 1769 1104 ,
1784 1067 1909 1096 invicem
1930 1065 1956 1095 se
1974 1065 2113 1103 juvabunt
2127 1089 2138 1104 ,
2156 1067 2400 1107 manutenebunt,

1336 1105 1371 1136 &
1387 1104 1579 1143 sustinebunt,
1597 1115 1646 1142 per
1660 1103 1800 1143 Terram,
1815 1104 1849 1135 &
1862 1113 1911 1142 per
1929 1102 2028 1142 Mare,
2048 1107 2166 1135 mutuo:

1374 1141 1588 1182 Procumbunt,
1605 1144 1638 1174 ὃς
1653 1153 1705 1181 pro
1719 1143 1824 1174 viribus
1844 1142 2068 1181 conservabunt,
2085 1144 2259 1181 personalem
2281 1144 2401 1176 Incolu-

1340 1181 1483 1218 mitatem,
1502 1180 1721 1219 Commodum,
1737 1181 1770 1212 &
1784 1180 1960 1219 Honorem,
1974 1182 2080 1219 jurium
2093 1181 2225 1221 suorum,
2241 1184 2400 1223 bonorum,

1338 1229 1449 1263 rerum,
1467 1221 1501 1250 ὅ(
1521 1223 1695 1265 amicorum,
1714 1220 1832 1251 ubilibet
1853 1219 2031 1251 existentium
2046 1242 2058 1259 ,
2072 1219 2305 1259 indempnitatem
2320 1246 2332 1262 ,
2349 1223 2398 1254 sal-

1341 1268 1486 1289 vationem
1495 1282 1504 1296 ,
1525 1269 1767 1296 recuperationem
1777 1269 1783 1288 :

1375 1296 1518 1334 Darnpiiis
1541 1299 1575 1329 &
1596 1297 1720 1336 injuriis,
1737 1296 1871 1328 dedecori
1890 1296 1935 1328 seu
1950 1320 1960 1336 ,
1978 1306 2009 1328 ut
2032 1298 2068 1327 ita
2087 1296 2238 1336 loquamur
2251 1323 2261 1337 ,
2279 1299 2398 1339 vilenie,

1338 1344 1404 1373 quae
1421 1336 1569 1374 sciverint,
1586 1337 1630 1367 vel
1646 1337 1726 1367 altera
1738 1335 1804 1366 Pars
1818 1335 1945 1373 sciverit,
1962 1335 2037 1367 alteri
2051 1336 2125 1366 Parti
2147 1336 2313 1375 aliquotiens
2333 1340 2398 1369 inii-

1338 1383 1422 1414 nere,
1439 1375 1484 1405 seu
1500 1384 1598 1406 contra
1613 1375 1732 1406 eandem
1749 1375 1918 1415 excogitari,
1936 1374 2053 1413 provisis
2065 1373 2212 1413 remediis,
2231 1375 2298 1407 hinc
2313 1376 2398 1415 inde,

1337 1411 1453 1444 fideliter
1467 1423 1666 1453 occurrentes,
1689 1415 1775 1452 parti,
1793 1423 1892 1444 contra
1907 1423 1993 1452 quam
2008 1412 2071 1444 talia
2085 1413 2298 1453 machinantur,
2311 1415 2398 1454 quam

1338 1452 1399 1481 cito
1415 1452 1574 1483 commode
1587 1452 1645 1483 fieri
1661 1453 1782 1491 poterit,
1799 1462 1849 1490 per
1865 1451 2003 1489 Litteras,
2022 1452 2069 1482 vel
2087 1461 2136 1489 per
2155 1452 2191 1482 N
2194 1454 2330 1492 uncium,
2349 1463 2397 1485 aut

1338 1489 1396 1520 aliis
1416 1490 1511 1520 modis
1533 1491 1697 1522 melioribus
1717 1491 1897 1530 excogitatis,
1912 1491 2021 1527 integre
2043 1492 2076 1521 ὃ(
2091 1490 2214 1528 plenarie
2228 1492 2399 1532 revelantes,

1338 1530 1574 1568 praemunientes,
1592 1530 1642 1569 &,
1659 1529 1738 1568 super
1751 1529 1914 1568 praemissis,
1930 1528 2070 1559 salubriter
2083 1529 2267 1561 consulentes.

1376 1566 1421 1597 Ιτ
1431 1577 1449 1598 Ε
1459 1575 1504 1606 Μ,
1522 1568 1634 1599 Neutra
1649 1568 1714 1599 Pars
1729 1577 1798 1600 cum
1819 1567 1962 1606 Inimicis,
1984 1566 2125 1606 AEmulis,
2142 1568 2188 1600 vel
2209 1568 2407 1617 Persecutori7

1339 1604 1392 1635 bus
1407 1605 1493 1637 Partis
1508 1606 1616 1637 alterius
1629 1608 1762 1638 amicitias
1773 1606 1932 1645 copulabit:

1339 1681 1345 1687 Ι
1375 1644 1518 1683 Scienter,
1537 1646 1567 1675 in
1584 1645 1692 1675 alterius
1713 1647 1794 1683 partis
1814 1645 2036 1682 detrimentum,
2052 1643 2209 1682 dampnum
2223 1669 2234 1685 ,
2251 1645 2297 1677 seu
2317 1645 2397 1678 Prae-

1334 1682 1490 1720 judicium,
1510 1682 1627 1721 aliquale
1646 1682 1748 1714 eisdem
1773 1684 1897 1714 Inimicis
1933 1682 2080 1721 AEmuiis,
2101 1683 2146 1714 seu
2169 1683 2397 1716 Persecutoribus

1339 1719 1584 1760 Communicans,
1602 1721 1707 1760 perse,
1725 1721 1770 1753 vel
1791 1722 1874 1760 alios,
1892 1707 2073 1760 Consilium,
2092 1721 2256 1762 Auxilium,
2272 1724 2318 1755 vel
2342 1724 2396 1755 Fa-

1339 1769 1456 1790 vorem:

1377 1798 1502 1830 Eosdem
1525 1798 1717 1838 quovismodo
1740 1798 1916 1829 confortans
1928 1822 1938 1837 ,
1957 1797 2117 1837 Receptans
2130 1822 2140 1836 ,
2155 1799 2185 1829 in
2207 1799 2331 1840 Regno,
2347 1800 2395 1832 seu

1339 1835 1463 1877 Regnis,
1482 1837 1597 1875 Terris,
1616 1837 1779 1876 Dominiis,
1798 1837 1976 1875 Provinciis,
1996 1836 2118 1868 Locisve
2132 1837 2200 1876 suis,
2220 1837 2396 1878 Confortari,

1339 1874 1508 1914 Receptari,
1526 1876 1661 1907 Sustineri
1676 1876 1791 1907 scienter
1805 1877 1910 1914 patiens
1923 1876 1969 1906 vel
1985 1875 2225 1915 morari,pubiice
2239 1876 2283 1908 vel
2295 1878 2396 1908 occui-

1338 1916 1386 1952 τὲ,
1404 1915 1542 1954 exquisitis
1572 1916 1705 1954 omentis,
1722 1915 1872 1946 occasione
1885 1914 2053 1953 quibussibet
2064 1914 2110 1945 seu
2124 1914 2236 1945 colore:

1376 1953 1512 1993 Fugitivis
1527 1976 1538 1993 ,
1584 1953 1678 1984 xulatis
1691 1979 1700 1994 ,
1718 1954 1895 1984 Forbannitis
1909 1978 1920 1993 ,
1938 1953 2114 1990 praesentibus
2135 1953 2168 1983 &
2193 1953 2291 1984 futuris
2304 1978 2314 1992 ,
2332 1955 2395 1992 qui-

1338 1991 1512 2030 buscumque
1533 1992 1682 2023 occasione
1703 1992 1759 2023 five
1779 1991 1878 2030 causa,
1895 2001 1910 2021 a
1929 1991 2034 2032 Regno
2046 2014 2056 2030 ,
2073 2000 2120 2022 aut
2140 1991 2175 2022 ab
2193 1992 2252 2023 aliis
2272 1992 2396 2023 Provin-

1339 2031 1405 2068 ciis,
1424 2030 1540 2070 Terris,
1560 2030 1723 2070 Dominiis,
1738 2031 1796 2062 five
1810 2030 1898 2061 Locis
1909 2030 2061 2061 alterutrius
2073 2030 2239 2061 eorumdem
2259 2030 2395 2071 Regum,

1339 2069 1522 2108 appellatione
1541 2068 1730 2100 inimicorum
1745 2094 1755 2108 ,
1776 2068 1964 2100 AEmuiorum
1978 2093 1988 2107 ,
2006 2069 2050 2100 seu
2073 2068 2290 2100 Persecutorum
2305 2094 2314 2108 ,
2332 2070 2396 2100 nul-

1340 2107 1446 2138 latenus
1468 2108 1654 2146 subinclufis3
1673 2110 1739 2146 quin
1763 2109 1792 2138 in
1814 2107 1935 2147 Regno,
1953 2107 1987 2138 &
2007 2107 2220 2146 quibuscunque
2241 2108 2339 2139 Terris
2360 2109 2394 2141 δε

1341 2146 1446 2184 Locis,
1464 2148 1540 2178 alteri
1555 2147 1632 2184 Regi
1645 2147 1789 2184 subjectis,
1807 2146 1874 2176 hinc
1897 2146 1931 2177 &
1951 2146 2016 2176 inde
2031 2147 2182 2190 receptari,
2201 2146 2342 2185 sustineri,
2363 2147 2395 2177 li-

1340 2186 1409 2215 bere
1431 2185 1540 2216 valeant
1561 2187 1594 2217 &
1613 2187 1721 2223 foveri,
1739 2185 1788 2215 nili
1812 2185 1886 2215 forte
1900 2185 1966 2215 tales
1980 2184 2116 2224 Fugitivi,
2134 2183 2259 2223 Exulati,
2277 2186 2310 2216 ὃς
2326 2186 2396 2216 For-

1341 2224 1447 2254 banniti
1468 2224 1561 2255 forent
1582 2234 1635 2262 pro
1655 2225 1776 2254 crimine
1798 2222 1885 2254 Laese
1906 2222 2071 2262 Majestatis,
2090 2232 2119 2254 ut
2140 2223 2232 2260 Regis
2248 2224 2281 2255 &
2298 2223 2395 2263 Regni

1340 2261 1504 2293 Proditores
1518 2262 1710 2293 sententialiter
1724 2261 1994 2300 condempnati,aut
2007 2261 2068 2292 alias
2081 2262 2168 2292 taliter
2182 2262 2300 2300 suspecti
2313 2263 2394 2302 quod

1340 2310 1389 2338 per
1409 2302 1427 2320 ²*
1446 2312 1494 2331 eos
1508 2301 1648 2340 utriusque
1668 2300 1754 2332 Partis
1774 2301 1821 2331 vel
1839 2301 1946 2331 alterius
1965 2310 2061 2330 earum
2078 2299 2310 2339 Detrimentum,
2330 2301 2394 2332 De-

1338 2339 1441 2378 decus,
1459 2339 1585 2378 Injuriae,
1603 2340 1649 2370 vel
1664 2339 1823 2370 Discordiae
1837 2340 1982 2378 procurari
1994 2338 2178 2369 verisimiliter
2190 2339 2394 2379 formidentur,

1337 2378 1371 2408 &
1386 2378 1468 2417 ideo,
1487 2387 1517 2409 ut
1532 2377 1695 2409 Inimici&
1713 2377 2064 2417 Persecutores-,deberent
2080 2378 2184 2408 merito
2200 2379 2313 2415 evitati,
2333 2388 2393 2417 quo

1338 2415 1411 2447 Casti
1427 2427 1482 2447 una
1494 2416 1576 2455 Pars,
1594 2427 1644 2454 per
1656 2417 1771 2448 alteram
1791 2417 1934 2455 requisita,
1957 2416 2038 2454 tales,
2057 2415 2126 2446 sicut
2149 2416 2316 2454 praedictum
2334 2416 2394 2456 est,

1336 2455 1371 2485 ad
1387 2454 1500 2486 Partem
1514 2457 1719 2494 requirentem,
1735 2455 1755 2486 si
1770 2464 1914 2494 petantur,
1931 2455 2088 2493 remittere,
2105 2463 2152 2485 aut
2164 2464 2179 2484 a
2194 2454 2247 2492 Se,
2265 2454 2392 2494 Regnis,

1338 2492 1500 2533 Dominiis,
1517 2495 1551 2525 &
1564 2494 1663 2525 Terris
1677 2494 1728 2525 suis
1747 2494 1900 2532 expellere,
1918 2493 2108 2532 For-bannire,
2126 2493 2160 2524 &
2179 2492 2332 2525 Dimittere
2351 2503 2393 2525 te-

1335 2540 1442 2562 neatur.

1374 2569 1443 2600 Ιτε
1454 2579 1498 2608 Μ,
1517 2570 1536 2600 si
1557 2572 1704 2610 contingat
1722 2570 1859 2610 Regnum
1881 2569 2006 2607 alterius,
2020 2569 2136 2608 Terras,
2154 2568 2313 2608 Dominia,
2331 2570 2392 2601 Lo-

1335 2618 1383 2647 ca,
1402 2608 1539 2647 Offendi,
1557 2608 1710 2648 Opprimi,
1726 2610 1770 2639 vel
1793 2608 1907 2644 invadi,
1926 2618 1975 2646 per
1993 2608 2135 2645 Terram,
2154 2607 2197 2638 vel
2219 2617 2269 2645 per
2290 2608 2391 2648 Mare,

1335 2657 1385 2684 per
1403 2646 1557 2685 Inimicos,
1574 2647 1765 2678 Persecutores
1779 2668 1789 2685 ,
1807 2647 1851 2678 vel
1872 2645 2008 2676 AEmuios
2021 2670 2031 2684 ,
2048 2654 2095 2676 aut
2115 2645 2229 2676 eosdem
2252 2645 2390 2678 Inimicos

1333 2686 1428 2716 fialtem
1447 2686 1610 2724 offendere,
1627 2687 1804 2724 opprimere,
1821 2685 1867 2716 vel
1887 2685 2019 2716 invadere
2038 2684 2186 2715 molientes
2199 2708 2209 2723 ,
2226 2685 2390 2717 machinan-

1335 2733 1390 2760 tes,
1408 2734 1454 2754 aut
1467 2724 1683 2761 quomodolibet
1698 2733 1897 2762 properanteS,

1373 2763 1410 2793 Et
1426 2762 1492 2794 Pars
1505 2763 1572 2802 alia,
1587 2763 1631 2794 vel
1645 2765 1701 2800 ejus
1716 2762 1911 2800 SuccessoreS,
1928 2772 1981 2800 pro
1997 2761 2111 2792 Auxilio
2127 2761 2171 2792 seu
2183 2761 2313 2792 Subsidio
2333 2763 2387 2792 im-

1333 2801 1477 2838 partiendo
1496 2802 1529 2832 &
1549 2801 1756 2840 impendendo,
1776 2802 1805 2831 iri
1825 2800 2000 2831 Hominibus
2023 2801 2180 2831 Armorum
2194 2824 2203 2838 ,
2221 2800 2387 2840 sagittariis,

1333 2839 1474 2870 Balistariis
1489 2862 1499 2878 ,
1516 2840 1648 2871 Navibus
1662 2863 1672 2879 ,
1689 2839 1786 2870 Galeis
1807 2840 1841 2870 ad
1860 2839 2003 2870 Guerram
2026 2838 2195 2870 sufficienter
2236 2840 2386 2877 raeparatis,

1333 2887 1379 2909 aut
1393 2879 1448 2908 alio
1460 2888 1562 2918 genere
1576 2878 1754 2910 Defensionis
1770 2887 1954 2917 quocumque
1969 2877 2107 2915 (litamen
2123 2876 2190 2907 illud
2241 2887 2308 2907 enus
2338 2878 2384 2908 vel

1332 2916 1446 2954 aliquod
1467 2918 1691 2955 praemissorum,
1709 2918 1738 2946 in
1757 2917 1876 2955 Regno,
1892 2927 1908 2946 a
1928 2926 1987 2954 quo
2010 2917 2112 2954 petitur
2125 2914 2291 2952 praedieium
2310 2901 2385 2945 &ub-

1334 2954 1452 2993 sidium,
1468 2956 1599 2986 habeatur
1619 2956 1662 2987 vel
1686 2955 1768 2985 fuerit
1790 2954 1929 2990 miratum)
1957 2963 2004 2991 per
2023 2952 2135 2983 Partem
2149 2975 2159 2990 ,
2176 2961 2277 2983 contra
2296 2963 2383 2991 quam

1331 2993 1393 3023 talia
1407 2994 1618 3032 machinantur,
1635 3003 1684 3032 per
1697 2993 1828 3030 Litteras,
1847 2992 1891 3022 vel
1908 3002 1956 3029 per
1969 2998 2062 3021 certos
2075 2990 2110 3020 N
2113 2991 2229 3029 uncios,
2246 2990 2331 3022 fuerit
2340 3001 2382 3022 re-

1331 3031 1445 3069 quisita,
1464 3032 1717 3070 quotienscumque
1731 3030 1765 3061 &
1777 3030 2013 3069 quandocumque
2024 3028 2098 3059 dic'ta
2114 3028 2196 3067 Pars,
2214 3028 2303 3060 taliter
2322 3029 2382 3061 Re-

1331 3070 1444 3109 quisita,
1462 3069 1538 3101 Parti
1554 3070 1736 3108 Requirenti,
2083 3105 2088 3110 ⁴
2194 3106 2199 3111 ι

1376 3108 1422 3138 Ad
1446 3108 1650 3139 Defensionem
1673 3107 1791 3145 Regni,
1824 3113 1921 3136 contra
1940 3105 2017 3144 quod
2041 3104 2201 3143 hujusmodi
2220 3104 2381 3137 Invafiones

1330 3156 1532 3183 praeparantur,
1549 3155 1595 3177 aut
1617 3146 1729 3176 aliarum
1752 3144 1967 3174 provinciarum
1978 3167 1988 3182 ,
2006 3143 2217 3174 Dominiorum
2231 3166 2240 3181 ,
2258 3144 2302 3174 vel
2319 3144 2381 3175 Lo-

1330 3193 1449 3221 corum,
1466 3186 1499 3214 &
1519 3184 1777 3222 Recuperationem
1800 3182 1969 3213 eorumdem
1981 3205 1991 3221 ,
2009 3192 2057 3220 per
2075 3181 2234 3220 hujusmodi
2258 3181 2380 3214 Invasio—

1329 3231 1378 3252 nes
1392 3221 1630 3261 Deperdkorum,
1647 3231 1747 3253 contra
1758 3221 1849 3251 distos
1867 3221 2023 3260 inimicos,
2041 3220 2203 3259 invasores,
2218 3220 2381 3252 Persecuto—

1330 3270 1392 3297 res,
1414 3260 1459 3291 seu
1481 3261 1611 3292 invadere
1631 3261 1676 3292 vel
1698 3260 1822 3298 persequi
1844 3259 1990 3290 molientes
2003 3282 2012 3297 ,
2037 3259 2240 3298 cujuscumque
2262 3259 2380 3299 Status,

1329 3296 1525 3336 Conditionis,
1544 3298 1787 3336 Praeeminentiae,
1805 3297 1954 3338 Dignitatis
1966 3297 2100 3335 existant,

1362 3337 1445 3375 Juxta
1466 3338 1631 3368 Numerum
1652 3339 1685 3368 &
1703 3336 1849 3374 Modum,
1866 3338 1895 3366 in
1916 3335 2064 3367 Praemiffis
2081 3335 2259 3366 Hominibus
2269 3335 2378 3366 Armo—

1328 3385 1411 3413 rum,
1429 3376 1657 3414 Sagittariorum,
1675 3375 1896 3413 Balistariorum,
1916 3374 2227 3412 Navium,Galearum
2239 3373 2274 3404 ad
2282 3373 2376 3405 Guer-

1327 3423 1387 3443 ram
1409 3424 1606 3452 competenter
1628 3417 1657 3445 in
1676 3414 1808 3444 omnibus
1827 3412 1960 3450 requisitis
1979 3413 2195 3450 instrucstarum,
2213 3413 2247 3443 &
2266 3412 2376 3443 alterius

1325 3454 1432 3491 generis
1448 3453 1643 3490 Defensionis,
1683 3463 1747 3483 uem
1763 3452 1850 3489 (salvis
1863 3453 1970 3489 semper
1983 3451 2112 3482 ordinata
2126 3449 2249 3481 Caritate
2261 3451 2294 3481 &
2308 3460 2375 3488 pro-

1326 3491 1385 3527 prii
1399 3491 1583 3528 Necessitate)
1600 3502 1614 3521 a
1630 3491 1657 3522 se
1704 3492 1822 3521 imittere
1842 3492 1961 3528 poterit,
1978 3489 2024 3521 vel
2043 3489 2146 3528 absque
2167 3490 2246 3527 gravi
2268 3489 2375 3526 Praeju-

1324 3529 1400 3559 dicio
1414 3530 1571 3568 Sustinere,

1322 3606 1349 3636 b·
1362 3567 1482 3599 Distum
1496 3568 1657 3600 Subsidium
1670 3566 1748 3598 bons
1762 3565 1818 3596 fide
1836 3565 1994 3605 praestabit‚
2010 3565 2198 3604 impartietur,
2216 3564 2250 3596 δε
2262 3563 2375 3595 manda-

1342 3615 1363 3636 it

1360 3630 1536 3682 S'umptibus,
1554 3643 1704 3682 Expensis,
1721 3643 1755 3674 &
1769 3642 1918 3681 Stipendiis
1929 3642 2124 3680 Requirentis,

1357 3682 1412 3713 Per
1433 3683 1566 3721 Qiatuor
1586 3682 1723 3720 Expertos
1744 3680 1851 3712 Milites
1891 3690 1938 3712 aut
1958 3681 2025 3712 alios
2045 3680 2163 3710 idoneos
2176 3700 2186 3716 ,
2203 3677 2318 3722 legales,
2336 3677 2371 3709 &

1321 3720 1451 3751 discretos
1469 3721 1550 3751 Viros
1566 3721 1661 3758 (Duos
1675 3730 1709 3750 ex
1725 3728 1840 3758 utraque
1858 3705 1941 3750 Parte
1959 3717 2132 3756 deputandos
2148 3716 2193 3746 seu
2213 3716 2369 3754 eligendos)

1320 3759 1449 3789 subtiliter
1461 3759 1639 3797 arbitrandis,
1656 3758 1810 3789 secundum
1826 3758 2010 3788 Personarum
2026 3754 2222 3798 mittendarum
2241 3755 2275 3784 &
2294 3754 2370 3785 Gra-

1320 3797 1408 3827 duum
1423 3798 1585 3828 earumdem
1600 3798 1791 3837 Qalitatem‚
1809 3797 1992 3834 Temporum
2017 3792 2242 3836 Conditionem,
2259 3793 2292 3823 &
2314 3793 2370 3823 Fo-

1321 3845 1383 3865 rum
1399 3836 1565 3874 Locorum,
1583 3838 1612 3866 in
1625 3836 1724 3874 quibus
1746 3835 1904 3874 hujusmodi
1925 3831 2083 3864 Mittendos
2103 3830 2244 3861 Virtutem
2265 3831 2310 3862 seu
2323 3831 2368 3862 0-

1320 3883 1383 3911 pera
1399 3874 1500 3904 Bellica
1515 3876 1665 3913 contigerit
1681 3883 1846 3911 excercere,
2107 3907 2113 3912 ,
2266 3907 2271 3913 ,

1356 3912 1503 3950 Tempore
1516 3913 1585 3942 infra
1599 3912 1694 3951 quod,
1709 3912 1772 3950 post
1787 3905 2208 3951 Requifitionem-praediCtam,
2223 3906 2368 3945 hujusmo-

1319 3949 1346 3978 di
1364 3950 1523 3982 Subsidium
1537 3950 1636 3982 debeat
1650 3950 1795 3988 praeparari
1809 3949 1843 3980 &
1863 3946 2003 3982 mandati,
2015 3953 2091 3982 Juxta
2109 3944 2230 3976 celerem
2251 3943 2287 3976 N
2289 3956 2366 3976 eces-

1320 3988 1427 4018 fitatem
1444 3988 1531 4020 Partis
1545 3988 1742 4028 Requirentis,
1758 3988 1792 4020 &
1813 3984 2025 4018 Poffibilitatern
2046 3984 2267 4045 convenientem
2279 3983 2368 4015 Partis

2309 4057 2368 4089 Va-

2413 2290 2546 2321 *VII-21.
