2561 4251
0 3527 15 3562 3,
27 3501 85 3562 lm.
98 3531 140 3562 D.

0 257 89 301 κιβ-

0 305 62 353 370.

0 351 28 371 v.
62 355 73 367 z

0 766 68 823 [37⁶0-

0 835 19 852 νι.
32 831 80 857 44·

1 882 60 927 Jbill.

0 1457 62 1486 ·v1.

0 1506 44 1534 *¹3-

10 1630 90 1660 1370.

11 1672 32 1691 n.
45 1669 91 1696 44·

3 1786 46 1813 ,μ

3 3575 14 3597 !
28 3560 33 3593 Ι
48 3579 113 3612 370.

2 3616 12 3644 ⁴

47 3621 60 3638 ¹·
75 3620 122 3646 44-

60 3689 118 3713 Au-

656 181 768 222 ET
826 166 1084 226 aci-A
1165 167 1647 233 summi,

134 248 272 336 Pers-offa
276 263 456 311 subscriptis,
474 272 523 305 per
538 265 615 296 idem
631 274 740 305 tempus
754 253 910 307 duraturas,
929 269 979 300 sub
993 269 1088 302 eadem
1102 270 1166 303 Da‘-

136 313 181 343 ta,
199 315 228 336 νι
273 312 346 343 icet,

98 373 261 412 ‘Guillblmus
272 380 306 410 d‘e
319 379 414 410 Tribiss
432 377 593 420 mutibus,
611 381 706 412 Abbas
719 376 807 414 beatae
822 376 922 415 Mariae
937 383 972 414 de
987 371 1063 416 Βόῑο
1077 376 1167 427 prope

138 419 253 450 Caesaris
266 418 412 457 Burgum,
429 429 498 449 cum
513 419 647 458 Triginta
660 420 811 458 Equitibus
825 424 855 452 in
870 422 1017 454 Comitiva
1030 424 1083 455 sua.

106 497 206 526 Petrus
220 495 252 525 de
270 496 366 533 Terre,
379 494 551 528 Secretarius
567 498 602 529 δε
625 496 807 528 Consiliarius
825 496 914 538 Regis
927 498 1082 538 Navarrae,
1099 493 1168 531 cum

145 533 278 572 Triginta
292 533 450 574 Equitibus.

213 659 262 692 De
285 658 385 692 Salv'a
404 656 541 700 Gardia,
564 654 620 704 pro
636 659 756 693 Nuncio
774 660 871 693 Ducis
890 659 927 693 de
943 656 1066 711 Jan‘ud.

209 743 260 786 X,
276 745 335 776 &c-
353 743 487 775 Salutem.

227 783 324 815 Sciatis
342 781 423 822 quod
442 781 610 823 suscepimus
630 784 660 814 in
681 782 895 818 Proteffionem
919 785 954 816 &
968 782 1175 815 Defenfionem

111 820 238 852 nostram
252 820 417 859 specialem,
435 823 550 852 necnon
567 822 596 851 in
609 822 713 853 salvum
726 823 760 852 ὃ(
775 823 904 853 securum
916 821 1106 853 Conductum
1121 832 1175 860 no-

111 857 214 897 strum,
241 859 416 891 PascalOtum
439 858 616 898 Ususmaris,
638 860 794 890 Nuncium
817 858 988 890 Venerabilis
1011 860 1091 898 Viri,
1110 859 1174 890 Do-

111 898 182 928 mini
202 898 294 929 Ducis
314 898 349 929 de
366 896 471 937 Janua,
496 908 529 929 ac
552 897 774 928 Communitatis
795 897 915 935 ejusdem
936 896 1081 936 Ducatfis,
1106 908 1176 929 cum

112 935 228 968 Decem
250 937 399 976 Equitibus
417 936 452 966 de
466 934 615 966 Comitiva
630 935 692 973 sua,
710 945 743 966 ac
759 933 866 976 Equis,
884 936 1000 975 Rebus,
1019 937 1052 967 &
1063 936 1179 968 Herne-

112 974 155 1005 fiis
175 976 245 1013 suis,
263 975 334 1006 infra
351 974 485 1013 Regnum
501 973 630 1003 nostrum
646 973 773 1012 Angliae,
791 976 850 1004 tam
864 984 913 1013 per
929 974 1069 1012 Terram,
1088 976 1177 1014 quam

112 1021 163 1052 per
187 1014 287 1053 Mare,
305 1023 358 1054 pro
381 1011 546 1052 quibusdam
567 1011 716 1050 Negotiis,
734 1012 857 1049 ipsorum
878 1012 970 1044 Ducis
984 1014 1017 1045 δε
1032 1011 1180 1057 Commu-

113 1054 206 1083 nitatis
222 1053 329 1083 ibidem
343 1049 537 1090 expediendis,
556 1050 714 1088 veniendo,
733 1050 842 1082 ibidem
857 1051 1014 1089 morando,
1026 1052 1060 1083 ὃ(
1075 1052 1177 1083 exinde

115 1091 149 1122 ad
166 1091 284 1128 Propria
297 1088 456 1126 redeundo,
852 1131 857 1136 -
904 1121 907 1127 ¹

155 1130 194 1161 Et
208 1130 294 1167 ideo,
312 1127 371 1163 &a
388 1133 419 1156 ut
432 1129 462 1156 in
470 1126 601 1167 fimilibus
617 1127 649 1157 de
665 1127 803 1157 Conduc‘t'u
817 1131 933 1158 Ltteris.

155 1168 190 1198 In
205 1168 299 1206 cujus,
316 1168 377 1199 &c.
391 1164 478 1204 usque
493 1165 527 1196 ad
543 1163 658 1196 Festum
672 1161 803 1205 Paschae,
821 1167 956 1205 proximo
969 1165 1095 1198 simarum
1101 1189 1113 1206 ‚
1129 1165 1182 1198 du-

120 1214 230 1236 satura&

156 1243 246 1276 Teste
259 1242 344 1282 Rege
357 1241 431 1283 apud
446 1241 755 1282 Westmonasteriutn,
773 1243 875 1282 quinto
888 1244 934 1275 die
948 1234 1129 1275 Decembris.

784 1320 839 1350 Per
855 1319 1010 1351 Concilium.

126 1445 155 1472 ἢ*
165 1449 270 1481 Litera
292 1442 389 1481 Du'cis
408 1438 630 1493 Januenfium‚
647 1445 738 1491 fitper
764 1441 906 1478 Navibus
921 1441 1023 1491 Cdptis
1034 1470 1044 1489 ,
1071 1443 1107 1478 de
1126 1446 1185 1478 Re-

489 1491 646 1538 stitutione
662 1491 822 1539 facienda.

5 1579 115 1613 ¹nn.D.
172 1569 683 1613 Enssurss-nunpkmcssss.
737 1599 740 1602 Α

226 1619 317 1650 Prout
334 1617 512 1657 Maiestatem
532 1616 653 1656 Regiam
666 1617 806 1647 credimus
817 1625 876 1646 non
891 1615 990 1654 latere,
1006 1617 1119 1656 vigente
1135 1615 1190 1647 Pa-

131 1669 183 1698 ce,
195 1659 254 1697 jam
275 1657 380 1687 dudum
401 1655 486 1693 inita,
501 1655 535 1686 &
555 1655 680 1694 firmata,
698 1657 770 1687 inter
792 1655 922 1686 Sindicos
942 1657 975 1686 &
989 1655 1191 1694 Procuratores

129 1696 309 1728 Excellenriae
331 1693 432 1725 vestrae
451 1693 554 1733 Regiae
568 1703 602 1724 ex
616 1704 671 1725 una
685 1703 761 1734 parte
795 1694 828 1724 &
844 1693 983 1724 Comune
992 1694 1091 1731 Januae
1104 1701 1138 1724 ex
1152 1693 1191 1723 al-

127 1743 202 1773 tera,
216 1735 250 1765 &
271 1733 458 1772 postmodum
481 1732 580 1763 Literis
596 1733 629 1764 &
643 1732 746 1769 Sigillis
758 1716 859 1769 Regiis
873 1733 1040 1769 Roborata,
1055 1741 1191 1776 necnon,

128 1767 162 1804 aid
176 1774 312 1811 majorem
326 1771 557 1802 Roborationem
573 1771 606 1802 &
619 1770 896 1802 Corroborationem
910 1771 1131 1808 praemissorum,
1146 1769 1192 1800 Fi-

129 1811 223 1843 dantia
236 1810 302 1842 data
316 1819 364 1849 per
377 1809 556 1845 Maiestatem
572 1809 707 1847 eandem,
729 1809 808 1848 quod
822 1809 913 1840 nullus
931 1810 1127 1853 praesumeret,
1145 1809 1191 1839 seu

126 1850 255 1889 auderet,
270 1850 392 1887 aliquam
413 1847 582 1885 Offensam,
597 1846 751 1886 Injuriam‚
768 1847 813 1878 seu
833 1846 982 1878 Damnum
994 1847 1193 1892 inferreJanu-

129 1888 240 1919 enfibus
264 1887 476 1925 Navigantibus
495 1885 704 1925 quovismodo,
729 1885 801 1916 infra
819 1895 932 1917 certum
952 1885 1144 1924 Terminum,
1161 1895 1192 1916 in

129 1927 204 1959 dieta
217 1926 341 1957 Fidantia
355 1925 523 1955 denotatum
531 1947 541 1962 ,

167 1965 285 2005 Ipsaque
302 1963 416 1995 durante
437 1961 566 1993 Fidantia
578 1985 589 2001 ,
622 1961 700 1992 Duae
721 1961 822 1993 Naves
836 1961 1018 2002 Januenfium
1040 1963 1194 2007 Mercato-

127 2014 212 2042 rum,
229 2013 348 2044 quarum
368 2010 447 2034 erant
466 2000 581 2032 Patroni
622 2002 702 2031 unius
721 2001 891 2039 (videlicet)
912 2002 1038 2033 Andreas
1056 2002 1191 2046 Spmula,

129 2045 166 2076 &
186 2043 295 2075 alterius
315 2042 443 2073 Obertus
455 2040 576 2079 Squarza
597 2049 663 2077 cus,
681 2038 767 2069 Cives
781 2040 885 2078 nostri,
904 2041 1117 2079 quampluribus
1131 2039 1193 2084 Re-

130 2077 185 2113 bus
204 2082 238 2114 δε
261 2081 407 2112 Mercibus
426 2086 567 2117 oneratae,
589 2078 624 2109 ad
645 2077 801 2108 Civitatem
820 2078 918 2115 Januae
938 2080 1114 2118 navigantes,
1135 2087 1195 2110 exi-

130 2118 234 2152 stentes
252 2121 281 2150 in
295 2118 388 2158 Mari,
403 2117 539 2149 hostiliter
556 2116 658 2154 Captae
672 2116 706 2147 &
722 2115 912 2160 Deprehensae
933 2117 1062 2161 fuerunt,
1072 2117 1195 2162 ⁴ac·Ad-

129 2158 228 2190 duetae
241 2158 276 2190 ad
291 2157 413 2189 Portum
427 2155 554 2189 vestrum
568 2154 746 2193 Londoniae,
765 2155 810 2186 seu
824 2155 912 2186 alium
925 2155 1130 2188 Dominatiom
1143 2165 1192 2188 ve-

131 2196 199 2229 strae
212 2197 388 2241 subJeeium,
482 2230 499 2236 Ἰ,
1007 2235 1012 2241 Ι
1174 2233 1181 2240 .

133 2232 436 2314 ῑεῐῐῐῦἑίἓὲἑξῗῗῑιοηε
448 2234 626 2275 quamplures
639 2232 658 2275 J
659 2231 790 2266 anuenses
805 2231 922 2265 suerum
935 2232 1035 2266 Occisi
1048 2235 1082 2267 δε
1097 2242 1196 2274 nequi-

171 2312 222 2345 De
239 2324 299 2355 quo
318 2314 424 2345 fuimus
440 2314 475 2346 &
497 2313 589 2344 sumus
610 2310 852 2353 quamplurimum
871 2310 1053 2351 contristati,
1078 2320 1195 2356 necnon

133 2354 241 2393 magna
262 2353 447 2384 admiratione
466 2352 635 2391 commoti;
659 2351 806 2387 credentes
822 2349 941 2383 indubie
979 2351 1040 2383 uod
1063 2351 1197 2394 praediuite

135 2400 198 2460 es
217 2392 404 2461 P‘effi‘ffl‘
421 2390 457 2421 ‘¹⁶
476 2389 618 2460 isse
640 2384 1018 2468 samem?
1030 2388 1196 2466 Csslsfflg

147 2446 150 2449 ’
517 2441 526 2459 l

135 2440 219 2499 mili}
232 2438 613 2507 gusgrssgriitpgepqubeum}
621 2438 744 2505 ,qnobis,
758 2466 804 2498 seu
823 2467 957 2507 aliquibus
967 2452 1035 2512 aliis’
1041 2466 1179 2512 Dominis
1187 2491 1197 2505 ,

136 2507 186 2538 seu
198 2505 393 2545 Principibus,
409 2506 453 2536 seu
465 2506 548 2537 alicui
563 2505 690 2546 fingulari
706 2505 836 2536 Personae
848 2505 960 2537 deficiat
974 2516 1003 2536 in
1014 2504 1180 2550 'Promiffis3

177 2545 375 2584 Supplicamus
392 2546 474 2584 igitur
491 2545 619 2575 attentius
639 2544 782 2588 Majestati
803 2544 897 2575 eidem
913 2566 923 2582 ,
966 2554 1093 2590 uannus,
1117 2551 1200 2587 prout

135 2580 260 2622 Justitiae
277 2584 312 2615 &
334 2584 451 2614 Honori
471 2583 565 2622 Regio
576 2585 729 2622 convenit,
748 2583 880 2614 Liberam
895 2582 944 2614 Re
971 2591 1123 2615 nunonem
1139 2582 1200 2612 fieri

138 2622 233 2653 facere
243 2623 351 2661 placeat
364 2622 513 2653 Damnum
549 2621 624 2660 assis,
642 2621 678 2651 de
688 2622 823 2653 omnibus
838 2622 886 2652 libi
901 2621 1017 2654 Ablatis.

179 2660 234 2699 Et,
252 2662 271 2691 si
284 2663 313 2691 in
326 2661 418 2699 aliquo
432 2660 487 2697 ipia
541 2660 632 2697 ajestas
646 2661 796 2699 indigeret,
813 2660 848 2691 ad
863 2660 946 2701 vestri
960 2661 1136 2705 praesentiarn
1151 2659 1201 2690 de-

140 2698 330 2738 stinavimus,
357 2699 504 2729 Nobilem
529 2698 651 2736 Virum,
678 2699 733 2729 Pas
748 2699 875 2729 ualoturn
898 2698 1071 2738 Ususmaris,
1094 2698 1200 2742 Civem

140 2737 376 2805 nkostrumd,6{um
397 2738 482 2776 pleno
495 2738 528 2768 &
543 2736 694 2768 sufficienti
709 2709 864 2775 dandam,
881 2738 910 2768 in
925 2739 1083 2776 praediffis,
1101 2738 1134 2768 &
1150 2746 1205 2767 cir-

138 2785 157 2807 c
178 2786 192 2805 a
207 2786 265 2813 prae
287 2786 295 2805 i
325 2786 357 2814 a·,

181 2813 220 2845 Et
233 2814 367 2853 quicquid
380 2823 430 2851 per
442 2813 534 2851 ipsum
549 2823 619 2844 cum
633 2813 734 2844 eadem
748 2813 897 2853 Majestate
911 2813 994 2845 fuerit
1008 2812 1203 2850 Adtumffiir-

141 2861 241 2891 mum,
258 2852 364 2882 Rarum
378 2852 544 2882 habebimus
556 2852 588 2883 δε
600 2851 732 2882 Gratum.

181 2889 335 2921 Credimus
362 2890 478 2921 indubie
504 2890 583 2927 quod
603 2891 631 2919 in
651 2890 793 2928 praediffls
812 2889 984 2920 Excellentia
1005 2890 1095 2929 Regia
1114 2889 1203 2921 taliter

141 2929 319 2968 providebit,
335 2929 416 2968 quod
433 2927 656 2958 Remanebimus
669 2938 703 2958 ex
718 2937 782 2959 toto
797 2930 942 2966 contenti,
962 2931 994 2959 ὃς
1011 2929 1138 2972 Mundus
1152 2938 1204 2972 co-

167 2967 280 2998 noscere
303 2969 406 3005 poterit
429 2967 508 3005 quod
525 2966 660 3005 praediita
673 2989 683 3004 ,
696 2966 733 2997 fic
751 2968 878 3005 nequiter
893 2967 982 3006 illata,
1000 2967 1035 2997 de
1051 2967 1205 3006 Majestatis

142 2977 173 3038 ᾗ
210 3007 246 3036 iae
258 3005 438 3045 Beneplacito
453 3005 574 3035 minime
590 3005 789 3042 processerunt.

143 3081 176 3114 D
214 3054 249 3076 at.
258 3044 331 3113 5Ian.
354 3044 527 3082 Millefimo‚
548 3044 782 3084 Trecentesimo,
808 3043 1035 3083 Septuagefimo,
1061 3044 1107 3075 die
1127 3044 1204 3076 seXto

178 3092 257 3114 ecem
279 3093 325 3114 ris.

185 3163 341 3190 Dominicus
358 3160 390 3190 de
410 3159 604 3199 Campofregosb
620 3183 629 3198 ,
654 3163 710 3190 Dei
727 3160 840 3200 gratid,
859 3160 1041 3200 Januenfium
1061 3161 1147 3200 Dux,
1169 3157 1208 3194 ό

148 3198 242 3237 Populi
257 3197 404 3237 Defensor,
422 3198 459 3233 ό·
473 3200 619 3230 Concilium
633 3202 833 3231 Ancianorum.

186 3272 272 3304 Βοή-
357 3314 446 3342 Sacrae
464 3314 554 3350 Regiae
572 3313 717 3352 Majestati
736 3314 849 3353 Angliae
867 3313 904 3350 &⁶
920 3319 1051 3347 Franciae.

273 3435 507 3480 Instrumentum
525 3436 685 3473 Publicum
693 3439 784 3486 fhper
801 3441 927 3487 Negotia
934 3440 1096 3488 praelibato.

155 3520 218 3579 IN
236 3520 416 3553 Nomm:
435 3522 628 3562 DOMINI,
645 3524 780 3556 ΑΜΕΝ.

240 3559 411 3600 Magnificus
427 3561 460 3591 &
478 3560 584 3592 Potens
596 3562 741 3593 Dominus
772 3563 946 3595 Dominicus
956 3564 992 3595 de
1007 3564 1217 3603 Campofrego-

156 3598 201 3636 so,
220 3598 277 3629 Dei
319 3600 402 3638 ratiti,
419 3598 599 3637 januensium
622 3601 690 3632 Dux
703 3603 735 3633 &
748 3587 852 3639 Populi
868 3602 1027 3641 Defensor,
1046 3605 1075 3633 in
1092 3602 1216 3633 Przesen-

158 3638 212 3676 tia,
228 3637 295 3668 Con
309 3639 391 3677 ensu,
409 3638 441 3668 &
463 3636 616 3669 Voluntate
637 3640 676 3670 sui
697 3639 823 3671 Concilii
847 3641 1013 3672 Duodecim
1034 3642 1216 3685 Sapientum,

158 3683 191 3707 ac
208 3677 257 3715 ipsi
266 3675 440 3715 Confiliarii,
449 3676 643 3714 inPraesentia,
653 3677 840 3716 Auctoritate‚
858 3681 891 3710 &
902 3680 1027 3712 Decreto
1036 3681 1142 3719 praefan
1152 3681 1217 3711 Do-

160 3715 231 3746 mini
246 3715 354 3754 Ducis,
374 3717 404 3746 in
420 3725 478 3753 quo
486 3713 622 3745 Concilio
636 3717 759 3746 interfuit
780 3717 919 3748 sufficiens
938 3719 1137 3758 &legiptimus
1150 3719 1219 3750 Nu-

160 3763 251 3784 merus
265 3755 445 3795 ipsorum,&
458 3763 598 3793 quorum,
613 3755 661 3793 qui
674 3754 872 3795 interfuerunt,
889 3758 1008 3789 nomina
1021 3758 1083 3789 sunt
1099 3758 1179 3797 haec,

198 3831 348 3860 Fredericus
366 3832 398 3861 de
416 3833 546 3870 Pagana,

200 3868 348 3898 Nicholaus
365 3871 397 3898 de
415 3873 528 3907 cigogna
541 3892 550 3908 ,

201 3905 348 3936 Nicholaus
364 3907 478 3946 Oberti,
493 3908 645 3946 Notarius,

199 3945 318 3974 Obertus
335 3945 367 3974 de
383 3948 494 3976 Nativa
507 3946 542 3978 de
553 3946 639 3977 Sexto
655 3945 796 3984 Vescuto,

201 3981 302 4019 Malag
449 4005 454 4007 -
482 3984 514 4015 de
528 3990 679 4023 Aream,

202 4020 364 4051 Nicholinus
380 4021 413 4050 de
431 4023 552 4062 Banalo,
566 4024 671 4063 Faber,

205 4061 307 4096 Remig.
321 4059 353 4087 de
366 4062 486 4089 Dunano
494 4083 504 4098 ,

234 4100 307 4129 Tom.
326 4099 386 4127 111.
404 4099 438 4128 Ρ.
456 4101 497 4127 Π.

2191 210 2207 237 Ῑ
2216 210 2239 250 7
2245 208 2269 250 7

1242 274 1416 303 Fomiz'rarius
1431 275 1592 306 Anthonius
1609 270 1733 317 Drogus,

1247 313 1407 342 Leonardus
1422 313 1453 342 de
1472 314 1561 352 Rofio,

1233 348 1288 425 'Elt
1308 351 1437 380 Brancha
1457 353 1488 382 de
1508 356 1642 384 Framura
1656 353 1824 396 Peliperius,
1845 356 1979 389 Nomine
1994 360 2028 390 &c
2041 358 2114 391 Vice
2128 359 2275 391 Commu-

1210 396 1253 417 nis
1283 398 1381 427 anuae,

1233 499 1235 501 ,
1248 472 1394 504 Habentes
1408 477 1536 519 notitiam
1552 479 1663 517 plenam
1680 481 1792 519 quando
1806 491 1854 520 per
1868 483 1958 523 ipsum
1972 483 2138 515 Dominum
2210 483 2277 516 Du-

1213 520 1280 541 cem
1306 513 1339 543 &
1366 512 1532 544 Concanum
1563 518 1597 548 &c
1626 517 1796 550 Commune
1812 520 1993 559 Januensium
2015 522 2206 553 Transmisius
2225 524 2279 554 fuit

1215 549 1399 581 Ambaxiator
1427 554 1459 583 &
1480 553 1616 585 Nuncius
1638 556 1672 585 ad
1696 556 1875 589 Praeientiam
1890 584 1899 598 ,
1926 560 2098 591 Sereniffimi
2121 562 2277 600 Principis,

1215 588 1338 618 Domini
1466 590 1553 630 Regis
1573 593 1684 630 Angliae
1707 596 1740 626 &
1760 595 1902 636 Franciae,
1918 597 2093 638 Pasqualotus
2106 598 2279 638 UsusmariS,

1216 625 1298 656 Civis
1313 626 1473 665 Januensis,
1493 638 1561 659 cum
1579 633 1594 646 ¹⁸
1608 633 1689 670 plena
1702 631 1844 665 Potestate
1858 637 1890 667 ὃ(
1908 636 1997 674 Baylia
2007 661 2016 675 ,
2034 638 2069 668 de
2085 648 2138 677 qua
2153 638 2183 668 fit
2198 648 2278 668 men-
2298 630 2317 650 ἢ*

1216 665 1267 701 tio,
1282 665 1313 701 in
1336 663 1457 709 Publico
1478 665 1685 708 Instrurrzento,
1704 670 1806 708 scripto
1825 674 1858 704 ὃς
1872 677 2033 712 compolito
2049 686 2133 706 manu
2150 678 2205 713 mei
2220 677 2281 707 Ra-

1217 702 1322 740 phaeiis
1335 703 1377 747 δὲ.
1388 703 1531 744 Giascho,
1550 705 1664 737 Notarii
1680 709 1712 738 δε
1728 709 1895 741 Cancellarii
1910 713 1989 748 ἐρέω»
2006 713 2126 744 Domini
2142 714 2234 745 Ducis
2247 716 2281 746 &

1218 739 1391 785 Communis
1401 741 1582 780 Januenfium
1593 768 1601 782 ,
1619 746 1673 776 hoc
1691 747 1793 785 Anno,
1814 748 1871 779 Die
1887 752 2017 781 vicennis.
2034 753 2170 791 Augusti,

1256 775 1295 808 Et
1317 778 1432 810 seientes
1446 782 1522 818 quud
1532 804 1541 819 ,
1559 783 1621 820 post
1637 786 1800 822 przedit‘tani
1816 786 1892 817 Duae
1906 788 1937 817 N
1943 799 2004 819 ¹1ch
2020 790 2074 819 {ive
2087 790 2217 830 Cochae,
2231 790 2282 830 Ju-

1218 816 1367 851 nuenfium
1389 816 1490 862 Rebus
1514 820 1710 862 &Mercibus
1721 834 1860 862 oneratae,
1878 836 1993 864 quarum
2009 838 2085 859 erant
2099 828 2232 866 Patroni,
2251 841 2283 861 u-

1220 855 1284 890 nius,
1297 855 1464 897 (videlicet)
1485 858 1609 889 Andreas
1627 860 1759 899 Spinula,
1781 863 1814 892 δε
1835 864 1942 894 alterius
1957 865 2081 896 Obertus
2104 867 2285 905 Squazafieus

1223 892 1314 937 Cives
1322 892 1422 931 Januae
1433 917 1441 933 ,
1460 903 1508 934 per
1521 898 1674 928 nonnullos
1690 899 1822 930 Su'oditos
1836 902 1918 941 ipsius
1933 902 2056 933 Domini
2198 906 2284 945 Regis

1221 930 1357 961 hostiliter
1377 931 1479 970 Captae
1500 935 1533 965 &
1553 934 1743 973 Deprehensae
1762 939 1873 970 fuerunt
1888 965 1897 977 ,
1923 951 1954 971 ac
1979 942 2086 972 Dostae
2106 942 2142 972 ad
2163 942 2286 974 Insulam

1222 969 1353 1037 ssngline,
1369 971 1403 1001 ad
1421 971 1542 1042 Portam
1558 974 1739 1018 Londoniae,
1757 978 1800 1007 vel
1815 977 1900 1008 alium
1914 979 2033 1010 Portum
2049 981 2191 1012 subditum
2204 982 2286 1013 disto

1257 1018 1359 1039 omino
1538 1020 1554 1035 o
1615 1037 1617 1041 ,

1259 1045 1299 1090 In·
1306 1057 1360 1091 qua
1375 1021 1783 1085 Captioneesscl'Disrobatione
1796 1045 1975 1093 quamplures
1990 1056 2139 1096 Januenses
2157 1058 2287 1096 Mortui,

1222 1083 1342 1155 &cccii-1,
1356 1086 1560 1154 ·&-1Yulnerati
1581 1091 1693 1122 fuerunt
1707 1115 1717 1129 ,
1750 1101 1783 1122 ac
1805 1092 1908 1124 eisdem
1927 1096 2130 1135 quamplurima
2150 1096 2287 1135 Dampna

1291 1135 1308 1153 n
1321 1134 1388 1155 uriae
1403 1136 1410 1154 i
1433 1134 1473 1156 ata

1262 1134 1447 1194 Abi'olventes
1468 1149 1494 1194 1}
1516 1165 1551 1196 ad
1571 1164 1707 1211 ‚Eaiatolas
1725 1161 1799 1210 albas
1817 1170 1852 1201 &
1870 1163 1980 1210 nigras,
1998 1173 2031 1203 &
2057 1174 2133 1212 quod
2156 1173 2289 1205 Balatolae

1225 1210 1326 1232 omnes
1345 1202 1416 1232 albae
1437 1203 1549 1234 fuerunt
1569 1206 1724 1244 immixtae,
1740 1207 1773 1238 δε
1793 1208 1824 1237 in
1837 1210 1970 1240 omnibus
1983 1212 2127 1243 observata
2142 1212 2233 1243 forma
2246 1223 2290 1244 re-

1226 1239 1354 1278 gularum
1370 1239 1545 1272 Communis
1560 1242 1679 1282 Januae,

1265 1276 1357 1308 Omni
1375 1278 1461 1323 Jure,
1485 1279 1602 1320 Modo,
1617 1283 1651 1313 ὃ(
1671 1282 1791 1322 Forma,
1809 1285 1911 1323 quibus
1931 1287 2032 1318 melius
2051 1288 2169 1327 possint,
2187 1300 2289 1330 appro-

1229 1316 1324 1346 bantes
1343 1317 1376 1347 &
1397 1317 1576 1357 ratificantes,
1594 1319 1674 1351 dieto
1696 1323 1816 1353 nomine
1838 1323 1907 1354 dieti
1926 1323 2229 1366 CommunisJanuae,
2246 1328 2290 1360 di-

1228 1354 1306 1383 etam
1322 1353 1461 1394 Bayliam,
1480 1357 1513 1388 &
1529 1359 1625 1389 omnia
1647 1360 1680 1391 δε
1701 1360 1804 1401 singula
1819 1371 1952 1394 contenta
1965 1363 1994 1393 in
2009 1374 2056 1403 ea,

1270 1391 1425 1436 Fecerunt,
1444 1394 1678 1436 Constituerunt,
1695 1400 1729 1429 &
1744 1399 1956 1432 Ordinaverunt
1968 1404 2048 1433 suum
2058 1426 2067 1441 ,
2082 1404 2162 1435 dksto
2177 1404 2291 1436 Nomi-

1230 1437 1267 1460 ne
1288 1430 1358 1462 <heti
1381 1431 1555 1464 Communis
1567 1433 1684 1474 Januae,
1699 1444 1811 1472 certum,
1826 1438 1994 1476 Nondum,
2014 1441 2180 1481 Sindicum,
2199 1443 2293 1474 Acto-

1229 1478 1310 1506 rem,
1326 1469 1576 1510 Ambaxiatorem,
1596 1474 1629 1503 &
1652 1473 1888 1516 Procuratorem,
1907 1480 1940 1508 ὃς
1962 1479 2098 1517 quidquid
2123 1483 2220 1512 melius
2233 1482 2293 1513 fieti

1230 1507 1265 1539 &
1279 1507 1335 1539 effe
1348 1510 1468 1547 poterit,
1481 1509 1670 1548 supradictum
1685 1512 1899 1554 Pasqualomm,
1914 1517 2057 1547 absentem
2072 1527 2203 1557 tanquam
2218 1530 2293 1558 prae-

1230 1546 1353 1584 sentem,
1368 1547 1402 1577 ad
1420 1549 1445 1578 se
1460 1557 1557 1578 coram
1590 1551 1688 1580 raefato
1702 1550 1837 1582 Domino
1968 1555 2065 1594 Rege,
2083 1557 2194 1595 ejusque
2211 1560 2295 1589 Con-

1231 1583 1300 1615 cilio
1315 1584 1464 1624 Regis,&
1477 1558 1702 1627 quibuigumque
1717 1590 1902 1621 Auditoribus
1916 1590 2123 1624 Commiffariis
2139 1595 2221 1635 ipsius
2229 1597 2295 1627 Do-

1231 1623 1304 1653 mini
1318 1622 1406 1664 Regis
1420 1623 1598 1662 personaliter
1609 1627 1849 1667 praesentandum,

1268 1660 1307 1692 Et
1324 1663 1360 1692 ab
1381 1664 1442 1700 ipso
1462 1662 1598 1695 Domino
1614 1664 1713 1705 Rege,
1729 1668 1762 1698 &
1778 1667 2001 1708 quibuscumque
2015 1668 2159 1701 Gentibus
2174 1672 2207 1702 &
2221 1672 2294 1703 Sub-

1230 1698 1294 1730 ditis
1313 1700 1394 1738 ipsius
1408 1700 1535 1741 Domini
1547 1702 1653 1743 Regis,
1672 1705 1706 1735 &
1720 1716 1734 1735 a
1747 1715 1915 1746 quacunque
1930 1710 1979 1738 alia
1993 1708 2130 1748 Periona,
2148 1708 2294 1748 Corpora-

1230 1739 1323 1776 tione,
1342 1737 1495 1778 Collegio,
1511 1742 1543 1772 δε
1560 1740 1750 1779 Univerfitate
1764 1746 1936 1784 petendum,
1953 1747 2292 1788 requirendumssxigen-

1231 1776 1581 1818 dum,recipiendum,&
1598 1780 1823 1820 recuperandum
1838 1783 1918 1818 Duas
1932 1783 2032 1815 Naves
2048 1786 2103 1816 sive
2119 1786 2294 1826 Cochas,&

1232 1816 1386 1853 quamlibet
1408 1827 1519 1856 earum,
1540 1819 1574 1849 &
1597 1821 1695 1850 omnia
1716 1821 1749 1851 &
1772 1822 1877 1859 singula
1900 1822 1992 1861 Bona,
2013 1824 2087 1862 Res,
2107 1825 2141 1855 ὃς
2165 1825 2295 1865 Merces,

1231 1855 1310 1891 super
1331 1855 1392 1895 ipsis
1412 1856 1445 1887 &
1465 1857 1587 1895 qualibet
1607 1867 1719 1897 earum,
1740 1869 1870 1898 tempore
1892 1861 2040 1899 Captionis
2059 1863 2218 1903 praeditstae,
2237 1866 2297 1895 exi-

1233 1891 1348 1932 stentia,
1373 1893 1429 1924 sive
1454 1894 1696 1926 Emendationem
1721 1893 1858 1937 ipsarum,
1884 1910 1916 1930 ac
1941 1901 2025 1930 etiam
2053 1901 2297 1934 Emendatiouem

1232 1933 1361 1962 omnium
1374 1933 1407 1962 <Sc
1422 1933 1594 1973 singulorum
1608 1934 1813 1973 Dampnorum
1829 1938 1861 1968 &
1877 1937 2027 1977 Intereffe,
2041 1939 2242 1980 Januenfibus,
2262 1942 2296 1973 &

1233 1969 1465 2010 Mercatoribus,
1491 1973 1523 2003 ἃ
1545 1972 1603 2002 aliis
1623 1973 1861 2015 quibuscumque,
1885 1976 1963 2014 siper
1984 1977 2066 2007 dictis
2086 1978 2236 2018 NavibuS,
2262 1980 2297 2011 &

1231 2009 1354 2079 <gabba
1375 2019 1491 2050 earum,
1505 2020 1634 2051 tempore
1654 2011 1740 2043 dietae
1761 2012 1926 2053 Captionis,
1945 2014 2139 2056 existentibus,
2155 2017 2299 2049 illatorum

1300 2057 1410 2079 atorum
1909 2075 1912 2078 -

1270 2084 1309 2118 Et
1329 2088 1362 2118 ad
1380 2073 1566 2130 quitandum,
1582 2089 1778 2131 liberandum,
1797 2093 1831 2124 &
1842 2092 2046 2125 absolvendum
2065 2095 2216 2133 praefatum
2232 2095 2298 2127 Do-

1234 2126 1348 2157 minum
1368 2126 1499 2167 Regem,
1518 2131 1552 2160 &
1567 2130 1761 2169 quoscumque
1773 2132 1831 2169 ejus
1845 2131 1999 2172 Subditos,
2013 2135 2048 2164 &
2061 2134 2255 2175 quoscumque
2269 2146 2299 2166 a-

1234 2164 1287 2195 lios
1299 2173 1444 2205 propterea
1458 2165 1630 2207 Obligatus,
1647 2179 1662 2198 a
1676 2169 1760 2200 distis
1774 2170 1894 2202 Duabus
1908 2172 2042 2202 Navibus
2059 2173 2102 2203 seu
2120 2172 2244 2212 Cochis,
2263 2175 2298 2205 &

1235 2203 1374 2244 qualibet,
1392 2205 1437 2236 seu
1457 2206 1537 2237 altera
1558 2206 1698 2247 ipsarum,
1717 2210 1750 2240 &
1772 2218 1786 2238 a
1808 2210 2034 2249 quibuscumque
2054 2210 2169 2250 Rebus,
2189 2212 2301 2242 Merci-

1236 2242 1304 2280 bus,
1323 2244 1357 2275 &
1379 2243 1483 2283 Bonis,
1501 2245 1582 2284 super
1602 2246 1686 2276 dietis
1707 2246 1840 2278 Navibus
1853 2249 1886 2280 &
1900 2249 2022 2286 qualibet
2036 2259 2148 2290 earum,
2169 2254 2299 2290 tempore

1235 2281 1322 2312 dietae
1342 2281 1507 2321 Captionis,
1525 2283 1723 2323 existentibus,
1750 2287 1783 2316 δι
1805 2288 1932 2324 quolibet
1953 2298 2070 2327 eorum,
2089 2290 2122 2320 &
2143 2300 2159 2320 a
2182 2288 2298 2320 Vallore

1235 2319 1281 2350 seu
1303 2318 1494 2352 Extimatione
1516 2323 1657 2354 dietamm
1680 2323 1813 2355 Navium
1838 2325 1882 2355 seu
1904 2324 2088 2365 Cocharurn,
2104 2327 2137 2358 ὃς
2151 2329 2300 2360 cu'ullibet

1236 2359 1281 2389 seu
1296 2359 1403 2389 alterius
1416 2369 1512 2390 earum
1521 2383 1531 2399 ,
1549 2362 1582 2393 &
1595 2372 1610 2391 a
1624 2358 1739 2393 Vallore
1752 2363 1797 2394 seu
1811 2362 2005 2395 Exrimatione
2018 2366 2157 2396 distarum
2205 2377 2300 2406 erum,

1235 2397 1268 2427 &
1285 2396 1433 2428 Mercium
1443 2422 1452 2437 ,
1470 2410 1503 2430 ac
1518 2400 1664 2431 Bonorum
1674 2424 1683 2439 ,
1698 2410 1826 2440 tempore
1839 2403 1924 2432 dietae
1942 2402 2106 2442 Captionis,
2123 2405 2204 2443 super
2216 2405 2301 2436 dietis

1236 2435 1372 2466 Navibus
1392 2437 1437 2468 seu
1456 2436 1582 2475 Cochis,
1600 2440 1632 2469 &
1647 2440 1770 2478 qualibet
1783 2443 1828 2470 seu
1844 2441 1926 2472 altera
1939 2452 2035 2473 earum
2052 2443 2249 2483 existentium,
2264 2445 2300 2475 δε

1256 2474 1364 2505 uolibet
1383 2477 1504 2515 ipsorum
1529 2476 1673 2510 Bonorum
1687 2501 1697 2516 ,
1722 2478 1834 2510 Rerum
1850 2503 1859 2517 ,
1880 2480 1913 2511 &
1934 2480 2079 2512 Mercium
2095 2505 2105 2521 ,
2127 2482 2160 2514 &
2182 2493 2197 2515 a
2216 2481 2302 2514 distis

1274 2514 1382 2551 ampnis
1396 2515 1429 2546 &
1444 2515 1575 2546 Interess'e
1592 2518 1626 2547 &
1641 2518 1766 2555 quolibet
1777 2527 1894 2557 eornm,

1280 2552 1315 2582 Et
1339 2553 1403 2583 inde
1425 2555 1612 2593 quascumque
1630 2555 1725 2593 Fmes,
1745 2556 1943 2596 Quitationes,
1963 2558 2172 2598 LiberationeS,
2192 2560 2226 2591 &
2241 2559 2302 2590 Ab·

1239 2590 1403 2629 solutiones,
1422 2593 1455 2622 ὃς
1468 2591 1589 2623 Pastum
1603 2592 1638 2624 de
1653 2594 1763 2624 ulterius
1779 2605 1838 2625 non
1852 2596 1988 2635 petendo,
2005 2598 2166 2628 faciendum
2176 2621 2184 2636 ,

1279 2629 1317 2660 Et
1339 2629 1372 2659 ad
1385 2630 1463 2668 inde,
1483 2631 1646 2669 jurandum,
1665 2632 1699 2662 &
1714 2634 1936 2673 nominandum,
1954 2635 2130 2674 cedendum,
2148 2636 2303 2673 tranfigen-

1241 2667 1327 2705 dum,
1347 2669 1564 2707 p.ciscendum,
1582 2672 1815 2709 componendum
1851 2673 1884 2703 ὃ(
1906 2676 2190 2710 compromitendum
2216 2675 2304 2707 <scili-

1242 2711 1304 2741 cet)
1323 2706 1359 2736 de
1380 2708 1460 2737 dietis
1474 2706 1592 2739 Duabus
1608 2708 1741 2740 Navibus
1753 2711 1797 2740 seu
1814 2695 1939 2749 CochiS,
1958 2712 2071 2751 Rebus,
2091 2713 2252 2751 Mei-cibus,
2270 2714 2304 2744 &

1242 2744 1325 2775 Bonis
1369 2746 1588 2785 uibuscumque,
1606 2746 1684 2786 super
1707 2749 1788 2779 dir-stis
1806 2748 1940 2780 Navibus
1962 2751 2017 2781 five
2033 2751 2157 2790 Cochis,
2175 2761 2305 2789 tempore

1242 2781 1328 2853 (ἐίζᾶμε
1350 2785 1515 2853 lbaprioniS,
1533 2785 1713 2818 existentibus
1720 2810 1729 2825 ,
1748 2789 1781 2818 &
1804 2788 1946 2827 Dampnis
1965 2790 1999 2820 &
2021 2789 2152 2821 Intereffe
2165 2791 2306 2829 praedietis

1310 2832 1365 2852 uox
1388 2834 1414 2854 et
1427 2834 1546 2862 eorum,

1281 2832 1319 2892 {t
1338 2864 1370 2892 ad
1391 2863 1455 2893 inde
1478 2863 1639 2894 faciendum
1661 2865 1694 2895 &
1716 2863 1775 2894 fieri
1800 2865 1963 2896 faciendum
1979 2876 2068 2897 unum
2084 2867 2117 2897 &
2131 2866 2191 2906 plus
2205 2866 2303 2897 Publi-

1243 2899 1554 2932 cum‘Instrumentum
1574 2903 1607 2932 &
1627 2902 1779 2933 Publicum
1802 2904 1969 2942 Scriptum,
1991 2915 2060 2935 cum
2079 2905 2304 2944 quibuscumque

1244 2937 1519 2970 Renunciationibus
1531 2964 1540 2978 ,
1559 2939 1809 2978 Promiffionibus,
1832 2941 2200 2981 ObligationibuS,Poenis,
2215 2942 2304 2974 Clau-

1243 2977 1322 3016 sulis,
1342 2978 1607 3016 Solempnitatibus,
1626 2980 1657 3009 ὃς
1674 2979 1812 3018 Cautelis,
1832 2981 1864 3010 ad
1881 2982 1939 3011 hoc
1951 2984 2115 3021 oportunis,
2131 2982 2243 3012 utilibus
2259 2981 2305 3012 seu

1244 3016 1416 3056 necessariis,
1435 3020 1471 3048 de
1487 3018 1586 3055 quibus
1598 3017 1631 3048 δε
1646 3028 1728 3055 prout
1742 3019 1821 3049 dicito
1834 3019 1960 3057 Syndico
1976 3021 2168 3052 Ambaxiatori
2182 3020 2216 3051 ὅτ.
2231 3020 2304 3051 Pro-

1244 3057 1364 3086 curatori
1380 3057 1518 3086 videbitur
1533 3058 1565 3086 &
1579 3056 1726 3095 placuerit,
2287 3097 2293 3102 .

1282 3093 1320 3125 Et
1340 3094 1460 3125 demum
1479 3095 1640 3133 generaliter
1662 3095 1696 3125 ad
1710 3096 1807 3125 omnia
1820 3095 1869 3126 alia
1882 3097 1916 3127 &
1930 3095 2032 3136 singula
2045 3107 2109 3136 quae
2121 3098 2150 3128 in
2166 3097 2308 3136 praediffls

1247 3132 1280 3164 &
1299 3134 1373 3163 circa
1393 3134 1525 3171 praedieta
1546 3132 1649 3163 fuerint
1670 3134 1818 3164 necessaria
1839 3136 1872 3165 δε
1896 3145 2051 3172 oportuna,
2070 3137 2102 3166 &
2118 3136 2194 3175 quod
2209 3144 2305 3165 earum

1247 3172 1343 3202 merita
1359 3173 1391 3203 ὃς
1423 3172 1545 3202 ostulent
1558 3171 1592 3202 &
1606 3181 1636 3201 re
1659 3172 1765 3211 uirant,
1781 3173 1813 3203 δε
1829 3174 1906 3210 quod
1921 3173 1970 3211 ipsi
1983 3173 2129 3204 Dominus

1248 3208 1319 3240 Dux
1341 3211 1374 3241 ὅτ,
1427 3211 1564 3241 oncilium
1578 3210 1611 3240 &
1656 3221 1793 3241 ommune
1805 3211 1903 3248 januae
1916 3212 2006 3242 facere
2027 3213 2139 3251 poffent
2155 3212 2174 3244 si
2186 3210 2302 3251 praesen-

1249 3257 1288 3279 tes
1302 3248 1405 3288 eflent,
1424 3250 1456 3280 ὃ(
1471 3248 1549 3287 quod
1565 3249 1584 3278 li
1601 3247 1771 3279 Mandatum
1786 3251 1869 3288 exigit
1880 3250 2009 3289 speciale,
2244 3290 2249 3294 ”

1287 3285 1412 3324 Dantes,
1430 3287 1509 3318 dieto
1530 3286 1663 3317 Nomine
1696 3288 1728 3318 &
1741 3285 1943 3318 Concedentes
1958 3289 2036 3319 dieto
2049 3299 2148 3319 eorum
2164 3288 2307 3328 Syndico,

1251 3325 1367 3363 Actori,
1388 3327 1593 3361 Ambaxiatori,
1613 3326 1645 3355 &
1659 3311 1858 3364 Procuratori,
1878 3329 1906 3356 in
1924 3328 2078 3365 prs-edictio,
2097 3328 2129 3358 δε
2144 3329 2217 3357 circa
2233 3337 2308 3367 prae-

1250 3363 1342 3403 dieta,
1359 3367 1391 3397 &
1412 3365 1634 3405 quibuscumque
1654 3364 1901 3403 Dependentibus,
1926 3364 2133 3402 incidentibus,
2153 3366 2310 3405 Emergen-

1252 3403 1325 3432 tibus
1340 3426 1348 3440 ,
1373 3403 1543 3434 Accessoriis
1555 3426 1564 3439 ,
1590 3403 1623 3432 &
1643 3402 1804 3440 Connexis,
1825 3404 1954 3442 plenum,
1973 3404 2111 3442 liberum,
2128 3405 2162 3434 &
2182 3403 2311 3444 generale

1252 3440 1423 3472 Mandatum
1433 3465 1441 3479 ,
1460 3451 1528 3472 cum
1542 3440 1634 3480 plena,
1653 3441 1755 3479 libera,
1772 3443 1804 3473 δε
1817 3443 1933 3486 generali
1947 3442 2229 3487 Administratione,·

1290 3479 1506 3518 Promittentes,
1524 3480 1603 3510 dicio
1617 3479 1764 3517 Nomine,
1785 3482 1874 3518 mihi,
1888 3479 2012 3522 Notario
2027 3482 2061 3510 δε
2074 3480 2252 3512 Cancellario
2264 3482 2309 3512 in-

1252 3517 1412 3558 frast-ripn),
1432 3529 1560 3557 tanquam
1579 3517 1706 3548 Publicae
1729 3517 1874 3556 Personae,
1892 3519 2002 3549 Orncio
2015 3518 2154 3557 Publico,
2169 3520 2312 3558 Stipulan-

1254 3558 1273 3586 ti
1292 3557 1334 3585 vel
1352 3558 1529 3595 Recipienti,
1542 3557 1658 3586 nomine
1670 3557 1703 3587 &
1719 3558 1782 3587 vice
1793 3559 1926 3586 omnium
1942 3558 1974 3587 ὃς
1988 3556 2160 3595 singulorum
2170 3567 2311 3599 ,quorum

1256 3595 1385 3634 interest,
1405 3597 1528 3626 intererit
1562 3595 1605 3624 vel
1624 3595 1752 3625 interesse
1763 3596 1882 3634 poterit,
1901 3595 1943 3632 sc,
1962 3595 2041 3625 <licto
2060 3598 2195 3635 nomine,
2213 3607 2312 3634 perpe-

1254 3641 1305 3662 tuo
1329 3636 1472 3665 habituros
1495 3635 1512 3652 *²
2002 3674 2006 3676 ἡ

1255 3679 1317 3701 tum
1341 3684 1388 3712 per
1401 3673 1509 3703 distum
1525 3671 1695 3708 syndicum,
1716 3672 1850 3701 Actoretn
1861 3694 1869 3706 ,
1887 3672 2007 3701 Ambaxi
2018 3681 2135 3710 norem,
2154 3675 2186 3704 <Sc
2203 3673 2313 3704 Procu-

1255 3720 1393 3750 ratorem,
1410 3713 1437 3742 in
1460 3710 1595 3748 praedic'lis
1617 3711 1650 3741 &
1667 3711 1740 3740 circa
1756 3710 1888 3748 praedieta
1899 3733 1907 3747 ,
1926 3710 1959 3740 &
1976 3706 2221 3748 Dependentibus,
2239 3711 2315 3743 Inci-

1256 3748 1400 3786 dentibus,
1422 3749 1654 3787 Emerge-nribus,
1675 3748 1860 3786 Accelloriis,
1880 3749 1912 3779 ὅ(
1938 3747 2084 3779 Conncxis
2098 3750 2253 3792 praedictis,
2272 3750 2314 3780 A·

1259 3787 1357 3824 etum,
1378 3788 1522 3820 Gestum,
1544 3787 1679 3824 Fanum,
1700 3786 1747 3816 seu
1773 3786 1958 3817 Procuratum
1977 3786 2077 3825 fuerit,
2092 3789 2143 3818 {ub
2164 3788 2317 3826 Ypotheca

1258 3825 1292 3857 &
1305 3827 1487 3865 obligatione
1502 3825 1649 3855 Bonorum
1664 3825 1734 3854 dicti
1749 3824 1925 3855 Communis
1940 3824 2050 3863 Januae.

1299 3865 1344 3895 Ad
1365 3874 1487 3903 quorum
1508 3864 1639 3893 omnium
1660 3861 1874 3893 Praemifforum
1895 3862 2040 3893 Cautelarn
2061 3865 2094 3894 &
2120 3863 2316 3906 Firmitatem,

1259 3905 1382 3941 praefati,
1400 3903 1544 3934 Dominus
1674 3900 1743 3930 Dux
1757 3902 1790 3932 ὃ(
1806 3902 1863 3940 ejus
1877 3901 2064 3939 Concilium,
2082 3910 2154 3940 prael·
2165 3914 2196 3934 ns
2213 3903 2317 3935 Instru-

1262 3952 1390 3973 menzum
1400 3966 1409 3980 ,
1427 3940 1586 3979 Sigillorum
1601 3939 1681 3977 ipsius
1696 3939 1818 3971 Domini
1958 3938 2069 3981 Ducis,
2086 3939 2262 3974 Communis
2272 3944 2322 3982 ja·

1261 3991 1343 4019 nuae,
1360 3981 1391 4011 ὃς
1413 3978 1680 4021 Archiepiscopalis,
1698 3977 1827 4011 Civitatis
1842 3977 1984 4016 Januenns
2004 3979 2178 4019 appofitione
2193 3983 2320 4020 muniri,

1262 4021 1297 4052 &
1315 4020 1471 4050 munimine
1484 4018 1620 4048 roborari.

1788 4099 1817 4131 Z
2211 4103 2319 4135 Attum

2293 283 2370 314 Ann.
2384 276 2424 315 D.

2316 332 2400 361 1370.

2294 363 2360 391 Edv.
2383 371 2407 398 3.

2340 630 2379 657 vi

2300 671 2365 704 ⁶74-

1531 3617 1653 3671 Ratum,
1668 3632 1792 3663 Gratum
1803 3657 1812 3671 ,
1831 3635 1864 3664 ὃς
1887 3632 2016 3662 Firmum
2029 3635 2164 3673 quidquid
2180 3637 2213 3666 &
2227 3645 2315 3673 quan·
2331 3651 2345 3667 ι
2363 3652 2416 3680 VI.

2330 3691 2385 3726 ⁶75
