2561 4251
202 176 282 212 106

50 253 129 286 'Aan
142 249 186 283 D·
245 255 383 287 Gullielmt'
400 255 432 285 de
452 255 588 290 Pomeriis,

81 299 166 331 ¹354·
250 294 400 325 Bertrana'i
419 296 528 322 Domini
544 291 576 320 de
594 292 690 319 Monte
708 288 843 325 Ferandi,

52 332 120 361 Edv·
141 340 166 368 3-
249 336 292 363 Et
308 331 436 370 Alagq'lri
452 330 570 360 Gerardi
586 329 617 358 de
636 328 736 365 Podio,
754 325 837 365 Juris
852 325 958 359 Periti,

57 616 186 653 ¹*V.809.

63 1451 138 1484 Anti.
154 1449 186 1481 D

91 1499 176 1530 1354

62 1532 116 1557 An.
134 1531 178 1557 25.

62 1607 131 1642 Vasc.
152 1605 198 1632 28.

62 1649 94 1672 Ε.
117 1654 142 1682 3.
161 1654 199 1674 m.

83 3301 155 3331 smn.
169 3299 209 3329 D.

107 3348 191 3386 ¹354,-

82 3382 135 3405 An.
152 3383 196 3404 ιδ.

82 3458 172 3481 Frmac.

87 3491 132 3518 ²8.
147 3496 166 3518 E
188 3501 212 3528 3.

84 3538 123 3557 m.
141 3539 166 3565 3.

85 3566 211 3595 *v.810.

249 408 449 445 Confidentes,
1258 430 1263 435 ¹

247 449 292 479 Ad
306 447 499 478 subiciendum
514 444 604 474 oculis
617 443 715 474 omnia
730 440 763 470 &
787 438 892 475 singula
912 435 1027 475 Castra,
1043 433 1163 471 TerraS‚
1179 432 1213 463 &
1230 430 1280 460 Li-

211 489 292 518 mites
303 485 474 522 hu‘usmodi,
489 485 543 514 una
557 492 624 512 curn
639 479 762 511 Nunciis
777 477 810 508 &
824 477 1057 508 procuratoribus
1071 472 1154 515 ipsius
1168 469 1280 512 Adver-

210 526 270 556 sarii
292 534 330 554 no
357 525 396 562 ri,
415 523 449 553 ad
470 523 527 552 hoc
550 520 713 557 Deputatis,
729 518 762 548 &
784 526 852 546 cum
874 517 928 553 eis,
954 515 1031 553 super
1051 511 1135 541 dietis
1155 507 1281 552 Castris,

210 564 323 601 Terris,
342 563 375 593 δε
396 561 559 597 LimitibuS,
584 557 816 593 lnformationeS,
841 553 1002 584 Evidentias
1043 551 1077 580 &
1099 548 1281 578 Probationes

213 612 260 641 per
274 600 392 639 Testes,
413 600 531 634 LiteraS,
548 596 706 633 Cronicas,
726 595 861 631 Famam,
878 593 911 623 &
924 592 989 622 alias
1007 576 1077 620 ilias
1093 584 1112 601 ’κ
1125 585 1282 632 'quascum-

211 650 283 681 que,
301 650 351 680 per
373 649 438 677 quas
458 636 492 667 ad
513 635 722 673 Cognitionem
743 633 875 664 Veritatis
894 631 971 669 super
986 631 1045 660 hoc
1064 625 1165 657 melius
1180 630 1282 662 potent

214 679 371 718 perveniri,
1170 702 1175 707 .
1248 700 1254 707 ἡ

250 717 288 748 Et
308 717 342 747 ad
361 726 409 753 ea,
427 723 490 752 quae
511 723 559 750 per
582 711 812 747 Informationes,
839 707 1041 742 probationes,
1065 705 1099 736 &
1124 701 1284 746 Evidentias

210 754 386 792 huiusmodi,
406 761 552 790 comperta
567 750 688 788 fuerint,
704 749 796 780 eidem
810 747 942 778 Domino
958 744 1081 775 Summo
1098 739 1233 771 Pontifici
1247 739 1282 770 δε

213 791 407 825 όίέὶίεηοίὶῑὶε
422 790 545 821 Nunciis
559 789 754 826 referendum,
772 787 804 818 &
819 795 866 816 eos
882 784 961 822 super
975 783 1033 826 hoc
1048 779 1282 827 certificandum,

213 842 244 864 ut
261 832 385 868 ulterius,
403 831 432 860 in
450 829 531 860 dieto
552 827 688 864 Negetio
711 826 792 857 Pacis
806 825 839 856 «Sc
859 821 1055 859 Concordiae,
1071 819 1146 850 clare
1167 817 1284 857 procedi

213 871 301 903 valeat
314 870 347 900 &
363 868 497 905 feliciter,
517 866 586 896 Deo
601 866 704 903 Duce,
821 902 825 906 ι

251 908 335 946 Iplis,
354 908 425 945 Sex,
443 906 595 944 Qiinque,
616 906 756 944 Qatuor,
773 901 890 939 Tribus,
907 901 942 931 δε
957 898 1079 941 Duobus
1092 905 1210 933 eorum,
1226 893 1286 932 ple·

214 958 299 986 nam,
325 956 421 977 tenore
445 943 636 983 praesentium,
662 942 870 974 committimus
891 939 925 970 &
951 936 1138 968 concedimus
1161 932 1287 965 Potesta-

213 995 288 1018 tem·

253 1010 451 1055 Pr'ornittentes
465 1021 534 1052 Nos
548 1019 659 1051 Rarum
674 1019 708 1050 &
723 1017 846 1048 Gratum
861 1016 1005 1046 habituros
1021 1014 1087 1052 quic
1109 1011 1164 1056 uid·
1175 1020 1224 1049 per
1241 1009 1285 1040 di-

215 1064 293 1101 ctos,
314 1062 496 1100 Episcopum,
515 1059 665 1096 Blestum,
682 1055 867 1093 Bernardum,
884 1053 1066 1089 Guidonem,
1119 1050 1285 1093 ullielmum,

214 1102 416 1138 Bertrandurn,
436 1100 469 1130 &
486 1097 664 1135 Gerardum,
682 1096 755 1132 Sex,
769 1095 830 1126 &c-
870 1093 977 1124 ACtum
991 1091 1037 1123 vel
1059 1088 1184 1121 Gestum
1203 1088 1285 1119 fuerit

214 1142 244 1171 in
260 1139 410 1178 praemiffis,
429 1139 462 1170 &
478 1137 604 1176 quolibet
618 1133 834 1174 praemissorum.

252 1178 760 1254 Inlgailtiuzsissuffwestmonasterium,
776 1209 918 1241 tricesimo
930 1209 976 1240 die
990 1207 1137 1239 octobris.

261 1344 310 1376 De
334 1355 390 1375 non
416 1338 604 1381 Gravando,
626 1347 678 1384 per
703 1307 956 1381 Jurifilik‘lionem
982 1328 1225 1375 Ecclffiasticam.

218 1427 337 1485 REX
373 1427 483 1458 dileffis
507 1425 558 1455 sibi
579 1425 609 1454 in
632 1419 769 1459 Christo,
793 1419 916 1450 Decano
938 1419 972 1450 ὃ(
993 1416 1126 1456 Capitulo
1149 1413 1286 1447 Ecclefiae

291 1452 389 1497 san’ffi
404 1465 525 1497 Andreae
539 1463 575 1494 de
588 1459 770 1504 Burdegaiia,
789 1458 922 1489 sautem.
1265 1492 1271 1498 ,

255 1507 299 1538 Ex
315 1514 410 1544 parte,
430 1504 599 1534 dilectorum
614 1501 647 1531 &
661 1498 785 1529 fidelium
799 1496 959 1527 nostrorum
969 1518 979 1534 ,
996 1494 1156 1525 Proborum
1175 1491 1288 1523 Homi-

217 1557 288 1578 num
303 1547 336 1578 ὃ(
350 1544 551 1575 Habitatorum
566 1536 761 1584 Parochiaexde
776 1535 968 1572 Condoiaco,
986 1534 1068 1564 nobis
1089 1532 1148 1571 est,
1167 1532 1288 1570 graviter

220 1575 784 1660 coaugelrggofubnffirrffiaffiginguffigi
795 1613 823 1642 in
838 1611 911 1656 Casu
927 1609 1014 1641 Civili
1029 1611 1062 1641 &
1079 1608 1227 1654 Criminali
1235 1607 1286 1652 fint

221 1662 384 1698 constituti,
410 1659 444 1690 &
466 1655 644 1696 quamplures
661 1653 801 1696 dietarum
818 1650 961 1688 Paruum,
977 1657 1006 1680 ut
1020 1649 1178 1679 Pecuniam
1199 1648 1235 1678 ab
1250 1657 1290 1677 eis

219 1707 420 1739 extorqueant,
438 1697 481 1727 vel
497 1695 562 1726 alias
577 1693 717 1724 Malitiam
730 1690 867 1728 inferant,
885 1688 962 1720 falsos
983 1687 1151 1724 Clamores,
1176 1686 1290 1725 Quere-

219 1740 273 1778 las,
292 1739 346 1770 sive
363 1735 578 1771 Accusationes,
596 1740 693 1763 contra
707 1729 777 1768 ipsos
792 1728 903 1758 Probos
916 1727 1062 1757 Homines
1084 1726 1117 1757 &
1139 1725 1291 1756 Habitato-

219 1789 262 1810 res
278 1787 376 1809 coram
393 1775 474 1805 vobis
493 1773 640 1809 Fingentes
653 1771 687 1801 ὃς
704 1768 875 1812 MoventeS,
893 1776 941 1797 cos
958 1765 1116 1796 Laboribus
1129 1765 1162 1795 &
1177 1763 1291 1802 Expen-

219 1818 251 1848 sis
269 1817 377 1853 magnis
391 1813 515 1844 indebite
531 1818 632 1841 vexent
643 1809 677 1839 &
692 1806 824 1846 fatigent,
1121 1842 1126 1846 η

256 1855 311 1893 Et,
328 1855 394 1885 licet
409 1849 566 1890 hujusmodi
583 1847 748 1884 Clamores,
768 1844 920 1882 Qerelae,
937 1843 982 1875 vel
998 1840 1197 1885 Accusationes
1219 1839 1292 1871 falsae

218 1893 252 1925 &
267 1891 410 1924 malitiosae
433 1896 591 1927 compertae
610 1884 744 1922 existant,
763 1884 852 1913 iidem
870 1892 967 1913 tamen
987 1879 1074 1924 Probi
1099 1879 1244 1910 Homines
1259 1879 1292 1910 ὃς

222 1931 404 1963 Habitatores
416 1926 694 1966 Recuperationem,
713 1930 759 1966 aut
776 1921 953 1952 Remedium
971 1918 1100 1957 aliquod,
1127 1928 1178 1957 pro
1199 1917 1294 1948 Dam-

220 1972 282 2010 pnis
297 1970 350 2001 suis
364 1969 396 2000 &
414 1965 561 2004 Interesse,
579 1971 677 1995 contra
692 1962 730 1992 hu
744 1960 852 1992 usmodi
866 1959 1040 1996 clamantes,
1049 1956 1244 1996 QierelanteS,
1260 1955 1293 1987 fi-

217 2021 254 2042 ve
270 2008 438 2040 Accusantes
452 2004 584 2042 consequi
597 2012 656 2032 non
670 2011 708 2039 po
734 2008 802 2037 unt,
819 2038 823 2042 ⁵
859 2038 863 2042 ι
902 2037 906 2042 “
951 2036 957 2041 .
1210 2034 1216 2040 .

257 2048 310 2086 Et,
338 2046 464 2090 insuper,
486 2042 565 2084 quod
573 2064 584 2080 ,
628 2047 741 2070 raetextu
766 2036 972 2077 Jurisdiehoms
998 2034 1099 2066 vestrae
1129 2033 1292 2071 praedict-ae,

217 2085 348 2124 Corpora
371 2084 509 2114 Virorum
529 2082 562 2112 δε
625 2078 760 2115 ulierum,
782 2074 1001 2106 Interfector-um
1023 2074 1056 2105 &
1078 2071 1290 2103 Murdratorum

216 2125 290 2156 infra
305 2123 424 2155 eandem
440 2120 687 2161 jurisdictionem,
706 2116 872 2155 quandoque
887 2111 1102 2156 tenuistis-adeo
1127 2111 1178 2141 diu
1204 2110 1291 2142 Inhu-

216 2149 1292 2238 35¹aezzssstsssoeosssgdffiffssuff‘,123055031‘2-1550v21‘123030332‘32’fiis:

443 2222 452 2238 2

217 2251 341 2317 rurSii’per
357 2287 414 2317 quo
429 2276 511 2306 nobis
525 2273 566 2304 est
581 2271 779 2311 Supplicatum
795 2279 958 2308 congruum
974 2265 1152 2299 Remedium
1169 2275 1218 2305 per
1237 2275 1290 2296 nos

215 2317 341 2349 adhiberi

253 2356 338 2394 Nos,
349 2340 482 2385 ’volentes
501 2351 592 2382 dictos
616 2349 721 2387 probos
741 2347 885 2378 Homines
908 2347 942 2377 &
956 2345 1135 2376 Habitatores
1146 2344 1182 2374 ab
1198 2342 1290 2381 hujus-

216 2395 298 2426 modi
311 2393 418 2432 injustis
431 2389 634 2422 Vexationibus
646 2386 822 2425 praeservare,
842 2386 875 2415 &
893 2384 1041 2422 Corpora,
1061 2382 1099 2414 fic
1123 2381 1289 2419 Defundta,

216 2434 274 2464 fine
288 2424 396 2463 diutina
410 2429 573 2460 detentione
585 2425 753 2457 eorumdem
777 2423 885 2461 sepeliri
923 2423 1006 2453 vobis
1027 2422 1234 2452 committimus
1255 2421 1289 2451 &

218 2472 382 2502 mandamus
397 2468 474 2507 quod
489 2475 590 2497 omnes
602 2465 635 2495 ὃ(
649 2463 788 2500 singulos,
806 2463 855 2500 qui
878 2445 1043 2498 Clamores,
1063 2459 1218 2498 Qerelas,
1234 2458 1291 2490 sive

218 2509 418 2540 Accusationes
431 2515 531 2537 contra
546 2504 638 2534 dietos
653 2503 757 2542 probos
772 2501 915 2531 Homines
929 2499 961 2530 &
976 2499 1167 2536 Habitatores,
1187 2508 1290 2532 coram

218 2549 319 2579 vobis.
338 2548 367 2577 in
387 2546 459 2576 Foro
479 2542 573 2574 vestro
592 2541 778 2578 instituerint,
798 2540 816 2569 fi
835 2538 952 2569 eosdem
976 2536 1146 2575 Clamores,
1175 2537 1288 2575 Qere-

218 2586 275 2625 las,
293 2583 337 2616 v'el
358 2584 556 2616 Accusationes
572 2590 652 2611 veros
670 2580 703 2610 &
719 2578 813 2609 fideles
832 2578 950 2615 probare
967 2584 1123 2614 nequeant,
1143 2574 1237 2606 statim
1259 2577 1288 2605 in

220 2625 276 2656 Sex
294 2625 386 2655 Libris
402 2623 435 2654 &
455 2619 605 2656 Dimidia,
630 2617 772 2656 aequaliter
792 2618 864 2646 inter
882 2615 944 2645 Vos
962 2616 995 2645 ὅ(
1024 2613 1157 2652 Partem,
1183 2614 1220 2644 fic
1237 2615 1290 2643 ini-

219 2674 274 2702 que
289 2670 434 2699 vexatam,
449 2656 665 2695 distribuendis,
684 2655 917 2692 condempneris,
943 2662 989 2684 aut
1015 2652 1222 2690 condempnari
1249 2652 1291 2683 fa-

237 2710 295 2732 ratis

218 2713 236 2734 c
259 2724 443 2776 Et’Corpora
457 2736 596 2767 Virorum
611 2732 644 2764 ὃς
660 2731 815 2762 Mulierum
825 2754 834 2769 ,
853 2729 923 2760 infra
937 2729 1046 2759 di&am
1060 2729 1292 2767 Jurisdifflonem

221 2778 341 2810 vestram
362 2777 398 2808 sic
420 2774 637 2806 Interfeslorum
660 2772 715 2801 sive
737 2769 971 2800 Murderatorum
984 2790 993 2804 ,
1020 2766 1129 2806 statim,
1156 2769 1225 2798 cum
1255 2769 1291 2798 ab

223 2817 336 2848 Amicis
357 2815 425 2853 suis,
444 2822 490 2844 aut
511 2812 586 2849 aliis,
606 2821 622 2841 a
643 2810 743 2847 vobis,
761 2808 805 2838 vel
827 2806 981 2837 Officiariis
1001 2804 1117 2843 vestris,
1143 2815 1292 2844 petantur,

223 2854 394 2893 sepelienda,
411 2852 513 2891 absque
527 2850 648 2881 ulteriori
662 2848 820 2878 detentione
835 2845 1002 2876 eorumdem
1018 2843 1201 2882 Corporum,
1221 2845 1292 2874 libe-

223 2895 277 2925 rari
300 2893 403 2923 faciatis
424 2889 629 2922 Ecclesiasticae
653 2886 806 2924 Sepulturae
826 2883 974 2921 tradenda,
992 2883 1031 2912 ne
1055 2882 1176 2920 Querela
1191 2882 1225 2912 ad
1242 2892 1294 2912 nos

223 2932 290 2962 inde
305 2932 447 2969 perveniat
463 2931 574 2971 iterata,
594 2937 642 2965 per
659 2924 736 2964 quod
753 2924 900 2955 materiam
913 2923 1066 2952 habeamus
1082 2921 1117 2951 ad
1125 2931 1178 2952 vos
1192 2921 1226 2952 &
1243 2931 1294 2953 ve-

224 2970 276 3002 stra
291 2971 412 3007 graviter
429 2966 565 3005 capiendi.

296 3008 366 3040 Dat.
381 3008 411 3038 in
426 3006 533 3037 Palatio
545 3002 672 3035 Westm.
689 3003 786 3042 primo
803 3001 850 3031 die
863 2999 1049 3031 Novembris.

757 3081 811 3108 Per
830 3076 913 3117 ipfiaem
931 3079 1028 3115 Regem
1046 3074 1084 3111 ὠ·
1103 3074 1258 3107 Concilium.

284 3215 342 3246 Pro
367 3209 478 3244 Karolo
503 3206 538 3240 de
562 3206 663 3256 Bloys,
687 3204 731 3238 ad
747 3214 849 3251 partes
875 3205 1040 3238 Britanniae
1057 3201 1237 3249 proftfluro.

235 3296 357 3353 REX
374 3292 527 3362 Universi?i
539 3293 573 3324 ὃς
587 3290 698 3330 singulis
707 3289 885 3328 Admirallis,
899 3290 960 3320 &c.
1000 3287 1137 3319 Salutem.

334 3334 433 3366 Sciatis
468 3335 507 3363 uo

273 3373 354 3405 Ccim
369 3344 480 3404 Inustgs
494 3354 616 3400 Ka’rolus
637 3367 674 3398 de
685 3366 768 3406 Bloys
778 3389 787 3404 ,
808 3366 977 3397 Prisonarius
989 3364 1101 3402 noster,
1119 3363 1156 3394 de
1169 3362 1300 3394 Licentia

234 3412 348 3450 nostrfi,
366 3411 401 3442 ad
416 3418 504 3449 partes
518 3407 683 3445 Britanniae,
699 3405 749 3435 sub
759 3405 836 3435 certa
849 3404 961 3442 forma,
980 3403 1056 3434 Inter
1070 3402 1136 3433 Nos
1156 3401 1297 3438 &Ipsum

234 3449 426 3487 concordata,
445 3449 476 3492 sit
498 3446 689 3490 profecturus,
707 3443 817 3488 ibidem
838 3453 887 3480 per
909 3441 1023 3481 aliquod
1047 3450 1157 3478 tempus
1171 3448 1299 3470 moratu-

233 3487 503 3563 ωςΙζΙὲξῘῗὲὶῖ-ῖπιὲε
514 3482 783 3559 Ιέἓξξὲιῗέῐῖεῗὲὲξέ
786 3493 895 3549 S1³<aroli
917 3520 948 3563 in
968 3519 1020 3548 bac
1042 3524 1118 3555 parte
1138 3516 1297 3560 providere,

231 3565 400 3605 suscepimus
415 3563 434 3581 ²*
454 3562 545 3600 ipsum
569 3561 726 3598 Karolum,
745 3558 840 3590 eundo
863 3559 897 3588 ad
920 3558 1008 3588 dietas
1029 3565 1118 3594 partes
1129 3554 1296 3592 Britanmae,

251 3615 289 3636 uo
303 3601 423 3635 voluerit
434 3600 522 3630 modo
536 3599 677 3637 pacifico,
693 3607 761 3628 cum
777 3594 921 3627 moderata
935 3594 1055 3625 Familia
1074 3592 1124 3631 (itai
1144 3593 1222 3630 quod
1242 3594 1297 3623 eas-

231 3615 299 3674 dem
314 3649 417 3680 parteS,
435 3637 577 3676 quousque
588 3637 623 3667 ad
638 3636 705 3667 Nos
714 3637 742 3666 in
761 3635 895 3672 Angliam
907 3633 1027 3671 redierit,
1037 3642 1095 3662 non
1107 3632 1195 3668 exeat)
1215 3631 1298 3662 trans-

232 3680 342 3717 eundo,
359 3679 392 3710 ὃς
405 3675 506 3707 exinde
517 3677 546 3704 in
563 3675 698 3711 Angliam
714 3672 875 3711 redeundo,
892 3681 922 3703 ut
935 3671 1104 3710 praedietum
1119 3668 1171 3706 est,
1186 3670 1217 3699 in
1226 3669 1298 3700 Pro-

233 3720 388 3751 tectionem
409 3716 443 3746 δε
463 3713 665 3744 Defenfionem
686 3713 791 3743 nostras
811 3711 955 3750 speciales,
975 3719 1090 3740 necnon
1105 3709 1135 3739 in
1146 3707 1249 3738 salvum
1264 3709 1297 3739 &

233 3758 361 3788 securum
375 3749 563 3784 Condudmm
574 3749 704 3780 nostrum
714 3762 724 3787 3

272 3794 309 3824 Et
327 3793 393 3822 ideo
412 3792 496 3822 vobis
511 3789 692 3826 mandamus,
710 3787 826 3818 firmiter
840 3789 1026 3826 injungentes,
1040 3785 1118 3824 quod
1134 3783 1229 3815 eidem
1238 3783 1297 3815 Ka-

234 3832 309 3869 rolo,
320 3829 380 3865 ὠς.
399 3836 429 3858 ut
447 3833 476 3859 in
492 3825 664 3868 consimilibus
683 3827 787 3855 Literis
803 3826 835 3855 de
853 3827 1002 3864 Conduc'h,
1020 3827 1100 3865 usque
1117 3823 1173 3854 haec
1191 3822 1293 3860 verba,

235 3882 298 3902 vlz.
1217 3890 1220 3893 ,

272 3908 306 3938 In
320 3908 411 3944 cujus,
427 3906 486 3936 &c.
505 3904 589 3942 usque
601 3901 636 3933 ad
651 3899 766 3931 Festum
781 3900 942 3933 Nativitatis
948 3901 1046 3933 Sancti
1055 3899 1190 3940 Johannis
1203 3898 1296 3937 Bapti-

237 3949 286 3980 stae
320 3945 452 3982 proximo
465 3942 589 3972 futurum
598 3964 608 3978 ,
623 3940 771 3971 duraturas,

275 3969 312 4015 E't
327 3984 390 4020 quia
400 3980 528 4018 praefatus
541 3979 678 4015 KaroluS,
692 3978 770 4015 juxra
784 3976 907 4007 formam
930 3977 1126 4014 Concordiae,
1143 3977 1213 4007 inter
1229 3975 1297 4005 Nos

233 4025 270 4056 &
286 4021 378 4060 Ipsum
399 4020 492 4056 initae,
510 4018 578 4048 citra
594 4017 768 4047 Terminum
789 4015 974 4054 praedietum,
990 4017 1019 4046 in
1038 4015 1173 4054 Angliam
1192 4013 1297 4052 redire,

231 4063 267 4096 ὅς
288 4063 321 4092 in
344 4056 488 4090 Prisonam
510 4054 635 4087 nostram
655 4055 787 4087 reintrare
808 4061 933 4091 tenetur,
958 4055 1008 4085 nisi
1028 4063 1078 4092 per
1098 4052 1297 4086 Infirmitatem

629 151 1429 207 CONVENTIONES,
1485 149 1873 199 LITERAE,

1315 236 1501 274 Corporalem
1516 260 1527 276 ,
1550 237 1596 268 vel
1616 238 1652 269 ali
1672 245 1737 268 uam
1759 237 1843 268 aliam
1866 235 1988 266 Causam
2011 232 2185 274 legitimam,
2211 233 2267 264 fine
2288 227 2384 263 srmide
2403 226 2476 261 Ann.
2491 228 2535 266 D„

1315 275 1457 344 &ff-1510,
1476 275 1560 307 fuerit
1575 247 1736 316 impeditus,
1754 276 1790 306 ita
1805 274 1884 316 quod
1900 273 1978 305 nullo
1994 275 2084 304 modo
2099 275 2129 304 in
2145 272 2282 311 Angliam
2296 271 2385 302 redire
2406 278 2524 337 152354..v
2558 292 2561 295 «

1314 323 1496 383 ponolumus
1512 353 1546 384 &
1560 351 1761 390 concedimus,
1779 361 1829 390 per
1864 350 1999 388 raesentes,
2018 349 2109 388 quod,
2127 352 2157 380 in
2171 349 2232 381 casu
2245 359 2305 389 quo
2316 357 2388 386 prae-
2442 319 2471 337 v·
2493 319 2519 347 δ’

1316 390 1388 434 fatus
1407 390 1528 421 Karolus
1562 401 1612 429 per
1626 391 1787 429 hujusmodi
1800 390 1835 420 In
1849 391 2014 434 ⁸rmitatem,
2028 389 2078 432 vel·
2085 390 2166 419 aliam
2180 388 2300 419 Causam
2315 387 2389 424 legi-

1316 429 1667 499 Sffaffirrafinreerffiir‘lfixfi‘
1684 427 2306 499 &sisiniiniffie‘lissfssssrssfiiirssus'lr?⁰ll?
2324 435 2390 495 “1³33

1318 491 1428 537 dicium
1443 505 1501 544 est,
1522 506 1601 537 idem
1616 478 1737 538 Karzlus
1752 490 1856 544 statini,
1872 476 2024 544 postqi'iam
2038 505 2072 534 ab
2086 504 2153 542 huju
2166 477 2256 534 moili’
2265 475 2391 535 1ῃὸῗωί-

1321 552 1376 588 tate
1390 544 1582 588 convaluerit,
1595 545 1733 589 velalias,
1753 545 1877 576 cessante
1894 543 2107 587 Impedimento
2124 542 2264 580 praedffiko
2292 544 2321 573 in
2328 542 2391 573 An-

1320 583 1406 628 gham
1421 582 1512 614 redlre
1523 605 1532 621 ,
1548 584 1581 614 &
1596 583 1623 613 se
1637 594 1668 614 in
1682 583 1826 628 Prisonam
1840 582 1963 614 nostram
1986 590 2114 612 reintrare
2131 581 2238 620 valeat,
2255 566 2305 613 sub
2319 590 2391 620 prae-

1319 622 1401 653 sentis
1418 620 1591 652 Conduetfis
1604 621 1755 652 securitate.

1396 660 1464 692 Dat.
1482 661 1554 700 apud
1563 659 1863 698 westmonasterium,
1881 659 1996 690 decimo
2009 659 2055 690 die
2071 658 2262 690 Novembris.

1485 800 1544 830 Pro
1569 793 1733 828 Barom'bus
1755 797 1791 832 &
1815 791 1976 826 Militibus
1998 792 2035 826 de
2056 796 2227 831 Britannia.

1324 880 1464 938 REX,
1486 883 1548 914 &c-
1587 881 1718 913 Salutem.
2408 883 2488 916 Ann.
2501 884 2541 917 D·
2560 899 2561 902 κ

1416 921 1516 951 Sciatis
1530 920 1626 959 quod,
2433 932 2516 963 1354.
2531 909 2542 919 θ

1362 959 1462 998 Cum,
1483 959 1603 990 Nobilis
1627 958 1698 996 Vir,
1712 957 1857 996 johannes
1876 955 2049 988 vicecomes
2068 956 2104 988 de
2127 956 2253 996 Rohan,
2269 959 2318 998 qui
2337 969 2391 997 pro
2409 966 2462 990 An.
2481 963 2524 991 28.

1322 998 1489 1039 quibusdam
1505 998 1659 1038 Negotiis,
1674 996 1818 1027 Nobilem
1834 995 1948 1033 Virum,
1969 994 2112 1026 Karolum
2126 995 2162 1027 de
2177 995 2277 1037 Bloys,
2297 996 2391 1028 Priso-
2409 1005 2440 1029 Ε.
2467 1010 2493 1037 3.

1322 1039 1431 1068 narium
1451 1036 1596 1076 nostrum,
1616 1035 1812 1073 tangentibus,
1833 1033 1870 1064 de
1892 1033 2022 1065 Licentia
2039 1034 2154 1073 nostra,
2170 1044 2259 1072 nuper
2284 1037 2315 1066 in
2330 1037 2394 1067 An·
2442 1039 2506 1068 ibid.

1323 1077 1411 1114 gliam
1426 1077 1520 1114 venit,
1537 1076 1572 1107 ad
1587 1076 1699 1114 propria
1709 1075 1768 1112 jam
1781 1073 1812 1103 sit
1825 1072 1977 1110 rediturus,
1995 1073 2102 1104 ibidem
2124 1084 2173 1112 pet
2194 1074 2306 1113 aliquod
2321 1084 2394 1106 tem-

1323 1125 1374 1153 pus
1392 1123 1565 1154 moraturus,
1583 1116 1616 1146 &
1634 1114 1736 1145 exinde
1751 1114 1780 1142 in
1794 1111 1931 1148 Angliam
1944 1110 2095 1149 rediturus,
2112 1113 2141 1142 in
2162 1112 2225 1143 casu
2262 1123 2301 1144 uo
2322 1124 2394 1152 prae-

1324 1154 1394 1184 fatus
1419 1152 1639 1192 Karolus,citra
1660 1151 1775 1182 Festum
1792 1149 1957 1181 Nativitatis
1979 1148 2075 1180 Samii-i
2088 1150 2225 1190 Johannis
2270 1152 2397 1191 apdstae,

1323 1193 1461 1262 proximo
1479 1191 1622 1230 futurum,
1639 1192 1668 1222 in
1685 1190 1822 1229 Angliam
1835 1197 1895 1219 non
1909 1187 1999 1218 redeat
2007 1210 2017 1227 ,
2034 1197 2087 1228 pro
2099 1189 2203 1220 eodem
2213 1189 2320 1222 Karolo
2328 1191 2396 1222 Ob-

1335 1242 1363 1262 es
1376 1239 1530 1262 moraturus

1362 1269 1448 1308 Nos,
1461 1253 1586 1300 volen'tes
1598 1267 1746 1299 Securitati
1762 1267 1843 1306 ipsius
1860 1265 2048 1296 Vicecomitis
2063 1267 2093 1296 in
2107 1266 2163 1297 hac
2177 1276 2252 1305 parte
2259 1269 2394 1307 provide-

1323 1317 1369 1346 re,
1388 1308 1554 1346 suscepimus
1569 1307 1659 1345 ipsum
1676 1305 1904 1342 vicecomitem,
1920 1303 2015 1334 eundo
2030 1304 2065 1334 ad
2082 1304 2171 1336 dietas
2184 1315 2274 1346 partes
2286 1307 2395 1339 Britan-

1323 1348 1398 1394 niae,
1417 1345 1477 1382 &a
1489 1353 1573 1385 prout
1587 1349 1617 1377 in
1635 1348 1737 1376 caeterir
1757 1346 1788 1376 de
1806 1342 1943 1376 Conduft‘u
1961 1345 2085 1381 Literis,
2103 1342 2184 1384 usque
2202 1344 2261 1376 haec
2285 1346 2394 1385 verba,-

1322 1396 1385 1416 vrz.

1339 1464 1344 1469 ·
1360 1424 1395 1469 In
1409 1424 1497 1463 cujus2
1511 1424 1571 1455 &c.
1589 1423 1673 1463 usque
1686 1421 1720 1453 ad
1740 1422 1996 1462 Qiadragefimum
2015 1422 2094 1453 diem
2112 1421 2178 1459 post
2197 1422 2313 1454 Festum
2333 1423 2398 1456 Na-

1325 1465 1440 1495 twitatis
1465 1463 1562 1494 Saneti
1582 1462 1720 1502 Johannis
1753 1461 1901 1503 Baptistae,
1933 1462 2070 1501 proximo
2104 1460 2249 1501 futurum,
2283 1462 2397 1494 duratu-

1327 1510 1368 1533 ras

1327 1525 1402 1610 Νὲξ
1409 1539 1869 1624 ἐᾋῗὲἓξῗῶἂιᾋὲἰὲἕῖῐῗῖἑὲζ
1880 1548 1961 1609 iffi}
1972 1539 2400 1617 fsszffiffiumfflssffssa‘lzsssmfftffi

1328 1618 1390 1650 casu
1406 1629 1465 1663 quo
1500 1618 1629 1662 raedi&us
1646 1616 1768 1648 Karolus
1781 1619 1850 1650 citra
1861 1618 1974 1649 dietum
1985 1617 2101 1649 Festum
2122 1617 2286 1648 Nativitatis
2299 1617 2399 1649 Sancti

1324 1658 1464 1697 Johannis
1521 1656 1611 1695 pnstae
1633 1655 1778 1686 Priionam
1802 1655 1926 1687 nostram
1942 1667 2001 1687 non
2020 1658 2149 1695 reintret,
2167 1657 2196 1686 in
2210 1655 2322 1687 dietum
2338 1655 2402 1687 Re-

1330 1707 1420 1737 gnum
1442 1695 1571 1726 nostrum
1585 1695 1701 1731 Angliae
1718 1694 1818 1725 Obses
1830 1705 1882 1733 pro
1896 1695 1999 1726 eodem
2017 1694 2126 1726 Karolo
2140 1703 2293 1726 moraturus
2305 1696 2403 1727 venire

1330 1744 1453 1773 tenetur,
1470 1734 1521 1765 nisi
1534 1744 1583 1773 per
1597 1732 1793 1777 infirmitatem
1809 1734 2002 1773 corporalem,
2022 1734 2068 1765 vel
2081 1734 2205 1773 aliquam
2226 1734 2308 1765 aliam
2325 1733 2403 1765 Cau-

1330 1774 1386 1805 sam
1401 1774 1578 1812 legitimam,
1595 1776 1652 1803 line
1666 1771 1760 1803 fraude
1775 1773 1808 1804 &
1822 1772 1908 1811 dolo,
1924 1773 2006 1804 fuerit
2017 1773 2184 1812 impedituS,
2199 1774 2237 1804 ita
2249 1772 2329 1814 quod
2338 1772 2402 1804 nul-

1331 1813 1360 1843 lo
1376 1813 1484 1851 modo,
1503 1811 1574 1842 infra
1588 1811 1762 1855 Terminum
1776 1811 1965 1850 praedietum,
1983 1812 2012 1842 in
2026 1810 2164 1848 Angliam
2180 1813 2276 1843 venire
2289 1811 2383 1850 poffit,

1370 1851 1510 1896 Volumus
1522 1851 1555 1882 &
1571 1850 1775 1894 concedimus,
1793 1860 1843 1894 per
1858 1849 2127 1895 praesentes,squod,
2145 1851 2177 1880 in
2186 1849 2252 1881 casu
2263 1860 2320 1889 quo
2328 1860 2401 1888 prae-

1331 1890 1401 1935 fatus
1415 1889 1606 1934 Vicecomes,
1623 1899 1671 1927 per
1683 1888 1841 1933 hujusmodi
1858 1889 2068 1928 Infirmitatem,
2086 1889 2132 1920 vel
2145 1889 2230 1919 aliam
2243 1889 2404 1920 causamle-

1332 1931 1481 1973 gitimam,
1498 1928 1579 1959 fuerit
1592 1926 1743 1971 impeditus
1757 1935 1794 1958 ita
1813 1928 1891 1967 quod
1915 1928 1993 1959 nullo
2012 1928 2122 1966 modo,
2140 1928 2212 1958 infra
2226 1928 2404 1959 Terminum

1332 1968 1518 2013 praedffilum,
1538 1968 1568 1997 in
1583 1966 1719 2011 Angham
1733 1967 1831 1997 venire
1844 1966 1944 2005 poffit,
1960 1976 1989 1998 ut
2001 1967 2173 2004 praedietum
2189 1965 2240 2004 est,
2247 1974 2317 1997 tunc
2327 1967 2406 1997 idem

1331 2008 1524 2044 Vicecomes,
1542 2004 1636 2036 statim
1653 2004 1801 2048 postquam
1815 2006 1852 2036 ab
1867 2005 2026 2044 hujusmodi
2037 2003 2201 2036 Infirmitate
2217 2005 2404 2043 convaluerit,

1330 2044 1598 2090 vel-aliaslceffante
1620 2042 1830 2084 Impedlmento
1849 2044 2004 2083 praedidto,
2022 2045 2052 2074 in
2078 2045 2211 2083 Angliam
2235 2045 2347 2082 venire,
2367 2044 2403 2075 &

1329 2085 1356 2115 se
1372 2095 1402 2115 in
1420 2084 1566 2115 Priibnam
1583 2082 1725 2126 nostram,
1745 2082 1903 2121 Obfidetn,
1928 2093 1981 2120 pro
1998 2081 2115 2121 praefato
2135 2082 2241 2114 Karolo
2258 2083 2288 2113 in
2308 2082 2404 2114 formfi

1329 2123 1681 2193 Rraedsietamoraturum,
1699 2129 1799 2152 intrare
1818 2121 1906 2154 valeat
1923 2123 1973 2153 sub
1990 2121 2130 2160 praesentis
2156 2120 2329 2152 Condustfis
2349 2131 2403 2152 no-

1355 2173 1379 2193 r1
1408 2170 1549 2193 ecuntate.

1369 2200 1584 2238 Concedimus,
1608 2197 1735 2238 insuper,
1759 2198 1875 2237 praefato
1893 2199 2073 2230 Vicecomiti
2093 2198 2193 2238 quod,
2217 2199 2237 2229 s1
2255 2198 2346 2237 ipsum
2371 2200 2402 2230 in

1330 2241 1411 2272 dieto
1427 2239 1538 2277 Regno
1552 2237 1650 2269 nostro
1667 2238 1778 2281 Angliae
1792 2237 1933 2269 Obsidem
1947 2248 1999 2276 pro
2014 2237 2131 2276 praesato
2146 2237 2254 2268 Karolo
2269 2240 2300 2268 in
2307 2237 2402 2268 forma

1331 2278 1469 2317 praedicta
1484 2279 1587 2309 morari
1603 2285 1751 2314 contingat
1761 2301 1770 2315 ,
1788 2276 1899 2315 statim,
1916 2276 1980 2315 post
1993 2278 2142 2307 introitum
2158 2276 2240 2314 ipsius
2258 2276 2356 2306 Karoli
2369 2277 2400 2306 in

1329 2318 1477 2348 Prisonam
1492 2316 1617 2347 nostram
1656 2315 1701 2345 vel
1715 2315 1940 2347 Satisfaetionem
1955 2325 2008 2355 pro
2022 2314 2127 2346 eodem
2144 2314 2252 2346 Karolo
2271 2315 2334 2345 alias
2347 2325 2400 2345 no-

1329 2358 1371 2388 bis
1384 2356 1506 2394 faelam,
1525 2355 1603 2399 idem,
1613 2338 1785 2386 vicecomes
1797 2354 1978 2393 deliberetur,
1994 2353 2030 2385 ad
2040 2354 2154 2392 propria
2166 2354 2217 2385 sub
2231 2353 2308 2384 salvo
2316 2352 2401 2384 Con-

1330 2396 1419 2427 duetu
1435 2394 1532 2425 nostro
1547 2393 1691 2424 rediturus.

1402 2433 1492 2465 Teste
1511 2433 1595 2471 Rege
1612 2431 1686 2470 apud
1703 2431 2002 2470 westmonasterium,
2018 2431 2134 2463 decimo
2151 2430 2198 2462 die
2212 2430 2403 2462 Novembris.

1330 2511 1500 2542 Consimiles
1517 2511 1621 2542 Literae
1637 2510 1673 2542 de
1692 2509 1849 2541 Conduetu
1869 2508 1955 2548 fiunt,
1970 2518 2024 2547 pro
2041 2508 2210 2547 subscriptis,
2228 2509 2278 2539 sub
2297 2507 2400 2539 eadem

1368 2550 1463 2629 thaetsss
1494 2560 1543 2589 per
1566 2549 1645 2581 idern
1671 2558 1782 2588 tempus
1805 2548 1959 2587 duraturae,
1991 2548 2101 2579 mutatis
2126 2546 2294 2586 mutandis,
2321 2546 2402 2581 vide-

1330 2670 1385 2697 Pro
1394 2666 1567 2740 bTheoZtldo,
1585 2669 1702 2696 Domino
1720 2665 1752 2695 de
1769 2667 1842 2704 Rupe
1861 2667 1951 2703 Forti,
1970 2666 2096 2700 Barone,
2114 2672 2171 2691 cum
2186 2665 2286 2692 Decem
2311 2663 2400 2702 Equi-

1369 2714 1392 2735 ti
1411 2716 1440 2735 us
1507 2716 1529 2736 c.

1332 2749 1385 2776 Pro
1408 2728 1531 2774 Bainuhio
1555 2743 1587 2773 de
1612 2745 1713 2780 Rugio,
1738 2745 1854 2772 Domino
1875 2740 1907 2771 de
1929 2741 1948 2761 ²¹*
1975 2738 2127 2777 Dervallo,
2148 2741 2272 2778 Barone,
2298 2736 2337 2774 ό·
2350 2746 2402 2777 pro
2419 2730 2548 2769 *v.8n·;

1367 2782 1551 2856 thamgde
1568 2780 1664 2812 Pulc-ro
1684 2783 1823 2820 Manerio,
1841 2778 1880 2816 &
1895 2790 1984 2810 eorum
2001 2778 2101 2817 altero,
2118 2788 2175 2808 cum
2194 2780 2293 2808 Decem
2313 2779 2402 2818 Equi-

1371 2826 1395 2851 ti
1413 2833 1443 2851 us
1517 2832 1537 2850 c.

1335 2863 1389 2891 Pro
1407 2844 1538 2899 Jolvanne
1555 2858 1587 2888 de
1605 2860 1792 2897 Dauaugonr,

1337 2899 1470 2938 Johanne
1488 2896 1650 2928 Machecoul
1656 2920 1666 2936 ‚

1337 2937 1466 2977 Galfrido
1484 2937 1516 2966 de
1542 2939 1672 2975 Dynam,

1335 2976 1477 3008 Gullielmo
1492 2978 1660 3012 Dauaugour

1336 3018 1430 3047 Eueno
1448 3012 1607 3051 charruell,

1335 3055 1468 3094 Johanne
1485 3055 1517 3083 de
1534 3055 1637 3088 Rugio,

1335 3094 1451 3123 Roberto
1473 3094 1505 3121 de
1523 3091 1622 3121 Sanclo
1640 3090 1741 3126 Petro,

1338 3130 1496 3163 Bertrando
1512 3130 1544 3159 de
1562 3127 1698 3167 Gloaquit',

1338 3169 1469 3210 Silvestre]
1488 3169 1520 3197 de
1539 3170 1642 3197 Rozaio
1653 3188 1663 3204 ,

1338 3209 1472 3248 Johanne
1490 3207 1522 3235 de
1541 3205 1622 3245 Just,

1337 3247 1450 3277 Olivero
1469 3246 1501 3274 de
1521 3243 1649 3280 Vaucler,

1339 3289 1382 3316 Et
1399 3283 1540 3322 Radulpho
1558 3282 1590 3311 de
1608 3277 1744 3311 Carraoul

1335 3328 1380 3355 Et
1396 3333 1483 3354 eorum
1501 3320 1634 3362 quolibet,
1653 3329 1710 3348 cum
1728 3300 1860 3356 ὡρίων
1876 3313 2044 3355 Equitibur,
2061 3311 2122 3350 &c.

1590 3458 1640 3491 De
1662 3457 1788 3501 Tieugis
1808 3456 1840 3486 in
1865 3454 2026 3485 Britannia
2047 3451 2141 3484 initis.

1334 3546 1416 3609 LE
1436 3545 1497 3576 Roi
1514 3555 1530 3576 a
1547 3551 1618 3575 touz
1635 3549 1693 3572 noz
1711 3539 1847 3578 Subgitz,
1868 3535 2026 3580 Ministres,
2044 3535 2078 3566 &
2096 3534 2203 3574 Foialx,
2221 3535 2254 3566 δε
2271 3534 2400 3573 especial-
2417 3537 2495 3570 Ann,
2509 3537 2550 3570 D⁴

1407 3593 1484 3616 ment
1502 3594 1538 3614 en
1552 3582 1578 3614 la
1602 3580 1709 3613 Duche
1730 3577 1768 3608 de
1790 3576 1953 3614 Bretaigne,
1976 3585 2007 3615 qt
2029 3573 2116 3606 cestes
2141 3574 2249 3605 Lettres
2270 3581 2400 3611 verrom,
2441 3586 2529 3617 1354,

1335 3626 1440 3657 3³1²]OE-
2417 3620 2470 3645 An.
2488 3617 2533 3644 28.

1372 3663 1469 3695 Savoir
1479 3670 1549 3692 vous
1564 3658 1655 3690 fesons
1668 3668 1733 3696 que,
1749 3667 1764 3687 a
1778 3656 1804 3687 la
1814 3651 1957 3691 Requeste
1972 3652 2005 3683 &
2020 3650 2149 3683 Instance
2161 3649 2199 3681 de
2213 3648 2299 3680 noble
2305 3649 2401 3680 Hom·
2419 3658 2448 3681 E.
2461 3664 2484 3691 3.
2547 3645 2551 3653 ¹

1333 3713 1399 3742 me,
1417 3700 1533 3731 Charles
1553 3699 1589 3729 de
1604 3697 1701 3736 Bloys,
1719 3694 1813 3725 nostre
1826 3692 1965 3730 prisoner,
1983 3701 2054 3721 nous
2066 3699 2154 3721 avons
2166 3689 2285 3718 ottroiez
2299 3689 2332 3719 &
2346 3690 2402 3726 pris
2418 3693 2463 3720 Fr,
2484 3691 2529 3720 28,

1333 3739 1476 3779 especiales
1488 3738 1606 3768 Trewes
1637 3736 1671 3766 &
1684 3732 1862 3765 Soeffrances
1875 3730 1911 3761 de
1928 3729 2041 3761 Guerre
2054 3751 2065 3766 ,
2081 3736 2158 3758 entre
2171 3735 2229 3756 noz
2243 3725 2345 3756 Gentz
2365 3727 2399 3758 &
2417 3735 2449 3758 Ε.
2461 3739 2530 3768 3.m.

1335 3778 1492 3811 Obeissntz
1505 3776 1589 3807 d'une
1608 3758 1718 3811 Partie,
1735 3773 1768 3803 &
1784 3772 1821 3802 les
1835 3769 1935 3800 Gentz.
1949 3769 1984 3800 &
1998 3765 2165 3797 Obeiffantz
2186 3764 2226 3795 du
2249 3764 2290 3795 dit
2307 3764 2399 3809 Char·
2418 3778 2446 3807 3.

1334 3820 1390 3857 les,
1407 3827 1435 3848 es
1450 3815 1555 3846 Parties
1569 3813 1605 3843 de
1618 3812 1782 3849 Bretaigne,
1800 3822 1815 3841 a
1827 3809 1908 3840 durer
1923 3816 2026 3844 tanque
2041 3804 2098 3848 ².1²
2111 3802 2193 3834 Feste
2206 3802 2242 3832 de
2262 3803 2287 3833 la
2313 3802 2401 3834 Nati.

1334 3858 1391 3888 vite
1404 3855 1482 3886 Seint
1492 3852 1586 3891 Johan
1601 3851 1626 3881 le
1643 3849 1794 3888 Baptistae,
1811 3846 1960 3886 proschein
1975 3855 1990 3874 a
2005 3852 2096 3880 venir,
2113 3851 2149 3872 en
2163 3840 2270 3871 mesme
2280 3841 2401 3873 lesfour-
2427 3858 2433 3864 -

1336 3906 1384 3926 me
1399 3895 1432 3925 ὃς
1451 3900 1581 3928 manere,
1598 3890 1631 3921 ὅ(
1647 3899 1695 3927 par
1710 3888 1814 3919 mesme
1828 3887 1866 3917 les
1880 3882 2063 3918 Conditions‚
2070 3890 2123 3917 que
2132 3878 2253 3911 Trewes
2268 3888 2320 3911 ont
2332 3879 2403 3911 estes

1336 3934 1419 3972 prises
1430 3933 1464 3964 ὃ(
1478 3929 1599 3961 acordez
1612 3938 1640 3958 es
1655 3927 1725 3958 dites
1739 3926 1843 3957 Parties
1859 3923 1961 3954 devant
1975 3929 2021 3951 ces
2034 3919 2140 3949 heures.
2264 3957 2268 3963 Ι

1374 3972 1411 4002 Et
1426 3968 1538 4005 volons,
1556 3977 1604 4005 par
1616 3965 1734 4004 especial
1773 3965 1806 3995 ὃς
1817 3963 1955 3994 ottroions
1967 3967 2032 3996 que,
2049 3957 2177 4001 durantes
2190 3956 2228 3987 les
2241 3956 2311 3987 dites
2324 3957 2401 3988 Tre-

1335 4020 1393 4041 wes
1404 4019 1443 4039 ou
1459 4005 1638 4038 Soeffrances
1652 4004 1726 4035 nulle
1742 3987 1834 4039 ville,
1852 4011 1890 4030 ou
1905 3995 2017 4029 Chastel
2031 3994 2121 4033 puiffe
2134 3994 2205 4025 estre
2219 3995 2349 4033 emblez,
2362 4004 2399 4024 ne

1335 4050 1390 4088 pris
1405 4047 1488 4079 d'une
1503 4044 1569 4078 Part
1583 4053 1623 4075 ou
1637 4043 1762 4080 d’autre,
1781 4049 1818 4072 ne
1831 4037 1914 4070 novel
1929 4036 2149 4068 Ranceoument
2164 4033 2231 4073 fait3
2247 4033 2297 4072 &‚
2311 4033 2333 4065 fi
2349 4030 2400 4102 ιῑιίιὲ
