2561 4251
14 1125 84 1157 Ann.
101 1122 142 1153 D.

19 1207 61 1231 du.
80 1211 121 1236 15.

19 1246 40 1269 3.
61 1251 85 1267 2.

19 1284 141 1312 “ranch.

18 1324 38 1346 Q.
50 1328 73 1344 2.
81 1326 116 1343 m.

18 1378 37 1413 ι’
51 1394 114 1421 vii.

12 1441 74 1469 *7¹¹⁸

700 179 812 218 ET
896 177 1164 217 ACTA

27 267 86 298 irin.
96 262 136 294 D.
197 264 261 296 Ubi
280 263 487 295 Ambassatores
508 263 541 294 ὃς
562 261 758 294 Commissarii
777 263 901 302 ejusdem
923 261 1078 293 Adversarii
1099 262 1210 301 nostri,

33 312 115 344 1392.
159 303 203 333 die
222 304 311 333 Lunae
325 326 334 340 ,
359 303 491 339 proxiirio
512 302 577 340 post
599 301 714 332 Festum
735 302 831 332 Sanffl
849 301 985 338 Johannis
1004 310 1068 330 ante
1091 300 1208 330 Portam

26 347 65 372 ur.-
81 351 105 370 2.
161 342 309 377 Latinam,
325 341 460 377 proximo
482 341 607 371 futurum
624 364 633 377 ,
651 349 702 378 pro
723 340 941 370 Reformatione
959 348 1209 376 quorumcumque

160 380 419 416 Attempratorum,
437 389 536 410 contra
556 379 701 417 praesentes
719 378 860 417 Treugas,
878 378 945 407 hinc
967 376 1032 406 inde
1051 376 1210 415 fatstorum,

160 418 315 449 convenire
328 415 446 454 possint,

198 455 242 486 Ac
265 455 349 484 etiam
371 455 405 484 ad
424 453 635 485 certificandum
657 455 725 491 parti
739 454 810 484 dieti
826 452 981 483 Adversarii
995 451 1084 482 nostri
1095 452 1130 483 de
1143 452 1211 483 Nu-

162 503 244 524 mero
259 494 291 523 &
307 493 385 523 Statu
402 493 630 523 Ambaffatorum
643 493 676 523 &
689 491 958 522 Commissariorum
965 489 1127 521 nostrorum
1137 515 1145 528 ,
1154 494 1213 530 qui,

161 531 300 570 praedic‘to
314 531 359 561 die
376 531 483 568 Lunae,
501 531 535 560 ad
549 531 659 560 dietum
674 530 789 567 locum,
809 532 881 559 inter
895 538 943 559 eos
956 528 994 558 fic
1016 527 1212 569 limitandum,

160 569 308 608 praesentes
322 579 402 600 erunt
415 579 448 599 ex
462 568 542 600 causa
554 569 706 606 supradieta
715 591 724 605 ,

199 607 286 638 Prout
300 609 328 637 in
345 608 462 646 quadam
478 606 642 643 Indentura,
660 607 724 636 inde
738 607 810 637 inter
822 615 873 636 vos
890 606 922 636 ὃς
938 604 1153 636 Commiffirios
1171 605 1213 636 di-

162 646 202 676 (ΕΗ
223 645 379 676 Adversarii
400 645 502 682 nostri,
521 643 595 681 apud
620 644 770 681 Kellowe,
789 646 817 674 in
838 644 923 674 Festo
939 644 1034 674 Saneti
1048 643 1214 682 Michaelis,

163 685 266 715 ultimo
282 685 440 721 praeterito,
459 682 606 720 confecia,
625 683 730 721 plenius
743 685 844 721 poterit
856 692 1002 720 apparere:

201 722 238 753 Et
252 722 318 753 ideo
335 722 416 752 vobis
431 720 600 751 Mandamus
616 721 695 759 quod
712 722 785 751 circa
800 720 945 751 Praemiffii
957 720 1101 758 diligenter
1124 722 1214 752 inten-

162 761 245 798 datis,
263 761 296 791 &
310 770 342 790 ea
351 760 456 789 faciatis
470 760 502 790 ὅ(
514 760 690 797 exequamini
703 760 732 788 in
747 759 838 789 forma
853 758 997 797 praediCta.

201 799 234 828 In
246 799 339 836 cujus,
357 799 416 828 &c.

199 836 289 868 Teste
302 835 386 875 Rege
397 835 470 875 apud
486 835 757 875 Wstmonaflerium,
776 835 912 867 vicesimo
927 835 1003 866 sexto
1017 834 1064 865 die
1082 835 1213 873 januarii.

885 913 937 940 Per
953 910 1103 941 Concilium.

238 1042 288 1073 De
304 1043 416 1073 Locum
430 1049 541 1072 tenente
551 1066 560 1081 ,
586 1041 618 1071 in
633 1037 772 1085 partibus
788 1037 929 1071 Picardiae
941 1064 951 1080 ,
976 1035 1136 1080 constituto.

166 1124 284 1180 REX
301 1124 433 1154 univerfis
447 1125 479 1155 &
494 1124 605 1161 singulis
617 1123 857 1162 Archiepiscopis‚
876 1124 936 1154 &c.
954 1123 1084 1153 Salutem.

262 1163 362 1193 Sciatis
378 1163 458 1200 quod
473 1162 555 1200 Nos,

200 1198 249 1231 De
270 1201 428 1239 Fidelitate,
446 1200 603 1239 Industria,
622 1201 655 1231 ὃς
678 1199 925 1230 Circumseetione
937 1223 946 1238 ,
965 1198 1095 1229 carissimi
1117 1200 1215 1231 Avun-

161 1239 216 1307 fcigli
232 1239 335 1278 nostri,
353 1238 494 1278 Johannis
509 1242 592 1269 Ducis
602 1242 767 1278 Aquitaniae
782 1237 820 1273 ὠ·
837 1238 1006 1277 Lancastriae
1021 1238 1127 1275 plenius
1141 1249 1214 1269 con-

201 1287 276 1308 entes

199 1316 218 1336 *ἴ
237 1302 447 1347 Co'nstituimus
461 1316 549 1355 ipsum
565 1316 662 1346 locum
676 1315 805 1345 nostrum
821 1323 964 1345 tenentem
974 1338 983 1352 ,
1001 1314 1029 1344 in
1042 1316 1215 1345 omnibus&

162 1355 272 1393 singulis
286 1356 373 1393 locis,
391 1357 419 1384 in
437 1357 556 1393 partibus
571 1353 724 1391 Picardiae,
744 1355 772 1383 in
790 1354 894 1394 Regno
909 1353 1008 1383 nostro
1022 1352 1044 1382 F
1047 1355 1161 1391 ranciae,

200 1393 308 1424 Dantes
323 1395 348 1423 ei
362 1394 489 1431 plenam,
508 1394 627 1424 Tenore
642 1392 840 1430 praesentium,
859 1390 1031 1422 potestatem
1048 1392 1081 1421 ad
1097 1392 1217 1428 supervi-

164 1432 289 1462 dendum
305 1431 422 1469 Castra,
439 1432 596 1469 Fortalitia,
616 1430 718 1467 Villas,
739 1431 771 1461 δι’
787 1431 837 1460 alia
851 1430 914 1460 loca
930 1429 1023 1460 nostra
1045 1431 1072 1458 in
1094 1430 1215 1466 partibus

162 1471 196 1501 &
211 1471 278 1500 locis
295 1471 450 1508 prsedietis,
467 1477 500 1500 ac
517 1469 693 1499 Munitiones
707 1468 875 1498 eorumdem
910 1469 968 1498 tam
983 1468 1019 1496 de
1031 1467 1217 1504 Hominibus,

163 1509 249 1546 quam
262 1508 298 1538 de
314 1509 467 1538 Armaturis
483 1510 516 1539 ὃς
532 1507 725 1544 Υἰᾶαεὶίὒυς,
745 1507 779 1537 &
794 1506 849 1535 aliis
864 1492 1050 1543 Necessariis,
1070 1507 1097 1535 in
1114 1505 1215 1535 eisdem

162 1548 198 1577 &
232 1547 338 1576 uolibet
354 1546 522 1576 eorumdem
535 1546 733 1582 existentibus,
750 1546 783 1575 ὃς
799 1543 832 1573 ad
851 1543 1053 1574 Ordinandum
1074 1554 1127 1582 pro
1146 1544 1215 1575 salva

162 1584 212 1615 Cu
238 1585 303 1615 odia
316 1585 349 1615 δε
364 1584 540 1615 Defeniione
554 1583 721 1614 eorumdem
730 1605 739 1620 ,

202 1623 240 1654 Et
260 1623 294 1653 ad
314 1623 426 1659 plenam
443 1622 583 1660 Justitiam
605 1621 741 1651 omnibus
757 1622 790 1652 &
806 1620 930 1659 singtilis,
948 1621 976 1650 in
993 1621 1127 1651 omnibus
1139 1620 1217 1651 Cau-

163 1662 215 1700 sis,
233 1661 292 1692 tarn
307 1660 462 1698 Civilibus,
483 1660 568 1698 quam
587 1658 804 1697 Criminalibus,
823 1669 856 1689 ac
869 1660 965 1689 omnia
979 1659 1028 1688 alia
1042 1661 1074 1691 &
1095 1659 1217 1697 singula,

162 1710 230 1770 {iauae
244 1699 314 1768 {los
324 1698 477 1730 faceremus
492 1699 511 1729 si
526 1698 671 1737 praesentes
686 1696 805 1728 essemus
816 1697 923 1728 ibidem
933 1721 942 1736 ,
961 1696 1096 1727 Nomine
1117 1697 1216 1728 nostro

192 1748 254 1770 cren
278 1747 341 1768 um:

201 1777 240 1808 Et
255 1777 320 1807 ideo
336 1777 434 1814 vobis,
451 1778 485 1808 &
500 1775 614 1806 cuilibet
627 1773 772 1813 vestrum,
792 1773 980 1813 Mandatnus,
997 1773 1112 1804 firmiter
1125 1775 1216 1813 injun-

167 1825 280 1854 gentes,
299 1815 376 1852 quod
389 1816 480 1846 eidem
493 1814 589 1851 Duci,
607 1822 739 1851 tanquam
753 1813 850 1843 locum
865 1812 993 1843 nostrum
1007 1815 1114 1843 tenenti
1130 1814 1159 1842 in
1173 1813 1218 1843 lo-

167 1856 208 1884 cis
222 1855 255 1886 ὅ(
269 1854 393 1892 partibus
405 1854 561 1891 praediCtis,
579 1854 608 1882 in
617 1850 764 1881 Praemiffis
779 1852 912 1881 omnibus
927 1853 960 1882 ὃς
974 1851 1103 1889 singulis,
1122 1851 1219 1882 Inten-

166 1893 263 1923 dentes
275 1892 345 1929 sitis,
364 1891 591 1931 RespondenteS,
609 1889 812 1928 Consulentes,
831 1890 864 1920 &
885 1889 1071 1928 Auxiliantes,
1090 1891 1219 1927 quotiens

166 1931 202 1961 &
225 1930 407 1997 proutstidetn
426 1931 495 1962 Dux
513 1930 609 1967 vobis,
627 1930 660 1960 ὅ(
685 1929 799 1960 cuilibet
818 1927 962 1967 vestrim,
980 1929 1049 1959 scire
1070 1928 1166 1960 fecerit
1186 1937 1221 1959 ex

190 1978 247 1999 arte
263 1978 301 1998 no
329 1979 366 1998 ia.

168 1979 189 2007 p
207 2006 240 2036 In
254 2007 347 2044 cujus,
366 2007 426 2037 δῖε.
443 2005 574 2045 quamdiu
588 2006 670 2036 nobis
683 2005 815 2044 placuerit
827 2005 974 2038 duraturas.

169 2084 190 2115 b
206 2045 273 2089 Dat.
296 2047 326 2076 in
347 2044 452 2076 Palatio
472 2045 571 2076 nostro
593 2044 774 2084 Wstmonast.
793 2046 929 2077 vicelimo
950 2046 1074 2077 secundo
1100 2046 1147 2076 die
1168 2045 1221 2076 Fe-

192 2093 279 2115 ruarii.

31 1172 114 1204 1392.

644 2125 698 2152 Per
711 2121 792 2162 ipfitm
805 2126 901 2161 Regem
914 2121 952 2158 ὠ
968 2123 1118 2153 Concilium⁴

290 2252 439 2295 Scriptum
450 2277 459 2293 ‚
487 2249 522 2281 de
537 2247 632 2282 Obitu
652 2252 797 2295 Principis
812 2249 920 2283 Williae
935 2246 1115 2282 celebrando.

24 2331 100 2364 Ann.
116 2331 158 2362 D.
236 2333 463 2366 Xcellentissimo
483 2333 617 2363 Domino
636 2332 734 2363 nostro
758 2332 891 2364 Domino
906 2335 1036 2373 Ricardo,
1055 2334 1113 2364 Dei
1126 2336 1229 2373 gratia,

54 2380 137 2411 1392.
254 2377 319 2410 Regi
334 2373 444 2409 Angliae
460 2371 498 2406 ὠ»
510 2375 650 2410 Franciae,
668 2371 751 2402 vestri
763 2372 921 2402 Sei-vientes
935 2373 968 2402 ὃς
984 2372 1118 2403 Oratores
1133 2375 1228 2404 humi-

27 2414 78 2438 An.
99 2420 107 2436 i
114 2419 141 2445 5.
179 2412 263 2451 limi,
287 2411 399 2441 Thomas
421 2413 502 2440 Prior
524 2409 562 2444 ό
585 2414 738 2440 Conventus
755 2409 876 2450 Ecclefiae
896 2410 994 2449 Christi·
1013 2412 1229 2450 Cantuarienfis,

27 2453 56 2477 R·
76 2458 102 2475 2·
179 2460 248 2480 curn
269 2449 452 2488 Subjefflone
472 2447 658 2487 omnimoda,
676 2449 811 2487 quicquid
833 2450 986 2486 poterimus
1001 2450 1180 2480 Reverentiae
1196 2451 1228 2481 ὅ(

26 2486 160 2521 daus-¹5·
180 2488 320 2519 Honoris.

28 2529 57 2553 R·
78 2534 104 2552 2-
124 2534 160 2552 m·
220 2527 329 2557 Placuit
343 2526 557 2563 Omnipotentis
579 2525 638 2555 Dei
664 2523 884 2564 Misericordiae,
902 2527 1092 2565 temporibus,
1110 2526 1232 2557 Serenis-

27 2572 54 2599 9·
73 2563 98 2591 d·
181 2566 242 2597 fimi
264 2565 411 2601 Domini,
430 2564 552 2594 Domini
570 2564 710 2593 Edwardi
732 2566 861 2602 Principis
881 2564 991 2594 Walliae
1006 2588 1016 2603 ,
1035 2564 1122 2595 Patris
1144 2565 1232 2595 vestri

179 2606 240 2643 (qui
258 2605 287 2633 in
310 2603 433 2633 Ecclesia
452 2601 558 2633 Christi
580 2601 782 2632 Cantuariensis
799 2602 961 2633 honorifice
980 2603 1119 2640 sepelitur)
1134 2614 1167 2634 ac
1182 2614 1231 2641 per

179 2642 378 2680 magnitudinis
398 2640 499 2670 vestrae
517 2640 718 2670 Excellentiam
741 2640 970 2671 Cantuariensem
989 2641 1144 2672 Ecclesiam
1161 2642 1231 2672 exal-

178 2683 245 2717 tari,
262 2691 313 2720 pro
327 2690 387 2718 quo
403 2681 436 2710 δε
450 2690 520 2717 nos,
536 2679 606 2709 sicut
621 2687 764 2716 tenemur,
786 2680 821 2709 ita
834 2678 1018 2710 defit-ieramus
1034 2682 1179 2716 paratiores
1188 2682 1229 2710 in-

177 2721 293 2756 veniri,
311 2719 453 2748 uberiores
473 2717 591 2755 proinde
611 2717 666 2746 Dei
686 2717 848 2747 Gratiarum
868 2717 1004 2748 Adriones
1025 2719 1147 2756 referre,
1164 2718 1229 2748 licet

178 2767 272 2788 autem
282 2780 292 2795 ,
306 2757 383 2793 juxra
398 2757 496 2786 merita
512 2754 688 2786 Celsittidinis
702 2754 815 2792 vestrae,
834 2764 919 2793 prout
932 2758 1078 2795 cupimus,
1096 2767 1155 2786 nori
1165 2766 1229 2794 pos-

179 2797 273 2827 sumus
297 2793 477 2832 respondere,
497 2793 525 2823 id
544 2803 640 2824 tamen
660 2793 827 2832 modicum,
845 2794 922 2832 quod
945 2795 1066 2825 valemus
1072 2818 1082 2833 ,
1101 2795 1229 2833 prosequi

180 2834 356 2865 decrevimus
368 2834 398 2862 in
413 2832 547 2869 praesenti.

217 2873 306 2908 Sane,
324 2871 360 2901 de
378 2871 529 2901 communi
549 2870 692 2900 voluntate
711 2871 744 2901 &
765 2870 869 2900 assensu
891 2870 1033 2902 Omnium
1048 2871 1230 2909 nostrorum,

180 2910 382 2947 concedimus,
402 2919 453 2946 pro
476 2908 573 2939 Nobis
593 2910 626 2939 ὃς
646 2908 859 2939 Successoribus
879 2909 995 2947 nostris,
1015 2909 1094 2946 quod
1110 2910 1230 2948 Singulis

182 2950 271 2981 Annis
284 2948 506 2986 imperpetuum,
524 2948 552 2976 iri
566 2946 623 2977 Die
637 2946 744 2977 Obitus
758 2947 988 2978 Excellentiffimi
1002 2947 1140 2986 Domini,
1164 2948 1231 2978 Do-

182 2989 252 3018 mini
266 2986 399 3017 Edwardi
410 2985 548 3022 Principis
560 2985 672 3015 Wailiae
685 2985 770 3015 Patris
785 2985 868 3017 vestri
888 2987 978 3024 (cujus
999 2987 1113 3016 Animae
1135 2988 1230 3025 propi-

181 3027 266 3057 tietur
283 3025 371 3061 Deus)
387 3024 568 3054 celebrabitur
586 3023 639 3053 Pr.
652 3034 692 3054 ac
703 3033 721 3054 E
733 3033 792 3062 Bo,
812 3024 863 3054 D1
874 3034 947 3055 κισ,
958 3034 995 3062 E,
1015 3034 1032 3054 E
1044 3034 1066 3053 Τ
1086 3024 1165 3056 Mis
1176 3035 1187 3055 s
1198 3035 1229 3063 A,

179 3075 249 3095 cum
263 3064 354 3094 sonitu
368 3063 593 3101 Campanarum,
613 3063 646 3091 ita
657 3062 836 3099 solempniter
851 3063 919 3093 sicut
932 3064 967 3093 ab
987 3064 1103 3101 antiquo
1123 3064 1151 3093 in
1172 3063 1230 3094 Ec-

181 3103 262 3133 clesia
274 3101 381 3132 Christi
396 3101 598 3131 Cantuariensis
612 3101 723 3131 solitum
738 3101 779 3130 est
792 3102 942 3139 celebrari,

221 3140 312 3207 Qod
327 3150 379 3176 pro
393 3141 474 3170 vobis
490 3141 574 3170 etiam
587 3139 730 3176 (Domine
744 3139 932 3177 Serenissime)
949 3150 982 3170 ac
1006 3141 1090 3170 etiarn
1114 3150 1166 3178 pro
1180 3150 1229 3171 ve-

181 3178 234 3209 stra
280 3178 392 3207 onsorte
412 3177 541 3208 Domina
559 3181 649 3207 Anna
668 3180 770 3214 Regina
794 3177 925 3216 Anglt'ae,
944 3188 1011 3208 curn
1034 3178 1104 3208 Dies
1124 3178 1229 3208 Obitus

179 3216 264 3246 vestri
287 3216 368 3244 nobis
389 3215 557 3252 innotuerit,
575 3216 611 3244 ita
632 3215 811 3255 solempniter
830 3217 962 3247 faciemus
984 3217 1119 3247 celebrari
1141 3217 1230 3247 Annis

179 3254 321 3291 Singulis,
340 3254 475 3290 perpetuis
485 3253 662 3288 temporibus
675 3253 818 3284 duraturis

219 3292 252 3322 In
266 3293 342 3330 cujus
358 3290 461 3320 nostrae
469 3289 665 3319 Conceffionis
676 3292 709 3321 ὃς
721 3290 915 3322 Promiffionis
922 3293 1131 3323 Testimonium
1147 3301 1229 3330 atque

181 3331 301 3368 Fidem,
321 3329 366 3359 has
383 3328 489 3358 Literas
503 3327 607 3358 nostras
621 3328 747 3358 Parentes
764 3331 911 3359 communi
925 3331 1023 3366 Sigillo
1045 3331 1144 3360 nostro
1159 3332 1229 3361 feci-

181 3379 245 3399 mus
264 3368 455 3404 communiri,
474 3366 506 3395 &
521 3367 549 3395 in
576 3365 776 3396 Martirolooio
797 3367 896 3397 nostro
912 3369 1083 3405 transcriptas
1103 3371 1229 3399 annotari

181 3408 356 3475 culravirnus,
375 3413 404 3435 ut
418 3406 446 3435 in
463 3404 523 3435 Die
538 3403 645 3434 Obitus
660 3389 804 3443 cujui'iibet
817 3405 942 3437 vestrum
957 3404 1086 3437 rev'oluto
1100 3408 1129 3436 in
1142 3407 1230 3445 Capi-

181 3454 211 3476 tu
222 3455 241 3475 o
254 3451 415 3474 recitentur.

219 3521 294 3551 Data
309 3521 336 3549 in
352 3519 456 3549 Domo
472 3519 567 3550 nostra
582 3518 734 3557 Capitulari
748 3521 842 3558 primo
855 3518 898 3550 die
914 3518 1023 3550 Mensis
1038 3519 1150 3558 Martii,
1169 3520 1231 3550 An-

179 3570 219 3590 no
236 3559 358 3589 Domini
380 3557 551 3595 Millefimo,
569 3558 799 3597 Trecentefimo,
818 3558 1014 3597 Nonagesimo
1036 3558 1134 3588 Primo
1145 3582 1154 3596 ,
1168 3558 1230 3589 An-

182 3609 222 3628 no
236 3600 307 3628 vero
325 3596 421 3635 Regni
436 3595 520 3627 vestri
535 3595 646 3634 Angliae
662 3596 900 3636 Qintodecimo.

329 3745 377 3776 De
397 3739 508 3785 Offibns
525 3709 646 3774 Comi’tis
667 3740 857 3775 Pembrochiae
872 3741 1082 3775 deliberandis.

34 3827 112 3859 Ann.
125 3827 166 3858 D.

56 3876 140 3904 1392.

36 3908 88 3931 Aa.
102 3915 144 3941 15.

36 3946 64 3970 R·
85 3953 110 3972 2.

36 3980 100 4008 ibid.

36 4027 72 4046 m.
86 4028 116 4054 9.

188 3832 321 3890 REX,
338 3833 442 3863 dilesto
457 3832 506 3863 sibi
519 3834 548 3863 in
563 3832 698 3870 Christo,
714 3835 803 3863 Priori
818 3833 928 3864 Ordinis
949 3837 1079 3864 Fratrum
1094 3836 1231 3865 Praedica-

266 3878 352 3900 torum
370 3871 566 3910 Herefordiae,
584 3871 717 3902 Salutem.

198 3947 203 3953 ²
223 3909 369 3948 Qaliter,
408 3919 501 3947 ropter
521 3911 607 3949 magis
627 3910 773 3940 efficacem
794 3909 894 3940 Finem
913 3910 1080 3941 diversarum
1102 3910 1232 3942 Conten-

184 3955 297 3977 tionum
320 3947 353 3977 &
401 3949 637 3979 ontroversiarurn
654 3970 664 3985 ,
693 3949 764 3977 inter
784 3947 845 3977 Vos
865 3949 897 3978 &
920 3948 1093 3979 Gardianum
1116 3949 1231 3980 Ordinis

185 3984 311 4016 Fratrum
335 3984 486 4016 Minorum
511 3986 688 4023 Londoniae,
706 3995 758 4026 pro
782 3985 925 4023 Sepultura
946 3986 1083 4026 Corporis
1094 3987 1232 4025 Johannis

187 4024 219 4053 de
235 4021 397 4061 Hastynges,
413 4033 500 4061 nuper
513 4025 638 4056 Comitis
654 4025 854 4054 Pembrochiae
873 4024 1017 4063 defuneti,
1035 4023 1231 4064 sedandarum,

186 4060 378 4130 adgjokfflffff
385 4060 526 4130 ,Piiqalliter
539 4063 714 4096 decrevimus
729 4062 808 4102 quod
822 4061 936 4101 Corpus
949 4063 1116 4102 praedietum
1135 4064 1169 4096 ad
1189 4064 1233 4097 di·

1247 177 1726 218 PUBLICA.
2250 191 2298 235 73

1249 263 1325 293 &am
1339 262 1470 306 Domum
1486 263 1612 306 Fratrum
1630 263 1779 294 Minorum
1794 272 1933 303 perpetuae
1947 264 2101 303 Sepulturae
2116 265 2298 305 deliberetur,
2316 264 2389 295 Ann.
2400 261 2441 295 D.

1248 312 1299 331 vos
1314 311 1372 330 non
1388 301 1528 331 credimus
1542 311 1677 340 ignorare.
2336 311 2418 343 1392.

1287 338 1376 368 Vobis
1392 339 1472 376 igitur
1486 341 1512 368 in
1528 339 1594 370 Fide
1610 341 1642 370 &
1657 340 1818 378 Ligeantia,
1836 341 1936 378 quibus
1951 342 2031 371 nobis
2044 343 2175 372 tenemini
2185 342 2297 381 ,Injun—
2312 345 2362 369 Ric.
2383 352 2408 369 2·

1248 378 1340 416 gimus
1354 376 1385 406 &
1407 377 1424 395 ²*
1447 376 1616 408 Mandamus
1630 380 1708 415 qubd
1724 379 1758 408 ab
1772 379 1903 408 omnibus
1914 379 2072 416 hujusmodi
2091 380 2297 411 Contentioni-
2315 382 2329 395 '⁵
2350 381 2415 407 vil.

1251 418 1301 445 bus
1316 415 1349 444 &
1364 414 1586 457 Controveriiis,
1605 426 1637 445 ex
1652 418 1703 446 hac
1719 417 1795 446 causa
1808 418 1889 446 motis
1911 419 1943 447 δε
1966 418 2118 455 inchoatis,
2136 420 2171 449 de
2192 429 2297 450 caetero
2316 426 2379 452 7¹²-

1251 453 1360 494 penitus
1376 452 1550 491 delistentes,
1571 454 1640 483 Otia
1653 454 1791 491 Corporis
1805 455 1910 492 praefati
1925 464 2012 491 nuper
2025 455 2147 486 Comitis
2166 459 2255 495 (quod
2266 459 2295 487 in

1251 490 1375 522 Ecclelia
1390 489 1508 521 Domus
1522 490 1618 521 vestrae
1633 493 1775 528 praedistae
1789 493 1878 523 adhuc
1892 493 2037 530 requiescit
2057 493 2228 530 Humatum)
2251 505 2297 526 ex-

1251 538 1292 559 tra
1315 529 1434 558 Terram
1456 527 1569 566 effodi,
1583 531 1632 566 &,
1651 530 1789 560 carissimo
1812 531 2029 567 Consanguineo
2049 532 2147 562 nostro
2163 557 2171 571 ,
2190 534 2297 564 ’R'Jomae

1254 570 1349 596 Comiti
1372 566 1531 604 Mai-effcallo
1551 566 1588 600 ό*
1611 568 1835 606 Notynghamiae,
1853 570 1897 598 vel
1919 570 1976 606 ejus
1997 571 2026 599 in
2040 569 2091 599 hac
2106 581 2181 608 parte
2197 572 2298 611 Depu-

1254 615 1326 642 tato,
1346 606 1395 643 qui
1409 606 1490 634 vobis
1505 613 1538 634 ex
1553 605 1605 634 hac
1619 606 1696 635 causa
1707 607 1817 644 veniet,
1835 608 1943 636 liberari
1962 608 2068 637 faciatis
2088 610 2188 647 absque
2207 612 2297 649 impe-

1253 644 1381 673 dimento
1401 642 1527 685 aliquali,
1545 642 1579 672 ad
1598 642 1684 672 finem
1704 645 1782 681 quod
1804 645 1962 682 hujusmodi
1979 646 2063 683 Offa,
2081 656 2129 685 per
2150 649 2297 685 praefatum

1254 681 1403 712 Comitem
1423 681 1634 718 Marescallum,
1652 681 1696 711 seu
1718 682 1893 719 Deputatum
1914 684 1992 713 suum
2012 685 2194 724 praedistum,
2214 688 2297 725 usque

1254 720 1360 749 dictam
1374 719 1508 749 Domum
1523 719 1650 749 Fratrum
1664 719 1815 750 Minorum
1834 721 1935 750 deferri
1956 723 1989 752 ὃς
2010 725 2119 762 cariari,
2137 725 2171 755 &
2191 726 2297 755 ibidem

1254 757 1360 794 sepeliri
1376 758 1482 787 valeant
1494 758 1570 794 juxta
1584 758 1728 787 decretum
1743 759 1870 788 nostrum
1884 759 2083 796 supradictum:

1292 795 1461 836 Maiidamus
1475 796 1550 824 enim
1567 795 1682 831 praefato
1697 796 1841 826 Gardiano
1858 797 1936 834 quiid
1950 797 1986 827 de
2006 797 2244 831 Contentionibus
2265 802 2299 832 &

1255 833 1462 863 Controverliis
1475 833 1700 876 praedicftisupro
1717 843 1792 871 parte
1813 836 1872 873 sua,
1890 835 2013 865 similiter
2034 836 2157 876 delistat,
2175 841 2207 870 &
2230 839 2300 870 Otia

1255 871 1389 909 praedieta
1402 872 1437 900 ab
1450 881 1502 908 eo,
1521 872 1569 908 qui
1583 881 1614 900 ea
1628 873 1678 900 {ibi
1693 881 1725 900 ex
1740 882 1816 911 parte
1828 874 1934 910 praefati
1956 872 2078 904 Comitis
2100 877 2240 916 liberabit,
2259 888 2302 908 re-r

1256 911 1341 948 cipiat
1356 910 1386 939 in
1400 910 1491 939 forma
1506 908 1641 947 praedieta
1653 909 1813 946 sepelienda.

1294 985 1384 1016 Teste
1395 985 1476 1024 Rege
1489 985 1561 1023 apud
1575 985 1697 1025 Castrum
1712 986 1743 1016 de
1758 987 1858 1025 Ledes,
1876 987 1989 1018 decimo
2002 988 2046 1019 die
2061 989 2166 1020 Martii.

1935 1066 1986 1093 Per
1999 1066 2080 1103 ipsum
2096 1068 2200 1103 Regem.

1598 1187 1656 1216 Pro
1679 1187 1790 1216 Comite
1808 1183 1972 1219 Orchadiae.

1259 1267 1389 1323 REX,
1408 1278 1457 1311 per
1479 1268 1584 1299 Literas
1605 1269 1662 1299 suas
1686 1268 1829 1307 Parentes,
1847 1270 1931 1308 usque
1953 1271 1988 1301 ad
2005 1271 2118 1303 Festum
2134 1273 2229 1305 Sandii
2245 1273 2306 1304 Mi·
2327 1263 2402 1294 Ann-
2417 1262 2455 1295 D*

1333 1307 1449 1344 chaelis,
1466 1309 1599 1343 proximo
1615 1307 1741 1338 futurum
1757 1310 1912 1346 duraturas,
1928 1310 2041 1347 suscepit
2057 1313 2085 1340 in
2102 1312 2206 1342 salvum
2222 1314 2254 1343 &
2268 1314 2308 1343 se·
2346 1312 2430 1341 ¹392·

1260 1344 1580 1387 curuanondti-Clum.
1595 1345 1690 1383 suum,
1707 1355 1739 1375 ac
1763 1347 1790 1375 in
1813 1346 2026 1378 Protetftionem
2041 1371 2050 1385 ‚
2068 1349 2254 1389 Tuitionem,
2273 1352 2307 1382 &
2326 1345 2378 1368 An·
2396 1351 2437 1377 ¹5·

1262 1381 1466 1413 Dereniionem
1486 1385 1542 1413 iuas
1563 1385 1705 1421 speciales,
1723 1385 1872 1414 Henricum
1891 1386 2018 1416 Seintcler
2030 1387 2179 1418 Comitem
2194 1389 2307 1420 Orcha-
2328 1385 2356 1407 R.
2378 1389 2403 1407 ²·

1260 1420 1315 1450 diae
1331 1423 1363 1451 &
1378 1421 1541 1451 Dominum
1555 1421 1590 1451 de
1606 1422 1751 1460 Rossyne,
1768 1424 1837 1453 infra
1853 1423 1987 1454 Reonum
2004 1424 2091 1464 Regis
2113 1426 2241 1466 Angliae,
2260 1438 2308 1465 per
2325 1423 2391 1445 ⁶7⁰*
2414 1426 2455 1451 ¹5¹

1260 1457 1435 1501 Dominium
1450 1460 1483 1490 &
1498 1459 1672 1490 Potestatem
1686 1461 1745 1498 sua,
1767 1469 1823 1491 tam
1840 1472 1888 1498 pei·
1934 1473 2021 1492 eriam
2032 1487 2040 1501 ,
2056 1464 2141 1501 quam
2155 1476 2203 1502 per
2216 1466 2308 1505 Mare,
2326 1460 2456 1488 R·²··⁷⁷³·4*

1259 1505 1327 1540 cum
1349 1496 1456 1535 Viginti
1476 1498 1508 1527 ὃς
1531 1499 1663 1536 Qatuor
1685 1497 1829 1537 Personis,
1848 1501 1875 1529 in
1896 1500 2041 1531 Coinitiva
2062 1503 2106 1532 sua
2120 1526 2130 1541 ,
2148 1505 2290 1535 veniendo

1259 1535 1366 1564 ibidem
1379 1536 1537 1573 morando,
1556 1538 1673 1579 peregre
1687 1536 1906 1575 proficiscendo,
1924 1540 1956 1570 ὃ(
1972 1539 2072 1570 exinde
2087 1540 2121 1570 ad
2137 1545 2247 1579 propria
2267 1528 2310 1573 re3

1259 1573 1392 1611 deundo,
1409 1582 1524 1617 necnon
1543 1573 1657 1612 equos,
1676 1574 1770 1612 Bona,
1787 1575 1846 1606 Res
1862 1600 1872 1614 ,
1891 1579 1924 1607 δε
1943 1577 2078 1608 Herneiia
2098 1579 2142 1609 sui
2163 1590 2310 1618 quaecum-

1260 1621 1334 1649 que,
1353 1611 1466 1649 proviso
1489 1611 1568 1649 quod
1587 1612 1660 1642 nulla
1680 1611 1862 1644 Personarum
1884 1615 2079 1651 praedietarum
2103 1626 2176 1647 exrra
2197 1618 2307 1650 dietum

1261 1649 1405 1693 Regnum,
1416 1649 1548 1694 Angliae,
1564 1650 1640 1688 juxta
1654 1649 1746 1688 Leges
1762 1651 1794 1681 &
1804 1650 2026 1685 Consuetudines
2041 1655 2180 1694 ejusdem,
2198 1657 2310 1690 Bannita

1263 1690 1295 1718 iit
1306 1688 1352 1719 vel
1364 1687 1521 1726 adjudicata.
1750 1696 1751 1700 ¹

1298 1763 1387 1795 Teste
1399 1764 1483 1803 Rege
1497 1764 1569 1802 apud
1581 1764 1705 1805 Castrum
1719 1766 1751 1796 de
1764 1767 1867 1806 Ledes,
1885 1767 2000 1801 decimo
2015 1769 2060 1801 die
2073 1770 2183 1803 Martii.

1944 1849 1996 1876 Per
2008 1846 2090 1886 ipsiem
2105 1850 2210 1886 Regem.

1328 1984 1378 2017 De
1391 1982 1560 2016 vastando
1579 1995 1647 2016 cum
1665 1983 1826 2017 Comitibus
1845 1983 2087 2034 d'Armynak&
2105 1987 2141 2020 de
2155 1988 2242 2021 Foix.

1266 2067 1402 2126 REX,
1422 2067 1543 2098 Diiet‘tis
1563 2069 1596 2099 &
1618 2068 1758 2100 Fidelibus
1778 2070 1847 2108 suis,
1867 2069 2013 2099 lVillielmo
2023 2070 2047 2099 le
2063 2075 2138 2109 Scrop
2152 2072 2310 2104 Senescallo
2333 2067 2407 2098 Ann.
2424 2066 2463 2097 D.

1343 2108 1392 2137 suo
1405 2107 1578 2144 Aquitaniae,
1597 2111 1743 2145 capitaneo
1757 2108 1788 2137 de
1804 2108 1881 2137 Buch
1898 2108 2069 2139 Vicecomiti
2082 2109 2174 2148 Dott,
2193 2112 2225 2141 ὃς
2249 2111 2314 2142 Ma·
2356 2116 2439 2145 1392.

1265 2145 1353 2185 gistro
1370 2147 1523 2185 Raymundo
1538 2145 1682 2175 Guillielmi
1695 2147 1726 2175 de
1742 2148 1822 2176 Pedio
1836 2147 1968 2178 Salutem.
2335 2149 2386 2173 An·
2399 2155 2439 2181 ¹5-

1304 2184 1402 2214 Sciatis
1417 2184 1495 2222 quod
1510 2183 1596 2222 Nos,
2335 2189 2364 2212 R.
2387 2195 2414 2211 2.

1307 2222 1357 2253 De
1378 2222 1522 2253 Fidelitate
1534 2245 1544 2260 ,
1564 2223 1817 2260 circumspetstione
1833 2246 1843 2261 ,
1861 2225 1893 2254 ὃς
1918 2223 2051 2255 industria
2071 2224 2166 2256 vestris
2188 2226 2318 2259 Providis
2337 2223 2400 2258 Vasc.
2424 2229 2456 2255 ¹5
2460 2240 2468 2252 s

1269 2261 1381 2299 plenam
1399 2263 1431 2292 &
1444 2261 1560 2291 solidam
1575 2260 1706 2291 fiduciam
1720 2270 1904 2299 reportantes,
2334 2265 2363 2289 R.
2379 2271 2403 2288 2.
2413 2268 2449 2287 m.

1307 2299 1508 2329 Ordinavimus
1522 2324 1531 2337 ,
1549 2299 1755 2336 Deputavimus
1770 2324 1779 2338 ,
1797 2301 1830 2331 &
1853 2300 2058 2331 Constituimus
2077 2313 2129 2333 vos
2142 2327 2151 2341 ,
2170 2303 2243 2333 Tres
2258 2327 2267 2341 ,
2283 2304 2316 2334 &
2335 2309 2360 2327 2-

1274 2337 1358 2368 Duos
1379 2337 1506 2368 vestrum
1531 2338 1668 2375 (quorum
1689 2339 1806 2368 alterurn
1819 2338 1947 2369 vestrum
1964 2349 2031 2377 νος,
2051 2343 2155 2377 praefati
2173 2341 2320 2371 bVillielme

1273 2376 1305 2406 &
1320 2379 1486 2415 Reymunde,
1501 2386 1591 2405 unum
1605 2377 1662 2406 effe
1677 2377 1816 2413 volumus)
1834 2377 1943 2407 nostros
1957 2379 2216 2419 vei·os,legitimos,
2234 2383 2267 2412 ὃ(
2278 2382 2322 2410 in-

1271 2414 1411 2445 dubitatos
1426 2415 1642 2452 Procurator-es,
1662 2415 1860 2451 Negotiorum
1882 2414 2034 2454 Gestores,
2052 2418 2085 2447 ὅ(
2107 2418 2239 2448 Nuncios
2262 2419 2322 2457 spe·-

1273 2453 1371 2490 ciales,
1388 2453 1422 2483 ad
1437 2452 1585 2483 Comitem
1600 2453 1790 2491 d'Armyn-ak,
1810 2453 1932 2490 Ligerim
1948 2454 2091 2493 nostrum,
2110 2467 2162 2494 pro
2177 2457 2274 2487 Nobis
2288 2458 2322 2488 δε

1273 2500 1306 2521 ex
1322 2500 1397 2529 parte
1410 2491 1520 2528 nostra,
1539 2492 1674 2520 omnibus
1687 2493 1737 2521 viis
1753 2494 1786 2522 δε
1799 2493 1906 2529 modis,
1916 2494 2121 2524 rationabilibus
2136 2496 2168 2525 ὃς
2184 2495 2325 2533 honestis,

1275 2531 1376 2567 quibus
1389 2532 1463 2568 juxta
1474 2529 1547 2560 sanas
1559 2529 1734 2559 discretiones
1748 2530 1849 2560 vestras
1865 2530 1962 2560 melius
1976 2531 2105 2562 sciveritis
2118 2542 2163 2563 aut
2185 2536 2324 2571 poteritis,

1275 2568 1475 2605 Movendum,
1494 2567 1703 2605 Inducendum,
1723 2569 1755 2598 &
1771 2567 1985 2606 Requirendum
2001 2579 2030 2600 ut
2044 2570 2076 2599 ad
2085 2571 2184 2601 Fidem
2200 2571 2323 2603 &Obe-

1273 2607 1410 2637 dientiam
1423 2606 1543 2643 nostras,
1562 2614 1645 2644 prout
1658 2605 1771 2643 deJure
1784 2608 1816 2637 &
1831 2606 1957 2637 Ratione
1970 2616 2097 2646 tenetur,
2116 2611 2226 2648 veniat,
2240 2611 2273 2641 ὃ(
2295 2611 2325 2639 in

1273 2645 1374 2712 eisdpm
1395 2644 1512 2674 fideliter
1532 2645 1566 2674 &
1583 2646 1720 2682 perpetuo
1739 2645 1909 2683 perseveret,
1927 2655 1964 2676 eo
1985 2647 2064 2684 quod
2083 2646 2215 2678 Vaffallus
2229 2647 2325 2678 noster

1271 2685 1325 2713 exi(
1342 2685 1363 2713 it

1311 2722 1355 2752 Ac
1369 2707 1402 2752 ad
1418 2720 1608 2759 recipiendum
1624 2731 1640 2751 a
1662 2721 1779 2760 praefato
1800 2720 1935 2760 Comite,
1952 2731 2005 2762 pro
2025 2722 2123 2753 Nobis
2142 2724 2176 2755 &
2189 2723 2324 2755 Nomine

1272 2761 1387 2797 nostro,
1405 2761 1536 2797 Servitia,
1555 2759 1700 2798 Homagia
1714 2760 1816 2798 Ligea,
1835 2761 1868 2791 &
1887 2761 1937 2790 alia
1956 2761 2132 2792 Sacramenta
2155 2762 2320 2800 fidelitatis,

1272 2809 1337 2837 quae
1354 2799 1452 2829 Nobis
1466 2799 1589 2829 similiter
1603 2798 1732 2835 praestare
1746 2800 1779 2829 &
1795 2799 1886 2828 facere
1898 2798 1997 2836 debet,

1309 2837 1457 2874 Necnon,
1476 2837 1494 2866 si
1514 2844 1660 2874 oporteat,
1677 2836 1712 2866 ad
1731 2836 1926 2866 Traeiandum
1965 2837 2214 2876 conveniendum,
2233 2840 2321 2876 pacis*-

1272 2876 1411 2913 cendum,
1429 2877 1461 2906 &
1476 2874 1707 2905 concordandum
1721 2884 1788 2904 cum
1802 2874 1904 2904 eodem
1927 2859 2061 2913 Comite,
2079 2876 2124 2906 seu
2141 2878 2198 2913 ejus
2220 2879 2248 2906 in
2269 2878 2320 2907 hac

1273 2923 1350 2952 parte
1364 2913 1613 2949 Procuratoribus,
1634 2913 1775 2950 Nunciis,
1794 2912 1838 2942 seu
1854 2912 2014 2951 Deputatis,
2025 2914 2135 2950 plenam
2150 2914 2322 2945 Potestatem

1272 2954 1308 2982 ab
1325 2953 1383 2990 ipso
1397 2952 1513 2982 Comite
1525 2950 1707 2988 habentibus,
1724 2950 1760 2980 de
1774 2951 1807 2982 &
1822 2951 1901 2988 super
1922 2951 2146 2990 quibuscumque
2166 2953 2321 2991 Amicitiis,

1274 2991 1446 3028 Alligantiis,
1464 2988 1775 3027 Confoederationibus,
1793 2990 1826 3020 ὃς
1841 2991 1943 3019 mutuis
1958 2990 2089 3028 Auxiliis,
2109 2992 2180 3021 inter
2194 2991 2261 3021 Nos
2285 2992 2318 3022 δε

1274 3029 1410 3059 Haeredes
1427 3027 1552 3064 nostros,
1570 3036 1622 3066 pro
1644 3027 1759 3065 Nobis,
1780 3027 1901 3066 Regnis,
1919 3028 2031 3065 Terris,
2050 3028 2083 3058 &
2106 3028 2270 3068 Dominiis,
2287 3039 2320 3059 ac

1273 3067 1395 3098 Subditis
1409 3067 1442 3098 ὅτ
1457 3066 1577 3095 Vassallis
1596 3065 1696 3096 nostris
1717 3066 1958 3104 quibuscumque,
1977 3075 2010 3096 ei<
2030 3077 2099 3104 una,
2120 3068 2152 3098 ὃς
2174 3069 2322 3105 praefatum

1272 3106 1421 3136 Comitem
1443 3115 1494 3143 pro
1512 3104 1565 3142 Se,
1583 3104 1697 3141 Terris,
1711 3104 1888 3141 Territoriis,
1908 3104 1940 3134 ὃς
1966 3104 2109 3135 Dominiis
2130 3106 2196 3144 suis,
2214 3116 2246 3136 ac
2262 3108 2318 3143 ejus

1272 3144 1410 3182 Subditis,
1428 3153 1459 3174 ex
1474 3143 1556 3173 altera
1567 3151 1659 3180 parte,
1677 3142 1802 3172 ineundis
1816 3142 1850 3173 ὃς
1867 3142 2026 3181 firmandis,
2044 3153 2096 3180 pro
2116 3152 2251 3181 perpetuo
2273 3143 2319 3175 vel

1271 3192 1328 3214 tem
1350 3184 1457 3213 oraliter
1469 3182 1611 3211 duraturis.

1348 3231 1438 3251 ecnon
1454 3218 1533 3257 super
1548 3217 1771 3257 quibuscumque
1786 3217 1933 3256 Articulis,
1951 3219 2121 3258 generalibus
2140 3219 2184 3249 vel
2199 3219 2320 3256 speciali-

1271 3261 1339 3298 bus,
1359 3260 1407 3297 qui
1429 3257 1587 3296 hujusmodi
1606 3258 1772 3295 Amicitiae,
1791 3258 1949 3296 Alligantias
1962 3281 1971 3296 ,
1998 3259 2016 3277 ²¹²
2038 3257 2318 3295 Confoederationes,

1271 3299 1304 3329 &
1321 3307 1416 3327 mutua
1433 3296 1540 3327 Auxilia
1555 3306 1729 3326 concernere
1742 3305 1889 3335 poterunt,
1908 3306 1978 3326 cum
1994 3305 2094 3325 eorum
2119 3296 2319 3334 incidentibus,

1269 3336 1488 3375 emergentibus,
1508 3333 1744 3372 dependentibus,
1763 3336 1795 3365 &
1812 3336 1963 3370 connexis,
1982 3333 2227 3371 concludendum,

1309 3375 1343 3405 Et
1358 3374 1392 3404 ad
1405 3384 1452 3411 ea,
1470 3383 1533 3410 quae
1548 3373 1584 3402 fic
1599 3373 1746 3411 Tradiata,
1764 3372 1932 3410 Conventa,
1951 3373 1984 3402 &
1999 3371 2182 3402 Concor-data
2196 3371 2317 3410 fuerint,

1270 3413 1404 3443 Nomine
1418 3411 1515 3441 nostro
1529 3411 1738 3448 roborandum,
1759 3421 1790 3440 ac
1804 3421 1871 3440 cum
1883 3411 1965 3440 omni
1985 3409 2151 3447 Securitate,
2169 3409 2263 3440 debita
2283 3412 2317 3441 &

1270 3450 1402 3488 honesta,
1421 3449 1589 3479 firmandum
1600 3450 1633 3480 δε
1648 3448 1822 3485 vallandum,

1308 3489 1472 3526 Caeteraque
1486 3486 1672 3525 Faciendum,
1690 3486 1899 3524 Stipulandum,
1918 3485 1951 3515 &
1966 3483 2180 3523 Expediendum
2203 3496 2267 3524 quae
2287 3487 2318 3515 in

1271 3528 1329 3558 hoc
1351 3528 1421 3557 Casu
1444 3525 1594 3556 necessaria
1614 3525 1714 3556 fuerint
1728 3525 1772 3554 seu
1788 3524 2004 3561 quomodolibet
2019 3533 2156 3563 oportuna
2163 3547 2173 3562 ,
2191 3526 2275 3555 etiam
2297 3524 2317 3554 fi

1274 3566 1443 3596 Mandatum
1459 3566 1567 3603 exigant
1582 3565 1667 3603 magis
1679 3562 1811 3601 speciale,

1309 3604 1507 3634 Promittentes
1522 3601 1589 3632 Nos
1602 3600 1872 3639 Ratum,Gratum,
1890 3598 1923 3630 ὃ(
1940 3598 2065 3629 Firmum
2081 3598 2223 3630 habituros
2237 3600 2318 3637 quic-

1272 3643 1341 3681 quid
1358 3651 1405 3682 per
1417 3640 1492 3678 Vos,
1510 3640 1602 3678 Tres,
1620 3640 1664 3670 vei
1679 3639 1761 3668 Duos
1772 3637 1896 3668 vestrum
1913 3639 2048 3674 (quorum
2062 3637 2176 3668 alterum
2192 3637 2318 3668 vestrum

1273 3692 1342 3718 vos,
1361 3679 1465 3718 praefati
1482 3677 1628 3708 Willielme
1642 3680 1675 3709 ὃς
1689 3677 1857 3717 Raymunde,
1877 3685 1964 3705 unum
1977 3675 2031 3705 esse
2043 3675 2185 3713 volumus)
2207 3676 2240 3706 N
2243 3677 2319 3705 orni-¹

1273 3730 1309 3750 ne
1330 3718 1427 3748 nostro
1448 3717 1571 3754 Attum,
1589 3716 1730 3752 Gestum,
1749 3715 1916 3744 Tractatum
1951 3712 2136 3744 Conventum
2150 3737 2160 3751 ,
2178 3715 2211 3744 &
2235 3712 2318 3744 Cori-

1274 3757 1421 3788 cordatum
1437 3755 1556 3784 fueritin
1574 3753 1738 3790 Praemiffis,
1756 3752 1801 3782 vcl
1814 3753 1847 3781 ali
1871 3762 1908 3782 uo
1924 3737 2141 3782 Fraemifforum.

1308 3795 1375 3826 Dat.
1394 3794 1443 3823 sub
1463 3792 1563 3831 Magni
1584 3792 1669 3831 Sigilli
1691 3791 1779 3821 nostri
1799 3762 1999 3829 Teiiitnonio,
2016 3791 2088 3828 apud
2112 3789 2250 3820 Palatium
2270 3801 2318 3820 na-

1265 3833 1355 3874 strum
1369 3832 1473 3870 mstm.
1487 3831 1623 3862 vicelimo
1636 3830 1758 3860 secundo
1772 3828 1817 3858 die
1833 3828 1940 3858 Martii.

2338 3245 2352 3261 ¹*
2376 3246 2440 3273 VH.

2338 3292 2400 3319 7¹3·

1748 3908 1800 3935 Per
1814 3902 1894 3944 ipficm
1906 3907 2001 3941 Regem
2015 3902 2053 3938 ὠ
2066 3904 2214 3936 Concilium.

1277 3990 1327 4044 R
1338 3984 1395 4016 EX
1412 3984 1513 4015 eisdem
1529 3982 1661 4014 Salutem.

1374 4024 1468 4053 Sciatis
1483 4022 1562 4060 quod
1580 4021 1665 4059 Nos,
2124 4054 2127 4055 .

1310 4062 1359 4095 De
1376 4061 1520 4099 fidelitate,
1538 4059 1596 4095 &c.
1614 4067 1644 4089 ut
1657 4057 1837 4126 ficpraKusque
1852 4056 1890 4089 ibi
1907 4059 1940 4091 ὃς
1957 4055 2093 4090 Nuncios
2110 4056 2240 4096 speciales
2251 4080 2260 4094 ‚
2285 4054 2319 4086 δέ

2252 4099 2316 4123 tun(
