<?xml version="1.0" encoding="UTF-8"?>
<!DOCTYPE html PUBLIC "-//W3C//DTD XHTML 1.0 Transitional//EN"
    "http://www.w3.org/TR/xhtml1/DTD/xhtml1-transitional.dtd">
<html xmlns="http://www.w3.org/1999/xhtml" xml:lang="en" lang="en">
 <head>
  <title>
</title>
<meta http-equiv="Content-Type" content="text/html;charset=utf-8" />
  <meta name='ocr-system' content='tesseract 3.04.00' />
  <meta name='ocr-capabilities' content='ocr_page ocr_carea ocr_par ocr_line ocrx_word'/>
</head>
<body>
  <div class='ocr_page' id='page_1' title='image "./fderaconventione03ryme/fderaconventione03ryme_0721.png"; bbox 0 0 2561 4251; ppageno 0'>
   <div class='ocr_carea' id='block_1_1' title="bbox 705 131 1168 175">
    <p class='ocr_par' dir='ltr' id='par_1_1' title="bbox 705 131 1168 175">
     <span class='ocr_line' id='line_1_1' title="bbox 705 131 1168 175; baseline 0.009 -3"><span class='ocrx_word' id='word_1_1' title='bbox 705 131 816 172; x_wconf 89' lang='lat' dir='ltr'>ET</span> <span class='ocrx_word' id='word_1_2' title='bbox 901 133 1168 175; x_wconf 90' lang='lat' dir='ltr'>ACTA</span> 
     </span>
    </p>
   </div>
   <div class='ocr_carea' id='block_1_2' title="bbox 143 252 1202 448">
    <p class='ocr_par' dir='ltr' id='par_1_2' title="bbox 143 252 1202 448">
     <span class='ocr_line' id='line_1_2' title="bbox 201 252 1200 294; baseline 0.005 -9"><span class='ocrx_word' id='word_1_3' title='bbox 201 258 232 289; x_wconf 92' lang='lat' dir='ltr'><strong>T</strong></span> <span class='ocrx_word' id='word_1_4' title='bbox 250 255 418 288; x_wconf 85' lang='lat' dir='ltr'>Mandatum</span> <span class='ocrx_word' id='word_1_5' title='bbox 436 252 478 284; x_wconf 90' lang='lat' dir='ltr'>est</span> <span class='ocrx_word' id='word_1_6' title='bbox 495 256 593 292; x_wconf 87' lang='lat' dir='ltr'>Rogero</span> <span class='ocrx_word' id='word_1_7' title='bbox 611 257 734 294; x_wconf 78' lang='lat' dir='ltr'>Manyng</span> <span class='ocrx_word' id='word_1_8' title='bbox 748 257 812 294; x_wconf 85' lang='lat' dir='ltr'>ord,</span> <span class='ocrx_word' id='word_1_9' title='bbox 831 256 972 288; x_wconf 84' lang='lat' dir='ltr'>Escaetori</span> <span class='ocrx_word' id='word_1_10' title='bbox 990 256 1039 288; x_wconf 91' lang='lat' dir='ltr'>suo</span> <span class='ocrx_word' id='word_1_11' title='bbox 1055 260 1083 288; x_wconf 92' lang='lat' dir='ltr'>in</span> <span class='ocrx_word' id='word_1_12' title='bbox 1097 258 1200 290; x_wconf 89' lang='lat' dir='ltr'>Comi-</span> 
     </span>
     <span class='ocr_line' id='line_1_3' title="bbox 226 293 1200 336; baseline 0.001 -10"><span class='ocrx_word' id='word_1_13' title='bbox 226 305 282 328; x_wconf 83' lang='lat' dir='ltr'>tatu</span> <span class='ocrx_word' id='word_1_14' title='bbox 303 293 444 324; x_wconf 83' lang='lat' dir='ltr'>Dorsetiae</span> <span class='ocrx_word' id='word_1_15' title='bbox 460 316 469 331; x_wconf 89' lang='lat'>,</span> <span class='ocrx_word' id='word_1_16' title='bbox 495 293 575 331; x_wconf 81' lang='lat' dir='ltr'>quod</span> <span class='ocrx_word' id='word_1_17' title='bbox 594 294 687 324; x_wconf 91' lang='lat' dir='ltr'>eidem</span> <span class='ocrx_word' id='word_1_18' title='bbox 703 294 728 324; x_wconf 89' lang='lat' dir='ltr'>E</span> <span class='ocrx_word' id='word_1_19' title='bbox 740 295 805 325; x_wconf 74' lang='lat' dir='ltr'>ec&#39;to</span> <span class='ocrx_word' id='word_1_20' title='bbox 824 294 959 326; x_wconf 91' lang='lat' dir='ltr'>Castrum</span> <span class='ocrx_word' id='word_1_21' title='bbox 976 296 1013 326; x_wconf 91' lang='lat' dir='ltr'>de</span> <span class='ocrx_word' id='word_1_22' title='bbox 1030 296 1200 336; x_wconf 88' lang='lat' dir='ltr'>Shireburn,</span> 
     </span>
     <span class='ocr_line' id='line_1_4' title="bbox 143 331 1202 375; baseline -0.004 -5"><span class='ocrx_word' id='word_1_23' title='bbox 143 348 176 370; x_wconf 84' lang='lat' dir='ltr'>ac</span> <span class='ocrx_word' id='word_1_24' title='bbox 194 336 292 368; x_wconf 87' lang='lat' dir='ltr'>omnia</span> <span class='ocrx_word' id='word_1_25' title='bbox 306 333 355 362; x_wconf 82' lang='lat' dir='ltr'>alia</span> <span class='ocrx_word' id='word_1_26' title='bbox 371 332 556 371; x_wconf 86' lang='lat' dir='ltr'>Temporalia</span> <span class='ocrx_word' id='word_1_27' title='bbox 573 331 758 370; x_wconf 67' lang='lat' dir='ltr'>Episcopatus</span> <span class='ocrx_word' id='word_1_28' title='bbox 774 334 916 372; x_wconf 70' lang='lat' dir='ltr'>praediffl,</span> <span class='ocrx_word' id='word_1_29' title='bbox 935 344 1004 365; x_wconf 92' lang='lat' dir='ltr'>cum</span> <span class='ocrx_word' id='word_1_30' title='bbox 1018 334 1202 375; x_wconf 87' lang='lat' dir='ltr'>Pertinentiis,</span> 
     </span>
     <span class='ocr_line' id='line_1_5' title="bbox 144 369 962 412; baseline -0.006 -5"><span class='ocrx_word' id='word_1_31' title='bbox 144 378 174 407; x_wconf 90' lang='lat' dir='ltr'>in</span> <span class='ocrx_word' id='word_1_32' title='bbox 194 374 295 406; x_wconf 89' lang='lat' dir='ltr'>Balliva</span> <span class='ocrx_word' id='word_1_33' title='bbox 312 371 374 407; x_wconf 86' lang='lat' dir='ltr'>sua,</span> <span class='ocrx_word' id='word_1_34' title='bbox 393 369 508 402; x_wconf 86' lang='lat' dir='ltr'>Liberet</span> <span class='ocrx_word' id='word_1_35' title='bbox 522 370 650 403; x_wconf 83' lang='lat' dir='ltr'>habenda</span> <span class='ocrx_word' id='word_1_36' title='bbox 669 373 698 401; x_wconf 91' lang='lat' dir='ltr'>in</span> <span class='ocrx_word' id='word_1_37' title='bbox 711 371 805 402; x_wconf 71' lang='lat' dir='ltr'>forma</span> <span class='ocrx_word' id='word_1_38' title='bbox 818 372 962 412; x_wconf 66' lang='lat' dir='ltr'>praedicta.</span> 
     </span>
     <span class='ocr_line' id='line_1_6' title="bbox 185 409 416 448; baseline -0.026 -4"><span class='ocrx_word' id='word_1_39' title='bbox 185 411 276 444; x_wconf 88' lang='lat' dir='ltr'>Teste</span> <span class='ocrx_word' id='word_1_40' title='bbox 287 418 318 441; x_wconf 88' lang='lat' dir='ltr'>ut</span> <span class='ocrx_word' id='word_1_41' title='bbox 330 409 416 448; x_wconf 86' lang='lat' dir='ltr'>supra.</span> 
     </span>
    </p>
   </div>
   <div class='ocr_carea' id='block_1_3' title="bbox 1 260 125 381">
    <p class='ocr_par' dir='ltr' id='par_1_3' title="bbox 1 260 125 381">
     <span class='ocr_line' id='line_1_7' title="bbox 1 260 125 306; baseline -0.016 -14"><span class='ocrx_word' id='word_1_42' title='bbox 1 273 72 306; x_wconf 63' lang='lat' dir='ltr'>An&#39;n.</span> <span class='ocrx_word' id='word_1_43' title='bbox 85 260 125 292; x_wconf 93' lang='lat' dir='ltr'>D.</span> 
     </span>
     <span class='ocr_line' id='line_1_8' title="bbox 17 304 98 350; baseline -0.025 -12"><span class='ocrx_word' id='word_1_44' title='bbox 17 304 98 350; x_wconf 81' lang='lat'>1388·</span> 
     </span>
     <span class='ocr_line' id='line_1_9' title="bbox 1 353 89 381; baseline -0.034 -5"><span class='ocrx_word' id='word_1_45' title='bbox 1 353 47 381; x_wconf 68' lang='lat' dir='ltr'>uic.</span> <span class='ocrx_word' id='word_1_46' title='bbox 63 356 89 374; x_wconf 86' lang='lat'>2.</span> 
     </span>
    </p>
   </div>
   <div class='ocr_carea' id='block_1_4' title="bbox 147 485 1204 718">
    <p class='ocr_par' dir='ltr' id='par_1_4' title="bbox 147 485 1204 718">
     <span class='ocr_line' id='line_1_10' title="bbox 206 485 1204 524; baseline 0 -5"><span class='ocrx_word' id='word_1_47' title='bbox 206 488 236 519; x_wconf 93' lang='lat' dir='ltr'><strong>T</strong></span> <span class='ocrx_word' id='word_1_48' title='bbox 259 485 428 517; x_wconf 76' lang='lat' dir='ltr'>Mandatum</span> <span class='ocrx_word' id='word_1_49' title='bbox 449 486 490 518; x_wconf 89' lang='lat' dir='ltr'>est</span> <span class='ocrx_word' id='word_1_50' title='bbox 513 486 672 524; x_wconf 73' lang='lat' dir='ltr'>Militibus,</span> <span class='ocrx_word' id='word_1_51' title='bbox 690 486 781 515; x_wconf 86' lang='lat' dir='ltr'>liberis</span> <span class='ocrx_word' id='word_1_52' title='bbox 802 485 994 524; x_wconf 82' lang='lat' dir='ltr'>Hominibus,</span> <span class='ocrx_word' id='word_1_53' title='bbox 1015 488 1049 518; x_wconf 72' lang='grc' dir='ltr'>ὃς</span> <span class='ocrx_word' id='word_1_54' title='bbox 1070 489 1204 519; x_wconf 87' lang='lat' dir='ltr'>omnibus</span> 
     </span>
     <span class='ocr_line' id='line_1_11' title="bbox 224 524 1203 564; baseline 0.001 -8"><span class='ocrx_word' id='word_1_55' title='bbox 224 525 282 556; x_wconf 89' lang='lat' dir='ltr'>aliis</span> <span class='ocrx_word' id='word_1_56' title='bbox 300 524 479 557; x_wconf 86' lang='lat' dir='ltr'>Tenentibus</span> <span class='ocrx_word' id='word_1_57' title='bbox 499 525 536 555; x_wconf 91' lang='lat' dir='ltr'>de</span> <span class='ocrx_word' id='word_1_58' title='bbox 558 524 728 563; x_wconf 87' lang='lat' dir='ltr'>Episcopatu</span> <span class='ocrx_word' id='word_1_59' title='bbox 743 524 861 562; x_wconf 87' lang='lat' dir='ltr'>Sarum,</span> <span class='ocrx_word' id='word_1_60' title='bbox 882 525 962 562; x_wconf 82' lang='lat' dir='ltr'>quod</span> <span class='ocrx_word' id='word_1_61' title='bbox 975 526 1068 556; x_wconf 90' lang='lat' dir='ltr'>eidem</span> <span class='ocrx_word' id='word_1_62' title='bbox 1082 526 1203 564; x_wconf 65' lang='grc' dir='ltr'>Εἰεὲὶο,</span> 
     </span>
     <span class='ocr_line' id='line_1_12' title="bbox 147 561 1204 603; baseline 0.001 -7"><span class='ocrx_word' id='word_1_63' title='bbox 147 567 177 596; x_wconf 85' lang='lat' dir='ltr'>in</span> <span class='ocrx_word' id='word_1_64' title='bbox 190 563 340 601; x_wconf 85' lang='lat' dir='ltr'>omnibus,</span> <span class='ocrx_word' id='word_1_65' title='bbox 357 573 420 602; x_wconf 84' lang='lat' dir='ltr'>quae</span> <span class='ocrx_word' id='word_1_66' title='bbox 434 565 467 594; x_wconf 89' lang='lat' dir='ltr'>ad</span> <span class='ocrx_word' id='word_1_67' title='bbox 479 563 590 593; x_wconf 71' lang='lat' dir='ltr'>dietum</span> <span class='ocrx_word' id='word_1_68' title='bbox 606 561 807 600; x_wconf 85' lang='lat' dir='ltr'>Episcopatum</span> <span class='ocrx_word' id='word_1_69' title='bbox 821 563 921 593; x_wconf 78' lang='lat' dir='ltr'>Sarum</span> <span class='ocrx_word' id='word_1_70' title='bbox 935 565 1092 603; x_wconf 79' lang='lat' dir='ltr'>pertinent,</span> <span class='ocrx_word' id='word_1_71' title='bbox 1108 565 1204 597; x_wconf 88' lang='lat' dir='ltr'>Inten-</span> 
     </span>
     <span class='ocr_line' id='line_1_13' title="bbox 147 601 596 641; baseline -0.009 -7"><span class='ocrx_word' id='word_1_72' title='bbox 147 604 244 634; x_wconf 89' lang='lat' dir='ltr'>dentes</span> <span class='ocrx_word' id='word_1_73' title='bbox 258 601 310 633; x_wconf 82' lang='lat' dir='ltr'>sint</span> <span class='ocrx_word' id='word_1_74' title='bbox 324 604 357 634; x_wconf 88' lang='lat'>&amp;</span> <span class='ocrx_word' id='word_1_75' title='bbox 373 602 596 641; x_wconf 83' lang='lat' dir='ltr'>Respondentes.</span> 
     </span>
     <span class='ocr_line' id='line_1_14' title="bbox 184 640 406 681; baseline 0.009 -11"><span class='ocrx_word' id='word_1_76' title='bbox 184 640 217 671; x_wconf 93' lang='lat' dir='ltr'>In</span> <span class='ocrx_word' id='word_1_77' title='bbox 232 641 327 681; x_wconf 85' lang='lat' dir='ltr'>cujus,</span> <span class='ocrx_word' id='word_1_78' title='bbox 345 645 406 675; x_wconf 87' lang='lat' dir='ltr'>&amp;c.</span> 
     </span>
     <span class='ocr_line' id='line_1_15' title="bbox 223 679 457 718; baseline -0.004 -9"><span class='ocrx_word' id='word_1_79' title='bbox 223 679 312 710; x_wconf 87' lang='lat' dir='ltr'>Teste</span> <span class='ocrx_word' id='word_1_80' title='bbox 328 690 357 713; x_wconf 93' lang='lat' dir='ltr'>ut</span> <span class='ocrx_word' id='word_1_81' title='bbox 370 681 457 718; x_wconf 84' lang='lat' dir='ltr'>supra.</span> 
     </span>
    </p>
   </div>
   <div class='ocr_carea' id='block_1_5' title="bbox 187 757 1205 762">
    <p class='ocr_par' dir='ltr' id='par_1_5' title="bbox 187 757 1205 762">
     <span class='ocr_line' id='line_1_16' title="bbox 187 757 1205 762; baseline 0 0"><span class='ocrx_word' id='word_1_82' title='bbox 187 757 1205 762; x_wconf 95' lang='lat' dir='ltr'> </span> 
     </span>
    </p>
   </div>
   <div class='ocr_carea' id='block_1_6' title="bbox 381 812 985 862">
    <p class='ocr_par' dir='ltr' id='par_1_6' title="bbox 381 812 985 862">
     <span class='ocr_line' id='line_1_17' title="bbox 381 812 985 862; baseline -0.002 -13"><span class='ocrx_word' id='word_1_83' title='bbox 381 819 438 849; x_wconf 84' lang='lat' dir='ltr'>Pro</span> <span class='ocrx_word' id='word_1_84' title='bbox 456 815 592 862; x_wconf 74' lang='lat' dir='ltr'>Epifiopo</span> <span class='ocrx_word' id='word_1_85' title='bbox 611 814 741 859; x_wconf 74' lang='lat' dir='ltr'>Wellenfi</span> <span class='ocrx_word' id='word_1_86' title='bbox 754 818 789 852; x_wconf 52' lang='grc' dir='ltr'><em>ὠ</em></span> <span class='ocrx_word' id='word_1_87' title='bbox 807 812 985 858; x_wconf 69' lang='lat' dir='ltr'>Bathonergfi.</span> 
     </span>
    </p>
   </div>
   <div class='ocr_carea' id='block_1_7' title="bbox 0 896 1215 1102">
    <p class='ocr_par' dir='ltr' id='par_1_7' title="bbox 9 896 1212 984">
     <span class='ocr_line' id='line_1_18' title="bbox 9 896 1212 952; baseline -0.003 -16"><span class='ocrx_word' id='word_1_88' title='bbox 9 913 71 952; x_wconf 63' lang='lat' dir='ltr'>Arm</span> <span class='ocrx_word' id='word_1_89' title='bbox 91 910 125 942; x_wconf 89' lang='lat' dir='ltr'>D</span> <span class='ocrx_word' id='word_1_90' title='bbox 215 896 292 942; x_wconf 82' lang='lat' dir='ltr'>EX,</span> <span class='ocrx_word' id='word_1_91' title='bbox 309 902 415 933; x_wconf 67' lang='lat' dir='ltr'>dile8ro</span> <span class='ocrx_word' id='word_1_92' title='bbox 430 902 479 932; x_wconf 86' lang='lat' dir='ltr'>sibi</span> <span class='ocrx_word' id='word_1_93' title='bbox 494 905 592 938; x_wconf 85' lang='lat' dir='ltr'>Rogero</span> <span class='ocrx_word' id='word_1_94' title='bbox 607 898 808 939; x_wconf 77' lang='lat' dir='ltr'>Manyngford,</span> <span class='ocrx_word' id='word_1_95' title='bbox 825 898 967 930; x_wconf 86' lang='lat' dir='ltr'>Escaetori</span> <span class='ocrx_word' id='word_1_96' title='bbox 988 900 1038 931; x_wconf 92' lang='lat' dir='ltr'>suo</span> <span class='ocrx_word' id='word_1_97' title='bbox 1057 901 1085 931; x_wconf 85' lang='lat' dir='ltr'>in</span> <span class='ocrx_word' id='word_1_98' title='bbox 1108 899 1212 932; x_wconf 86' lang='lat' dir='ltr'>Comi-</span> 
     </span>
     <span class='ocr_line' id='line_1_19' title="bbox 64 934 890 984; baseline -0.01 -9"><span class='ocrx_word' id='word_1_99' title='bbox 64 937 99 984; x_wconf 57' lang='lat' dir='ltr'>{ss</span> <span class='ocrx_word' id='word_1_100' title='bbox 126 934 134 941; x_wconf 52' lang='lat'>⁸</span> <span class='ocrx_word' id='word_1_101' title='bbox 233 943 333 974; x_wconf 85' lang='lat' dir='ltr'>tatibus</span> <span class='ocrx_word' id='word_1_102' title='bbox 347 940 524 972; x_wconf 72' lang='lat' dir='ltr'>Somersetiae</span> <span class='ocrx_word' id='word_1_103' title='bbox 539 941 572 971; x_wconf 89' lang='lat'>&amp;</span> <span class='ocrx_word' id='word_1_104' title='bbox 587 939 743 976; x_wconf 85' lang='lat' dir='ltr'>Dorsetiae,</span> <span class='ocrx_word' id='word_1_105' title='bbox 757 938 890 982; x_wconf 82' lang='lat' dir='ltr'>Salutem.</span> 
     </span>
    </p>

    <p class='ocr_par' dir='ltr' id='par_1_8' title="bbox 29 965 1214 1016">
     <span class='ocr_line' id='line_1_20' title="bbox 29 965 1214 1016; baseline -0.005 -4"><span class='ocrx_word' id='word_1_106' title='bbox 29 965 61 995; x_wconf 69' lang='lat'>¹3</span> <span class='ocrx_word' id='word_1_107' title='bbox 103 974 109 981; x_wconf 68' lang='grc'>’</span> <span class='ocrx_word' id='word_1_108' title='bbox 191 981 271 1012; x_wconf 81' lang='lat' dir='ltr'>Cum</span> <span class='ocrx_word' id='word_1_109' title='bbox 287 980 433 1011; x_wconf 85' lang='lat' dir='ltr'>Dominus</span> <span class='ocrx_word' id='word_1_110' title='bbox 447 983 565 1008; x_wconf 84' lang='lat' dir='ltr'>Summus</span> <span class='ocrx_word' id='word_1_111' title='bbox 581 976 725 1015; x_wconf 78' lang='lat' dir='ltr'>Pontifex,</span> <span class='ocrx_word' id='word_1_112' title='bbox 744 976 768 1006; x_wconf 91' lang='lat' dir='ltr'>V</span> <span class='ocrx_word' id='word_1_113' title='bbox 772 977 940 1007; x_wconf 81' lang='lat' dir='ltr'>enerabilem</span> <span class='ocrx_word' id='word_1_114' title='bbox 961 975 1092 1016; x_wconf 87' lang='lat' dir='ltr'>Patrem,</span> <span class='ocrx_word' id='word_1_115' title='bbox 1107 977 1214 1007; x_wconf 80' lang='lat' dir='ltr'>Radal-</span> 
     </span>
    </p>

    <p class='ocr_par' dir='ltr' id='par_1_9' title="bbox 0 1000 1214 1059">
     <span class='ocr_line' id='line_1_21' title="bbox 0 1000 1214 1059; baseline -0.005 -7"><span class='ocrx_word' id='word_1_116' title='bbox 0 1000 115 1058; x_wconf 46' lang='lat' dir='ltr'>daza.</span> <span class='ocrx_word' id='word_1_117' title='bbox 148 1020 234 1059; x_wconf 85' lang='lat' dir='ltr'>phum</span> <span class='ocrx_word' id='word_1_118' title='bbox 253 1029 342 1058; x_wconf 87' lang='lat' dir='ltr'>nuper</span> <span class='ocrx_word' id='word_1_119' title='bbox 364 1021 460 1047; x_wconf 83' lang='lat' dir='ltr'>Sarum</span> <span class='ocrx_word' id='word_1_120' title='bbox 482 1015 652 1054; x_wconf 79' lang='lat' dir='ltr'>Episcopum,</span> <span class='ocrx_word' id='word_1_121' title='bbox 670 1025 685 1044; x_wconf 89' lang='lat' dir='ltr'>a</span> <span class='ocrx_word' id='word_1_122' title='bbox 706 1015 838 1053; x_wconf 87' lang='lat' dir='ltr'>vinculo,</span> <span class='ocrx_word' id='word_1_123' title='bbox 855 1025 914 1052; x_wconf 81' lang='lat' dir='ltr'>quo</span> <span class='ocrx_word' id='word_1_124' title='bbox 928 1014 1012 1045; x_wconf 61' lang='lat' dir='ltr'>dietae</span> <span class='ocrx_word' id='word_1_125' title='bbox 1027 1015 1160 1046; x_wconf 85' lang='lat' dir='ltr'>Ecclesiae</span> <span class='ocrx_word' id='word_1_126' title='bbox 1174 1025 1214 1046; x_wconf 91' lang='lat' dir='ltr'>te-</span> 
     </span>
    </p>

    <p class='ocr_par' dir='ltr' id='par_1_10' title="bbox 9 1038 1215 1102">
     <span class='ocr_line' id='line_1_22' title="bbox 9 1038 1215 1102; baseline -0.005 -12"><span class='ocrx_word' id='word_1_127' title='bbox 9 1038 107 1102; x_wconf 52' lang='lat' dir='ltr'>,ajam</span> <span class='ocrx_word' id='word_1_128' title='bbox 155 1060 290 1096; x_wconf 76' lang='lat' dir='ltr'>uebatur,</span> <span class='ocrx_word' id='word_1_129' title='bbox 308 1055 473 1092; x_wconf 87' lang='lat' dir='ltr'>absolverit,</span> <span class='ocrx_word' id='word_1_130' title='bbox 491 1055 524 1085; x_wconf 88' lang='lat'>&amp;</span> <span class='ocrx_word' id='word_1_131' title='bbox 543 1054 631 1092; x_wconf 86' lang='lat' dir='ltr'>ipsum</span> <span class='ocrx_word' id='word_1_132' title='bbox 655 1054 689 1083; x_wconf 90' lang='lat' dir='ltr'>ad</span> <span class='ocrx_word' id='word_1_133' title='bbox 710 1053 846 1084; x_wconf 79' lang='lat' dir='ltr'>Ecclefias</span> <span class='ocrx_word' id='word_1_134' title='bbox 867 1054 907 1082; x_wconf 83' lang='lat' dir='ltr'>W</span> <span class='ocrx_word' id='word_1_135' title='bbox 910 1054 1041 1084; x_wconf 86' lang='lat' dir='ltr'>ellensem</span> <span class='ocrx_word' id='word_1_136' title='bbox 1062 1055 1094 1085; x_wconf 85' lang='lat'>&amp;</span> <span class='ocrx_word' id='word_1_137' title='bbox 1113 1054 1215 1084; x_wconf 86' lang='lat' dir='ltr'>Batho-</span> 
     </span>
    </p>
   </div>
   <div class='ocr_carea' id='block_1_8' title="bbox 153 1091 1220 1480">
    <p class='ocr_par' dir='ltr' id='par_1_11' title="bbox 153 1091 1215 1177">
     <span class='ocr_line' id='line_1_23' title="bbox 153 1091 1215 1131; baseline -0.005 -3"><span class='ocrx_word' id='word_1_138' title='bbox 153 1097 280 1127; x_wconf 86' lang='lat' dir='ltr'>niensem</span> <span class='ocrx_word' id='word_1_139' title='bbox 301 1093 486 1131; x_wconf 83' lang='lat' dir='ltr'>transtulerit,</span> <span class='ocrx_word' id='word_1_140' title='bbox 504 1093 537 1123; x_wconf 87' lang='lat'>&amp;</span> <span class='ocrx_word' id='word_1_141' title='bbox 554 1093 646 1131; x_wconf 90' lang='lat' dir='ltr'>ipsum</span> <span class='ocrx_word' id='word_1_142' title='bbox 665 1094 695 1122; x_wconf 88' lang='lat' dir='ltr'>in</span> <span class='ocrx_word' id='word_1_143' title='bbox 714 1091 888 1130; x_wconf 79' lang='lat' dir='ltr'>Episcopum</span> <span class='ocrx_word' id='word_1_144' title='bbox 905 1092 1092 1123; x_wconf 74' lang='lat' dir='ltr'>Eccleliarum</span> <span class='ocrx_word' id='word_1_145' title='bbox 1108 1093 1215 1123; x_wconf 82' lang='lat' dir='ltr'>illarum</span> 
     </span>
     <span class='ocr_line' id='line_1_24' title="bbox 155 1131 1201 1177; baseline -0.008 -11"><span class='ocrx_word' id='word_1_146' title='bbox 155 1134 313 1174; x_wconf 76' lang='lat' dir='ltr'>praefecerit</span> <span class='ocrx_word' id='word_1_147' title='bbox 327 1133 360 1163; x_wconf 87' lang='lat'>&amp;</span> <span class='ocrx_word' id='word_1_148' title='bbox 378 1131 524 1162; x_wconf 88' lang='lat' dir='ltr'>Pastorem</span> <span class='ocrx_word' id='word_1_149' title='bbox 536 1154 545 1169; x_wconf 87' lang='lat'>,</span> <span class='ocrx_word' id='word_1_150' title='bbox 802 1169 807 1174; x_wconf 30' lang='grc' dir='ltr'>ι</span> <span class='ocrx_word' id='word_1_151' title='bbox 903 1169 907 1174; x_wconf 31' lang='lat'>¹</span> <span class='ocrx_word' id='word_1_152' title='bbox 951 1170 955 1174; x_wconf 37' lang='grc' dir='ltr'>Ι</span> <span class='ocrx_word' id='word_1_153' title='bbox 1063 1170 1067 1174; x_wconf 90' lang='lat'>.</span> <span class='ocrx_word' id='word_1_154' title='bbox 1096 1170 1101 1175; x_wconf 37' lang='lat'><em>.</em></span> <span class='ocrx_word' id='word_1_155' title='bbox 1147 1171 1153 1177; x_wconf 22' lang='lat' dir='ltr'>x</span> <span class='ocrx_word' id='word_1_156' title='bbox 1197 1170 1201 1175; x_wconf 36' lang='lat'><strong>¹</strong></span> 
     </span>
    </p>

    <p class='ocr_par' dir='ltr' id='par_1_12' title="bbox 156 1168 1217 1280">
     <span class='ocr_line' id='line_1_25' title="bbox 192 1168 1217 1209; baseline -0.004 -7"><span class='ocrx_word' id='word_1_157' title='bbox 192 1174 271 1203; x_wconf 85' lang='lat' dir='ltr'>Sicut</span> <span class='ocrx_word' id='word_1_158' title='bbox 287 1181 336 1209; x_wconf 88' lang='lat' dir='ltr'>per</span> <span class='ocrx_word' id='word_1_159' title='bbox 352 1170 456 1201; x_wconf 81' lang='lat' dir='ltr'>Literas</span> <span class='ocrx_word' id='word_1_160' title='bbox 473 1170 587 1200; x_wconf 82' lang='lat' dir='ltr'>Bullatas</span> <span class='ocrx_word' id='word_1_161' title='bbox 602 1169 682 1209; x_wconf 83' lang='lat' dir='ltr'>ipsius</span> <span class='ocrx_word' id='word_1_162' title='bbox 697 1169 808 1200; x_wconf 81' lang='lat' dir='ltr'>Summi</span> <span class='ocrx_word' id='word_1_163' title='bbox 824 1168 988 1207; x_wconf 79' lang='lat' dir='ltr'>Pontificis,</span> <span class='ocrx_word' id='word_1_164' title='bbox 1000 1169 1081 1199; x_wconf 80' lang='lat' dir='ltr'>nobis</span> <span class='ocrx_word' id='word_1_165' title='bbox 1095 1169 1160 1199; x_wconf 81' lang='lat' dir='ltr'>inde</span> <span class='ocrx_word' id='word_1_166' title='bbox 1174 1169 1217 1199; x_wconf 86' lang='lat' dir='ltr'>di-</span> 
     </span>
     <span class='ocr_line' id='line_1_26' title="bbox 156 1208 499 1280; baseline -0.015 -37"><span class='ocrx_word' id='word_1_167' title='bbox 156 1212 260 1280; x_wconf 49' lang='grc' dir='ltr'>ῐεέέῗς,</span> <span class='ocrx_word' id='word_1_168' title='bbox 278 1210 359 1240; x_wconf 87' lang='lat' dir='ltr'>nobis</span> <span class='ocrx_word' id='word_1_169' title='bbox 374 1208 499 1248; x_wconf 84' lang='lat' dir='ltr'>constat,</span> 
     </span>
    </p>

    <p class='ocr_par' dir='ltr' id='par_1_13' title="bbox 231 1259 262 1279">
     <span class='ocr_line' id='line_1_27' title="bbox 231 1259 262 1279; baseline 0 0"><span class='ocrx_word' id='word_1_170' title='bbox 231 1259 262 1279; x_wconf 87' lang='lat' dir='ltr'>os</span> 
     </span>
    </p>

    <p class='ocr_par' dir='ltr' id='par_1_14' title="bbox 157 1272 1220 1444">
     <span class='ocr_line' id='line_1_28' title="bbox 194 1272 1218 1325; baseline -0.003 -7"><span class='ocrx_word' id='word_1_171' title='bbox 194 1288 252 1319; x_wconf 92' lang='lat' dir='ltr'>Pro</span> <span class='ocrx_word' id='word_1_172' title='bbox 269 1272 311 1317; x_wconf 74' lang='lat' dir='ltr'>²eo</span> <span class='ocrx_word' id='word_1_173' title='bbox 334 1286 410 1325; x_wconf 84' lang='lat' dir='ltr'>quod</span> <span class='ocrx_word' id='word_1_174' title='bbox 433 1285 509 1316; x_wconf 89' lang='lat' dir='ltr'>idem</span> <span class='ocrx_word' id='word_1_175' title='bbox 528 1284 692 1323; x_wconf 87' lang='lat' dir='ltr'>Radulphus</span> <span class='ocrx_word' id='word_1_176' title='bbox 707 1285 842 1315; x_wconf 87' lang='lat' dir='ltr'>omnibus</span> <span class='ocrx_word' id='word_1_177' title='bbox 855 1284 973 1323; x_wconf 82' lang='lat' dir='ltr'>Verbis,</span> <span class='ocrx_word' id='word_1_178' title='bbox 991 1284 1072 1314; x_wconf 83' lang='lat' dir='ltr'>nobis</span> <span class='ocrx_word' id='word_1_179' title='bbox 1089 1285 1218 1323; x_wconf 63' lang='lat' dir='ltr'>praejudi-</span> 
     </span>
     <span class='ocr_line' id='line_1_29' title="bbox 157 1323 1219 1364; baseline -0.004 -7"><span class='ocrx_word' id='word_1_180' title='bbox 157 1327 288 1364; x_wconf 83' lang='lat' dir='ltr'>cialibus,</span> <span class='ocrx_word' id='word_1_181' title='bbox 307 1326 335 1354; x_wconf 89' lang='lat' dir='ltr'>in</span> <span class='ocrx_word' id='word_1_182' title='bbox 347 1325 430 1355; x_wconf 66' lang='lat' dir='ltr'>dietis</span> <span class='ocrx_word' id='word_1_183' title='bbox 447 1325 547 1354; x_wconf 83' lang='lat' dir='ltr'>Literis</span> <span class='ocrx_word' id='word_1_184' title='bbox 559 1323 669 1354; x_wconf 84' lang='lat' dir='ltr'>Bullaris</span> <span class='ocrx_word' id='word_1_185' title='bbox 682 1325 839 1361; x_wconf 81' lang='lat' dir='ltr'>contentis,</span> <span class='ocrx_word' id='word_1_186' title='bbox 857 1333 955 1353; x_wconf 86' lang='lat' dir='ltr'>coram</span> <span class='ocrx_word' id='word_1_187' title='bbox 969 1324 1049 1353; x_wconf 84' lang='lat' dir='ltr'>nobis</span> <span class='ocrx_word' id='word_1_188' title='bbox 1072 1326 1219 1354; x_wconf 83' lang='lat' dir='ltr'>renuncia-</span> 
     </span>
     <span class='ocr_line' id='line_1_30' title="bbox 157 1360 1220 1403; baseline -0.005 -7"><span class='ocrx_word' id='word_1_189' title='bbox 157 1367 217 1403; x_wconf 83' lang='lat' dir='ltr'>vit,</span> <span class='ocrx_word' id='word_1_190' title='bbox 237 1366 269 1395; x_wconf 86' lang='lat'>&amp;</span> <span class='ocrx_word' id='word_1_191' title='bbox 285 1364 395 1394; x_wconf 76' lang='lat' dir='ltr'>Grati-:e</span> <span class='ocrx_word' id='word_1_192' title='bbox 408 1363 511 1393; x_wconf 59' lang='lat' dir='ltr'>nostrae</span> <span class='ocrx_word' id='word_1_193' title='bbox 525 1363 666 1392; x_wconf 86' lang='lat' dir='ltr'>humiliter</span> <span class='ocrx_word' id='word_1_194' title='bbox 681 1362 708 1392; x_wconf 93' lang='lat' dir='ltr'>se</span> <span class='ocrx_word' id='word_1_195' title='bbox 721 1361 862 1399; x_wconf 84' lang='lat' dir='ltr'>submisit,</span> <span class='ocrx_word' id='word_1_196' title='bbox 879 1360 939 1396; x_wconf 57' lang='grc' dir='ltr'>ἀνι.</span> <span class='ocrx_word' id='word_1_197' title='bbox 955 1368 1033 1400; x_wconf 85' lang='lat' dir='ltr'>prout</span> <span class='ocrx_word' id='word_1_198' title='bbox 1059 1365 1088 1390; x_wconf 83' lang='lat' dir='ltr'>in</span> <span class='ocrx_word' id='word_1_199' title='bbox 1109 1362 1220 1400; x_wconf 77' lang='lat' dir='ltr'>ejusmo-</span> 
     </span>
     <span class='ocr_line' id='line_1_31' title="bbox 158 1401 1116 1444; baseline -0.011 -10"><span class='ocrx_word' id='word_1_200' title='bbox 158 1405 186 1434; x_wconf 82' lang='lat' dir='ltr'>di</span> <span class='ocrx_word' id='word_1_201' title='bbox 200 1405 231 1433; x_wconf 85' lang='lat' dir='ltr'>a&#39;e</span> <span class='ocrx_word' id='word_1_202' title='bbox 245 1401 421 1442; x_wconf 68' lang='lat' dir='ltr'>Restitutione</span> <span class='ocrx_word' id='word_1_203' title='bbox 437 1404 549 1431; x_wconf 76' lang='lat' dir='ltr'>Literis.</span> <span class='ocrx_word' id='word_1_204' title='bbox 830 1433 835 1435; x_wconf 30' lang='grc' dir='ltr'><em>Π</em></span> <span class='ocrx_word' id='word_1_205' title='bbox 920 1439 924 1443; x_wconf 35' lang='grc' dir='ltr'>ι</span> <span class='ocrx_word' id='word_1_206' title='bbox 1112 1439 1116 1444; x_wconf 45' lang='grc' dir='ltr'>Ι</span> 
     </span>
    </p>

    <p class='ocr_par' dir='ltr' id='par_1_15' title="bbox 194 1438 1140 1480">
     <span class='ocr_line' id='line_1_32' title="bbox 194 1438 1140 1480; baseline -0.005 -8"><span class='ocrx_word' id='word_1_207' title='bbox 194 1441 282 1472; x_wconf 81' lang='lat' dir='ltr'>Teste</span> <span class='ocrx_word' id='word_1_208' title='bbox 300 1441 381 1480; x_wconf 80' lang='lat' dir='ltr'>Rege</span> <span class='ocrx_word' id='word_1_209' title='bbox 395 1440 468 1478; x_wconf 83' lang='lat' dir='ltr'>apud</span> <span class='ocrx_word' id='word_1_210' title='bbox 483 1438 654 1478; x_wconf 75' lang='lat' dir='ltr'>Cantebrigg.</span> <span class='ocrx_word' id='word_1_211' title='bbox 672 1438 787 1469; x_wconf 87' lang='lat' dir='ltr'>decimo</span> <span class='ocrx_word' id='word_1_212' title='bbox 802 1439 885 1469; x_wconf 88' lang='lat' dir='ltr'>tertio</span> <span class='ocrx_word' id='word_1_213' title='bbox 898 1438 943 1468; x_wconf 85' lang='lat' dir='ltr'>die</span> <span class='ocrx_word' id='word_1_214' title='bbox 958 1438 1140 1476; x_wconf 87' lang='lat' dir='ltr'>Septembris.</span> 
     </span>
    </p>
   </div>
   <div class='ocr_carea' id='block_1_9' title="bbox 847 1514 1114 1552">
    <p class='ocr_par' dir='ltr' id='par_1_16' title="bbox 847 1514 1114 1552">
     <span class='ocr_line' id='line_1_33' title="bbox 847 1514 1114 1552; baseline -0.004 -8"><span class='ocrx_word' id='word_1_215' title='bbox 847 1516 900 1544; x_wconf 90' lang='lat' dir='ltr'>Per</span> <span class='ocrx_word' id='word_1_216' title='bbox 914 1514 996 1552; x_wconf 78' lang='lat' dir='ltr'>ipfiem</span> <span class='ocrx_word' id='word_1_217' title='bbox 1010 1517 1114 1552; x_wconf 83' lang='lat' dir='ltr'><em>Regem.</em></span> 
     </span>
    </p>
   </div>
   <div class='ocr_carea' id='block_1_10' title="bbox 185 1591 1197 1670">
    <p class='ocr_par' dir='ltr' id='par_1_17' title="bbox 185 1591 1197 1670">
     <span class='ocr_line' id='line_1_34' title="bbox 185 1591 1197 1633; baseline -0.005 -6"><span class='ocrx_word' id='word_1_218' title='bbox 185 1593 351 1627; x_wconf 83' lang='lat' dir='ltr'>Consimilia</span> <span class='ocrx_word' id='word_1_219' title='bbox 364 1593 460 1626; x_wconf 80' lang='lat' dir='ltr'>Brevia</span> <span class='ocrx_word' id='word_1_220' title='bbox 473 1595 628 1633; x_wconf 84' lang='lat' dir='ltr'>diriguntur</span> <span class='ocrx_word' id='word_1_221' title='bbox 642 1592 834 1623; x_wconf 85' lang='lat' dir='ltr'>Escaetoribus</span> <span class='ocrx_word' id='word_1_222' title='bbox 851 1591 1023 1630; x_wconf 84' lang='lat' dir='ltr'>subscriptis,</span> <span class='ocrx_word' id='word_1_223' title='bbox 1037 1591 1086 1623; x_wconf 88' lang='lat' dir='ltr'>sub</span> <span class='ocrx_word' id='word_1_224' title='bbox 1099 1591 1197 1622; x_wconf 84' lang='lat' dir='ltr'>eadem</span> 
     </span>
     <span class='ocr_line' id='line_1_35' title="bbox 559 1631 817 1670; baseline -0.004 -8"><span class='ocrx_word' id='word_1_225' title='bbox 559 1631 651 1670; x_wconf 70' lang='lat' dir='ltr'>Data,</span> <span class='ocrx_word' id='word_1_226' title='bbox 670 1631 817 1668; x_wconf 86' lang='lat' dir='ltr'>videlicet,</span> 
     </span>
    </p>
   </div>
   <div class='ocr_carea' id='block_1_11' title="bbox 197 1705 1222 1750">
    <p class='ocr_par' dir='ltr' id='par_1_18' title="bbox 197 1705 1222 1750">
     <span class='ocr_line' id='line_1_36' title="bbox 197 1705 1222 1750; baseline -0.003 -9"><span class='ocrx_word' id='word_1_227' title='bbox 197 1711 326 1750; x_wconf 86' lang='lat' dir='ltr'>Johanni</span> <span class='ocrx_word' id='word_1_228' title='bbox 346 1709 447 1740; x_wconf 78' lang='lat' dir='ltr'><em>Tharne</em></span> <span class='ocrx_word' id='word_1_229' title='bbox 466 1709 501 1740; x_wconf 92' lang='lat' dir='ltr'>de</span> <span class='ocrx_word' id='word_1_230' title='bbox 523 1707 704 1739; x_wconf 86' lang='lat' dir='ltr'>Caneresfeld</span> <span class='ocrx_word' id='word_1_231' title='bbox 718 1731 728 1745; x_wconf 87' lang='lat'>,</span> <span class='ocrx_word' id='word_1_232' title='bbox 752 1706 892 1738; x_wconf 86' lang='lat' dir='ltr'>Escaerori</span> <span class='ocrx_word' id='word_1_233' title='bbox 913 1705 1000 1746; x_wconf 85' lang='lat' dir='ltr'>Regis</span> <span class='ocrx_word' id='word_1_234' title='bbox 1022 1708 1052 1737; x_wconf 90' lang='lat' dir='ltr'>in</span> <span class='ocrx_word' id='word_1_235' title='bbox 1072 1706 1222 1739; x_wconf 83' lang='lat' dir='ltr'>Comitatu</span> 
     </span>
    </p>
   </div>
   <div class='ocr_carea' id='block_1_12' title="bbox 193 1749 1203 1903">
    <p class='ocr_par' dir='ltr' id='par_1_19' title="bbox 193 1749 1203 1903">
     <span class='ocr_line' id='line_1_37' title="bbox 199 1749 1203 1828; baseline -0.004 -10"><span class='ocrx_word' id='word_1_236' title='bbox 199 1749 346 1818; x_wconf 43' lang='lat' dir='ltr'>Wffireljsbo</span> <span class='ocrx_word' id='word_1_237' title='bbox 362 1789 516 1825; x_wconf 82' lang='lat' dir='ltr'>Hampt0n‚</span> <span class='ocrx_word' id='word_1_238' title='bbox 534 1785 676 1816; x_wconf 88' lang='lat' dir='ltr'>Escaetori</span> <span class='ocrx_word' id='word_1_239' title='bbox 690 1783 779 1823; x_wconf 80' lang='lat' dir='ltr'>Regis</span> <span class='ocrx_word' id='word_1_240' title='bbox 793 1785 821 1814; x_wconf 87' lang='lat' dir='ltr'>in</span> <span class='ocrx_word' id='word_1_241' title='bbox 839 1783 987 1814; x_wconf 89' lang='lat' dir='ltr'>Comitatu</span> <span class='ocrx_word' id='word_1_242' title='bbox 1002 1783 1203 1828; x_wconf 72' lang='lat' dir='ltr'>Gloricestriae.</span> 
     </span>
     <span class='ocr_line' id='line_1_38' title="bbox 196 1822 1196 1867; baseline -0.006 -10"><span class='ocrx_word' id='word_1_243' title='bbox 196 1827 312 1857; x_wconf 81' lang='lat' dir='ltr'>Roberto</span> <span class='ocrx_word' id='word_1_244' title='bbox 326 1829 463 1864; x_wconf 83' lang='lat' dir='ltr'>Hampton</span> <span class='ocrx_word' id='word_1_245' title='bbox 472 1847 481 1862; x_wconf 93' lang='lat'>,</span> <span class='ocrx_word' id='word_1_246' title='bbox 499 1824 641 1855; x_wconf 87' lang='lat' dir='ltr'>Escaetori</span> <span class='ocrx_word' id='word_1_247' title='bbox 654 1823 742 1861; x_wconf 80' lang='lat' dir='ltr'>Regis</span> <span class='ocrx_word' id='word_1_248' title='bbox 755 1824 783 1852; x_wconf 86' lang='lat' dir='ltr'>in</span> <span class='ocrx_word' id='word_1_249' title='bbox 793 1822 945 1866; x_wconf 32' lang='lat' dir='ltr'>&#39;Comitatu</span> <span class='ocrx_word' id='word_1_250' title='bbox 955 1823 1196 1867; x_wconf 37' lang='lat' dir='ltr'>&#39;Suthamptonrae</span> 
     </span>
     <span class='ocr_line' id='line_1_39' title="bbox 193 1860 1139 1903; baseline -0.004 -8"><span class='ocrx_word' id='word_1_251' title='bbox 193 1866 301 1896; x_wconf 84' lang='lat' dir='ltr'>Thomae</span> <span class='ocrx_word' id='word_1_252' title='bbox 316 1868 402 1903; x_wconf 77' lang='lat' dir='ltr'>Kemp</span> <span class='ocrx_word' id='word_1_253' title='bbox 415 1864 451 1894; x_wconf 90' lang='lat' dir='ltr'>de</span> <span class='ocrx_word' id='word_1_254' title='bbox 465 1862 507 1893; x_wconf 89' lang='lat' dir='ltr'>W</span> <span class='ocrx_word' id='word_1_255' title='bbox 509 1873 526 1903; x_wconf 92' lang='lat' dir='ltr'>y</span> <span class='ocrx_word' id='word_1_256' title='bbox 534 1885 544 1901; x_wconf 87' lang='lat'>,</span> <span class='ocrx_word' id='word_1_257' title='bbox 562 1862 706 1893; x_wconf 88' lang='lat' dir='ltr'>Escaetori</span> <span class='ocrx_word' id='word_1_258' title='bbox 720 1861 812 1899; x_wconf 79' lang='lat' dir='ltr'>Regis</span> <span class='ocrx_word' id='word_1_259' title='bbox 826 1862 855 1891; x_wconf 91' lang='lat' dir='ltr'>in</span> <span class='ocrx_word' id='word_1_260' title='bbox 871 1860 1019 1893; x_wconf 82' lang='lat' dir='ltr'>Comitatu</span> <span class='ocrx_word' id='word_1_261' title='bbox 1034 1861 1139 1892; x_wconf 82' lang='lat' dir='ltr'>Midds.</span> 
     </span>
    </p>
   </div>
   <div class='ocr_carea' id='block_1_13' title="bbox 17 1948 114 2022">
    <p class='ocr_par' dir='ltr' id='par_1_20' title="bbox 17 1948 114 2022">
     <span class='ocr_line' id='line_1_40' title="bbox 17 1948 114 1977; baseline 0.021 -2"><span class='ocrx_word' id='word_1_262' title='bbox 17 1948 32 1968; x_wconf 74' lang='lat'><em>⁰</em></span> <span class='ocrx_word' id='word_1_263' title='bbox 50 1948 114 1977; x_wconf 85' lang='lat' dir='ltr'>v11.</span> 
     </span>
     <span class='ocr_line' id='line_1_41' title="bbox 17 1990 78 2022; baseline 0 -7"><span class='ocrx_word' id='word_1_264' title='bbox 17 1990 78 2022; x_wconf 72' lang='lat'><em>607.</em></span> 
     </span>
    </p>
   </div>
   <div class='ocr_carea' id='block_1_14' title="bbox 160 1942 1223 2255">
    <p class='ocr_par' dir='ltr' id='par_1_21' title="bbox 162 1942 1220 1980">
     <span class='ocr_line' id='line_1_42' title="bbox 162 1942 1220 1980; baseline -0.003 -4"><span class='ocrx_word' id='word_1_265' title='bbox 162 1947 181 1966; x_wconf 72' lang='lat'>¹*</span> <span class='ocrx_word' id='word_1_266' title='bbox 260 1945 291 1976; x_wconf 86' lang='lat' dir='ltr'><strong>T</strong></span> <span class='ocrx_word' id='word_1_267' title='bbox 315 1945 483 1975; x_wconf 82' lang='lat' dir='ltr'>Mandatum</span> <span class='ocrx_word' id='word_1_268' title='bbox 502 1944 542 1975; x_wconf 87' lang='lat' dir='ltr'>est</span> <span class='ocrx_word' id='word_1_269' title='bbox 561 1943 719 1979; x_wconf 75' lang='lat' dir='ltr'>Militibus,</span> <span class='ocrx_word' id='word_1_270' title='bbox 744 1942 836 1972; x_wconf 85' lang='lat' dir='ltr'>liberis</span> <span class='ocrx_word' id='word_1_271' title='bbox 856 1942 1047 1980; x_wconf 84' lang='lat' dir='ltr'>Hominibus,</span> <span class='ocrx_word' id='word_1_272' title='bbox 1066 1943 1099 1974; x_wconf 70' lang='grc' dir='ltr'>ὃ(</span> <span class='ocrx_word' id='word_1_273' title='bbox 1122 1943 1220 1973; x_wconf 90' lang='lat' dir='ltr'>omni-</span> 
     </span>
    </p>

    <p class='ocr_par' dir='ltr' id='par_1_22' title="bbox 282 1980 1222 2019">
     <span class='ocr_line' id='line_1_43' title="bbox 282 1980 1222 2019; baseline -0.004 -5"><span class='ocrx_word' id='word_1_274' title='bbox 282 1985 333 2014; x_wconf 89' lang='lat' dir='ltr'>bus</span> <span class='ocrx_word' id='word_1_275' title='bbox 354 1984 410 2013; x_wconf 83' lang='lat' dir='ltr'>aliis</span> <span class='ocrx_word' id='word_1_276' title='bbox 431 1983 610 2014; x_wconf 84' lang='lat' dir='ltr'>Tenenribus</span> <span class='ocrx_word' id='word_1_277' title='bbox 631 1981 667 2011; x_wconf 92' lang='lat' dir='ltr'>de</span> <span class='ocrx_word' id='word_1_278' title='bbox 688 1980 859 2019; x_wconf 80' lang='lat' dir='ltr'>Episcopatu</span> <span class='ocrx_word' id='word_1_279' title='bbox 892 1981 1018 2011; x_wconf 86' lang='lat' dir='ltr'>Wellen.</span> <span class='ocrx_word' id='word_1_280' title='bbox 1043 1982 1076 2012; x_wconf 89' lang='lat'>&amp;</span> <span class='ocrx_word' id='word_1_281' title='bbox 1102 1981 1222 2012; x_wconf 81' lang='lat' dir='ltr'>Bathon.</span> 
     </span>
    </p>

    <p class='ocr_par' dir='ltr' id='par_1_23' title="bbox 160 2019 1223 2063">
     <span class='ocr_line' id='line_1_44' title="bbox 160 2019 1223 2063; baseline -0.004 -9"><span class='ocrx_word' id='word_1_282' title='bbox 160 2023 242 2062; x_wconf 80' lang='lat' dir='ltr'>quod</span> <span class='ocrx_word' id='word_1_283' title='bbox 264 2022 357 2053; x_wconf 87' lang='lat' dir='ltr'>eidem</span> <span class='ocrx_word' id='word_1_284' title='bbox 377 2022 518 2060; x_wconf 81' lang='lat' dir='ltr'>Radulpho</span> <span class='ocrx_word' id='word_1_285' title='bbox 534 2045 544 2060; x_wconf 88' lang='lat'>,</span> <span class='ocrx_word' id='word_1_286' title='bbox 567 2029 699 2059; x_wconf 85' lang='lat' dir='ltr'>tauquam</span> <span class='ocrx_word' id='word_1_287' title='bbox 724 2019 867 2058; x_wconf 81' lang='lat' dir='ltr'>Episcopo</span> <span class='ocrx_word' id='word_1_288' title='bbox 887 2020 920 2050; x_wconf 91' lang='lat'>&amp;</span> <span class='ocrx_word' id='word_1_289' title='bbox 943 2019 1077 2050; x_wconf 91' lang='lat' dir='ltr'>Domino</span> <span class='ocrx_word' id='word_1_290' title='bbox 1099 2020 1146 2050; x_wconf 93' lang='lat' dir='ltr'>suo</span> <span class='ocrx_word' id='word_1_291' title='bbox 1158 2044 1167 2058; x_wconf 88' lang='lat'>,</span> <span class='ocrx_word' id='word_1_292' title='bbox 1182 2021 1223 2063; x_wconf 23' lang='lat' dir='ltr'>*in</span> 
     </span>
    </p>

    <p class='ocr_par' dir='ltr' id='par_1_24' title="bbox 161 2057 1223 2176">
     <span class='ocr_line' id='line_1_45' title="bbox 161 2057 1223 2099; baseline -0.001 -8"><span class='ocrx_word' id='word_1_293' title='bbox 161 2062 315 2099; x_wconf 81' lang='lat' dir='ltr'>omnibus,</span> <span class='ocrx_word' id='word_1_294' title='bbox 336 2071 399 2099; x_wconf 84' lang='lat' dir='ltr'>quae</span> <span class='ocrx_word' id='word_1_295' title='bbox 422 2060 456 2090; x_wconf 90' lang='lat' dir='ltr'>ad</span> <span class='ocrx_word' id='word_1_296' title='bbox 477 2060 678 2099; x_wconf 80' lang='lat' dir='ltr'>Episcopatum</span> <span class='ocrx_word' id='word_1_297' title='bbox 699 2057 779 2089; x_wconf 85' lang='lat' dir='ltr'>illum</span> <span class='ocrx_word' id='word_1_298' title='bbox 801 2058 957 2098; x_wconf 82' lang='lat' dir='ltr'>pertinent,</span> <span class='ocrx_word' id='word_1_299' title='bbox 975 2057 1152 2090; x_wconf 74' lang='lat' dir='ltr'>intendentes</span> <span class='ocrx_word' id='word_1_300' title='bbox 1171 2062 1223 2090; x_wconf 83' lang='lat' dir='ltr'>iint</span> 
     </span>
     <span class='ocr_line' id='line_1_46' title="bbox 162 2099 433 2137; baseline -0.011 -5"><span class='ocrx_word' id='word_1_301' title='bbox 162 2102 196 2132; x_wconf 87' lang='lat'>&amp;</span> <span class='ocrx_word' id='word_1_302' title='bbox 213 2099 433 2137; x_wconf 82' lang='lat' dir='ltr'>Respondentes.</span> 
     </span>
     <span class='ocr_line' id='line_1_47' title="bbox 202 2138 424 2176; baseline -0.014 -6"><span class='ocrx_word' id='word_1_303' title='bbox 202 2138 234 2170; x_wconf 91' lang='lat' dir='ltr'>In</span> <span class='ocrx_word' id='word_1_304' title='bbox 249 2139 344 2176; x_wconf 87' lang='lat' dir='ltr'>cujus,</span> <span class='ocrx_word' id='word_1_305' title='bbox 363 2139 424 2170; x_wconf 88' lang='lat' dir='ltr'>&amp;c.</span> 
     </span>
    </p>

    <p class='ocr_par' dir='ltr' id='par_1_25' title="bbox 239 2176 1117 2255">
     <span class='ocr_line' id='line_1_48' title="bbox 239 2176 474 2214; baseline -0.009 -6"><span class='ocrx_word' id='word_1_306' title='bbox 239 2176 328 2208; x_wconf 85' lang='lat' dir='ltr'>Teste</span> <span class='ocrx_word' id='word_1_307' title='bbox 345 2186 374 2207; x_wconf 87' lang='lat' dir='ltr'>ut</span> <span class='ocrx_word' id='word_1_308' title='bbox 389 2176 474 2214; x_wconf 85' lang='lat' dir='ltr'>supra.</span> 
     </span>
     <span class='ocr_line' id='line_1_49' title="bbox 856 2215 1117 2255; baseline -0.008 -8"><span class='ocrx_word' id='word_1_309' title='bbox 856 2219 909 2247; x_wconf 92' lang='lat' dir='ltr'>Per</span> <span class='ocrx_word' id='word_1_310' title='bbox 920 2215 1001 2255; x_wconf 80' lang='lat' dir='ltr'>ipsum</span> <span class='ocrx_word' id='word_1_311' title='bbox 1014 2219 1117 2254; x_wconf 79' lang='lat' dir='ltr'>Regem.</span> 
     </span>
    </p>
   </div>
   <div class='ocr_carea' id='block_1_15' title="bbox 375 2347 1028 2399">
    <p class='ocr_par' dir='ltr' id='par_1_26' title="bbox 375 2347 1028 2399">
     <span class='ocr_line' id='line_1_50' title="bbox 375 2347 1028 2399; baseline -0.002 -16"><span class='ocrx_word' id='word_1_312' title='bbox 375 2352 424 2383; x_wconf 83' lang='lat' dir='ltr'>De</span> <span class='ocrx_word' id='word_1_313' title='bbox 443 2347 563 2396; x_wconf 82' lang='lat' dir='ltr'>Jacobo</span> <span class='ocrx_word' id='word_1_314' title='bbox 579 2349 727 2399; x_wconf 74' lang='lat' dir='ltr'>Lyndefizy</span> <span class='ocrx_word' id='word_1_315' title='bbox 745 2362 800 2382; x_wconf 85' lang='lat' dir='ltr'>non</span> <span class='ocrx_word' id='word_1_316' title='bbox 822 2348 1028 2383; x_wconf 77' lang='lat' dir='ltr'>Deliberando.</span> 
     </span>
    </p>
   </div>
   <div class='ocr_carea' id='block_1_16' title="bbox 0 2434 1232 3194">
    <p class='ocr_par' dir='ltr' id='par_1_27' title="bbox 171 2434 1230 2511">
     <span class='ocr_line' id='line_1_51' title="bbox 171 2434 1230 2491; baseline 0 -26"><span class='ocrx_word' id='word_1_317' title='bbox 171 2434 307 2491; x_wconf 80' lang='lat' dir='ltr'>REX,</span> <span class='ocrx_word' id='word_1_318' title='bbox 325 2434 442 2465; x_wconf 70' lang='lat' dir='ltr'>Dilee‘to</span> <span class='ocrx_word' id='word_1_319' title='bbox 461 2435 495 2466; x_wconf 91' lang='lat'>&amp;</span> <span class='ocrx_word' id='word_1_320' title='bbox 516 2434 590 2465; x_wconf 87' lang='lat' dir='ltr'>fideli</span> <span class='ocrx_word' id='word_1_321' title='bbox 615 2434 834 2474; x_wconf 84' lang='lat' dir='ltr'>Consanguineo</span> <span class='ocrx_word' id='word_1_322' title='bbox 859 2434 926 2473; x_wconf 91' lang='lat' dir='ltr'>suo,</span> <span class='ocrx_word' id='word_1_323' title='bbox 945 2437 1062 2465; x_wconf 85' lang='lat' dir='ltr'>Henrico</span> <span class='ocrx_word' id='word_1_324' title='bbox 1083 2436 1115 2465; x_wconf 81' lang='lat' dir='ltr'>de</span> <span class='ocrx_word' id='word_1_325' title='bbox 1133 2437 1230 2476; x_wconf 82' lang='lat' dir='ltr'>Percy,</span> 
     </span>
     <span class='ocr_line' id='line_1_52' title="bbox 213 2472 759 2511; baseline 0.002 -8"><span class='ocrx_word' id='word_1_326' title='bbox 213 2505 214 2508; x_wconf 50' lang='lat'>,</span> <span class='ocrx_word' id='word_1_327' title='bbox 246 2472 358 2504; x_wconf 88' lang='lat' dir='ltr'>Comiti</span> <span class='ocrx_word' id='word_1_328' title='bbox 370 2473 607 2511; x_wconf 87' lang='lat' dir='ltr'>Northumbriae,</span> <span class='ocrx_word' id='word_1_329' title='bbox 625 2474 759 2504; x_wconf 81' lang='lat' dir='ltr'>Salutem.</span> 
     </span>
    </p>

    <p class='ocr_par' dir='ltr' id='par_1_28' title="bbox 166 2511 1232 2858">
     <span class='ocr_line' id='line_1_53' title="bbox 208 2511 1230 2552; baseline 0.002 -11"><span class='ocrx_word' id='word_1_330' title='bbox 208 2511 386 2547; x_wconf 81' lang='lat' dir='ltr'>Quibusdam</span> <span class='ocrx_word' id='word_1_331' title='bbox 400 2513 481 2542; x_wconf 88' lang='lat' dir='ltr'>certis</span> <span class='ocrx_word' id='word_1_332' title='bbox 494 2513 530 2542; x_wconf 89' lang='lat' dir='ltr'>de</span> <span class='ocrx_word' id='word_1_333' title='bbox 544 2511 658 2550; x_wconf 79' lang='lat' dir='ltr'>CausiS,</span> <span class='ocrx_word' id='word_1_334' title='bbox 675 2522 728 2542; x_wconf 92' lang='lat' dir='ltr'>nos</span> <span class='ocrx_word' id='word_1_335' title='bbox 747 2513 849 2543; x_wconf 77' lang='lat' dir='ltr'>intime</span> <span class='ocrx_word' id='word_1_336' title='bbox 865 2512 1064 2551; x_wconf 89' lang='lat' dir='ltr'>moventibus,</span> <span class='ocrx_word' id='word_1_337' title='bbox 1081 2513 1230 2552; x_wconf 87' lang='lat' dir='ltr'>volumus,</span> 
     </span>
     <span class='ocr_line' id='line_1_54' title="bbox 170 2548 1231 2590; baseline 0.002 -10"><span class='ocrx_word' id='word_1_338' title='bbox 170 2550 221 2587; x_wconf 73' lang='grc' dir='ltr'>δε,</span> <span class='ocrx_word' id='word_1_339' title='bbox 239 2548 275 2580; x_wconf 92' lang='lat' dir='ltr'>de</span> <span class='ocrx_word' id='word_1_340' title='bbox 291 2550 460 2580; x_wconf 86' lang='lat' dir='ltr'>avisamento</span> <span class='ocrx_word' id='word_1_341' title='bbox 484 2550 584 2589; x_wconf 83' lang='lat' dir='ltr'>Magni</span> <span class='ocrx_word' id='word_1_342' title='bbox 605 2551 730 2581; x_wconf 87' lang='lat' dir='ltr'>Concilii</span> <span class='ocrx_word' id='word_1_343' title='bbox 749 2550 856 2590; x_wconf 86' lang='lat' dir='ltr'>nostri,</span> <span class='ocrx_word' id='word_1_344' title='bbox 874 2552 956 2582; x_wconf 87' lang='lat' dir='ltr'>vobis</span> <span class='ocrx_word' id='word_1_345' title='bbox 979 2550 1164 2590; x_wconf 80' lang='lat' dir='ltr'>Mandamus,</span> <span class='ocrx_word' id='word_1_346' title='bbox 1183 2552 1231 2582; x_wconf 87' lang='lat' dir='ltr'>fir-</span> 
     </span>
     <span class='ocr_line' id='line_1_55' title="bbox 171 2588 1231 2629; baseline 0.004 -13"><span class='ocrx_word' id='word_1_347' title='bbox 171 2588 256 2618; x_wconf 85' lang='lat' dir='ltr'>miter</span> <span class='ocrx_word' id='word_1_348' title='bbox 275 2589 462 2628; x_wconf 79' lang='lat' dir='ltr'>injungentes,</span> <span class='ocrx_word' id='word_1_349' title='bbox 480 2590 509 2619; x_wconf 91' lang='lat' dir='ltr'>in</span> <span class='ocrx_word' id='word_1_350' title='bbox 533 2589 600 2620; x_wconf 87' lang='lat' dir='ltr'>Fide</span> <span class='ocrx_word' id='word_1_351' title='bbox 621 2591 654 2620; x_wconf 91' lang='lat'>&amp;</span> <span class='ocrx_word' id='word_1_352' title='bbox 674 2589 834 2628; x_wconf 67' lang='lat' dir='ltr'>Ligeantia,</span> <span class='ocrx_word' id='word_1_353' title='bbox 854 2591 955 2628; x_wconf 89' lang='lat' dir='ltr'>quibus</span> <span class='ocrx_word' id='word_1_354' title='bbox 974 2590 1058 2620; x_wconf 89' lang='lat' dir='ltr'>nobis</span> <span class='ocrx_word' id='word_1_355' title='bbox 1079 2591 1231 2629; x_wconf 86' lang='lat' dir='ltr'>tenemini,</span> 
     </span>
     <span class='ocr_line' id='line_1_56' title="bbox 169 2626 1232 2671; baseline 0.002 -15"><span class='ocrx_word' id='word_1_356' title='bbox 169 2626 201 2656; x_wconf 60' lang='grc' dir='ltr'>ὃς</span> <span class='ocrx_word' id='word_1_357' title='bbox 217 2626 267 2657; x_wconf 90' lang='lat' dir='ltr'>sub</span> <span class='ocrx_word' id='word_1_358' title='bbox 279 2626 373 2658; x_wconf 61' lang='lat' dir='ltr'>Poenai</span> <span class='ocrx_word' id='word_1_359' title='bbox 387 2628 583 2658; x_wconf 73' lang='lat' dir='ltr'>ForisfaCturae</span> <span class='ocrx_word' id='word_1_360' title='bbox 597 2628 672 2657; x_wconf 77' lang='lat' dir='ltr'>Vitae</span> <span class='ocrx_word' id='word_1_361' title='bbox 688 2629 719 2658; x_wconf 68' lang='grc' dir='ltr'>ὃ(</span> <span class='ocrx_word' id='word_1_362' title='bbox 734 2627 954 2666; x_wconf 85' lang='lat' dir='ltr'>Membrorum,</span> <span class='ocrx_word' id='word_1_363' title='bbox 970 2630 1003 2660; x_wconf 66' lang='grc' dir='ltr'>ὃς</span> <span class='ocrx_word' id='word_1_364' title='bbox 1016 2631 1148 2658; x_wconf 85' lang='lat' dir='ltr'>omnium</span> <span class='ocrx_word' id='word_1_365' title='bbox 1164 2631 1232 2671; x_wconf 78' lang='lat' dir='ltr'>alio-</span> 
     </span>
     <span class='ocr_line' id='line_1_57' title="bbox 169 2666 1230 2707; baseline 0.002 -13"><span class='ocrx_word' id='word_1_366' title='bbox 169 2674 233 2694; x_wconf 86' lang='lat' dir='ltr'>rum</span> <span class='ocrx_word' id='word_1_367' title='bbox 253 2676 318 2703; x_wconf 71' lang='lat' dir='ltr'>quae</span> <span class='ocrx_word' id='word_1_368' title='bbox 337 2666 420 2696; x_wconf 91' lang='lat' dir='ltr'>nobis</span> <span class='ocrx_word' id='word_1_369' title='bbox 445 2666 602 2697; x_wconf 87' lang='lat' dir='ltr'>forisfacere</span> <span class='ocrx_word' id='word_1_370' title='bbox 626 2668 766 2705; x_wconf 86' lang='lat' dir='ltr'>poteritis,</span> <span class='ocrx_word' id='word_1_371' title='bbox 785 2667 864 2704; x_wconf 82' lang='lat' dir='ltr'>quod</span> <span class='ocrx_word' id='word_1_372' title='bbox 887 2667 1024 2705; x_wconf 79' lang='lat' dir='ltr'>Jacobum</span> <span class='ocrx_word' id='word_1_373' title='bbox 1043 2669 1076 2697; x_wconf 87' lang='lat' dir='ltr'>de</span> <span class='ocrx_word' id='word_1_374' title='bbox 1096 2668 1230 2707; x_wconf 71' lang='lat' dir='ltr'>Lyndesey</span> 
     </span>
     <span class='ocr_line' id='line_1_58' title="bbox 168 2703 1230 2744; baseline 0.004 -12"><span class='ocrx_word' id='word_1_375' title='bbox 168 2703 204 2733; x_wconf 92' lang='lat' dir='ltr'>de</span> <span class='ocrx_word' id='word_1_376' title='bbox 217 2703 313 2734; x_wconf 89' lang='lat' dir='ltr'>Scotia</span> <span class='ocrx_word' id='word_1_377' title='bbox 326 2703 476 2742; x_wconf 86' lang='lat' dir='ltr'>Chivaler‚</span> <span class='ocrx_word' id='word_1_378' title='bbox 491 2706 544 2742; x_wconf 87' lang='lat' dir='ltr'>jarn</span> <span class='ocrx_word' id='word_1_379' title='bbox 559 2706 669 2735; x_wconf 88' lang='lat' dir='ltr'>noviter</span> <span class='ocrx_word' id='word_1_380' title='bbox 686 2714 801 2743; x_wconf 87' lang='lat' dir='ltr'>captum</span> <span class='ocrx_word' id='word_1_381' title='bbox 815 2705 851 2736; x_wconf 92' lang='lat' dir='ltr'>de</span> <span class='ocrx_word' id='word_1_382' title='bbox 864 2705 975 2736; x_wconf 83' lang='lat' dir='ltr'>Guerra</span> <span class='ocrx_word' id='word_1_383' title='bbox 992 2716 1041 2744; x_wconf 89' lang='lat' dir='ltr'>per</span> <span class='ocrx_word' id='word_1_384' title='bbox 1052 2715 1161 2744; x_wconf 87' lang='lat' dir='ltr'>partem</span> <span class='ocrx_word' id='word_1_385' title='bbox 1177 2717 1230 2736; x_wconf 90' lang='lat' dir='ltr'>no-</span> 
     </span>
     <span class='ocr_line' id='line_1_59' title="bbox 167 2740 1231 2782; baseline 0.005 -12"><span class='ocrx_word' id='word_1_386' title='bbox 167 2740 269 2779; x_wconf 88' lang='lat' dir='ltr'>stram,</span> <span class='ocrx_word' id='word_1_387' title='bbox 287 2744 320 2773; x_wconf 69' lang='grc' dir='ltr'>ὃ(</span> <span class='ocrx_word' id='word_1_388' title='bbox 334 2742 507 2781; x_wconf 80' lang='lat' dir='ltr'>Prisonarius</span> <span class='ocrx_word' id='word_1_389' title='bbox 516 2744 565 2773; x_wconf 89' lang='lat' dir='ltr'>sub</span> <span class='ocrx_word' id='word_1_390' title='bbox 581 2742 718 2774; x_wconf 82' lang='lat' dir='ltr'>Custodia</span> <span class='ocrx_word' id='word_1_391' title='bbox 733 2743 823 2775; x_wconf 87' lang='lat' dir='ltr'>vestra</span> <span class='ocrx_word' id='word_1_392' title='bbox 843 2744 936 2774; x_wconf 88' lang='lat' dir='ltr'>adhuc</span> <span class='ocrx_word' id='word_1_393' title='bbox 959 2744 1115 2782; x_wconf 87' lang='lat' dir='ltr'>detinetur,</span> <span class='ocrx_word' id='word_1_394' title='bbox 1134 2753 1164 2775; x_wconf 91' lang='lat' dir='ltr'>ut</span> <span class='ocrx_word' id='word_1_395' title='bbox 1183 2755 1231 2775; x_wconf 91' lang='lat' dir='ltr'>ac-</span> 
     </span>
     <span class='ocr_line' id='line_1_60' title="bbox 166 2780 1230 2822; baseline 0.005 -13"><span class='ocrx_word' id='word_1_396' title='bbox 166 2780 311 2818; x_wconf 87' lang='lat' dir='ltr'>cepimus,</span> <span class='ocrx_word' id='word_1_397' title='bbox 331 2791 381 2818; x_wconf 90' lang='lat' dir='ltr'>per</span> <span class='ocrx_word' id='word_1_398' title='bbox 401 2782 475 2811; x_wconf 89' lang='lat' dir='ltr'>viam</span> <span class='ocrx_word' id='word_1_399' title='bbox 499 2782 732 2820; x_wconf 87' lang='lat' dir='ltr'>Redemprionis,</span> <span class='ocrx_word' id='word_1_400' title='bbox 752 2782 899 2822; x_wconf 85' lang='lat' dir='ltr'>Plegiagii,</span> <span class='ocrx_word' id='word_1_401' title='bbox 918 2791 964 2814; x_wconf 89' lang='lat' dir='ltr'>aut</span> <span class='ocrx_word' id='word_1_402' title='bbox 983 2782 1035 2813; x_wconf 70' lang='lat' dir='ltr'>alia</span> <span class='ocrx_word' id='word_1_403' title='bbox 1056 2783 1140 2813; x_wconf 72' lang='lat' dir='ltr'>causa</span> <span class='ocrx_word' id='word_1_404' title='bbox 1162 2794 1230 2822; x_wconf 86' lang='lat' dir='ltr'>qua-</span> 
     </span>
     <span class='ocr_line' id='line_1_61' title="bbox 167 2818 804 2858; baseline 0.003 -10"><span class='ocrx_word' id='word_1_405' title='bbox 167 2827 293 2855; x_wconf 84' lang='lat' dir='ltr'>cumque</span> <span class='ocrx_word' id='word_1_406' title='bbox 302 2842 310 2857; x_wconf 92' lang='lat'>,</span> <span class='ocrx_word' id='word_1_407' title='bbox 330 2818 409 2849; x_wconf 91' lang='lat' dir='ltr'>nullo</span> <span class='ocrx_word' id='word_1_408' title='bbox 423 2818 513 2850; x_wconf 89' lang='lat' dir='ltr'>modo</span> <span class='ocrx_word' id='word_1_409' title='bbox 527 2820 672 2850; x_wconf 85' lang='lat' dir='ltr'>deliberari</span> <span class='ocrx_word' id='word_1_410' title='bbox 683 2820 786 2851; x_wconf 86' lang='lat' dir='ltr'>faciatis</span> <span class='ocrx_word' id='word_1_411' title='bbox 795 2843 804 2858; x_wconf 89' lang='lat'>‚</span> 
     </span>
    </p>

    <p class='ocr_par' dir='ltr' id='par_1_29' title="bbox 0 2856 1232 3194">
     <span class='ocr_line' id='line_1_62' title="bbox 207 2856 1231 2899; baseline 0.005 -13"><span class='ocrx_word' id='word_1_412' title='bbox 207 2856 257 2887; x_wconf 89' lang='lat' dir='ltr'>Set</span> <span class='ocrx_word' id='word_1_413' title='bbox 269 2858 356 2894; x_wconf 84' lang='lat' dir='ltr'>ipsum</span> <span class='ocrx_word' id='word_1_414' title='bbox 365 2857 507 2895; x_wconf 73' lang='lat' dir='ltr'>jacobum</span> <span class='ocrx_word' id='word_1_415' title='bbox 521 2857 596 2889; x_wconf 80' lang='lat' dir='ltr'>salvo</span> <span class='ocrx_word' id='word_1_416' title='bbox 611 2859 643 2889; x_wconf 71' lang='grc' dir='ltr'>ὅ(</span> <span class='ocrx_word' id='word_1_417' title='bbox 656 2858 750 2889; x_wconf 78' lang='lat' dir='ltr'>secure</span> <span class='ocrx_word' id='word_1_418' title='bbox 759 2883 768 2896; x_wconf 81' lang='lat'>,</span> <span class='ocrx_word' id='word_1_419' title='bbox 777 2860 809 2889; x_wconf 89' lang='lat'>&amp;</span> <span class='ocrx_word' id='word_1_420' title='bbox 822 2858 871 2889; x_wconf 94' lang='lat' dir='ltr'>sub</span> <span class='ocrx_word' id='word_1_421' title='bbox 882 2859 951 2889; x_wconf 90' lang='lat' dir='ltr'>salva</span> <span class='ocrx_word' id='word_1_422' title='bbox 963 2859 1231 2899; x_wconf 83' lang='lat' dir='ltr'>Custodia‚quous-</span> 
     </span>
     <span class='ocr_line' id='line_1_63' title="bbox 168 2895 1231 2936; baseline 0.005 -12"><span class='ocrx_word' id='word_1_423' title='bbox 168 2904 225 2933; x_wconf 84' lang='lat' dir='ltr'>que</span> <span class='ocrx_word' id='word_1_424' title='bbox 240 2895 313 2925; x_wconf 88' lang='lat' dir='ltr'>aliud</span> <span class='ocrx_word' id='word_1_425' title='bbox 329 2906 378 2934; x_wconf 81' lang='lat' dir='ltr'>per</span> <span class='ocrx_word' id='word_1_426' title='bbox 394 2895 462 2926; x_wconf 84' lang='lat' dir='ltr'>Nos</span> <span class='ocrx_word' id='word_1_427' title='bbox 475 2897 507 2927; x_wconf 71' lang='grc' dir='ltr'>ὃς</span> <span class='ocrx_word' id='word_1_428' title='bbox 523 2896 632 2927; x_wconf 73' lang='lat' dir='ltr'>dic&#39;tum</span> <span class='ocrx_word' id='word_1_429' title='bbox 655 2897 797 2936; x_wconf 80' lang='lat' dir='ltr'>Magnum</span> <span class='ocrx_word' id='word_1_430' title='bbox 821 2896 988 2928; x_wconf 86' lang='lat' dir='ltr'>Concilium</span> <span class='ocrx_word' id='word_1_431' title='bbox 1012 2899 1141 2929; x_wconf 85' lang='lat' dir='ltr'>nostrum</span> <span class='ocrx_word' id='word_1_432' title='bbox 1164 2899 1231 2930; x_wconf 80' lang='lat' dir='ltr'>inde</span> 
     </span>
     <span class='ocr_line' id='line_1_64' title="bbox 167 2933 1232 2973; baseline 0.006 -11"><span class='ocrx_word' id='word_1_433' title='bbox 167 2933 327 2964; x_wconf 83' lang='lat' dir='ltr'>ordinatum</span> <span class='ocrx_word' id='word_1_434' title='bbox 343 2934 443 2973; x_wconf 87' lang='lat' dir='ltr'>fuerit,</span> <span class='ocrx_word' id='word_1_435' title='bbox 461 2936 494 2965; x_wconf 66' lang='grc' dir='ltr'>ὃς</span> <span class='ocrx_word' id='word_1_436' title='bbox 509 2936 659 2972; x_wconf 83' lang='lat' dir='ltr'>specialiter</span> <span class='ocrx_word' id='word_1_437' title='bbox 674 2937 739 2966; x_wconf 75' lang='lat' dir='ltr'>inde</span> <span class='ocrx_word' id='word_1_438' title='bbox 752 2946 801 2973; x_wconf 81' lang='lat' dir='ltr'>per</span> <span class='ocrx_word' id='word_1_439' title='bbox 816 2936 884 2966; x_wconf 89' lang='lat' dir='ltr'>Nos</span> <span class='ocrx_word' id='word_1_440' title='bbox 899 2937 1049 2967; x_wconf 87' lang='lat' dir='ltr'>habueritis</span> <span class='ocrx_word' id='word_1_441' title='bbox 1064 2939 1092 2967; x_wconf 89' lang='lat' dir='ltr'>in</span> <span class='ocrx_word' id='word_1_442' title='bbox 1111 2936 1232 2968; x_wconf 90' lang='lat' dir='ltr'>Manda-</span> 
     </span>
     <span class='ocr_line' id='line_1_65' title="bbox 169 2972 1230 3012; baseline 0.006 -10"><span class='ocrx_word' id='word_1_443' title='bbox 169 2972 219 3009; x_wconf 74' lang='lat' dir='ltr'>tis,</span> <span class='ocrx_word' id='word_1_444' title='bbox 237 2972 287 3002; x_wconf 90' lang='lat' dir='ltr'>sub</span> <span class='ocrx_word' id='word_1_445' title='bbox 308 2972 399 3002; x_wconf 86' lang='lat' dir='ltr'>Poena</span> <span class='ocrx_word' id='word_1_446' title='bbox 413 2974 568 3012; x_wconf 69' lang='lat' dir='ltr'>antediem,</span> <span class='ocrx_word' id='word_1_447' title='bbox 587 2973 722 3004; x_wconf 90' lang='lat' dir='ltr'>custodiri</span> <span class='ocrx_word' id='word_1_448' title='bbox 744 2975 864 3012; x_wconf 72' lang='lat' dir='ltr'>faciatis,</span> <span class='ocrx_word' id='word_1_449' title='bbox 883 2974 1048 3006; x_wconf 89' lang='lat' dir='ltr'>Intentionis</span> <span class='ocrx_word' id='word_1_450' title='bbox 1069 2976 1172 3006; x_wconf 77' lang='lat' dir='ltr'>nostrae</span> <span class='ocrx_word' id='word_1_451' title='bbox 1196 2978 1230 3008; x_wconf 64' lang='grc' dir='ltr'>ὃς</span> 
     </span>
     <span class='ocr_line' id='line_1_66' title="bbox 169 3010 1231 3051; baseline 0.006 -11"><span class='ocrx_word' id='word_1_452' title='bbox 169 3010 239 3040; x_wconf 70' lang='lat' dir='ltr'>dieti</span> <span class='ocrx_word' id='word_1_453' title='bbox 254 3010 380 3041; x_wconf 89' lang='lat' dir='ltr'>Concilii</span> <span class='ocrx_word' id='word_1_454' title='bbox 398 3012 486 3042; x_wconf 89' lang='lat' dir='ltr'>nostri</span> <span class='ocrx_word' id='word_1_455' title='bbox 500 3021 594 3043; x_wconf 82' lang='lat' dir='ltr'>tamen</span> <span class='ocrx_word' id='word_1_456' title='bbox 608 3022 667 3042; x_wconf 86' lang='lat' dir='ltr'>non</span> <span class='ocrx_word' id='word_1_457' title='bbox 682 3013 774 3043; x_wconf 77' lang='lat' dir='ltr'>existit</span> <span class='ocrx_word' id='word_1_458' title='bbox 788 3013 867 3051; x_wconf 83' lang='lat' dir='ltr'>quod</span> <span class='ocrx_word' id='word_1_459' title='bbox 883 3024 931 3051; x_wconf 89' lang='lat' dir='ltr'>per</span> <span class='ocrx_word' id='word_1_460' title='bbox 946 3013 1154 3045; x_wconf 85' lang='lat' dir='ltr'>Detentionem</span> <span class='ocrx_word' id='word_1_461' title='bbox 1177 3015 1231 3046; x_wconf 91' lang='lat' dir='ltr'>hu-</span> 
     </span>
     <span class='ocr_line' id='line_1_67' title="bbox 0 3048 1231 3091; baseline 0.006 -14"><span class='ocrx_word' id='word_1_462' title='bbox 0 3059 1 3084; x_wconf 66' lang='lat' dir='ltr'>i</span> <span class='ocrx_word' id='word_1_463' title='bbox 166 3048 304 3086; x_wconf 74' lang='lat' dir='ltr'>iusmodi,</span> <span class='ocrx_word' id='word_1_464' title='bbox 324 3049 523 3087; x_wconf 77' lang='lat' dir='ltr'>praejudicium</span> <span class='ocrx_word' id='word_1_465' title='bbox 537 3050 666 3089; x_wconf 78' lang='lat' dir='ltr'>aliquod,</span> <span class='ocrx_word' id='word_1_466' title='bbox 683 3060 782 3082; x_wconf 91' lang='lat' dir='ltr'>contra</span> <span class='ocrx_word' id='word_1_467' title='bbox 798 3051 1001 3082; x_wconf 84' lang='lat' dir='ltr'>Commodum</span> <span class='ocrx_word' id='word_1_468' title='bbox 1023 3053 1163 3091; x_wconf 88' lang='lat' dir='ltr'>vestrum,</span> <span class='ocrx_word' id='word_1_469' title='bbox 1182 3055 1231 3084; x_wconf 87' lang='lat' dir='ltr'>ha·-</span> 
     </span>
     <span class='ocr_line' id='line_1_68' title="bbox 0 3086 1231 3133; baseline 0.006 -18"><span class='ocrx_word' id='word_1_470' title='bbox 0 3118 1 3133; x_wconf 17' lang='grc' dir='ltr'><strong>χ</strong></span> <span class='ocrx_word' id='word_1_471' title='bbox 170 3086 229 3117; x_wconf 74' lang='lat' dir='ltr'>bita</span> <span class='ocrx_word' id='word_1_472' title='bbox 240 3088 317 3124; x_wconf 74' lang='lat' dir='ltr'>prius</span> <span class='ocrx_word' id='word_1_473' title='bbox 332 3088 399 3118; x_wconf 79' lang='lat' dir='ltr'>inde</span> <span class='ocrx_word' id='word_1_474' title='bbox 412 3088 601 3120; x_wconf 88' lang='lat' dir='ltr'>Ordinatione</span> <span class='ocrx_word' id='word_1_475' title='bbox 618 3089 686 3120; x_wconf 68' lang='lat' dir='ltr'>dieti</span> <span class='ocrx_word' id='word_1_476' title='bbox 702 3088 827 3121; x_wconf 86' lang='lat' dir='ltr'>Concilii</span> <span class='ocrx_word' id='word_1_477' title='bbox 847 3090 954 3129; x_wconf 89' lang='lat' dir='ltr'>nostri,</span> <span class='ocrx_word' id='word_1_478' title='bbox 974 3092 1123 3130; x_wconf 85' lang='lat' dir='ltr'>aliqualiter</span> <span class='ocrx_word' id='word_1_479' title='bbox 1143 3103 1231 3130; x_wconf 87' lang='lat' dir='ltr'>gene-</span> 
     </span>
     <span class='ocr_line' id='line_1_69' title="bbox 0 3134 254 3172; baseline 0 -18"><span class='ocrx_word' id='word_1_480' title='bbox 0 3140 1 3172; x_wconf 44' lang='lat' dir='ltr'>i</span> <span class='ocrx_word' id='word_1_481' title='bbox 169 3134 254 3154; x_wconf 89' lang='lat' dir='ltr'>rerur.</span> 
     </span>
     <span class='ocr_line' id='line_1_70' title="bbox 0 3174 1 3194; baseline 0 0"><span class='ocrx_word' id='word_1_482' title='bbox 0 3174 1 3194; x_wconf 75' lang='lat' dir='ltr'>i</span> 
     </span>
    </p>
   </div>
   <div class='ocr_carea' id='block_1_17' title="bbox 208 3162 1187 3207">
    <p class='ocr_par' dir='ltr' id='par_1_30' title="bbox 208 3162 1187 3207">
     <span class='ocr_line' id='line_1_71' title="bbox 208 3162 1187 3207; baseline 0.007 -14"><span class='ocrx_word' id='word_1_483' title='bbox 208 3162 296 3194; x_wconf 89' lang='lat' dir='ltr'>Teste</span> <span class='ocrx_word' id='word_1_484' title='bbox 312 3163 394 3203; x_wconf 85' lang='lat' dir='ltr'>Rege</span> <span class='ocrx_word' id='word_1_485' title='bbox 409 3165 482 3203; x_wconf 83' lang='lat' dir='ltr'>apud</span> <span class='ocrx_word' id='word_1_486' title='bbox 497 3167 670 3205; x_wconf 68' lang='lat' dir='ltr'>cantebrigg.</span> <span class='ocrx_word' id='word_1_487' title='bbox 686 3167 822 3199; x_wconf 72' lang='lat' dir='ltr'>vicesimo</span> <span class='ocrx_word' id='word_1_488' title='bbox 835 3169 936 3206; x_wconf 90' lang='lat' dir='ltr'>quinto</span> <span class='ocrx_word' id='word_1_489' title='bbox 950 3168 995 3199; x_wconf 91' lang='lat' dir='ltr'>die</span> <span class='ocrx_word' id='word_1_490' title='bbox 1007 3168 1187 3207; x_wconf 84' lang='lat' dir='ltr'>Septembris.</span> 
     </span>
    </p>
   </div>
   <div class='ocr_carea' id='block_1_18' title="bbox 2 2442 151 2712">
    <p class='ocr_par' dir='ltr' id='par_1_31' title="bbox 2 2442 151 2712">
     <span class='ocr_line' id='line_1_72' title="bbox 2 2442 147 2476; baseline -0.014 0"><span class='ocrx_word' id='word_1_491' title='bbox 2 2442 93 2476; x_wconf 59' lang='lat' dir='ltr'>imm.</span> <span class='ocrx_word' id='word_1_492' title='bbox 106 2444 147 2475; x_wconf 93' lang='lat' dir='ltr'>D.</span> 
     </span>
     <span class='ocr_line' id='line_1_73' title="bbox 42 2484 124 2524; baseline -0.012 -10"><span class='ocrx_word' id='word_1_493' title='bbox 42 2484 124 2524; x_wconf 82' lang='lat'><em>1388.</em></span> 
     </span>
     <span class='ocr_line' id='line_1_74' title="bbox 4 2527 133 2551; baseline 0 -1"><span class='ocrx_word' id='word_1_494' title='bbox 4 2527 69 2551; x_wconf 54' lang='lat' dir='ltr'>idn.</span> <span class='ocrx_word' id='word_1_495' title='bbox 91 2533 133 2551; x_wconf 89' lang='lat'>12.</span> 
     </span>
     <span class='ocr_line' id='line_1_75' title="bbox 22 2566 95 2590; baseline -0.027 0"><span class='ocrx_word' id='word_1_496' title='bbox 22 2566 52 2590; x_wconf 84' lang='lat' dir='ltr'>R.</span> <span class='ocrx_word' id='word_1_497' title='bbox 70 2571 95 2588; x_wconf 87' lang='lat'>2.</span> 
     </span>
     <span class='ocr_line' id='line_1_76' title="bbox 21 2599 151 2637; baseline 0.008 -10"><span class='ocrx_word' id='word_1_498' title='bbox 21 2599 151 2637; x_wconf 68' lang='lat' dir='ltr'>Clarus-12.</span> 
     </span>
     <span class='ocr_line' id='line_1_77' title="bbox 22 2641 148 2667; baseline 0.024 -2"><span class='ocrx_word' id='word_1_499' title='bbox 22 2641 50 2665; x_wconf 79' lang='lat' dir='ltr'>R.</span> <span class='ocrx_word' id='word_1_500' title='bbox 70 2648 95 2667; x_wconf 90' lang='lat'>2.</span> <span class='ocrx_word' id='word_1_501' title='bbox 113 2649 148 2667; x_wconf 87' lang='lat' dir='ltr'>m.</span> 
     </span>
     <span class='ocr_line' id='line_1_78' title="bbox 24 2684 65 2712; baseline -0.024 0"><span class='ocrx_word' id='word_1_502' title='bbox 24 2684 65 2712; x_wconf 84' lang='lat'>35·</span> 
     </span>
    </p>
   </div>
   <div class='ocr_carea' id='block_1_19' title="bbox 335 3240 1156 3285">
    <p class='ocr_par' dir='ltr' id='par_1_32' title="bbox 335 3240 1156 3285">
     <span class='ocr_line' id='line_1_79' title="bbox 335 3240 1156 3285; baseline 0.009 -16"><span class='ocrx_word' id='word_1_503' title='bbox 335 3242 388 3270; x_wconf 84' lang='lat' dir='ltr'>Per</span> <span class='ocrx_word' id='word_1_504' title='bbox 403 3240 485 3280; x_wconf 72' lang='lat' dir='ltr'>ipst&#39;tm</span> <span class='ocrx_word' id='word_1_505' title='bbox 497 3244 591 3280; x_wconf 85' lang='lat' dir='ltr'>Regem</span> <span class='ocrx_word' id='word_1_506' title='bbox 604 3241 642 3277; x_wconf 60' lang='grc' dir='ltr'>ᾤ’</span> <span class='ocrx_word' id='word_1_507' title='bbox 655 3244 755 3274; x_wconf 64' lang='lat' dir='ltr'>ditium</span> <span class='ocrx_word' id='word_1_508' title='bbox 771 3246 905 3282; x_wconf 82' lang='lat' dir='ltr'>Magnum</span> <span class='ocrx_word' id='word_1_509' title='bbox 921 3244 1063 3275; x_wconf 70' lang='lat' dir='ltr'>Concilium</span> <span class='ocrx_word' id='word_1_510' title='bbox 1068 3245 1156 3285; x_wconf 75' lang='lat' dir='ltr'>ficum.</span> 
     </span>
    </p>
   </div>
   <div class='ocr_carea' id='block_1_20' title="bbox 389 3318 1195 3328">
    <p class='ocr_par' dir='ltr' id='par_1_33' title="bbox 389 3318 1195 3328">
     <span class='ocr_line' id='line_1_80' title="bbox 389 3318 1195 3328; baseline 0 0"><span class='ocrx_word' id='word_1_511' title='bbox 389 3318 1195 3328; x_wconf 95' lang='lat' dir='ltr'> </span> 
     </span>
    </p>
   </div>
   <div class='ocr_carea' id='block_1_21' title="bbox 391 3374 1014 3420">
    <p class='ocr_par' dir='ltr' id='par_1_34' title="bbox 391 3374 1014 3420">
     <span class='ocr_line' id='line_1_81' title="bbox 391 3374 1014 3420; baseline 0.006 -14"><span class='ocrx_word' id='word_1_512' title='bbox 391 3376 450 3407; x_wconf 87' lang='lat' dir='ltr'>Pro</span> <span class='ocrx_word' id='word_1_513' title='bbox 470 3376 637 3420; x_wconf 74' lang='lat' dir='ltr'>capitaneis</span> <span class='ocrx_word' id='word_1_514' title='bbox 654 3378 684 3407; x_wconf 90' lang='lat' dir='ltr'>in</span> <span class='ocrx_word' id='word_1_515' title='bbox 702 3374 844 3408; x_wconf 84' lang='lat' dir='ltr'>Partibus</span> <span class='ocrx_word' id='word_1_516' title='bbox 861 3377 1014 3411; x_wconf 80' lang='lat' dir='ltr'>Picardiae.</span> 
     </span>
    </p>
   </div>
   <div class='ocr_carea' id='block_1_22' title="bbox 0 3447 1239 4104">
    <p class='ocr_par' dir='ltr' id='par_1_35' title="bbox 0 3447 1239 4104">
     <span class='ocr_line' id='line_1_82' title="bbox 0 3447 1043 3514; baseline 0.008 -30"><span class='ocrx_word' id='word_1_517' title='bbox 0 3447 2 3484; x_wconf 69' lang='grc' dir='ltr'>ξ</span> <span class='ocrx_word' id='word_1_518' title='bbox 27 3474 54 3507; x_wconf 65' lang='lat' dir='ltr'>A</span> <span class='ocrx_word' id='word_1_519' title='bbox 112 3475 144 3507; x_wconf 84' lang='lat' dir='ltr'>D</span> <span class='ocrx_word' id='word_1_520' title='bbox 173 3456 287 3514; x_wconf 77' lang='lat' dir='ltr'>REX</span> <span class='ocrx_word' id='word_1_521' title='bbox 302 3458 451 3490; x_wconf 82' lang='lat' dir='ltr'>Univerfis</span> <span class='ocrx_word' id='word_1_522' title='bbox 465 3459 499 3490; x_wconf 66' lang='grc' dir='ltr'>ὃς</span> <span class='ocrx_word' id='word_1_523' title='bbox 514 3459 624 3499; x_wconf 73' lang='lat' dir='ltr'>singulis</span> <span class='ocrx_word' id='word_1_524' title='bbox 639 3459 813 3499; x_wconf 83' lang='lat' dir='ltr'>Admirallis,</span> <span class='ocrx_word' id='word_1_525' title='bbox 831 3462 892 3493; x_wconf 86' lang='lat' dir='ltr'>&amp;c.</span> <span class='ocrx_word' id='word_1_526' title='bbox 909 3461 1043 3494; x_wconf 85' lang='lat' dir='ltr'>Salutem.</span> 
     </span>
     <span class='ocr_line' id='line_1_83' title="bbox 0 3485 1235 3542; baseline 0.007 -19"><span class='ocrx_word' id='word_1_527' title='bbox 0 3500 3 3539; x_wconf 60' lang='grc' dir='ltr'>ι</span> <span class='ocrx_word' id='word_1_528' title='bbox 56 3485 102 3506; x_wconf 70' lang='lat'>‘¹⁰&#39;</span> <span class='ocrx_word' id='word_1_529' title='bbox 147 3498 155 3506; x_wconf 78' lang='lat'>⁶</span> <span class='ocrx_word' id='word_1_530' title='bbox 264 3496 466 3534; x_wconf 63' lang='lat' dir='ltr'>supplicarunt</span> <span class='ocrx_word' id='word_1_531' title='bbox 478 3498 559 3527; x_wconf 90' lang='lat' dir='ltr'>nobis</span> <span class='ocrx_word' id='word_1_532' title='bbox 588 3498 706 3529; x_wconf 65' lang='lat' dir='ltr'>dileetus</span> <span class='ocrx_word' id='word_1_533' title='bbox 723 3499 824 3529; x_wconf 90' lang='lat' dir='ltr'>Fidelis</span> <span class='ocrx_word' id='word_1_534' title='bbox 837 3501 869 3531; x_wconf 85' lang='lat'><strong>&amp;</strong></span> <span class='ocrx_word' id='word_1_535' title='bbox 885 3500 998 3531; x_wconf 89' lang='lat' dir='ltr'>Consan</span> <span class='ocrx_word' id='word_1_536' title='bbox 1020 3502 1116 3532; x_wconf 85' lang='lat' dir='ltr'>uineus</span> <span class='ocrx_word' id='word_1_537' title='bbox 1130 3501 1235 3542; x_wconf 83' lang='lat' dir='ltr'>noster,</span> 
     </span>
     <span class='ocr_line' id='line_1_84' title="bbox 0 3510 1236 3609; baseline 0.01 -51"><span class='ocrx_word' id='word_1_538' title='bbox 0 3542 3 3558; x_wconf 70' lang='grc' dir='ltr'>ε</span> <span class='ocrx_word' id='word_1_539' title='bbox 27 3515 129 3581; x_wconf 47' lang='grc' dir='ltr'>Λξιῖἱζὲ</span> <span class='ocrx_word' id='word_1_540' title='bbox 176 3533 339 3564; x_wconf 82' lang='lat' dir='ltr'>Willielmus</span> <span class='ocrx_word' id='word_1_541' title='bbox 356 3535 527 3578; x_wconf 81' lang='lat' dir='ltr'>Beauchamp</span> <span class='ocrx_word' id='word_1_542' title='bbox 542 3521 713 3581; x_wconf 64' lang='lat' dir='ltr'>C&#39;apitaneus</span> <span class='ocrx_word' id='word_1_543' title='bbox 730 3537 814 3568; x_wconf 86' lang='lat' dir='ltr'>Villae</span> <span class='ocrx_word' id='word_1_544' title='bbox 834 3538 938 3569; x_wconf 87' lang='lat' dir='ltr'>nostrae</span> <span class='ocrx_word' id='word_1_545' title='bbox 961 3510 1080 3583; x_wconf 38' lang='lat' dir='ltr'>Cassefii,</span> <span class='ocrx_word' id='word_1_546' title='bbox 1100 3540 1236 3609; x_wconf 48' lang='lat' dir='ltr'>Philipgm</span> 
     </span>
     <span class='ocr_line' id='line_1_85' title="bbox 0 3562 1235 3619; baseline 0.012 -25"><span class='ocrx_word' id='word_1_547' title='bbox 0 3562 4 3594; x_wconf 87' lang='grc' dir='ltr'>Ι</span> <span class='ocrx_word' id='word_1_548' title='bbox 28 3593 47 3619; x_wconf 63' lang='lat' dir='ltr'>R</span> <span class='ocrx_word' id='word_1_549' title='bbox 71 3576 77 3581; x_wconf 89' lang='lat'><strong>·</strong></span> <span class='ocrx_word' id='word_1_550' title='bbox 135 3577 141 3583; x_wconf 93' lang='grc'><em>·</em></span> <span class='ocrx_word' id='word_1_551' title='bbox 176 3573 204 3604; x_wconf 89' lang='lat' dir='ltr'>la</span> <span class='ocrx_word' id='word_1_552' title='bbox 218 3573 304 3602; x_wconf 81' lang='lat' dir='ltr'>Vache</span> <span class='ocrx_word' id='word_1_553' title='bbox 321 3572 490 3610; x_wconf 70' lang='lat' dir='ltr'>capitaneus</span> <span class='ocrx_word' id='word_1_554' title='bbox 504 3573 598 3604; x_wconf 81' lang='lat' dir='ltr'>Castri</span> <span class='ocrx_word' id='word_1_555' title='bbox 613 3575 719 3614; x_wconf 89' lang='lat' dir='ltr'>nostri,</span> <span class='ocrx_word' id='word_1_556' title='bbox 866 3577 984 3608; x_wconf 60' lang='lat' dir='ltr'>dilectus</span> <span class='ocrx_word' id='word_1_557' title='bbox 997 3578 1125 3609; x_wconf 84' lang='lat' dir='ltr'>Clericus</span> <span class='ocrx_word' id='word_1_558' title='bbox 1139 3589 1179 3609; x_wconf 89' lang='lat' dir='ltr'>no</span> <span class='ocrx_word' id='word_1_559' title='bbox 1205 3590 1235 3610; x_wconf 89' lang='lat' dir='ltr'>er</span> 
     </span>
     <span class='ocr_line' id='line_1_86' title="bbox 29 3602 1237 3658; baseline 0.006 -17"><span class='ocrx_word' id='word_1_560' title='bbox 29 3612 65 3658; x_wconf 52' lang='lat'>121·</span> <span class='ocrx_word' id='word_1_561' title='bbox 66 3602 121 3657; x_wconf 52' lang='lat' dir='ltr'>jem</span> <span class='ocrx_word' id='word_1_562' title='bbox 174 3615 288 3655; x_wconf 73' lang='lat' dir='ltr'>Rogerus</span> <span class='ocrx_word' id='word_1_563' title='bbox 304 3611 418 3655; x_wconf 64' lang='lat' dir='ltr'>qulden</span> <span class='ocrx_word' id='word_1_564' title='bbox 433 3612 629 3656; x_wconf 61' lang='lat' dir='ltr'>Thestiurarius</span> <span class='ocrx_word' id='word_1_565' title='bbox 643 3613 738 3645; x_wconf 91' lang='lat' dir='ltr'>noster</span> <span class='ocrx_word' id='word_1_566' title='bbox 750 3614 873 3653; x_wconf 90' lang='lat' dir='ltr'>ejusdem</span> <span class='ocrx_word' id='word_1_567' title='bbox 890 3616 989 3656; x_wconf 82' lang='lat' dir='ltr'>Villae,</span> <span class='ocrx_word' id='word_1_568' title='bbox 1008 3627 1041 3647; x_wconf 92' lang='lat' dir='ltr'>ac</span> <span class='ocrx_word' id='word_1_569' title='bbox 1056 3617 1100 3647; x_wconf 86' lang='lat' dir='ltr'>alii</span> <span class='ocrx_word' id='word_1_570' title='bbox 1122 3616 1237 3656; x_wconf 86' lang='lat' dir='ltr'>Capita—</span> 
     </span>
     <span class='ocr_line' id='line_1_87' title="bbox 6 3650 635 3695; baseline 0.005 -15"><span class='ocrx_word' id='word_1_571' title='bbox 6 3679 13 3687; x_wconf 83' lang='grc'>,,</span> <span class='ocrx_word' id='word_1_572' title='bbox 29 3671 54 3695; x_wconf 68' lang='lat' dir='ltr'><em>m</em></span> <span class='ocrx_word' id='word_1_573' title='bbox 81 3652 132 3695; x_wconf 71' lang='lat'>28⁸</span> <span class='ocrx_word' id='word_1_574' title='bbox 175 3652 221 3681; x_wconf 90' lang='lat' dir='ltr'>nei</span> <span class='ocrx_word' id='word_1_575' title='bbox 234 3661 262 3679; x_wconf 81' lang='lat' dir='ltr'>in</span> <span class='ocrx_word' id='word_1_576' title='bbox 280 3652 402 3688; x_wconf 78' lang='lat' dir='ltr'>parribus</span> <span class='ocrx_word' id='word_1_577' title='bbox 418 3650 568 3690; x_wconf 76' lang='lat' dir='ltr'>Picardioe,</span> <span class='ocrx_word' id='word_1_578' title='bbox 587 3661 635 3691; x_wconf 85' lang='lat' dir='ltr'>ut,</span> 
     </span>
     <span class='ocr_line' id='line_1_88' title="bbox 58 3687 1238 3732; baseline 0.006 -14"><span class='ocrx_word' id='word_1_579' title='bbox 58 3689 64 3696; x_wconf 94' lang='lat'>&#39;</span> <span class='ocrx_word' id='word_1_580' title='bbox 119 3690 126 3697; x_wconf 85' lang='lat'><strong>‘</strong></span> <span class='ocrx_word' id='word_1_581' title='bbox 213 3688 293 3719; x_wconf 76' lang='lat' dir='ltr'>Cum</span> <span class='ocrx_word' id='word_1_582' title='bbox 316 3689 364 3725; x_wconf 71' lang='lat' dir='ltr'>ipsi</span> <span class='ocrx_word' id='word_1_583' title='bbox 387 3689 491 3720; x_wconf 83' lang='lat' dir='ltr'>diversa</span> <span class='ocrx_word' id='word_1_584' title='bbox 512 3687 621 3727; x_wconf 86' lang='lat' dir='ltr'>Boves,</span> <span class='ocrx_word' id='word_1_585' title='bbox 637 3690 735 3729; x_wconf 84' lang='lat' dir='ltr'>Oves,</span> <span class='ocrx_word' id='word_1_586' title='bbox 753 3692 787 3723; x_wconf 89' lang='lat'>&amp;</span> <span class='ocrx_word' id='word_1_587' title='bbox 807 3691 858 3722; x_wconf 83' lang='lat' dir='ltr'>alia</span> <span class='ocrx_word' id='word_1_588' title='bbox 882 3692 1034 3732; x_wconf 85' lang='lat' dir='ltr'>Animalia,</span> <span class='ocrx_word' id='word_1_589' title='bbox 1053 3693 1088 3725; x_wconf 87' lang='lat' dir='ltr'>de</span> <span class='ocrx_word' id='word_1_590' title='bbox 1110 3693 1238 3725; x_wconf 87' lang='lat' dir='ltr'>Inimicis</span> 
     </span>
     <span class='ocr_line' id='line_1_89' title="bbox 174 3727 1238 3795; baseline 0.008 -39"><span class='ocrx_word' id='word_1_591' title='bbox 174 3727 360 3795; x_wconf 71' lang='lat' dir='ltr'>nostri8,dper</span> <span class='ocrx_word' id='word_1_592' title='bbox 373 3729 447 3758; x_wconf 91' lang='lat' dir='ltr'>viam</span> <span class='ocrx_word' id='word_1_593' title='bbox 461 3728 583 3759; x_wconf 87' lang='lat' dir='ltr'>Guerrae</span> <span class='ocrx_word' id='word_1_594' title='bbox 596 3729 748 3767; x_wconf 79' lang='lat' dir='ltr'>cepissent‚</span> <span class='ocrx_word' id='word_1_595' title='bbox 765 3731 799 3761; x_wconf 90' lang='lat'>&amp;</span> <span class='ocrx_word' id='word_1_596' title='bbox 815 3730 923 3770; x_wconf 88' lang='lat' dir='ltr'>adhuc,</span> <span class='ocrx_word' id='word_1_597' title='bbox 947 3731 1016 3762; x_wconf 91' lang='lat' dir='ltr'>Deo</span> <span class='ocrx_word' id='word_1_598' title='bbox 1038 3732 1138 3771; x_wconf 84' lang='lat' dir='ltr'>dante,</span> <span class='ocrx_word' id='word_1_599' title='bbox 1156 3743 1238 3771; x_wconf 86' lang='lat' dir='ltr'>cape-</span> 
     </span>
     <span class='ocr_line' id='line_1_90' title="bbox 176 3775 366 3796; baseline 0.011 -2"><span class='ocrx_word' id='word_1_600' title='bbox 176 3775 207 3795; x_wconf 90' lang='lat' dir='ltr'>re</span> <span class='ocrx_word' id='word_1_601' title='bbox 222 3775 297 3795; x_wconf 85' lang='lat' dir='ltr'>inten</span> <span class='ocrx_word' id='word_1_602' title='bbox 320 3775 366 3796; x_wconf 68' lang='lat' dir='ltr'>ant</span> 
     </span>
     <span class='ocr_line' id='line_1_91' title="bbox 215 3790 1238 3846; baseline 0.006 -13"><span class='ocrx_word' id='word_1_603' title='bbox 215 3801 325 3839; x_wconf 76' lang='lat' dir='ltr'>Ipsique</span> <span class='ocrx_word' id='word_1_604' title='bbox 341 3790 485 3845; x_wconf 52' lang='lat' dir='ltr'>Cipitariei</span> <span class='ocrx_word' id='word_1_605' title='bbox 500 3806 532 3835; x_wconf 85' lang='lat'>&amp;</span> <span class='ocrx_word' id='word_1_606' title='bbox 547 3805 743 3836; x_wconf 81' lang='lat' dir='ltr'>Thesaurarius</span> <span class='ocrx_word' id='word_1_607' title='bbox 756 3816 814 3835; x_wconf 91' lang='lat' dir='ltr'>non</span> <span class='ocrx_word' id='word_1_608' title='bbox 829 3806 948 3837; x_wconf 88' lang='lat' dir='ltr'>habeant</span> <span class='ocrx_word' id='word_1_609' title='bbox 966 3808 995 3837; x_wconf 89' lang='lat' dir='ltr'>in</span> <span class='ocrx_word' id='word_1_610' title='bbox 1014 3807 1095 3839; x_wconf 66' lang='lat' dir='ltr'>dietis</span> <span class='ocrx_word' id='word_1_611' title='bbox 1116 3809 1238 3846; x_wconf 84' lang='lat' dir='ltr'>partibus</span> 
     </span>
     <span class='ocr_line' id='line_1_92' title="bbox 178 3841 1239 3885; baseline 0.006 -13"><span class='ocrx_word' id='word_1_612' title='bbox 178 3841 253 3872; x_wconf 89' lang='lat' dir='ltr'>unde</span> <span class='ocrx_word' id='word_1_613' title='bbox 276 3841 383 3880; x_wconf 87' lang='lat' dir='ltr'>Boves,</span> <span class='ocrx_word' id='word_1_614' title='bbox 402 3845 498 3881; x_wconf 56' lang='lat' dir='ltr'>Oves,</span> <span class='ocrx_word' id='word_1_615' title='bbox 517 3845 550 3875; x_wconf 66' lang='grc' dir='ltr'>ὃς</span> <span class='ocrx_word' id='word_1_616' title='bbox 570 3844 710 3874; x_wconf 86' lang='lat' dir='ltr'>Animalia</span> <span class='ocrx_word' id='word_1_617' title='bbox 729 3845 862 3882; x_wconf 65' lang='lat' dir='ltr'>praedieta</span> <span class='ocrx_word' id='word_1_618' title='bbox 885 3845 1032 3877; x_wconf 81' lang='lat' dir='ltr'>sustentare</span> <span class='ocrx_word' id='word_1_619' title='bbox 1055 3849 1087 3878; x_wconf 92' lang='lat'>&amp;</span> <span class='ocrx_word' id='word_1_620' title='bbox 1100 3847 1239 3885; x_wconf 84' lang='lat' dir='ltr'>pasturare</span> 
     </span>
     <span class='ocr_line' id='line_1_93' title="bbox 178 3878 1238 3920; baseline 0.008 -12"><span class='ocrx_word' id='word_1_621' title='bbox 178 3878 309 3917; x_wconf 81' lang='lat' dir='ltr'>poffunt,</span> <span class='ocrx_word' id='word_1_622' title='bbox 329 3891 413 3916; x_wconf 88' lang='lat' dir='ltr'>prout</span> <span class='ocrx_word' id='word_1_623' title='bbox 427 3892 480 3920; x_wconf 90' lang='lat' dir='ltr'>pro</span> <span class='ocrx_word' id='word_1_624' title='bbox 495 3882 654 3912; x_wconf 87' lang='lat' dir='ltr'>commodo</span> <span class='ocrx_word' id='word_1_625' title='bbox 670 3882 784 3920; x_wconf 87' lang='lat' dir='ltr'>nostro,</span> <span class='ocrx_word' id='word_1_626' title='bbox 803 3884 836 3914; x_wconf 72' lang='grc' dir='ltr'>ὃ(</span> <span class='ocrx_word' id='word_1_627' title='bbox 857 3883 1026 3915; x_wconf 85' lang='lat' dir='ltr'>sustentione</span> <span class='ocrx_word' id='word_1_628' title='bbox 1048 3885 1093 3915; x_wconf 90' lang='lat' dir='ltr'>sua</span> <span class='ocrx_word' id='word_1_629' title='bbox 1114 3895 1148 3915; x_wconf 91' lang='lat' dir='ltr'>ac</span> <span class='ocrx_word' id='word_1_630' title='bbox 1170 3887 1238 3915; x_wconf 82' lang='lat' dir='ltr'>alio—</span> 
     </span>
     <span class='ocr_line' id='line_1_94' title="bbox 179 3917 1239 3961; baseline 0.007 -13"><span class='ocrx_word' id='word_1_631' title='bbox 179 3927 244 3948; x_wconf 89' lang='lat' dir='ltr'>rum</span> <span class='ocrx_word' id='word_1_632' title='bbox 261 3917 396 3961; x_wconf 74' lang='lat' dir='ltr'>Fidelium</span> <span class='ocrx_word' id='word_1_633' title='bbox 410 3920 591 3957; x_wconf 73' lang='lat' dir='ltr'>nostrorum,</span> <span class='ocrx_word' id='word_1_634' title='bbox 609 3921 715 3951; x_wconf 88' lang='lat' dir='ltr'>ibidem</span> <span class='ocrx_word' id='word_1_635' title='bbox 732 3923 759 3951; x_wconf 92' lang='lat' dir='ltr'>in</span> <span class='ocrx_word' id='word_1_636' title='bbox 776 3920 923 3960; x_wconf 86' lang='lat' dir='ltr'>Obsequio</span> <span class='ocrx_word' id='word_1_637' title='bbox 937 3922 1049 3961; x_wconf 88' lang='lat' dir='ltr'>nostro,</span> <span class='ocrx_word' id='word_1_638' title='bbox 1068 3924 1097 3953; x_wconf 87' lang='lat' dir='ltr'>in</span> <span class='ocrx_word' id='word_1_639' title='bbox 1113 3923 1239 3955; x_wconf 89' lang='lat' dir='ltr'>Comiti-</span> 
     </span>
     <span class='ocr_line' id='line_1_95' title="bbox 179 3956 989 4000; baseline 0.006 -14"><span class='ocrx_word' id='word_1_640' title='bbox 179 3966 214 3988; x_wconf 83' lang='lat' dir='ltr'>va</span> <span class='ocrx_word' id='word_1_641' title='bbox 230 3956 273 3985; x_wconf 90' lang='lat' dir='ltr'>sua</span> <span class='ocrx_word' id='word_1_642' title='bbox 285 3956 478 3997; x_wconf 79' lang='lat' dir='ltr'>existentium,</span> <span class='ocrx_word' id='word_1_643' title='bbox 496 3959 645 3997; x_wconf 79' lang='lat' dir='ltr'>expediens</span> <span class='ocrx_word' id='word_1_644' title='bbox 660 3960 751 3996; x_wconf 85' lang='lat' dir='ltr'>foret,</span> <span class='ocrx_word' id='word_1_645' title='bbox 769 3968 799 3989; x_wconf 92' lang='lat' dir='ltr'>ut</span> <span class='ocrx_word' id='word_1_646' title='bbox 811 3962 989 4000; x_wconf 86' lang='lat' dir='ltr'>accepimus,</span> 
     </span>
     <span class='ocr_line' id='line_1_96' title="bbox 220 3993 1238 4036; baseline 0.008 -13"><span class='ocrx_word' id='word_1_647' title='bbox 220 3993 463 4036; x_wconf 58' lang='lat' dir='ltr'>Velinniseisdein</span> <span class='ocrx_word' id='word_1_648' title='bbox 479 3997 638 4036; x_wconf 89' lang='lat' dir='ltr'>Capitaneis</span> <span class='ocrx_word' id='word_1_649' title='bbox 652 3999 685 4030; x_wconf 89' lang='lat'>&amp;</span> <span class='ocrx_word' id='word_1_650' title='bbox 700 3998 887 4029; x_wconf 86' lang='lat' dir='ltr'>Thesaurario</span> <span class='ocrx_word' id='word_1_651' title='bbox 903 3999 1061 4030; x_wconf 87' lang='lat' dir='ltr'>Licentiam</span> <span class='ocrx_word' id='word_1_652' title='bbox 1080 3999 1238 4032; x_wconf 86' lang='lat' dir='ltr'>concedere</span> 
     </span>
     <span class='ocr_line' id='line_1_97' title="bbox 182 4032 1238 4104; baseline 0.009 -42"><span class='ocrx_word' id='word_1_653' title='bbox 182 4032 545 4104; x_wconf 44' lang='lat' dir='ltr'>quodromnlialhrssusriillodi</span> <span class='ocrx_word' id='word_1_654' title='bbox 560 4037 701 4069; x_wconf 85' lang='lat' dir='ltr'>Animalia</span> <span class='ocrx_word' id='word_1_655' title='bbox 708 4059 718 4076; x_wconf 89' lang='lat'>,</span> <span class='ocrx_word' id='word_1_656' title='bbox 736 4036 772 4069; x_wconf 94' lang='lat' dir='ltr'>de</span> <span class='ocrx_word' id='word_1_657' title='bbox 784 4036 910 4070; x_wconf 85' lang='lat' dir='ltr'>Inimicis</span> <span class='ocrx_word' id='word_1_658' title='bbox 923 4037 1024 4070; x_wconf 86' lang='lat' dir='ltr'>nostris</span> <span class='ocrx_word' id='word_1_659' title='bbox 1037 4038 1076 4070; x_wconf 82' lang='lat' dir='ltr'>sic</span> <span class='ocrx_word' id='word_1_660' title='bbox 1088 4047 1167 4078; x_wconf 82' lang='lat' dir='ltr'>capta</span> <span class='ocrx_word' id='word_1_661' title='bbox 1176 4039 1238 4077; x_wconf 84' lang='lat' dir='ltr'>,seu</span> 
     </span>
     <span class='ocr_line' id='line_1_98' title="bbox 277 4081 554 4103; baseline 0.004 -3"><span class='ocrx_word' id='word_1_662' title='bbox 277 4081 326 4101; x_wconf 86' lang='lat' dir='ltr'>om.</span> <span class='ocrx_word' id='word_1_663' title='bbox 393 4095 400 4102; x_wconf 92' lang='lat'><strong>.</strong></span> <span class='ocrx_word' id='word_1_664' title='bbox 440 4096 447 4103; x_wconf 92' lang='lat'><strong>.</strong></span> <span class='ocrx_word' id='word_1_665' title='bbox 510 4096 517 4103; x_wconf 92' lang='lat'>.</span> <span class='ocrx_word' id='word_1_666' title='bbox 550 4097 554 4101; x_wconf 83' lang='grc'>,</span> 
     </span>
    </p>
   </div>
   <div class='ocr_carea' id='block_1_23' title="bbox 1241 222 2450 1143">
    <p class='ocr_par' dir='ltr' id='par_1_36' title="bbox 1242 222 2450 318">
     <span class='ocr_line' id='line_1_99' title="bbox 1242 222 2450 272; baseline 0.017 -20"><span class='ocrx_word' id='word_1_667' title='bbox 1242 222 1430 267; x_wconf 75' lang='lat' dir='ltr'>imposterum</span> <span class='ocrx_word' id='word_1_668' title='bbox 1451 226 1599 271; x_wconf 72' lang='lat' dir='ltr'>capienda,</span> <span class='ocrx_word' id='word_1_669' title='bbox 1615 228 1689 271; x_wconf 78' lang='lat' dir='ltr'>infra</span> <span class='ocrx_word' id='word_1_670' title='bbox 1710 228 1847 266; x_wconf 88' lang='lat' dir='ltr'>Regnum</span> <span class='ocrx_word' id='word_1_671' title='bbox 1868 231 1998 264; x_wconf 88' lang='lat' dir='ltr'>nostrum</span> <span class='ocrx_word' id='word_1_672' title='bbox 2021 226 2066 265; x_wconf 81' lang='lat' dir='ltr'>An</span> <span class='ocrx_word' id='word_1_673' title='bbox 2087 225 2146 272; x_wconf 79' lang='lat' dir='ltr'>liae,</span> <span class='ocrx_word' id='word_1_674' title='bbox 2173 234 2208 267; x_wconf 86' lang='lat' dir='ltr'>ad</span> <span class='ocrx_word' id='word_1_675' title='bbox 2228 235 2296 270; x_wconf 87' lang='lat' dir='ltr'>Ma-</span> <span class='ocrx_word' id='word_1_676' title='bbox 2316 237 2392 270; x_wconf 89' lang='lat' dir='ltr'>Ann.</span> <span class='ocrx_word' id='word_1_677' title='bbox 2408 232 2450 272; x_wconf 50' lang='lat' dir='ltr'>DE</span> 
     </span>
     <span class='ocr_line' id='line_1_100' title="bbox 1242 243 2432 318; baseline 0.017 -28"><span class='ocrx_word' id='word_1_678' title='bbox 1242 271 1319 292; x_wconf 83' lang='lat' dir='ltr'>neria</span> <span class='ocrx_word' id='word_1_679' title='bbox 1330 263 1363 292; x_wconf 67' lang='grc' dir='ltr'>ὃς</span> <span class='ocrx_word' id='word_1_680' title='bbox 1377 262 1488 294; x_wconf 73' lang='lat' dir='ltr'>Placeas</span> <span class='ocrx_word' id='word_1_681' title='bbox 1502 264 1563 302; x_wconf 90' lang='lat' dir='ltr'>sua,</span> <span class='ocrx_word' id='word_1_682' title='bbox 1582 266 1687 296; x_wconf 81' lang='lat' dir='ltr'>ibidem</span> <span class='ocrx_word' id='word_1_683' title='bbox 1702 267 1863 304; x_wconf 86' lang='lat' dir='ltr'>pasturanda</span> <span class='ocrx_word' id='word_1_684' title='bbox 1875 271 1908 302; x_wconf 68' lang='grc' dir='ltr'>ὃς</span> <span class='ocrx_word' id='word_1_685' title='bbox 1921 243 2095 304; x_wconf 52' lang='lat' dir='ltr'>suste-mantia</span> <span class='ocrx_word' id='word_1_686' title='bbox 2109 273 2247 305; x_wconf 89' lang='lat' dir='ltr'>adducere</span> <span class='ocrx_word' id='word_1_687' title='bbox 2346 280 2432 318; x_wconf 85' lang='lat'>1388.</span> 
     </span>
    </p>

    <p class='ocr_par' dir='ltr' id='par_1_37' title="bbox 1241 298 2412 635">
     <span class='ocr_line' id='line_1_101' title="bbox 1279 298 2412 352; baseline 0.016 -24"><span class='ocrx_word' id='word_1_688' title='bbox 1279 298 1316 330; x_wconf 83' lang='lat' dir='ltr'>Et</span> <span class='ocrx_word' id='word_1_689' title='bbox 1336 301 1434 330; x_wconf 83' lang='lat' dir='ltr'>eadem</span> <span class='ocrx_word' id='word_1_690' title='bbox 1454 303 1608 340; x_wconf 85' lang='lat' dir='ltr'>Animalia,</span> <span class='ocrx_word' id='word_1_691' title='bbox 1627 314 1742 335; x_wconf 86' lang='lat' dir='ltr'>necnon</span> <span class='ocrx_word' id='word_1_692' title='bbox 1763 316 1952 347; x_wconf 75' lang='lat' dir='ltr'>quaecumque</span> <span class='ocrx_word' id='word_1_693' title='bbox 1974 310 2024 341; x_wconf 90' lang='lat' dir='ltr'>alia</span> <span class='ocrx_word' id='word_1_694' title='bbox 2046 311 2201 352; x_wconf 67' lang='lat' dir='ltr'>Vistualia,</span> <span class='ocrx_word' id='word_1_695' title='bbox 2227 314 2255 344; x_wconf 90' lang='lat' dir='ltr'>in</span> <span class='ocrx_word' id='word_1_696' title='bbox 2282 325 2298 345; x_wconf 90' lang='lat' dir='ltr'>a</span> <span class='ocrx_word' id='word_1_697' title='bbox 2318 318 2368 345; x_wconf 77' lang='lat' dir='ltr'>Ric.</span> <span class='ocrx_word' id='word_1_698' title='bbox 2385 327 2412 348; x_wconf 85' lang='lat'>2.</span> 
     </span>
     <span class='ocr_line' id='line_1_102' title="bbox 1243 337 2300 390; baseline 0.016 -24"><span class='ocrx_word' id='word_1_699' title='bbox 1243 337 1380 373; x_wconf 63' lang='lat' dir='ltr'>Regnum</span> <span class='ocrx_word' id='word_1_700' title='bbox 1401 339 1529 370; x_wconf 87' lang='lat' dir='ltr'>nostrum</span> <span class='ocrx_word' id='word_1_701' title='bbox 1551 342 1719 379; x_wconf 61' lang='lat' dir='ltr'>praedietum</span> <span class='ocrx_word' id='word_1_702' title='bbox 1740 344 1846 382; x_wconf 89' lang='lat' dir='ltr'>provisa</span> <span class='ocrx_word' id='word_1_703' title='bbox 1863 348 1897 377; x_wconf 74' lang='grc' dir='ltr'>δε</span> <span class='ocrx_word' id='word_1_704' title='bbox 1916 357 2029 379; x_wconf 69' lang='lat' dir='ltr'>exnunc</span> <span class='ocrx_word' id='word_1_705' title='bbox 2048 351 2239 390; x_wconf 85' lang='lat' dir='ltr'>providenda,</span> <span class='ocrx_word' id='word_1_706' title='bbox 2263 353 2300 383; x_wconf 87' lang='lat' dir='ltr'>ab</span> 
     </span>
     <span class='ocr_line' id='line_1_103' title="bbox 1241 372 2300 426; baseline 0.014 -20"><span class='ocrx_word' id='word_1_707' title='bbox 1241 372 1346 420; x_wconf 73' lang='lat' dir='ltr'>eodem</span> <span class='ocrx_word' id='word_1_708' title='bbox 1362 377 1466 421; x_wconf 81' lang='lat' dir='ltr'>Regno</span> <span class='ocrx_word' id='word_1_709' title='bbox 1481 378 1598 422; x_wconf 71' lang='lat' dir='ltr'>nostro,</span> <span class='ocrx_word' id='word_1_710' title='bbox 1616 382 1701 419; x_wconf 92' lang='lat' dir='ltr'>usque</span> <span class='ocrx_word' id='word_1_711' title='bbox 1712 381 1818 413; x_wconf 61' lang='lat' dir='ltr'>dietam</span> <span class='ocrx_word' id='word_1_712' title='bbox 1833 383 1937 414; x_wconf 87' lang='lat' dir='ltr'>Villam</span> <span class='ocrx_word' id='word_1_713' title='bbox 1952 385 2069 426; x_wconf 85' lang='lat' dir='ltr'>Calefii,</span> <span class='ocrx_word' id='word_1_714' title='bbox 2087 390 2121 420; x_wconf 91' lang='lat'>&amp;</span> <span class='ocrx_word' id='word_1_715' title='bbox 2133 389 2183 419; x_wconf 87' lang='lat' dir='ltr'>alia</span> <span class='ocrx_word' id='word_1_716' title='bbox 2204 389 2300 421; x_wconf 76' lang='lat' dir='ltr'>Forta-</span> 
     </span>
     <span class='ocr_line' id='line_1_104' title="bbox 1243 414 2303 460; baseline 0.016 -17"><span class='ocrx_word' id='word_1_717' title='bbox 1243 414 1299 458; x_wconf 79' lang='lat' dir='ltr'>lirra</span> <span class='ocrx_word' id='word_1_718' title='bbox 1315 414 1460 453; x_wconf 83' lang='lat' dir='ltr'>nostra,in</span> <span class='ocrx_word' id='word_1_719' title='bbox 1476 419 1596 453; x_wconf 84' lang='lat' dir='ltr'>partibus</span> <span class='ocrx_word' id='word_1_720' title='bbox 1611 420 1768 460; x_wconf 56' lang='lat' dir='ltr'>praedietis,</span> <span class='ocrx_word' id='word_1_721' title='bbox 1779 431 1830 459; x_wconf 89' lang='lat' dir='ltr'>pro</span> <span class='ocrx_word' id='word_1_722' title='bbox 1839 421 2045 455; x_wconf 85' lang='lat' dir='ltr'>Sustentatione</span> <span class='ocrx_word' id='word_1_723' title='bbox 2059 427 2227 459; x_wconf 88' lang='lat' dir='ltr'>eorumdem</span> <span class='ocrx_word' id='word_1_724' title='bbox 2243 428 2303 459; x_wconf 84' lang='lat' dir='ltr'>Ca·-</span> 
     </span>
     <span class='ocr_line' id='line_1_105' title="bbox 1244 455 2301 506; baseline 0.016 -25"><span class='ocrx_word' id='word_1_725' title='bbox 1244 461 1420 496; x_wconf 73' lang='lat' dir='ltr'>pitaneorum</span> <span class='ocrx_word' id='word_1_726' title='bbox 1430 477 1438 491; x_wconf 86' lang='lat'>,</span> <span class='ocrx_word' id='word_1_727' title='bbox 1457 455 1491 484; x_wconf 70' lang='grc' dir='ltr'>ὃς</span> <span class='ocrx_word' id='word_1_728' title='bbox 1506 455 1696 496; x_wconf 80' lang='lat' dir='ltr'>Thesaurarii‚</span> <span class='ocrx_word' id='word_1_729' title='bbox 1712 469 1744 489; x_wconf 88' lang='lat' dir='ltr'>ac</span> <span class='ocrx_word' id='word_1_730' title='bbox 1759 460 1877 490; x_wconf 85' lang='lat' dir='ltr'>aliorum</span> <span class='ocrx_word' id='word_1_731' title='bbox 1891 461 1915 491; x_wconf 88' lang='lat' dir='ltr'>F</span> <span class='ocrx_word' id='word_1_732' title='bbox 1917 462 2032 493; x_wconf 88' lang='lat' dir='ltr'>idelium</span> <span class='ocrx_word' id='word_1_733' title='bbox 2046 465 2205 496; x_wconf 87' lang='lat' dir='ltr'>nostrorum</span> <span class='ocrx_word' id='word_1_734' title='bbox 2228 477 2301 506; x_wconf 84' lang='lat' dir='ltr'>prae-</span> 
     </span>
     <span class='ocr_line' id='line_1_106' title="bbox 1244 491 2302 538; baseline 0.016 -19"><span class='ocrx_word' id='word_1_735' title='bbox 1244 491 1404 529; x_wconf 64' lang='lat' dir='ltr'>dithorum,</span> <span class='ocrx_word' id='word_1_736' title='bbox 1423 492 1525 536; x_wconf 71' lang='lat' dir='ltr'>absque</span> <span class='ocrx_word' id='word_1_737' title='bbox 1542 493 1682 526; x_wconf 89' lang='lat' dir='ltr'>Custuma</span> <span class='ocrx_word' id='word_1_738' title='bbox 1700 496 1744 527; x_wconf 91' lang='lat' dir='ltr'>seu</span> <span class='ocrx_word' id='word_1_739' title='bbox 1765 497 1911 537; x_wconf 83' lang='lat' dir='ltr'>Subsidio,</span> <span class='ocrx_word' id='word_1_740' title='bbox 1937 499 1971 530; x_wconf 86' lang='lat' dir='ltr'>ad</span> <span class='ocrx_word' id='word_1_741' title='bbox 1994 501 2076 538; x_wconf 87' lang='lat' dir='ltr'>Opus</span> <span class='ocrx_word' id='word_1_742' title='bbox 2099 504 2228 535; x_wconf 89' lang='lat' dir='ltr'>nostrum</span> <span class='ocrx_word' id='word_1_743' title='bbox 2247 505 2302 536; x_wconf 88' lang='lat' dir='ltr'>sol-</span> 
     </span>
     <span class='ocr_line' id='line_1_107' title="bbox 1245 528 2302 581; baseline 0.016 -23"><span class='ocrx_word' id='word_1_744' title='bbox 1245 528 1359 574; x_wconf 77' lang='lat' dir='ltr'>vendo,</span> <span class='ocrx_word' id='word_1_745' title='bbox 1378 538 1461 574; x_wconf 75' lang='lat' dir='ltr'>prout</span> <span class='ocrx_word' id='word_1_746' title='bbox 1476 532 1527 560; x_wconf 79' lang='lat' dir='ltr'>irbi</span> <span class='ocrx_word' id='word_1_747' title='bbox 1543 529 1684 563; x_wconf 88' lang='lat' dir='ltr'>videbitur</span> <span class='ocrx_word' id='word_1_748' title='bbox 1696 536 1840 575; x_wconf 84' lang='lat' dir='ltr'>expedire,</span> <span class='ocrx_word' id='word_1_749' title='bbox 1858 538 2003 569; x_wconf 83' lang='lat' dir='ltr'>traducere</span> <span class='ocrx_word' id='word_1_750' title='bbox 2023 541 2056 572; x_wconf 89' lang='lat'>&amp;</span> <span class='ocrx_word' id='word_1_751' title='bbox 2076 543 2177 574; x_wconf 86' lang='lat' dir='ltr'>cariare</span> <span class='ocrx_word' id='word_1_752' title='bbox 2197 543 2302 581; x_wconf 85' lang='lat' dir='ltr'>poffint</span> 
     </span>
     <span class='ocr_line' id='line_1_108' title="bbox 1246 568 1524 635; baseline 0.007 -38"><span class='ocrx_word' id='word_1_753' title='bbox 1246 568 1323 635; x_wconf 34' lang='lat' dir='ltr'>hefft?</span> <span class='ocrx_word' id='word_1_754' title='bbox 1340 569 1373 598; x_wconf 89' lang='lat'>&amp;</span> <span class='ocrx_word' id='word_1_755' title='bbox 1388 570 1524 607; x_wconf 79' lang='lat' dir='ltr'>lmpune,</span> 
     </span>
    </p>

    <p class='ocr_par' dir='ltr' id='par_1_38' title="bbox 1322 616 1371 644">
     <span class='ocr_line' id='line_1_109' title="bbox 1322 616 1371 644; baseline 0.02 -9"><span class='ocrx_word' id='word_1_756' title='bbox 1322 616 1371 644; x_wconf 82' lang='lat' dir='ltr'>os,</span> 
     </span>
    </p>

    <p class='ocr_par' dir='ltr' id='par_1_39' title="bbox 1285 644 1896 691">
     <span class='ocr_line' id='line_1_110' title="bbox 1285 644 1896 691; baseline 0.016 -18"><span class='ocrx_word' id='word_1_757' title='bbox 1285 644 1488 682; x_wconf 75' lang='lat' dir='ltr'>supplicationi</span> <span class='ocrx_word' id='word_1_758' title='bbox 1502 645 1557 677; x_wconf 83' lang='lat' dir='ltr'>suae</span> <span class='ocrx_word' id='word_1_759' title='bbox 1571 647 1714 687; x_wconf 61' lang='lat' dir='ltr'>praedifbae</span> <span class='ocrx_word' id='word_1_760' title='bbox 1728 656 1896 691; x_wconf 75' lang='lat' dir='ltr'>annuenteS,</span> 
     </span>
    </p>

    <p class='ocr_par' dir='ltr' id='par_1_40' title="bbox 1247 681 2308 883">
     <span class='ocr_line' id='line_1_111' title="bbox 1287 681 2305 741; baseline 0.018 -30"><span class='ocrx_word' id='word_1_761' title='bbox 1287 681 1377 726; x_wconf 85' lang='lat' dir='ltr'>Vobis</span> <span class='ocrx_word' id='word_1_762' title='bbox 1398 684 1430 714; x_wconf 87' lang='lat'>&amp;</span> <span class='ocrx_word' id='word_1_763' title='bbox 1451 684 1567 727; x_wconf 82' lang='lat' dir='ltr'>cuilibet</span> <span class='ocrx_word' id='word_1_764' title='bbox 1590 685 1717 717; x_wconf 68' lang='lat' dir='ltr'>vestrum</span> <span class='ocrx_word' id='word_1_765' title='bbox 1738 688 1910 721; x_wconf 78' lang='lat' dir='ltr'>Mandamus</span> <span class='ocrx_word' id='word_1_766' title='bbox 1925 715 1935 729; x_wconf 91' lang='lat'>,</span> <span class='ocrx_word' id='word_1_767' title='bbox 1972 692 2086 725; x_wconf 80' lang='lat' dir='ltr'>firmiter</span> <span class='ocrx_word' id='word_1_768' title='bbox 2104 696 2280 741; x_wconf 81' lang='lat' dir='ltr'>injungentes</span> <span class='ocrx_word' id='word_1_769' title='bbox 2295 722 2305 735; x_wconf 90' lang='lat'>,</span> 
     </span>
     <span class='ocr_line' id='line_1_112' title="bbox 1247 721 2306 773; baseline 0.017 -25"><span class='ocrx_word' id='word_1_770' title='bbox 1247 721 1328 764; x_wconf 61' lang='lat' dir='ltr'>qiiod</span> <span class='ocrx_word' id='word_1_771' title='bbox 1342 721 1612 765; x_wconf 33' lang='lat' dir='ltr'>ipsos&#39;CapitaneOS,</span> <span class='ocrx_word' id='word_1_772' title='bbox 1630 726 1663 756; x_wconf 88' lang='lat'>&amp;</span> <span class='ocrx_word' id='word_1_773' title='bbox 1678 725 1913 767; x_wconf 65' lang='lat' dir='ltr'>Theiauiai‘iurn,</span> <span class='ocrx_word' id='word_1_774' title='bbox 1930 730 2003 761; x_wconf 67' lang='lat' dir='ltr'>dieta</span> <span class='ocrx_word' id='word_1_775' title='bbox 2020 732 2172 773; x_wconf 87' lang='lat' dir='ltr'>Animalia,</span> <span class='ocrx_word' id='word_1_776' title='bbox 2190 745 2219 764; x_wconf 84' lang='lat' dir='ltr'>in</span> <span class='ocrx_word' id='word_1_777' title='bbox 2234 745 2306 773; x_wconf 84' lang='lat' dir='ltr'>prae-</span> 
     </span>
     <span class='ocr_line' id='line_1_113' title="bbox 1250 759 2307 811; baseline 0.017 -24"><span class='ocrx_word' id='word_1_778' title='bbox 1250 759 1332 788; x_wconf 67' lang='lat' dir='ltr'>distis</span> <span class='ocrx_word' id='word_1_779' title='bbox 1351 760 1488 798; x_wconf 82' lang='lat' dir='ltr'>partibus,</span> <span class='ocrx_word' id='word_1_780' title='bbox 1513 761 1549 792; x_wconf 91' lang='lat' dir='ltr'>de</span> <span class='ocrx_word' id='word_1_781' title='bbox 1566 761 1691 793; x_wconf 88' lang='lat' dir='ltr'>Inimicis</span> <span class='ocrx_word' id='word_1_782' title='bbox 1712 765 1830 804; x_wconf 87' lang='lat' dir='ltr'>nostris,</span> <span class='ocrx_word' id='word_1_783' title='bbox 1856 775 1886 797; x_wconf 89' lang='lat' dir='ltr'>ut</span> <span class='ocrx_word' id='word_1_784' title='bbox 1908 769 2071 805; x_wconf 67' lang='lat' dir='ltr'>praedictum</span> <span class='ocrx_word' id='word_1_785' title='bbox 2092 771 2149 811; x_wconf 85' lang='lat' dir='ltr'>est,</span> <span class='ocrx_word' id='word_1_786' title='bbox 2173 781 2252 811; x_wconf 88' lang='lat' dir='ltr'>capta</span> <span class='ocrx_word' id='word_1_787' title='bbox 2272 776 2307 805; x_wconf 72' lang='grc' dir='ltr'>δε</span> 
     </span>
     <span class='ocr_line' id='line_1_114' title="bbox 1250 798 2308 850; baseline 0.017 -25"><span class='ocrx_word' id='word_1_788' title='bbox 1250 805 1363 840; x_wconf 78' lang='lat' dir='ltr'>exnunc</span> <span class='ocrx_word' id='word_1_789' title='bbox 1381 798 1530 843; x_wconf 85' lang='lat' dir='ltr'>capienda,</span> <span class='ocrx_word' id='word_1_790' title='bbox 1547 800 1632 838; x_wconf 91' lang='lat' dir='ltr'>usque</span> <span class='ocrx_word' id='word_1_791' title='bbox 1651 801 1789 838; x_wconf 83' lang='lat' dir='ltr'>Regnum</span> <span class='ocrx_word' id='word_1_792' title='bbox 1810 805 1938 835; x_wconf 90' lang='lat' dir='ltr'>nostrum</span> <span class='ocrx_word' id='word_1_793' title='bbox 1963 809 2131 844; x_wconf 71' lang='lat' dir='ltr'>praediCtum</span> <span class='ocrx_word' id='word_1_794' title='bbox 2150 811 2308 850; x_wconf 86' lang='lat' dir='ltr'>adducere,</span> 
     </span>
     <span class='ocr_line' id='line_1_115' title="bbox 1251 834 2067 883; baseline 0.015 -19"><span class='ocrx_word' id='word_1_795' title='bbox 1251 834 1376 873; x_wconf 81' lang='lat' dir='ltr'>ibidem,</span> <span class='ocrx_word' id='word_1_796' title='bbox 1395 845 1425 866; x_wconf 88' lang='lat' dir='ltr'>ut</span> <span class='ocrx_word' id='word_1_797' title='bbox 1441 836 1620 876; x_wconf 79' lang='lat' dir='ltr'>praedicitur,</span> <span class='ocrx_word' id='word_1_798' title='bbox 1638 838 1806 872; x_wconf 79' lang='lat' dir='ltr'>Pasturanda</span> <span class='ocrx_word' id='word_1_799' title='bbox 1821 844 1854 874; x_wconf 89' lang='lat'>&amp;</span> <span class='ocrx_word' id='word_1_800' title='bbox 1868 843 2067 883; x_wconf 76' lang='lat' dir='ltr'>sustentanda,</span> 
     </span>
    </p>

    <p class='ocr_par' dir='ltr' id='par_1_41' title="bbox 1252 873 2437 1143">
     <span class='ocr_line' id='line_1_116' title="bbox 1288 873 2437 928; baseline 0.017 -27"><span class='ocrx_word' id='word_1_801' title='bbox 1288 874 1306 892; x_wconf 48' lang='grc' dir='ltr'>ἢ*</span> <span class='ocrx_word' id='word_1_802' title='bbox 1326 873 1363 903; x_wconf 90' lang='lat' dir='ltr'>Et</span> <span class='ocrx_word' id='word_1_803' title='bbox 1377 874 1475 904; x_wconf 88' lang='lat' dir='ltr'>eadem</span> <span class='ocrx_word' id='word_1_804' title='bbox 1487 875 1642 920; x_wconf 84' lang='lat' dir='ltr'>Animalia,</span> <span class='ocrx_word' id='word_1_805' title='bbox 1660 888 1693 908; x_wconf 89' lang='lat' dir='ltr'>ac</span> <span class='ocrx_word' id='word_1_806' title='bbox 1709 888 1897 919; x_wconf 66' lang='lat' dir='ltr'>quaecumque</span> <span class='ocrx_word' id='word_1_807' title='bbox 1914 883 1962 912; x_wconf 86' lang='lat' dir='ltr'>alia</span> <span class='ocrx_word' id='word_1_808' title='bbox 1978 883 2132 923; x_wconf 58' lang='lat' dir='ltr'>Vidiualia,</span> <span class='ocrx_word' id='word_1_809' title='bbox 2145 886 2214 918; x_wconf 87' lang='lat' dir='ltr'>infra</span> <span class='ocrx_word' id='word_1_810' title='bbox 2228 887 2309 928; x_wconf 83' lang='lat' dir='ltr'>Reg-</span> <span class='ocrx_word' id='word_1_811' title='bbox 2332 894 2347 911; x_wconf 70' lang='lat'>¹*</span> <span class='ocrx_word' id='word_1_812' title='bbox 2369 894 2437 925; x_wconf 82' lang='lat' dir='ltr'>VII.</span> 
     </span>
     <span class='ocr_line' id='line_1_117' title="bbox 1252 911 2398 962; baseline 0.017 -22"><span class='ocrx_word' id='word_1_813' title='bbox 1252 911 1474 955; x_wconf 34' lang='lat' dir='ltr'>num-nostrum</span> <span class='ocrx_word' id='word_1_814' title='bbox 1497 915 1685 955; x_wconf 54' lang='lat' dir='ltr'>praedictum,</span> <span class='ocrx_word' id='word_1_815' title='bbox 1704 928 1755 953; x_wconf 90' lang='lat' dir='ltr'>pro</span> <span class='ocrx_word' id='word_1_816' title='bbox 1778 918 1942 951; x_wconf 85' lang='lat' dir='ltr'>Garnistura</span> <span class='ocrx_word' id='word_1_817' title='bbox 1958 921 2037 951; x_wconf 79' lang='lat' dir='ltr'>Villae</span> <span class='ocrx_word' id='word_1_818' title='bbox 2050 924 2084 954; x_wconf 70' lang='grc' dir='ltr'>ὃς</span> <span class='ocrx_word' id='word_1_819' title='bbox 2098 924 2307 957; x_wconf 87' lang='lat' dir='ltr'>Fortalitiorum</span> <span class='ocrx_word' id='word_1_820' title='bbox 2334 933 2398 962; x_wconf 72' lang='lat'>608.</span> 
     </span>
     <span class='ocr_line' id='line_1_118' title="bbox 1252 949 2310 1001; baseline 0.016 -23"><span class='ocrx_word' id='word_1_821' title='bbox 1252 949 1474 989; x_wconf 60' lang='lat' dir='ltr'>praedictorum,</span> <span class='ocrx_word' id='word_1_822' title='bbox 1492 954 1530 983; x_wconf 77' lang='lat' dir='ltr'>iic</span> <span class='ocrx_word' id='word_1_823' title='bbox 1551 955 1659 990; x_wconf 86' lang='lat' dir='ltr'>provisa</span> <span class='ocrx_word' id='word_1_824' title='bbox 1678 956 1711 985; x_wconf 70' lang='grc' dir='ltr'>ὃ(</span> <span class='ocrx_word' id='word_1_825' title='bbox 1729 965 1840 987; x_wconf 84' lang='lat' dir='ltr'>exnunc</span> <span class='ocrx_word' id='word_1_826' title='bbox 1860 960 2048 999; x_wconf 87' lang='lat' dir='ltr'>providenda,</span> <span class='ocrx_word' id='word_1_827' title='bbox 2077 961 2113 992; x_wconf 92' lang='lat' dir='ltr'>de</span> <span class='ocrx_word' id='word_1_828' title='bbox 2131 969 2260 1001; x_wconf 87' lang='lat' dir='ltr'>ternpore</span> <span class='ocrx_word' id='word_1_829' title='bbox 2280 967 2310 994; x_wconf 91' lang='lat' dir='ltr'>in</span> 
     </span>
     <span class='ocr_line' id='line_1_119' title="bbox 1252 989 2311 1037; baseline 0.015 -20"><span class='ocrx_word' id='word_1_830' title='bbox 1252 997 1378 1026; x_wconf 85' lang='lat' dir='ltr'>tempus,</span> <span class='ocrx_word' id='word_1_831' title='bbox 1396 989 1498 1026; x_wconf 85' lang='lat' dir='ltr'>absque</span> <span class='ocrx_word' id='word_1_832' title='bbox 1514 989 1652 1022; x_wconf 87' lang='lat' dir='ltr'>Custuma</span> <span class='ocrx_word' id='word_1_833' title='bbox 1668 993 1713 1023; x_wconf 91' lang='lat' dir='ltr'>seu</span> <span class='ocrx_word' id='word_1_834' title='bbox 1726 994 1853 1025; x_wconf 79' lang='lat' dir='ltr'>Subfidio</span> <span class='ocrx_word' id='word_1_835' title='bbox 1888 997 1954 1028; x_wconf 80' lang='lat' dir='ltr'>inde</span> <span class='ocrx_word' id='word_1_836' title='bbox 1968 999 2001 1028; x_wconf 91' lang='lat' dir='ltr'>ad</span> <span class='ocrx_word' id='word_1_837' title='bbox 2014 1009 2086 1037; x_wconf 86' lang='lat' dir='ltr'>opus</span> <span class='ocrx_word' id='word_1_838' title='bbox 2104 1000 2235 1031; x_wconf 90' lang='lat' dir='ltr'>nostrum</span> <span class='ocrx_word' id='word_1_839' title='bbox 2257 1003 2311 1032; x_wconf 87' lang='lat' dir='ltr'>sol-</span> 
     </span>
     <span class='ocr_line' id='line_1_120' title="bbox 1253 1020 2311 1078; baseline 0.015 -23"><span class='ocrx_word' id='word_1_840' title='bbox 1253 1026 1364 1069; x_wconf 75' lang='lat' dir='ltr'>vendo,</span> <span class='ocrx_word' id='word_1_841' title='bbox 1384 1037 1432 1064; x_wconf 89' lang='lat' dir='ltr'>per</span> <span class='ocrx_word' id='word_1_842' title='bbox 1446 1028 1482 1058; x_wconf 91' lang='lat' dir='ltr'>Se</span> <span class='ocrx_word' id='word_1_843' title='bbox 1496 1030 1528 1060; x_wconf 68' lang='grc' dir='ltr'>ὅ(</span> <span class='ocrx_word' id='word_1_844' title='bbox 1544 1029 1780 1075; x_wconf 29' lang='grc' dir='ltr'>Περυωςοειῑυοε</span> <span class='ocrx_word' id='word_1_845' title='bbox 1794 1020 1957 1074; x_wconf 63' lang='lat' dir='ltr'>praedictos,</span> <span class='ocrx_word' id='word_1_846' title='bbox 1976 1037 2119 1069; x_wconf 87' lang='lat' dir='ltr'>traducere</span> <span class='ocrx_word' id='word_1_847' title='bbox 2133 1041 2311 1078; x_wconf 71' lang='lat' dir='ltr'>permittatis,</span> 
     </span>
     <span class='ocr_line' id='line_1_121' title="bbox 1255 1066 2313 1117; baseline 0.016 -24"><span class='ocrx_word' id='word_1_848' title='bbox 1255 1066 1480 1109; x_wconf 78' lang='lat' dir='ltr'>quibuicumque</span> <span class='ocrx_word' id='word_1_849' title='bbox 1500 1067 1788 1108; x_wconf 79' lang='lat' dir='ltr'>Proclamationibus,</span> <span class='ocrx_word' id='word_1_850' title='bbox 1812 1070 2060 1113; x_wconf 86' lang='lat' dir='ltr'>Ordinationibus,</span> <span class='ocrx_word' id='word_1_851' title='bbox 2086 1076 2132 1108; x_wconf 88' lang='lat' dir='ltr'>seu</span> <span class='ocrx_word' id='word_1_852' title='bbox 2154 1076 2313 1117; x_wconf 50' lang='lat' dir='ltr'>Mandata,</span> 
     </span>
     <span class='ocr_line' id='line_1_122' title="bbox 1255 1106 1857 1143; baseline 0.013 -12"><span class='ocrx_word' id='word_1_853' title='bbox 1255 1113 1284 1132; x_wconf 82' lang='lat' dir='ltr'>in</span> <span class='ocrx_word' id='word_1_854' title='bbox 1299 1113 1473 1134; x_wconf 79' lang='lat' dir='ltr'>contrarium</span> <span class='ocrx_word' id='word_1_855' title='bbox 1489 1106 1582 1143; x_wconf 63' lang='lat' dir='ltr'>factis,</span> <span class='ocrx_word' id='word_1_856' title='bbox 1601 1117 1659 1137; x_wconf 90' lang='lat' dir='ltr'>non</span> <span class='ocrx_word' id='word_1_857' title='bbox 1674 1108 1857 1140; x_wconf 83' lang='lat' dir='ltr'>obstantibus.</span> 
     </span>
    </p>
   </div>
   <div class='ocr_carea' id='block_1_24' title="bbox 1289 1141 2265 1187">
    <p class='ocr_par' dir='ltr' id='par_1_42' title="bbox 1289 1141 2265 1187">
     <span class='ocr_line' id='line_1_123' title="bbox 1289 1141 2265 1187; baseline 0.012 -16"><span class='ocrx_word' id='word_1_858' title='bbox 1289 1141 1378 1173; x_wconf 85' lang='lat' dir='ltr'>Teste</span> <span class='ocrx_word' id='word_1_859' title='bbox 1391 1142 1474 1181; x_wconf 82' lang='lat' dir='ltr'>Rege</span> <span class='ocrx_word' id='word_1_860' title='bbox 1490 1145 1562 1181; x_wconf 84' lang='lat' dir='ltr'>apud</span> <span class='ocrx_word' id='word_1_861' title='bbox 1577 1145 1850 1187; x_wconf 78' lang='lat' dir='ltr'>Wstmonasterium,</span> <span class='ocrx_word' id='word_1_862' title='bbox 1868 1148 1984 1182; x_wconf 63' lang='lat' dir='ltr'>Ostavo</span> <span class='ocrx_word' id='word_1_863' title='bbox 2000 1151 2058 1183; x_wconf 87' lang='lat' dir='ltr'>Die</span> <span class='ocrx_word' id='word_1_864' title='bbox 2073 1152 2265 1185; x_wconf 87' lang='lat' dir='ltr'>Novembris.</span> 
     </span>
    </p>
   </div>
   <div class='ocr_carea' id='block_1_25' title="bbox 1994 1229 2211 1260">
    <p class='ocr_par' dir='ltr' id='par_1_43' title="bbox 1994 1229 2211 1260">
     <span class='ocr_line' id='line_1_124' title="bbox 1994 1229 2211 1260; baseline 0.009 -2"><span class='ocrx_word' id='word_1_865' title='bbox 1994 1231 2045 1258; x_wconf 83' lang='lat' dir='ltr'>Per</span> <span class='ocrx_word' id='word_1_866' title='bbox 2060 1229 2211 1260; x_wconf 82' lang='lat' dir='ltr'>Concilium.</span> 
     </span>
    </p>
   </div>
   <div class='ocr_carea' id='block_1_26' title="bbox 1268 1301 2319 1317">
    <p class='ocr_par' dir='ltr' id='par_1_44' title="bbox 1268 1301 2319 1317">
     <span class='ocr_line' id='line_1_125' title="bbox 1268 1301 2319 1317; baseline 0 2934"><span class='ocrx_word' id='word_1_867' title='bbox 1268 1301 2319 1317; x_wconf 95' lang='lat' dir='ltr'> </span> 
     </span>
    </p>
   </div>
   <div class='ocr_carea' id='block_1_27' title="bbox 1378 1347 2202 1395">
    <p class='ocr_par' dir='ltr' id='par_1_45' title="bbox 1378 1347 2202 1395">
     <span class='ocr_line' id='line_1_126' title="bbox 1378 1347 2202 1395; baseline 0.011 -15"><span class='ocrx_word' id='word_1_868' title='bbox 1378 1349 1426 1380; x_wconf 88' lang='lat' dir='ltr'>De</span> <span class='ocrx_word' id='word_1_869' title='bbox 1434 1348 1524 1392; x_wconf 75' lang='lat' dir='ltr'><em>fizlvo</em></span> <span class='ocrx_word' id='word_1_870' title='bbox 1543 1347 1693 1381; x_wconf 60' lang='lat' dir='ltr'>Condustn</span> <span class='ocrx_word' id='word_1_871' title='bbox 1709 1360 1762 1395; x_wconf 81' lang='lat' dir='ltr'>pro</span> <span class='ocrx_word' id='word_1_872' title='bbox 1779 1350 1883 1384; x_wconf 80' lang='lat' dir='ltr'>Amlm</span> <span class='ocrx_word' id='word_1_873' title='bbox 1904 1352 2047 1386; x_wconf 65' lang='lat' dir='ltr'>tatoribus</span> <span class='ocrx_word' id='word_1_874' title='bbox 2062 1357 2202 1390; x_wconf 82' lang='lat' dir='ltr'>Franciae.</span> 
     </span>
    </p>
   </div>
   <div class='ocr_carea' id='block_1_28' title="bbox 1259 1431 2475 1789">
    <p class='ocr_par' dir='ltr' id='par_1_46' title="bbox 1259 1431 2475 1729">
     <span class='ocr_line' id='line_1_127' title="bbox 1316 1431 2460 1484; baseline 0.014 -24"><span class='ocrx_word' id='word_1_875' title='bbox 1316 1431 1340 1460; x_wconf 80' lang='lat' dir='ltr'>E</span> <span class='ocrx_word' id='word_1_876' title='bbox 1356 1431 1425 1476; x_wconf 76' lang='lat' dir='ltr'>Rov</span> <span class='ocrx_word' id='word_1_877' title='bbox 1441 1441 1456 1462; x_wconf 89' lang='lat' dir='ltr'>a</span> <span class='ocrx_word' id='word_1_878' title='bbox 1470 1440 1540 1463; x_wconf 89' lang='lat' dir='ltr'>touz</span> <span class='ocrx_word' id='word_1_879' title='bbox 1553 1433 1591 1475; x_wconf 84' lang='lat' dir='ltr'>ses</span> <span class='ocrx_word' id='word_1_880' title='bbox 1606 1433 1807 1474; x_wconf 86' lang='lat' dir='ltr'>Lieurenantz,</span> <span class='ocrx_word' id='word_1_881' title='bbox 1822 1436 2022 1477; x_wconf 81' lang='lat' dir='ltr'>Conestables,</span> <span class='ocrx_word' id='word_1_882' title='bbox 2040 1439 2222 1472; x_wconf 80' lang='lat' dir='ltr'>Mareschaux</span> <span class='ocrx_word' id='word_1_883' title='bbox 2232 1465 2241 1481; x_wconf 93' lang='lat'>‚</span> <span class='ocrx_word' id='word_1_884' title='bbox 2259 1441 2318 1473; x_wconf 79' lang='lat' dir='ltr'>Ca-</span> <span class='ocrx_word' id='word_1_885' title='bbox 2342 1448 2409 1484; x_wconf 65' lang='lat' dir='ltr'>Am]</span> <span class='ocrx_word' id='word_1_886' title='bbox 2428 1453 2460 1484; x_wconf 85' lang='lat' dir='ltr'>D</span> 
     </span>
     <span class='ocr_line' id='line_1_128' title="bbox 1276 1471 2469 1532; baseline 0.013 -35"><span class='ocrx_word' id='word_1_887' title='bbox 1276 1507 1289 1515; x_wconf 58' lang='lat'>,</span> <span class='ocrx_word' id='word_1_888' title='bbox 1339 1479 1437 1513; x_wconf 70' lang='lat' dir='ltr'>pitains</span> <span class='ocrx_word' id='word_1_889' title='bbox 1452 1494 1461 1509; x_wconf 94' lang='lat'>,</span> <span class='ocrx_word' id='word_1_890' title='bbox 1486 1471 1682 1515; x_wconf 81' lang='lat' dir='ltr'>Seneichaux,</span> <span class='ocrx_word' id='word_1_891' title='bbox 1709 1474 1824 1512; x_wconf 84' lang='lat' dir='ltr'>Baillifs,</span> <span class='ocrx_word' id='word_1_892' title='bbox 1850 1476 1994 1515; x_wconf 88' lang='lat' dir='ltr'>Provotz,</span> <span class='ocrx_word' id='word_1_893' title='bbox 2022 1478 2127 1517; x_wconf 67' lang='lat' dir='ltr'>Mairs,</span> <span class='ocrx_word' id='word_1_894' title='bbox 2151 1479 2315 1520; x_wconf 85' lang='lat' dir='ltr'>Eschevins,</span> <span class='ocrx_word' id='word_1_895' title='bbox 2368 1477 2469 1532; x_wconf 57' lang='lat' dir='ltr'>1353}ss</span> 
     </span>
     <span class='ocr_line' id='line_1_129' title="bbox 1260 1507 2442 1560; baseline 0.014 -24"><span class='ocrx_word' id='word_1_896' title='bbox 1260 1507 1399 1538; x_wconf 79' lang='lat' dir='ltr'>(Jardeins</span> <span class='ocrx_word' id='word_1_897' title='bbox 1420 1508 1468 1538; x_wconf 87' lang='lat' dir='ltr'>des</span> <span class='ocrx_word' id='word_1_898' title='bbox 1493 1510 1580 1539; x_wconf 86' lang='lat' dir='ltr'>bones</span> <span class='ocrx_word' id='word_1_899' title='bbox 1598 1509 1707 1548; x_wconf 80' lang='lat' dir='ltr'>Vllles,</span> <span class='ocrx_word' id='word_1_900' title='bbox 1732 1511 1874 1544; x_wconf 82' lang='lat' dir='ltr'>Chasteux</span> <span class='ocrx_word' id='word_1_901' title='bbox 1890 1537 1899 1552; x_wconf 84' lang='lat'>,</span> <span class='ocrx_word' id='word_1_902' title='bbox 1925 1515 2093 1546; x_wconf 75' lang='lat' dir='ltr'>Forteress‘es</span> <span class='ocrx_word' id='word_1_903' title='bbox 2107 1540 2117 1554; x_wconf 90' lang='lat'>,</span> <span class='ocrx_word' id='word_1_904' title='bbox 2141 1518 2189 1548; x_wconf 84' lang='lat' dir='ltr'>des</span> <span class='ocrx_word' id='word_1_905' title='bbox 2212 1519 2290 1550; x_wconf 84' lang='lat' dir='ltr'>Pons</span> <span class='ocrx_word' id='word_1_906' title='bbox 2305 1544 2315 1557; x_wconf 87' lang='lat'>‚</span> <span class='ocrx_word' id='word_1_907' title='bbox 2340 1537 2384 1560; x_wconf 72' lang='lat' dir='ltr'>An</span> <span class='ocrx_word' id='word_1_908' title='bbox 2411 1540 2442 1558; x_wconf 72' lang='lat'>12</span> 
     </span>
     <span class='ocr_line' id='line_1_130' title="bbox 1260 1545 2454 1597; baseline 0.013 -22"><span class='ocrx_word' id='word_1_909' title='bbox 1260 1545 1346 1584; x_wconf 87' lang='lat' dir='ltr'>Pors,</span> <span class='ocrx_word' id='word_1_910' title='bbox 1364 1547 1397 1577; x_wconf 89' lang='lat'>&amp;</span> <span class='ocrx_word' id='word_1_911' title='bbox 1411 1546 1552 1590; x_wconf 79' lang='lat' dir='ltr'>PaffageS,</span> <span class='ocrx_word' id='word_1_912' title='bbox 1570 1549 1604 1579; x_wconf 87' lang='lat'>&amp;</span> <span class='ocrx_word' id='word_1_913' title='bbox 1619 1558 1634 1577; x_wconf 89' lang='lat' dir='ltr'>a</span> <span class='ocrx_word' id='word_1_914' title='bbox 1649 1557 1707 1579; x_wconf 89' lang='lat' dir='ltr'>noz</span> <span class='ocrx_word' id='word_1_915' title='bbox 1727 1550 1865 1581; x_wconf 86' lang='lat' dir='ltr'>Admirals</span> <span class='ocrx_word' id='word_1_916' title='bbox 1890 1554 1923 1584; x_wconf 67' lang='grc' dir='ltr'>ὃς</span> <span class='ocrx_word' id='word_1_917' title='bbox 1946 1553 2136 1591; x_wconf 79' lang='lat' dir='ltr'>Visadmira1s‚</span> <span class='ocrx_word' id='word_1_918' title='bbox 2155 1557 2188 1587; x_wconf 90' lang='lat'>&amp;</span> <span class='ocrx_word' id='word_1_919' title='bbox 2210 1567 2225 1588; x_wconf 88' lang='lat' dir='ltr'>a</span> <span class='ocrx_word' id='word_1_920' title='bbox 2247 1566 2316 1589; x_wconf 91' lang='lat' dir='ltr'>touz</span> <span class='ocrx_word' id='word_1_921' title='bbox 2341 1575 2370 1597; x_wconf 83' lang='lat' dir='ltr'>R.</span> <span class='ocrx_word' id='word_1_922' title='bbox 2391 1580 2418 1597; x_wconf 88' lang='lat'><em>2</em></span> <span class='ocrx_word' id='word_1_923' title='bbox 2448 1551 2454 1558; x_wconf 48' lang='lat'>⁸</span> 
     </span>
     <span class='ocr_line' id='line_1_131' title="bbox 1259 1585 2474 1636; baseline 0.013 -23"><span class='ocrx_word' id='word_1_924' title='bbox 1259 1593 1319 1614; x_wconf 86' lang='lat' dir='ltr'>noz</span> <span class='ocrx_word' id='word_1_925' title='bbox 1333 1594 1424 1615; x_wconf 88' lang='lat' dir='ltr'>autres</span> <span class='ocrx_word' id='word_1_926' title='bbox 1434 1585 1585 1629; x_wconf 80' lang='lat' dir='ltr'>JusticerS,</span> <span class='ocrx_word' id='word_1_927' title='bbox 1601 1585 1744 1626; x_wconf 81' lang='lat' dir='ltr'>Officers,</span> <span class='ocrx_word' id='word_1_928' title='bbox 1762 1590 1796 1620; x_wconf 71' lang='grc' dir='ltr'>ὃς</span> <span class='ocrx_word' id='word_1_929' title='bbox 1812 1589 1947 1628; x_wconf 87' lang='lat' dir='ltr'>Subgitz,</span> <span class='ocrx_word' id='word_1_930' title='bbox 1961 1602 2000 1623; x_wconf 86' lang='lat' dir='ltr'>ou</span> <span class='ocrx_word' id='word_1_931' title='bbox 2016 1603 2030 1623; x_wconf 84' lang='lat' dir='ltr'>a</span> <span class='ocrx_word' id='word_1_932' title='bbox 2044 1593 2106 1622; x_wconf 92' lang='lat' dir='ltr'>lour</span> <span class='ocrx_word' id='word_1_933' title='bbox 2123 1594 2319 1635; x_wconf 86' lang='lat' dir='ltr'>Lieutenantz,</span> <span class='ocrx_word' id='word_1_934' title='bbox 2338 1612 2416 1636; x_wconf 70' lang='lat' dir='ltr'>franc</span> <span class='ocrx_word' id='word_1_935' title='bbox 2430 1611 2474 1634; x_wconf 69' lang='lat'>12¹</span> 
     </span>
     <span class='ocr_line' id='line_1_132' title="bbox 1259 1623 2475 1674; baseline 0.012 -22"><span class='ocrx_word' id='word_1_936' title='bbox 1259 1623 1292 1652; x_wconf 91' lang='lat'>&amp;</span> <span class='ocrx_word' id='word_1_937' title='bbox 1312 1631 1400 1653; x_wconf 86' lang='lat' dir='ltr'>autres</span> <span class='ocrx_word' id='word_1_938' title='bbox 1424 1632 1482 1653; x_wconf 90' lang='lat' dir='ltr'>noz</span> <span class='ocrx_word' id='word_1_939' title='bbox 1504 1623 1729 1662; x_wconf 79' lang='lat' dir='ltr'>Bienveullantz,</span> <span class='ocrx_word' id='word_1_940' title='bbox 1754 1627 1862 1667; x_wconf 84' lang='lat' dir='ltr'>Amys,</span> <span class='ocrx_word' id='word_1_941' title='bbox 1889 1629 1997 1669; x_wconf 85' lang='lat' dir='ltr'>Alliez,</span> <span class='ocrx_word' id='word_1_942' title='bbox 2022 1633 2055 1663; x_wconf 68' lang='grc' dir='ltr'>ὃς</span> <span class='ocrx_word' id='word_1_943' title='bbox 2077 1631 2239 1672; x_wconf 83' lang='lat' dir='ltr'>Adherens,</span> <span class='ocrx_word' id='word_1_944' title='bbox 2269 1645 2317 1673; x_wconf 85' lang='lat' dir='ltr'>par</span> <span class='ocrx_word' id='word_1_945' title='bbox 2337 1651 2357 1674; x_wconf 88' lang='lat' dir='ltr'><strong><em>R</em></strong></span> <span class='ocrx_word' id='word_1_946' title='bbox 2393 1628 2475 1674; x_wconf 68' lang='lat' dir='ltr'>2&#39;m‘</span> 
     </span>
     <span class='ocr_line' id='line_1_133' title="bbox 1261 1659 2475 1729; baseline 0.008 -38"><span class='ocrx_word' id='word_1_947' title='bbox 1261 1659 1363 1729; x_wconf 55' lang='lat' dir='ltr'>Mger,</span> <span class='ocrx_word' id='word_1_948' title='bbox 1382 1662 1416 1693; x_wconf 90' lang='lat'>&amp;</span> <span class='ocrx_word' id='word_1_949' title='bbox 1428 1672 1476 1700; x_wconf 87' lang='lat' dir='ltr'>par</span> <span class='ocrx_word' id='word_1_950' title='bbox 1489 1662 1599 1701; x_wconf 85' lang='lat' dir='ltr'>Terre,</span> <span class='ocrx_word' id='word_1_951' title='bbox 1616 1663 1700 1694; x_wconf 86' lang='lat' dir='ltr'>Saluz</span> <span class='ocrx_word' id='word_1_952' title='bbox 1714 1665 1747 1696; x_wconf 78' lang='grc' dir='ltr'>δε</span> <span class='ocrx_word' id='word_1_953' title='bbox 1762 1664 1919 1696; x_wconf 65' lang='grc' dir='ltr'>ΒίΙεὲὶίοη.</span> <span class='ocrx_word' id='word_1_954' title='bbox 2361 1668 2366 1674; x_wconf 82' lang='grc'><em>“</em></span> <span class='ocrx_word' id='word_1_955' title='bbox 2412 1669 2417 1676; x_wconf 85' lang='grc'><em>“</em></span> <span class='ocrx_word' id='word_1_956' title='bbox 2467 1665 2475 1673; x_wconf 75' lang='grc'><strong><em>’</em></strong></span> 
     </span>
    </p>

    <p class='ocr_par' dir='ltr' id='par_1_47' title="bbox 1299 1709 1942 1789">
     <span class='ocr_line' id='line_1_134' title="bbox 1328 1709 1396 1730; baseline 0 0"><span class='ocrx_word' id='word_1_957' title='bbox 1328 1709 1396 1730; x_wconf 89' lang='lat' dir='ltr'>ome</span> 
     </span>
     <span class='ocr_line' id='line_1_135' title="bbox 1299 1723 1942 1789; baseline 0.011 -22"><span class='ocrx_word' id='word_1_958' title='bbox 1299 1738 1327 1767; x_wconf 92' lang='lat' dir='ltr'>A</span> <span class='ocrx_word' id='word_1_959' title='bbox 1344 1723 1486 1769; x_wconf 72' lang='lat' dir='ltr'>l&#39;Orinour</span> <span class='ocrx_word' id='word_1_960' title='bbox 1501 1739 1533 1769; x_wconf 90' lang='lat'>&amp;</span> <span class='ocrx_word' id='word_1_961' title='bbox 1548 1748 1600 1789; x_wconf 78' lang='lat' dir='ltr'>pur</span> <span class='ocrx_word' id='word_1_962' title='bbox 1613 1739 1782 1772; x_wconf 88' lang='lat' dir='ltr'>Reverence</span> <span class='ocrx_word' id='word_1_963' title='bbox 1794 1741 1830 1772; x_wconf 94' lang='lat' dir='ltr'>de</span> <span class='ocrx_word' id='word_1_964' title='bbox 1846 1742 1942 1782; x_wconf 87' lang='lat' dir='ltr'>Dieu,</span> 
     </span>
    </p>
   </div>
   <div class='ocr_carea' id='block_1_29' title="bbox 1261 1776 2325 1855">
    <p class='ocr_par' dir='ltr' id='par_1_48' title="bbox 1261 1776 2325 1855">
     <span class='ocr_line' id='line_1_136' title="bbox 1299 1776 2325 1821; baseline 0.014 -16"><span class='ocrx_word' id='word_1_965' title='bbox 1299 1776 1337 1806; x_wconf 89' lang='lat' dir='ltr'>Et</span> <span class='ocrx_word' id='word_1_966' title='bbox 1352 1787 1404 1814; x_wconf 91' lang='lat' dir='ltr'>pur</span> <span class='ocrx_word' id='word_1_967' title='bbox 1419 1777 1528 1808; x_wconf 87' lang='lat' dir='ltr'>eschuir</span> <span class='ocrx_word' id='word_1_968' title='bbox 1539 1777 1678 1809; x_wconf 83' lang='lat' dir='ltr'>leffusion</span> <span class='ocrx_word' id='word_1_969' title='bbox 1694 1782 1729 1810; x_wconf 87' lang='lat' dir='ltr'>de</span> <span class='ocrx_word' id='word_1_970' title='bbox 1739 1780 1805 1811; x_wconf 86' lang='lat' dir='ltr'>sank</span> <span class='ocrx_word' id='word_1_971' title='bbox 1827 1780 1989 1821; x_wconf 78' lang='lat' dir='ltr'>Christian,</span> <span class='ocrx_word' id='word_1_972' title='bbox 2007 1783 2041 1814; x_wconf 90' lang='lat'>&amp;</span> <span class='ocrx_word' id='word_1_973' title='bbox 2061 1784 2100 1814; x_wconf 88' lang='lat' dir='ltr'>les</span> <span class='ocrx_word' id='word_1_974' title='bbox 2122 1794 2212 1817; x_wconf 86' lang='lat' dir='ltr'>autres</span> <span class='ocrx_word' id='word_1_975' title='bbox 2232 1786 2325 1819; x_wconf 82' lang='lat' dir='ltr'>Maux</span> 
     </span>
     <span class='ocr_line' id='line_1_137' title="bbox 1261 1816 1648 1855; baseline 0.008 -11"><span class='ocrx_word' id='word_1_976' title='bbox 1261 1816 1309 1853; x_wconf 90' lang='lat' dir='ltr'>qui</span> <span class='ocrx_word' id='word_1_977' title='bbox 1325 1816 1459 1846; x_wconf 89' lang='lat' dir='ltr'>viennent</span> <span class='ocrx_word' id='word_1_978' title='bbox 1470 1816 1506 1845; x_wconf 89' lang='lat' dir='ltr'>de</span> <span class='ocrx_word' id='word_1_979' title='bbox 1520 1816 1648 1855; x_wconf 84' lang='lat' dir='ltr'>Guerre,</span> 
     </span>
    </p>
   </div>
   <div class='ocr_carea' id='block_1_30' title="bbox 1263 1853 2324 1931">
    <p class='ocr_par' dir='ltr' id='par_1_49' title="bbox 1263 1853 2324 1931">
     <span class='ocr_line' id='line_1_138' title="bbox 1263 1853 2324 1931; baseline 0.012 -49"><span class='ocrx_word' id='word_1_980' title='bbox 1263 1853 1519 1931; x_wconf 45' lang='lat' dir='ltr'>Gssgtzielaalg&#39;riere</span> <span class='ocrx_word' id='word_1_981' title='bbox 1541 1856 1574 1886; x_wconf 90' lang='lat'>&amp;</span> <span class='ocrx_word' id='word_1_982' title='bbox 1589 1854 1734 1894; x_wconf 87' lang='lat' dir='ltr'>Requeste</span> <span class='ocrx_word' id='word_1_983' title='bbox 1748 1856 1783 1888; x_wconf 90' lang='lat' dir='ltr'>de</span> <span class='ocrx_word' id='word_1_984' title='bbox 1796 1857 1926 1899; x_wconf 79' lang='lat' dir='ltr'>plusieurs</span> <span class='ocrx_word' id='word_1_985' title='bbox 1951 1858 2093 1891; x_wconf 89' lang='lat' dir='ltr'>Notables</span> <span class='ocrx_word' id='word_1_986' title='bbox 2113 1861 2266 1895; x_wconf 78' lang='lat' dir='ltr'>Paribnnes</span> <span class='ocrx_word' id='word_1_987' title='bbox 2288 1864 2324 1896; x_wconf 93' lang='lat' dir='ltr'>de</span> 
     </span>
    </p>
   </div>
   <div class='ocr_carea' id='block_1_31' title="bbox 1256 1930 2338 3782">
    <p class='ocr_par' dir='ltr' id='par_1_50' title="bbox 1275 1930 2326 1999">
     <span class='ocr_line' id='line_1_139' title="bbox 1298 1930 2326 1999; baseline 0.01 -39"><span class='ocrx_word' id='word_1_988' title='bbox 1298 1930 1633 1999; x_wconf 49' lang='grc' dir='ltr'>βοῖῃέςοηάεῑεεηᾰυῑ</span> <span class='ocrx_word' id='word_1_989' title='bbox 1646 1941 1661 1962; x_wconf 88' lang='lat' dir='ltr'>a</span> <span class='ocrx_word' id='word_1_990' title='bbox 1676 1933 1785 1965; x_wconf 84' lang='lat' dir='ltr'>Traiter</span> <span class='ocrx_word' id='word_1_991' title='bbox 1798 1934 1833 1965; x_wconf 89' lang='lat' dir='ltr'>de</span> <span class='ocrx_word' id='word_1_992' title='bbox 1846 1935 1914 1966; x_wconf 77' lang='lat' dir='ltr'>Paix</span> <span class='ocrx_word' id='word_1_993' title='bbox 1927 1946 2065 1975; x_wconf 81' lang='lat' dir='ltr'>avecques</span> <span class='ocrx_word' id='word_1_994' title='bbox 2090 1937 2186 1969; x_wconf 89' lang='lat' dir='ltr'>nostre</span> <span class='ocrx_word' id='word_1_995' title='bbox 2209 1939 2326 1970; x_wconf 78' lang='lat' dir='ltr'>Adver-</span> 
     </span>
     <span class='ocr_line' id='line_1_140' title="bbox 1275 1980 1494 1999; baseline 0.005 -1"><span class='ocrx_word' id='word_1_996' title='bbox 1275 1980 1332 1999; x_wconf 70' lang='lat' dir='ltr'><em>alre</em></span> <span class='ocrx_word' id='word_1_997' title='bbox 1364 1980 1377 1998; x_wconf 77' lang='grc' dir='ltr'><em>θ</em></span> <span class='ocrx_word' id='word_1_998' title='bbox 1415 1980 1494 1999; x_wconf 67' lang='lat' dir='ltr'>rans?</span> 
     </span>
    </p>

    <p class='ocr_par' dir='ltr' id='par_1_51' title="bbox 1256 1968 2327 2125">
     <span class='ocr_line' id='line_1_141' title="bbox 1256 1968 2327 2050; baseline 0.01 -13"><span class='ocrx_word' id='word_1_999' title='bbox 1256 1968 1285 2009; x_wconf 76' lang='lat' dir='ltr'><em>s</em></span> <span class='ocrx_word' id='word_1_1000' title='bbox 1301 2007 1339 2038; x_wconf 93' lang='lat' dir='ltr'>Et</span> <span class='ocrx_word' id='word_1_1001' title='bbox 1354 2018 1406 2046; x_wconf 90' lang='lat' dir='ltr'>pur</span> <span class='ocrx_word' id='word_1_1002' title='bbox 1419 2019 1453 2039; x_wconf 89' lang='lat' dir='ltr'>ce</span> <span class='ocrx_word' id='word_1_1003' title='bbox 1467 1992 1542 2048; x_wconf 70' lang='lat' dir='ltr'>qu&#39;e,</span> <span class='ocrx_word' id='word_1_1004' title='bbox 1558 2009 1585 2048; x_wconf 89' lang='lat' dir='ltr'>sy</span> <span class='ocrx_word' id='word_1_1005' title='bbox 1599 2019 1686 2040; x_wconf 89' lang='lat' dir='ltr'>corne</span> <span class='ocrx_word' id='word_1_1006' title='bbox 1697 2011 1819 2042; x_wconf 86' lang='lat' dir='ltr'>entendu</span> <span class='ocrx_word' id='word_1_1007' title='bbox 1835 2022 1922 2042; x_wconf 90' lang='lat' dir='ltr'>avons</span> <span class='ocrx_word' id='word_1_1008' title='bbox 1958 2013 2053 2044; x_wconf 87' lang='lat' dir='ltr'>nostre</span> <span class='ocrx_word' id='word_1_1009' title='bbox 2068 2014 2109 2044; x_wconf 91' lang='lat' dir='ltr'>dit</span> <span class='ocrx_word' id='word_1_1010' title='bbox 2118 2014 2279 2048; x_wconf 79' lang='lat' dir='ltr'>Adversaire</span> <span class='ocrx_word' id='word_1_1011' title='bbox 2290 2019 2327 2050; x_wconf 87' lang='lat' dir='ltr'>ait</span> 
     </span>
     <span class='ocr_line' id='line_1_142' title="bbox 1264 2036 2327 2092; baseline 0.01 -17"><span class='ocrx_word' id='word_1_1012' title='bbox 1264 2056 1300 2077; x_wconf 87' lang='lat' dir='ltr'>en</span> <span class='ocrx_word' id='word_1_1013' title='bbox 1314 2056 1418 2084; x_wconf 88' lang='lat' dir='ltr'>purpos</span> <span class='ocrx_word' id='word_1_1014' title='bbox 1433 2047 1616 2090; x_wconf 17' lang='lat' dir='ltr'>dcaeenvoier,</span> <span class='ocrx_word' id='word_1_1015' title='bbox 1634 2059 1662 2078; x_wconf 85' lang='lat' dir='ltr'>es</span> <span class='ocrx_word' id='word_1_1016' title='bbox 1676 2051 1773 2092; x_wconf 79' lang='lat' dir='ltr'>parties</span> <span class='ocrx_word' id='word_1_1017' title='bbox 1786 2050 1823 2081; x_wconf 90' lang='lat' dir='ltr'>de</span> <span class='ocrx_word' id='word_1_1018' title='bbox 1838 2036 1982 2090; x_wconf 81' lang='lat' dir='ltr'>Picardie,</span> <span class='ocrx_word' id='word_1_1019' title='bbox 2001 2062 2053 2089; x_wconf 89' lang='lat' dir='ltr'>pur</span> <span class='ocrx_word' id='word_1_1020' title='bbox 2068 2053 2094 2083; x_wconf 92' lang='lat' dir='ltr'>le</span> <span class='ocrx_word' id='word_1_1021' title='bbox 2117 2053 2175 2084; x_wconf 85' lang='lat' dir='ltr'>Fait</span> <span class='ocrx_word' id='word_1_1022' title='bbox 2194 2054 2234 2086; x_wconf 90' lang='lat' dir='ltr'>du</span> <span class='ocrx_word' id='word_1_1023' title='bbox 2251 2056 2327 2087; x_wconf 84' lang='lat' dir='ltr'>Tre-</span> 
     </span>
     <span class='ocr_line' id='line_1_143' title="bbox 1265 2085 1766 2125; baseline 0.004 -10"><span class='ocrx_word' id='word_1_1024' title='bbox 1265 2094 1328 2123; x_wconf 83' lang='lat' dir='ltr'>tee,</span> <span class='ocrx_word' id='word_1_1025' title='bbox 1346 2085 1384 2116; x_wconf 87' lang='lat' dir='ltr'>ses</span> <span class='ocrx_word' id='word_1_1026' title='bbox 1400 2085 1483 2116; x_wconf 37' lang='lat' dir='ltr'>Men*</span> <span class='ocrx_word' id='word_1_1027' title='bbox 1513 2096 1541 2116; x_wconf 89' lang='lat' dir='ltr'>es</span> <span class='ocrx_word' id='word_1_1028' title='bbox 1558 2086 1766 2125; x_wconf 85' lang='lat' dir='ltr'>(c&#39;estassavoir)</span> 
     </span>
    </p>

    <p class='ocr_par' dir='ltr' id='par_1_52' title="bbox 1304 2123 1660 2164">
     <span class='ocr_line' id='line_1_144' title="bbox 1304 2123 1660 2164; baseline 0.003 -10"><span class='ocrx_word' id='word_1_1029' title='bbox 1304 2123 1467 2164; x_wconf 82' lang='lat' dir='ltr'>L’Evesque</span> <span class='ocrx_word' id='word_1_1030' title='bbox 1534 2128 1643 2155; x_wconf 72' lang='lat' dir='ltr'>BaIeux</span> <span class='ocrx_word' id='word_1_1031' title='bbox 1650 2148 1660 2163; x_wconf 90' lang='lat'>,</span> 
     </span>
    </p>

    <p class='ocr_par' dir='ltr' id='par_1_53' title="bbox 1305 2161 2265 2210">
     <span class='ocr_line' id='line_1_145' title="bbox 1305 2161 2265 2210; baseline 0.009 -17"><span class='ocrx_word' id='word_1_1032' title='bbox 1305 2161 1441 2193; x_wconf 85' lang='lat' dir='ltr'>Meffieur</span> <span class='ocrx_word' id='word_1_1033' title='bbox 1454 2165 1570 2200; x_wconf 84' lang='lat' dir='ltr'>Reignac</span> <span class='ocrx_word' id='word_1_1034' title='bbox 1582 2164 1613 2193; x_wconf 82' lang='lat' dir='ltr'>de</span> <span class='ocrx_word' id='word_1_1035' title='bbox 1629 2163 1739 2203; x_wconf 84' lang='lat' dir='ltr'>Corbie,</span> <span class='ocrx_word' id='word_1_1036' title='bbox 1756 2164 1865 2197; x_wconf 87' lang='lat' dir='ltr'>Primer</span> <span class='ocrx_word' id='word_1_1037' title='bbox 1881 2166 2024 2200; x_wconf 84' lang='lat' dir='ltr'>President</span> <span class='ocrx_word' id='word_1_1038' title='bbox 2040 2178 2075 2198; x_wconf 87' lang='lat' dir='ltr'>en</span> <span class='ocrx_word' id='word_1_1039' title='bbox 2089 2167 2265 2210; x_wconf 81' lang='lat' dir='ltr'>Parlement‚</span> 
     </span>
    </p>

    <p class='ocr_par' dir='ltr' id='par_1_54' title="bbox 1305 2201 1711 2242">
     <span class='ocr_line' id='line_1_146' title="bbox 1305 2201 1711 2242; baseline -0.002 -10"><span class='ocrx_word' id='word_1_1040' title='bbox 1305 2203 1349 2232; x_wconf 87' lang='lat' dir='ltr'>Le</span> <span class='ocrx_word' id='word_1_1041' title='bbox 1364 2203 1420 2231; x_wconf 82' lang='lat' dir='ltr'>Sire</span> <span class='ocrx_word' id='word_1_1042' title='bbox 1437 2201 1601 2239; x_wconf 78' lang='lat' dir='ltr'>d&#39;Augonde</span> <span class='ocrx_word' id='word_1_1043' title='bbox 1615 2202 1711 2242; x_wconf 86' lang='lat' dir='ltr'>Sault,</span> 
     </span>
    </p>

    <p class='ocr_par' dir='ltr' id='par_1_55' title="bbox 1306 2240 1630 2279">
     <span class='ocr_line' id='line_1_147' title="bbox 1306 2240 1630 2279; baseline 0 -9"><span class='ocrx_word' id='word_1_1044' title='bbox 1306 2243 1349 2270; x_wconf 88' lang='lat' dir='ltr'>Le</span> <span class='ocrx_word' id='word_1_1045' title='bbox 1362 2243 1420 2270; x_wconf 80' lang='lat' dir='ltr'>Sire</span> <span class='ocrx_word' id='word_1_1046' title='bbox 1434 2241 1465 2270; x_wconf 86' lang='lat' dir='ltr'>de</span> <span class='ocrx_word' id='word_1_1047' title='bbox 1477 2240 1630 2279; x_wconf 78' lang='lat' dir='ltr'>Ramburs,</span> 
     </span>
    </p>

    <p class='ocr_par' dir='ltr' id='par_1_56' title="bbox 1306 2278 1588 2319">
     <span class='ocr_line' id='line_1_148' title="bbox 1306 2278 1588 2319; baseline -0.011 -8"><span class='ocrx_word' id='word_1_1048' title='bbox 1306 2279 1345 2311; x_wconf 87' lang='lat' dir='ltr'>Et</span> <span class='ocrx_word' id='word_1_1049' title='bbox 1361 2278 1384 2308; x_wconf 85' lang='lat' dir='ltr'>le</span> <span class='ocrx_word' id='word_1_1050' title='bbox 1396 2281 1453 2309; x_wconf 84' lang='lat' dir='ltr'>Sire</span> <span class='ocrx_word' id='word_1_1051' title='bbox 1466 2278 1567 2319; x_wconf 82' lang='lat' dir='ltr'>Disque</span> <span class='ocrx_word' id='word_1_1052' title='bbox 1578 2302 1588 2318; x_wconf 91' lang='lat'>,</span> 
     </span>
    </p>

    <p class='ocr_par' dir='ltr' id='par_1_57' title="bbox 1306 2318 1416 2358">
     <span class='ocr_line' id='line_1_149' title="bbox 1306 2318 1416 2358; baseline 0.009 -9"><span class='ocrx_word' id='word_1_1053' title='bbox 1306 2318 1395 2350; x_wconf 88' lang='lat' dir='ltr'>Nous</span> <span class='ocrx_word' id='word_1_1054' title='bbox 1407 2343 1416 2358; x_wconf 93' lang='lat'>,</span> 
     </span>
    </p>

    <p class='ocr_par' dir='ltr' id='par_1_58' title="bbox 1270 2357 2330 2440">
     <span class='ocr_line' id='line_1_150' title="bbox 1307 2357 2330 2401; baseline 0.005 -13"><span class='ocrx_word' id='word_1_1055' title='bbox 1307 2357 1457 2390; x_wconf 88' lang='lat' dir='ltr'>Veullantz</span> <span class='ocrx_word' id='word_1_1056' title='bbox 1475 2358 1606 2397; x_wconf 88' lang='lat' dir='ltr'>purveoir</span> <span class='ocrx_word' id='word_1_1057' title='bbox 1627 2368 1643 2390; x_wconf 86' lang='lat' dir='ltr'>a</span> <span class='ocrx_word' id='word_1_1058' title='bbox 1665 2357 1690 2389; x_wconf 85' lang='lat' dir='ltr'>la</span> <span class='ocrx_word' id='word_1_1059' title='bbox 1709 2358 1807 2390; x_wconf 87' lang='lat' dir='ltr'>Garde</span> <span class='ocrx_word' id='word_1_1060' title='bbox 1828 2360 1861 2392; x_wconf 90' lang='lat'>&amp;</span> <span class='ocrx_word' id='word_1_1061' title='bbox 1883 2360 2016 2392; x_wconf 88' lang='lat' dir='ltr'>Seuretee</span> <span class='ocrx_word' id='word_1_1062' title='bbox 2037 2361 2137 2401; x_wconf 88' lang='lat' dir='ltr'>d’eux,</span> <span class='ocrx_word' id='word_1_1063' title='bbox 2161 2363 2195 2394; x_wconf 91' lang='lat'>&amp;</span> <span class='ocrx_word' id='word_1_1064' title='bbox 2216 2363 2252 2394; x_wconf 89' lang='lat' dir='ltr'>de</span> <span class='ocrx_word' id='word_1_1065' title='bbox 2272 2362 2330 2395; x_wconf 76' lang='lat' dir='ltr'>leur</span> 
     </span>
     <span class='ocr_line' id='line_1_151' title="bbox 1270 2397 2187 2440; baseline 0.003 -12"><span class='ocrx_word' id='word_1_1066' title='bbox 1270 2397 1372 2428; x_wconf 88' lang='lat' dir='ltr'>Gentz</span> <span class='ocrx_word' id='word_1_1067' title='bbox 1386 2398 1419 2429; x_wconf 70' lang='grc' dir='ltr'>ὅ(</span> <span class='ocrx_word' id='word_1_1068' title='bbox 1434 2398 1594 2435; x_wconf 84' lang='lat' dir='ltr'>Familiers,</span> <span class='ocrx_word' id='word_1_1069' title='bbox 1611 2397 1760 2436; x_wconf 82' lang='lat' dir='ltr'>Chivaux,</span> <span class='ocrx_word' id='word_1_1070' title='bbox 1777 2398 1921 2438; x_wconf 87' lang='lat' dir='ltr'>Hernois,</span> <span class='ocrx_word' id='word_1_1071' title='bbox 1936 2401 1970 2431; x_wconf 93' lang='lat'>&amp;</span> <span class='ocrx_word' id='word_1_1072' title='bbox 1986 2409 2075 2431; x_wconf 88' lang='lat' dir='ltr'>autres</span> <span class='ocrx_word' id='word_1_1073' title='bbox 2090 2400 2187 2440; x_wconf 91' lang='lat' dir='ltr'>Biens,</span> 
     </span>
    </p>

    <p class='ocr_par' dir='ltr' id='par_1_59' title="bbox 1309 2435 2128 2505">
     <span class='ocr_line' id='line_1_152' title="bbox 1309 2435 2128 2505; baseline 0.005 -39"><span class='ocrx_word' id='word_1_1074' title='bbox 1309 2437 1408 2505; x_wconf 48' lang='grc' dir='ltr'><em>ἓνοῑηε</em></span> <span class='ocrx_word' id='word_1_1075' title='bbox 1422 2435 1483 2466; x_wconf 88' lang='lat' dir='ltr'>Pris</span> <span class='ocrx_word' id='word_1_1076' title='bbox 1498 2438 1530 2468; x_wconf 73' lang='grc' dir='ltr'>δε</span> <span class='ocrx_word' id='word_1_1077' title='bbox 1546 2436 1631 2476; x_wconf 86' lang='lat' dir='ltr'>Mys,</span> <span class='ocrx_word' id='word_1_1078' title='bbox 1649 2439 1772 2477; x_wconf 85' lang='lat' dir='ltr'>prenons</span> <span class='ocrx_word' id='word_1_1079' title='bbox 1784 2437 1818 2469; x_wconf 88' lang='lat'>&amp;</span> <span class='ocrx_word' id='word_1_1080' title='bbox 1832 2436 1979 2478; x_wconf 82' lang='lat' dir='ltr'>Mettons,</span> <span class='ocrx_word' id='word_1_1081' title='bbox 1998 2439 2036 2470; x_wconf 92' lang='lat' dir='ltr'>les</span> <span class='ocrx_word' id='word_1_1082' title='bbox 2050 2438 2128 2477; x_wconf 84' lang='lat' dir='ltr'>ditz,</span> 
     </span>
    </p>

    <p class='ocr_par' dir='ltr' id='par_1_60' title="bbox 1335 2485 1437 2505">
     <span class='ocr_line' id='line_1_153' title="bbox 1335 2485 1437 2505; baseline 0 0"><span class='ocrx_word' id='word_1_1083' title='bbox 1335 2485 1370 2505; x_wconf 88' lang='lat' dir='ltr'>ve</span> <span class='ocrx_word' id='word_1_1084' title='bbox 1402 2485 1437 2505; x_wconf 88' lang='lat' dir='ltr'>ue</span> 
     </span>
    </p>

    <p class='ocr_par' dir='ltr' id='par_1_61' title="bbox 1310 2485 1598 2553">
     <span class='ocr_line' id='line_1_154' title="bbox 1310 2485 1598 2553; baseline 0.003 -11"><span class='ocrx_word' id='word_1_1085' title='bbox 1310 2485 1435 2553; x_wconf 46' lang='lat' dir='ltr'>Meffiiur</span> <span class='ocrx_word' id='word_1_1086' title='bbox 1444 2499 1582 2551; x_wconf 68' lang='lat' dir='ltr'>&#39;Reignaut</span> <span class='ocrx_word' id='word_1_1087' title='bbox 1589 2536 1598 2552; x_wconf 90' lang='lat'>,</span> 
     </span>
    </p>

    <p class='ocr_par' dir='ltr' id='par_1_62' title="bbox 1310 2553 1617 2590">
     <span class='ocr_line' id='line_1_155' title="bbox 1310 2553 1617 2590; baseline 0.003 -9"><span class='ocrx_word' id='word_1_1088' title='bbox 1310 2554 1354 2581; x_wconf 88' lang='lat' dir='ltr'>Le</span> <span class='ocrx_word' id='word_1_1089' title='bbox 1367 2555 1425 2581; x_wconf 88' lang='lat' dir='ltr'>Sire</span> <span class='ocrx_word' id='word_1_1090' title='bbox 1438 2553 1600 2590; x_wconf 79' lang='lat' dir='ltr'>d’Augonde</span> <span class='ocrx_word' id='word_1_1091' title='bbox 1608 2575 1617 2590; x_wconf 91' lang='lat'>‚</span> 
     </span>
    </p>

    <p class='ocr_par' dir='ltr' id='par_1_63' title="bbox 1309 2591 1634 2629">
     <span class='ocr_line' id='line_1_156' title="bbox 1309 2591 1634 2629; baseline 0 -9"><span class='ocrx_word' id='word_1_1092' title='bbox 1309 2593 1351 2620; x_wconf 89' lang='lat' dir='ltr'>Le</span> <span class='ocrx_word' id='word_1_1093' title='bbox 1363 2594 1420 2619; x_wconf 85' lang='lat' dir='ltr'>Sire</span> <span class='ocrx_word' id='word_1_1094' title='bbox 1434 2591 1465 2620; x_wconf 87' lang='lat' dir='ltr'>de</span> <span class='ocrx_word' id='word_1_1095' title='bbox 1477 2591 1615 2621; x_wconf 79' lang='lat' dir='ltr'>Ramburs</span> <span class='ocrx_word' id='word_1_1096' title='bbox 1622 2613 1634 2629; x_wconf 89' lang='lat'>,</span> 
     </span>
    </p>

    <p class='ocr_par' dir='ltr' id='par_1_64' title="bbox 1309 2628 1588 2670">
     <span class='ocr_line' id='line_1_157' title="bbox 1309 2628 1588 2670; baseline 0.004 -12"><span class='ocrx_word' id='word_1_1097' title='bbox 1309 2628 1347 2659; x_wconf 86' lang='lat' dir='ltr'>Et</span> <span class='ocrx_word' id='word_1_1098' title='bbox 1361 2628 1385 2658; x_wconf 86' lang='lat' dir='ltr'>le</span> <span class='ocrx_word' id='word_1_1099' title='bbox 1399 2632 1458 2659; x_wconf 88' lang='lat' dir='ltr'>Sire</span> <span class='ocrx_word' id='word_1_1100' title='bbox 1468 2629 1588 2670; x_wconf 83' lang='lat' dir='ltr'>Disque,</span> 
     </span>
    </p>

    <p class='ocr_par' dir='ltr' id='par_1_65' title="bbox 1271 2666 2337 2940">
     <span class='ocr_line' id='line_1_158' title="bbox 1309 2666 2335 2710; baseline 0.006 -13"><span class='ocrx_word' id='word_1_1101' title='bbox 1309 2666 1347 2697; x_wconf 90' lang='lat' dir='ltr'>Et</span> <span class='ocrx_word' id='word_1_1102' title='bbox 1364 2667 1484 2698; x_wconf 90' lang='lat' dir='ltr'>chascun</span> <span class='ocrx_word' id='word_1_1103' title='bbox 1498 2668 1607 2706; x_wconf 83' lang='lat' dir='ltr'>d&#39;eulx,</span> <span class='ocrx_word' id='word_1_1104' title='bbox 1624 2678 1744 2707; x_wconf 76' lang='lat' dir='ltr'>avecqes</span> <span class='ocrx_word' id='word_1_1105' title='bbox 1757 2668 1820 2699; x_wconf 83' lang='lat' dir='ltr'>eulx</span> <span class='ocrx_word' id='word_1_1106' title='bbox 1830 2692 1839 2708; x_wconf 91' lang='lat'>‚</span> <span class='ocrx_word' id='word_1_1107' title='bbox 1856 2669 1916 2701; x_wconf 88' lang='lat' dir='ltr'>leur</span> <span class='ocrx_word' id='word_1_1108' title='bbox 1928 2669 2029 2702; x_wconf 91' lang='lat' dir='ltr'>Gentz</span> <span class='ocrx_word' id='word_1_1109' title='bbox 2045 2672 2079 2704; x_wconf 88' lang='lat'>&amp;</span> <span class='ocrx_word' id='word_1_1110' title='bbox 2092 2671 2335 2710; x_wconf 78' lang='lat' dir='ltr'>Familiers,Che-</span> 
     </span>
     <span class='ocr_line' id='line_1_159' title="bbox 1271 2705 2336 2749; baseline 0.007 -15"><span class='ocrx_word' id='word_1_1111' title='bbox 1271 2705 1376 2743; x_wconf 89' lang='lat' dir='ltr'>valers,</span> <span class='ocrx_word' id='word_1_1112' title='bbox 1396 2705 1540 2745; x_wconf 87' lang='lat' dir='ltr'>Esquiers,</span> <span class='ocrx_word' id='word_1_1113' title='bbox 1559 2705 1682 2745; x_wconf 87' lang='lat' dir='ltr'>Clercz,</span> <span class='ocrx_word' id='word_1_1114' title='bbox 1701 2708 1735 2739; x_wconf 89' lang='lat'>&amp;</span> <span class='ocrx_word' id='word_1_1115' title='bbox 1757 2707 1878 2746; x_wconf 84' lang='lat' dir='ltr'>Varlez,</span> <span class='ocrx_word' id='word_1_1116' title='bbox 1897 2709 1932 2741; x_wconf 88' lang='lat'>&amp;</span> <span class='ocrx_word' id='word_1_1117' title='bbox 1954 2711 2016 2740; x_wconf 83' lang='lat' dir='ltr'>auxi</span> <span class='ocrx_word' id='word_1_1118' title='bbox 2037 2710 2076 2741; x_wconf 90' lang='lat' dir='ltr'>les</span> <span class='ocrx_word' id='word_1_1119' title='bbox 2096 2718 2185 2742; x_wconf 85' lang='lat' dir='ltr'>autres</span> <span class='ocrx_word' id='word_1_1120' title='bbox 2209 2711 2336 2749; x_wconf 79' lang='lat' dir='ltr'>Conieil-</span> 
     </span>
     <span class='ocr_line' id='line_1_160' title="bbox 1271 2743 2336 2789; baseline 0.007 -16"><span class='ocrx_word' id='word_1_1121' title='bbox 1271 2743 1324 2774; x_wconf 91' lang='lat' dir='ltr'>lers</span> <span class='ocrx_word' id='word_1_1122' title='bbox 1336 2743 1371 2774; x_wconf 92' lang='lat' dir='ltr'>de</span> <span class='ocrx_word' id='word_1_1123' title='bbox 1385 2744 1481 2775; x_wconf 91' lang='lat' dir='ltr'>nostre</span> <span class='ocrx_word' id='word_1_1124' title='bbox 1496 2745 1538 2775; x_wconf 82' lang='lat' dir='ltr'>dit</span> <span class='ocrx_word' id='word_1_1125' title='bbox 1552 2745 1731 2783; x_wconf 87' lang='lat' dir='ltr'>Adversaire‚</span> <span class='ocrx_word' id='word_1_1126' title='bbox 1750 2756 1856 2777; x_wconf 81' lang='lat' dir='ltr'>venans</span> <span class='ocrx_word' id='word_1_1127' title='bbox 1870 2756 1907 2778; x_wconf 86' lang='lat' dir='ltr'>en</span> <span class='ocrx_word' id='word_1_1128' title='bbox 1921 2747 1982 2778; x_wconf 91' lang='lat' dir='ltr'>leur</span> <span class='ocrx_word' id='word_1_1129' title='bbox 2001 2747 2193 2789; x_wconf 87' lang='lat' dir='ltr'>Compaignie</span> <span class='ocrx_word' id='word_1_1130' title='bbox 2202 2774 2211 2787; x_wconf 90' lang='lat'>,</span> <span class='ocrx_word' id='word_1_1131' title='bbox 2224 2760 2264 2780; x_wconf 91' lang='lat' dir='ltr'>ou</span> <span class='ocrx_word' id='word_1_1132' title='bbox 2287 2750 2336 2780; x_wconf 89' lang='lat' dir='ltr'>ail-</span> 
     </span>
     <span class='ocr_line' id='line_1_161' title="bbox 1272 2782 2337 2827; baseline 0.005 -15"><span class='ocrx_word' id='word_1_1133' title='bbox 1272 2782 1362 2821; x_wconf 87' lang='lat' dir='ltr'>leurs,</span> <span class='ocrx_word' id='word_1_1134' title='bbox 1380 2792 1433 2820; x_wconf 84' lang='lat' dir='ltr'>pur</span> <span class='ocrx_word' id='word_1_1135' title='bbox 1452 2783 1478 2814; x_wconf 89' lang='lat' dir='ltr'>le</span> <span class='ocrx_word' id='word_1_1136' title='bbox 1500 2783 1562 2814; x_wconf 89' lang='lat' dir='ltr'>Fait</span> <span class='ocrx_word' id='word_1_1137' title='bbox 1582 2783 1621 2814; x_wconf 90' lang='lat' dir='ltr'>du</span> <span class='ocrx_word' id='word_1_1138' title='bbox 1640 2782 1681 2814; x_wconf 91' lang='lat' dir='ltr'>dit</span> <span class='ocrx_word' id='word_1_1139' title='bbox 1700 2784 1831 2823; x_wconf 87' lang='lat' dir='ltr'>Traitee,</span> <span class='ocrx_word' id='word_1_1140' title='bbox 1849 2784 1938 2817; x_wconf 86' lang='lat' dir='ltr'>soient</span> <span class='ocrx_word' id='word_1_1141' title='bbox 1960 2786 2071 2824; x_wconf 83' lang='lat' dir='ltr'>Prelas,</span> <span class='ocrx_word' id='word_1_1142' title='bbox 2088 2786 2198 2826; x_wconf 83' lang='lat' dir='ltr'>Conts,</span> <span class='ocrx_word' id='word_1_1143' title='bbox 2216 2787 2337 2827; x_wconf 88' lang='lat' dir='ltr'>Barons,</span> 
     </span>
     <span class='ocr_line' id='line_1_162' title="bbox 1271 2820 2337 2864; baseline 0.006 -13"><span class='ocrx_word' id='word_1_1144' title='bbox 1271 2820 1481 2859; x_wconf 85' lang='lat' dir='ltr'>Chivalers,ou</span> <span class='ocrx_word' id='word_1_1145' title='bbox 1495 2821 1643 2859; x_wconf 85' lang='lat' dir='ltr'>autres,de</span> <span class='ocrx_word' id='word_1_1146' title='bbox 1659 2821 1723 2860; x_wconf 91' lang='lat' dir='ltr'>quel</span> <span class='ocrx_word' id='word_1_1147' title='bbox 1734 2821 1803 2854; x_wconf 89' lang='lat' dir='ltr'>estat</span> <span class='ocrx_word' id='word_1_1148' title='bbox 1818 2833 1857 2854; x_wconf 91' lang='lat' dir='ltr'>ou</span> <span class='ocrx_word' id='word_1_1149' title='bbox 1866 2823 2027 2855; x_wconf 91' lang='lat' dir='ltr'>Condition</span> <span class='ocrx_word' id='word_1_1150' title='bbox 2043 2825 2103 2864; x_wconf 88' lang='lat' dir='ltr'>q’ils</span> <span class='ocrx_word' id='word_1_1151' title='bbox 2117 2826 2337 2864; x_wconf 88' lang='lat' dir='ltr'>soient,jusques</span> 
     </span>
     <span class='ocr_line' id='line_1_163' title="bbox 1272 2859 2337 2902; baseline 0.006 -13"><span class='ocrx_word' id='word_1_1152' title='bbox 1272 2870 1306 2889; x_wconf 94' lang='lat' dir='ltr'>au</span> <span class='ocrx_word' id='word_1_1153' title='bbox 1327 2859 1466 2890; x_wconf 88' lang='lat' dir='ltr'>Nombre</span> <span class='ocrx_word' id='word_1_1154' title='bbox 1490 2860 1522 2889; x_wconf 80' lang='lat' dir='ltr'>de</span> <span class='ocrx_word' id='word_1_1155' title='bbox 1545 2860 1678 2899; x_wconf 58' lang='lat' dir='ltr'>&amp;Roiscens</span> <span class='ocrx_word' id='word_1_1156' title='bbox 1699 2860 1847 2899; x_wconf 85' lang='lat' dir='ltr'>Parsonnes</span> <span class='ocrx_word' id='word_1_1157' title='bbox 1861 2884 1871 2899; x_wconf 87' lang='lat'>‚</span> <span class='ocrx_word' id='word_1_1158' title='bbox 1895 2872 1911 2892; x_wconf 85' lang='lat' dir='ltr'>a</span> <span class='ocrx_word' id='word_1_1159' title='bbox 1933 2862 2036 2894; x_wconf 85' lang='lat' dir='ltr'>Chival</span> <span class='ocrx_word' id='word_1_1160' title='bbox 2050 2887 2060 2901; x_wconf 89' lang='lat'><em>‚</em></span> <span class='ocrx_word' id='word_1_1161' title='bbox 2077 2873 2116 2894; x_wconf 89' lang='lat' dir='ltr'>ou</span> <span class='ocrx_word' id='word_1_1162' title='bbox 2137 2874 2152 2894; x_wconf 88' lang='lat' dir='ltr'>a</span> <span class='ocrx_word' id='word_1_1163' title='bbox 2174 2864 2239 2902; x_wconf 88' lang='lat' dir='ltr'>Pie,</span> <span class='ocrx_word' id='word_1_1164' title='bbox 2260 2865 2337 2895; x_wconf 86' lang='lat' dir='ltr'>lours</span> 
     </span>
     <span class='ocr_line' id='line_1_164' title="bbox 1275 2897 2256 2940; baseline 0.007 -13"><span class='ocrx_word' id='word_1_1165' title='bbox 1275 2897 1425 2936; x_wconf 86' lang='lat' dir='ltr'>Chivaux,</span> <span class='ocrx_word' id='word_1_1166' title='bbox 1444 2897 1612 2936; x_wconf 83' lang='lat' dir='ltr'>Monnoye,</span> <span class='ocrx_word' id='word_1_1167' title='bbox 1631 2897 1782 2936; x_wconf 81' lang='lat' dir='ltr'>Hernoys,</span> <span class='ocrx_word' id='word_1_1168' title='bbox 1800 2900 1833 2931; x_wconf 91' lang='lat'>&amp;</span> <span class='ocrx_word' id='word_1_1169' title='bbox 1847 2908 1935 2931; x_wconf 88' lang='lat' dir='ltr'>autres</span> <span class='ocrx_word' id='word_1_1170' title='bbox 1949 2900 2031 2932; x_wconf 88' lang='lat' dir='ltr'>Biens</span> <span class='ocrx_word' id='word_1_1171' title='bbox 2047 2902 2256 2940; x_wconf 84' lang='lat' dir='ltr'>quelconques,</span> 
     </span>
    </p>

    <p class='ocr_par' dir='ltr' id='par_1_66' title="bbox 1270 2936 2338 3400">
     <span class='ocr_line' id='line_1_165' title="bbox 1308 2936 2337 2980; baseline 0.006 -14"><span class='ocrx_word' id='word_1_1172' title='bbox 1308 2936 1354 2967; x_wconf 87' lang='lat' dir='ltr'>En</span> <span class='ocrx_word' id='word_1_1173' title='bbox 1370 2936 1464 2967; x_wconf 92' lang='lat' dir='ltr'>nostre</span> <span class='ocrx_word' id='word_1_1174' title='bbox 1480 2936 1550 2967; x_wconf 90' lang='lat' dir='ltr'>Sauf</span> <span class='ocrx_word' id='word_1_1175' title='bbox 1559 2938 1593 2968; x_wconf 91' lang='lat'>&amp;</span> <span class='ocrx_word' id='word_1_1176' title='bbox 1609 2936 1714 2967; x_wconf 90' lang='lat' dir='ltr'>Secure</span> <span class='ocrx_word' id='word_1_1177' title='bbox 1732 2936 1885 2978; x_wconf 89' lang='lat' dir='ltr'>Couduyt,</span> <span class='ocrx_word' id='word_1_1178' title='bbox 1904 2938 2071 2970; x_wconf 71' lang='lat' dir='ltr'>Proteffion</span> <span class='ocrx_word' id='word_1_1179' title='bbox 2081 2964 2091 2980; x_wconf 86' lang='lat'>,</span> <span class='ocrx_word' id='word_1_1180' title='bbox 2108 2941 2249 2979; x_wconf 85' lang='lat' dir='ltr'>Tuition,</span> <span class='ocrx_word' id='word_1_1181' title='bbox 2267 2941 2337 2972; x_wconf 85' lang='lat' dir='ltr'>Sau-</span> 
     </span>
     <span class='ocr_line' id='line_1_166' title="bbox 1270 2974 2337 3018; baseline 0.007 -14"><span class='ocrx_word' id='word_1_1182' title='bbox 1270 2984 1307 3004; x_wconf 91' lang='lat' dir='ltr'>ve</span> <span class='ocrx_word' id='word_1_1183' title='bbox 1329 2976 1429 3013; x_wconf 85' lang='lat' dir='ltr'>garde,</span> <span class='ocrx_word' id='word_1_1184' title='bbox 1447 2976 1480 3006; x_wconf 87' lang='lat'>&amp;</span> <span class='ocrx_word' id='word_1_1185' title='bbox 1500 2974 1624 3005; x_wconf 85' lang='lat' dir='ltr'>Defense</span> <span class='ocrx_word' id='word_1_1186' title='bbox 1645 2975 1805 3013; x_wconf 87' lang='lat' dir='ltr'>especiaux,</span> <span class='ocrx_word' id='word_1_1187' title='bbox 1823 2986 1858 3007; x_wconf 92' lang='lat' dir='ltr'>en</span> <span class='ocrx_word' id='word_1_1188' title='bbox 1872 2976 2002 3017; x_wconf 87' lang='lat' dir='ltr'>Venant,</span> <span class='ocrx_word' id='word_1_1189' title='bbox 2020 2978 2219 3018; x_wconf 88' lang='lat' dir='ltr'>Retournant,</span> <span class='ocrx_word' id='word_1_1190' title='bbox 2237 2980 2337 3018; x_wconf 86' lang='lat' dir='ltr'>Alant,</span> 
     </span>
     <span class='ocr_line' id='line_1_167' title="bbox 1271 3012 2336 3057; baseline 0.006 -14"><span class='ocrx_word' id='word_1_1191' title='bbox 1271 3013 1305 3043; x_wconf 67' lang='grc' dir='ltr'>ὃς</span> <span class='ocrx_word' id='word_1_1192' title='bbox 1327 3013 1452 3051; x_wconf 82' lang='lat' dir='ltr'>Paffant,</span> <span class='ocrx_word' id='word_1_1193' title='bbox 1471 3023 1519 3051; x_wconf 84' lang='lat' dir='ltr'>par</span> <span class='ocrx_word' id='word_1_1194' title='bbox 1542 3012 1645 3051; x_wconf 80' lang='lat' dir='ltr'>Meet,</span> <span class='ocrx_word' id='word_1_1195' title='bbox 1665 3014 1699 3044; x_wconf 90' lang='lat'>&amp;</span> <span class='ocrx_word' id='word_1_1196' title='bbox 1721 3024 1768 3051; x_wconf 87' lang='lat' dir='ltr'>par</span> <span class='ocrx_word' id='word_1_1197' title='bbox 1788 3013 1897 3055; x_wconf 89' lang='lat' dir='ltr'>Terre,</span> <span class='ocrx_word' id='word_1_1198' title='bbox 1916 3026 1945 3046; x_wconf 89' lang='lat' dir='ltr'>es</span> <span class='ocrx_word' id='word_1_1199' title='bbox 1968 3017 2066 3054; x_wconf 88' lang='lat' dir='ltr'>parties</span> <span class='ocrx_word' id='word_1_1200' title='bbox 2087 3016 2123 3047; x_wconf 90' lang='lat' dir='ltr'>de</span> <span class='ocrx_word' id='word_1_1201' title='bbox 2136 3016 2279 3057; x_wconf 88' lang='lat' dir='ltr'>Picardie,</span> <span class='ocrx_word' id='word_1_1202' title='bbox 2296 3030 2336 3049; x_wconf 90' lang='lat' dir='ltr'>ou</span> 
     </span>
     <span class='ocr_line' id='line_1_168' title="bbox 1271 3050 2335 3092; baseline 0.006 -11"><span class='ocrx_word' id='word_1_1203' title='bbox 1271 3052 1393 3090; x_wconf 81' lang='lat' dir='ltr'>ailleurs,</span> <span class='ocrx_word' id='word_1_1204' title='bbox 1413 3062 1450 3083; x_wconf 91' lang='lat' dir='ltr'>ou</span> <span class='ocrx_word' id='word_1_1205' title='bbox 1475 3050 1571 3082; x_wconf 90' lang='lat' dir='ltr'>mestir</span> <span class='ocrx_word' id='word_1_1206' title='bbox 1592 3051 1678 3090; x_wconf 83' lang='lat' dir='ltr'>serra,</span> <span class='ocrx_word' id='word_1_1207' title='bbox 1705 3061 1758 3089; x_wconf 86' lang='lat' dir='ltr'>pur</span> <span class='ocrx_word' id='word_1_1208' title='bbox 1778 3053 1803 3082; x_wconf 93' lang='lat' dir='ltr'>le</span> <span class='ocrx_word' id='word_1_1209' title='bbox 1823 3053 1883 3084; x_wconf 88' lang='lat' dir='ltr'>Fait</span> <span class='ocrx_word' id='word_1_1210' title='bbox 1903 3053 1995 3086; x_wconf 89' lang='lat' dir='ltr'>dessus</span> <span class='ocrx_word' id='word_1_1211' title='bbox 2013 3055 2072 3092; x_wconf 89' lang='lat' dir='ltr'>dit,</span> <span class='ocrx_word' id='word_1_1212' title='bbox 2096 3056 2161 3086; x_wconf 89' lang='lat' dir='ltr'>sanz</span> <span class='ocrx_word' id='word_1_1213' title='bbox 2182 3056 2277 3087; x_wconf 85' lang='lat' dir='ltr'>fraude</span> <span class='ocrx_word' id='word_1_1214' title='bbox 2301 3059 2335 3088; x_wconf 91' lang='lat'>&amp;</span> 
     </span>
     <span class='ocr_line' id='line_1_169' title="bbox 1271 3089 2338 3133; baseline 0.004 -13"><span class='ocrx_word' id='word_1_1215' title='bbox 1271 3091 1337 3121; x_wconf 87' lang='lat' dir='ltr'>sanz</span> <span class='ocrx_word' id='word_1_1216' title='bbox 1359 3090 1432 3121; x_wconf 88' lang='lat' dir='ltr'>male</span> <span class='ocrx_word' id='word_1_1217' title='bbox 1456 3089 1597 3129; x_wconf 79' lang='lat' dir='ltr'>Engyne‚</span> <span class='ocrx_word' id='word_1_1218' title='bbox 1624 3091 1657 3121; x_wconf 67' lang='grc' dir='ltr'>ὃς</span> <span class='ocrx_word' id='word_1_1219' title='bbox 1678 3090 1704 3120; x_wconf 84' lang='lat' dir='ltr'>la</span> <span class='ocrx_word' id='word_1_1220' title='bbox 1725 3090 1922 3129; x_wconf 88' lang='lat' dir='ltr'>Demourant,</span> <span class='ocrx_word' id='word_1_1221' title='bbox 1947 3092 2132 3133; x_wconf 69' lang='lat' dir='ltr'>Snjournanr,</span> <span class='ocrx_word' id='word_1_1222' title='bbox 2154 3095 2188 3126; x_wconf 92' lang='lat'>&amp;</span> <span class='ocrx_word' id='word_1_1223' title='bbox 2214 3094 2338 3125; x_wconf 87' lang='lat' dir='ltr'>Retour-</span> 
     </span>
     <span class='ocr_line' id='line_1_170' title="bbox 1273 3128 2336 3171; baseline 0.004 -12"><span class='ocrx_word' id='word_1_1224' title='bbox 1273 3138 1340 3159; x_wconf 84' lang='lat' dir='ltr'>nant</span> <span class='ocrx_word' id='word_1_1225' title='bbox 1363 3139 1425 3159; x_wconf 88' lang='lat' dir='ltr'>vers</span> <span class='ocrx_word' id='word_1_1226' title='bbox 1444 3129 1482 3158; x_wconf 88' lang='lat' dir='ltr'>les</span> <span class='ocrx_word' id='word_1_1227' title='bbox 1504 3128 1607 3158; x_wconf 87' lang='lat' dir='ltr'>Parties</span> <span class='ocrx_word' id='word_1_1228' title='bbox 1628 3128 1664 3159; x_wconf 90' lang='lat' dir='ltr'>de</span> <span class='ocrx_word' id='word_1_1229' title='bbox 1678 3129 1802 3168; x_wconf 87' lang='lat' dir='ltr'>France,</span> <span class='ocrx_word' id='word_1_1230' title='bbox 1821 3140 1869 3167; x_wconf 87' lang='lat' dir='ltr'>par</span> <span class='ocrx_word' id='word_1_1231' title='bbox 1884 3130 1984 3169; x_wconf 84' lang='lat' dir='ltr'>Meer,</span> <span class='ocrx_word' id='word_1_1232' title='bbox 2002 3133 2036 3162; x_wconf 71' lang='grc' dir='ltr'>ὃς</span> <span class='ocrx_word' id='word_1_1233' title='bbox 2052 3142 2100 3169; x_wconf 88' lang='lat' dir='ltr'>par</span> <span class='ocrx_word' id='word_1_1234' title='bbox 2116 3132 2225 3171; x_wconf 89' lang='lat' dir='ltr'>Terre,</span> <span class='ocrx_word' id='word_1_1235' title='bbox 2245 3133 2336 3163; x_wconf 84' lang='lat' dir='ltr'>Touz</span> 
     </span>
     <span class='ocr_line' id='line_1_171' title="bbox 1272 3166 2334 3209; baseline 0.003 -11"><span class='ocrx_word' id='word_1_1236' title='bbox 1272 3168 1431 3205; x_wconf 86' lang='lat' dir='ltr'>ensemble,</span> <span class='ocrx_word' id='word_1_1237' title='bbox 1449 3177 1487 3196; x_wconf 90' lang='lat' dir='ltr'>ou</span> <span class='ocrx_word' id='word_1_1238' title='bbox 1503 3166 1699 3205; x_wconf 84' lang='lat' dir='ltr'>Divisement,</span> <span class='ocrx_word' id='word_1_1239' title='bbox 1716 3177 1801 3198; x_wconf 89' lang='lat' dir='ltr'>come</span> <span class='ocrx_word' id='word_1_1240' title='bbox 1816 3168 1834 3198; x_wconf 90' lang='lat' dir='ltr'>il</span> <span class='ocrx_word' id='word_1_1241' title='bbox 1849 3169 1912 3199; x_wconf 93' lang='lat' dir='ltr'>lour</span> <span class='ocrx_word' id='word_1_1242' title='bbox 1926 3170 2027 3208; x_wconf 84' lang='lat' dir='ltr'>plaira,</span> <span class='ocrx_word' id='word_1_1243' title='bbox 2044 3171 2077 3201; x_wconf 90' lang='lat'>&amp;</span> <span class='ocrx_word' id='word_1_1244' title='bbox 2099 3170 2125 3209; x_wconf 91' lang='lat' dir='ltr'>sy</span> <span class='ocrx_word' id='word_1_1245' title='bbox 2144 3171 2260 3201; x_wconf 88' lang='lat' dir='ltr'>souvent</span> <span class='ocrx_word' id='word_1_1246' title='bbox 2283 3181 2334 3201; x_wconf 90' lang='lat' dir='ltr'>co-</span> 
     </span>
     <span class='ocr_line' id='line_1_172' title="bbox 1273 3205 2337 3250; baseline 0.003 -14"><span class='ocrx_word' id='word_1_1247' title='bbox 1273 3216 1320 3237; x_wconf 93' lang='lat' dir='ltr'>me</span> <span class='ocrx_word' id='word_1_1248' title='bbox 1334 3207 1366 3236; x_wconf 84' lang='lat' dir='ltr'>ils</span> <span class='ocrx_word' id='word_1_1249' title='bbox 1380 3205 1541 3243; x_wconf 84' lang='lat' dir='ltr'>voudront,</span> <span class='ocrx_word' id='word_1_1250' title='bbox 1556 3205 1589 3235; x_wconf 90' lang='lat'>&amp;</span> <span class='ocrx_word' id='word_1_1251' title='bbox 1604 3215 1619 3235; x_wconf 87' lang='lat' dir='ltr'>a</span> <span class='ocrx_word' id='word_1_1252' title='bbox 1636 3205 1713 3235; x_wconf 85' lang='lat' dir='ltr'>Faire</span> <span class='ocrx_word' id='word_1_1253' title='bbox 1727 3206 1797 3250; x_wconf 78' lang='lat' dir='ltr'>serra</span> <span class='ocrx_word' id='word_1_1254' title='bbox 1810 3217 1863 3244; x_wconf 90' lang='lat' dir='ltr'>pur</span> <span class='ocrx_word' id='word_1_1255' title='bbox 1877 3206 1902 3237; x_wconf 91' lang='lat' dir='ltr'>le</span> <span class='ocrx_word' id='word_1_1256' title='bbox 1916 3207 1975 3238; x_wconf 85' lang='lat' dir='ltr'>Fait</span> <span class='ocrx_word' id='word_1_1257' title='bbox 1987 3208 2026 3239; x_wconf 92' lang='lat' dir='ltr'>du</span> <span class='ocrx_word' id='word_1_1258' title='bbox 2041 3207 2210 3247; x_wconf 75' lang='lat' dir='ltr'>ditTr&#39;aitie,</span> <span class='ocrx_word' id='word_1_1259' title='bbox 2225 3208 2337 3247; x_wconf 84' lang='lat' dir='ltr'>jusques</span> 
     </span>
     <span class='ocr_line' id='line_1_173' title="bbox 1272 3243 2337 3329; baseline 0.002 -15"><span class='ocrx_word' id='word_1_1260' title='bbox 1272 3255 1288 3274; x_wconf 68' lang='lat' dir='ltr'>a</span> <span class='ocrx_word' id='word_1_1261' title='bbox 1301 3243 1784 3326; x_wconf 37' lang='lat' dir='ltr'>{ilrffigri‘dgiiggchggmgffncssgnrs&#39;</span> <span class='ocrx_word' id='word_1_1262' title='bbox 1794 3254 1983 3315; x_wconf 42' lang='lat' dir='ltr'>gs‘issrssiigr&#39;nent</span> <span class='ocrx_word' id='word_1_1263' title='bbox 1994 3294 2009 3314; x_wconf 90' lang='lat' dir='ltr'>a</span> <span class='ocrx_word' id='word_1_1264' title='bbox 2020 3294 2092 3315; x_wconf 93' lang='lat' dir='ltr'>vous</span> <span class='ocrx_word' id='word_1_1265' title='bbox 2101 3294 2164 3329; x_wconf 35' lang='lat' dir='ltr'>&#39;noz</span> <span class='ocrx_word' id='word_1_1266' title='bbox 2180 3285 2337 3324; x_wconf 75' lang='lat' dir='ltr'>Justicers‚</span> 
     </span>
     <span class='ocr_line' id='line_1_174' title="bbox 1273 3320 2336 3364; baseline 0.005 -13"><span class='ocrx_word' id='word_1_1267' title='bbox 1273 3321 1412 3358; x_wconf 87' lang='lat' dir='ltr'>Officers,</span> <span class='ocrx_word' id='word_1_1268' title='bbox 1431 3323 1464 3352; x_wconf 90' lang='lat'>&amp;</span> <span class='ocrx_word' id='word_1_1269' title='bbox 1479 3320 1623 3357; x_wconf 82' lang='lat' dir='ltr'>SubgieZ,</span> <span class='ocrx_word' id='word_1_1270' title='bbox 1642 3331 1737 3358; x_wconf 84' lang='lat' dir='ltr'>prions</span> <span class='ocrx_word' id='word_1_1271' title='bbox 1751 3323 1784 3352; x_wconf 89' lang='lat'>&amp;</span> <span class='ocrx_word' id='word_1_1272' title='bbox 1802 3322 1961 3360; x_wconf 88' lang='lat' dir='ltr'>Requirons</span> <span class='ocrx_word' id='word_1_1273' title='bbox 1975 3331 2034 3352; x_wconf 87' lang='lat' dir='ltr'>noz</span> <span class='ocrx_word' id='word_1_1274' title='bbox 2050 3322 2160 3362; x_wconf 74' lang='lat' dir='ltr'>Alliez,</span> <span class='ocrx_word' id='word_1_1275' title='bbox 2175 3323 2285 3364; x_wconf 83' lang='lat' dir='ltr'>Amys‚</span> <span class='ocrx_word' id='word_1_1276' title='bbox 2301 3325 2336 3356; x_wconf 69' lang='grc' dir='ltr'>δι’</span> 
     </span>
     <span class='ocr_line' id='line_1_175' title="bbox 1275 3359 2144 3400; baseline 0 -10"><span class='ocrx_word' id='word_1_1277' title='bbox 1275 3360 1503 3397; x_wconf 82' lang='lat' dir='ltr'>Bienveullanrz,</span> <span class='ocrx_word' id='word_1_1278' title='bbox 1521 3360 1554 3390; x_wconf 67' lang='grc' dir='ltr'>ὃς</span> <span class='ocrx_word' id='word_1_1279' title='bbox 1566 3369 1580 3388; x_wconf 88' lang='lat' dir='ltr'>a</span> <span class='ocrx_word' id='word_1_1280' title='bbox 1593 3359 1716 3390; x_wconf 88' lang='lat' dir='ltr'>chescun</span> <span class='ocrx_word' id='word_1_1281' title='bbox 1729 3359 1837 3399; x_wconf 86' lang='lat' dir='ltr'>d&#39;eulx,</span> <span class='ocrx_word' id='word_1_1282' title='bbox 1856 3370 1911 3398; x_wconf 90' lang='lat' dir='ltr'>que</span> <span class='ocrx_word' id='word_1_1283' title='bbox 1927 3361 1965 3390; x_wconf 85' lang='lat' dir='ltr'>les</span> <span class='ocrx_word' id='word_1_1284' title='bbox 1981 3360 2144 3400; x_wconf 77' lang='lat' dir='ltr'>dess&#39;usditz,</span> 
     </span>
    </p>

    <p class='ocr_par' dir='ltr' id='par_1_67' title="bbox 1312 3398 1456 3436">
     <span class='ocr_line' id='line_1_176' title="bbox 1312 3398 1456 3436; baseline -0.007 -7"><span class='ocrx_word' id='word_1_1285' title='bbox 1312 3398 1456 3436; x_wconf 87' lang='lat' dir='ltr'>Evesque,</span> 
     </span>
    </p>

    <p class='ocr_par' dir='ltr' id='par_1_68' title="bbox 1312 3437 1606 3476">
     <span class='ocr_line' id='line_1_177' title="bbox 1312 3437 1606 3476; baseline -0.007 -10"><span class='ocrx_word' id='word_1_1286' title='bbox 1312 3437 1438 3476; x_wconf 81' lang='lat' dir='ltr'>Mesfieur</span> <span class='ocrx_word' id='word_1_1287' title='bbox 1454 3439 1587 3472; x_wconf 79' lang='lat' dir='ltr'>Reignaut</span> <span class='ocrx_word' id='word_1_1288' title='bbox 1597 3460 1606 3474; x_wconf 82' lang='lat'>,</span> 
     </span>
    </p>

    <p class='ocr_par' dir='ltr' id='par_1_69' title="bbox 1310 3474 1618 3512">
     <span class='ocr_line' id='line_1_178' title="bbox 1310 3474 1618 3512; baseline -0.006 -7"><span class='ocrx_word' id='word_1_1289' title='bbox 1310 3478 1353 3505; x_wconf 86' lang='lat' dir='ltr'>Le</span> <span class='ocrx_word' id='word_1_1290' title='bbox 1366 3480 1422 3504; x_wconf 78' lang='lat' dir='ltr'>Sire</span> <span class='ocrx_word' id='word_1_1291' title='bbox 1437 3474 1597 3510; x_wconf 79' lang='lat' dir='ltr'>d&#39;Augonde</span> <span class='ocrx_word' id='word_1_1292' title='bbox 1608 3497 1618 3512; x_wconf 90' lang='lat'>,</span> 
     </span>
    </p>

    <p class='ocr_par' dir='ltr' id='par_1_70' title="bbox 1314 3512 1639 3549">
     <span class='ocr_line' id='line_1_179' title="bbox 1314 3512 1639 3549; baseline -0.009 -6"><span class='ocrx_word' id='word_1_1293' title='bbox 1314 3517 1357 3543; x_wconf 90' lang='lat' dir='ltr'>Le</span> <span class='ocrx_word' id='word_1_1294' title='bbox 1371 3518 1427 3543; x_wconf 83' lang='lat' dir='ltr'>Sire</span> <span class='ocrx_word' id='word_1_1295' title='bbox 1442 3514 1473 3542; x_wconf 84' lang='lat' dir='ltr'>de</span> <span class='ocrx_word' id='word_1_1296' title='bbox 1487 3512 1639 3549; x_wconf 85' lang='lat' dir='ltr'>Ramburs,</span> 
     </span>
    </p>

    <p class='ocr_par' dir='ltr' id='par_1_71' title="bbox 1276 3550 2335 3659">
     <span class='ocr_line' id='line_1_180' title="bbox 1310 3550 2335 3593; baseline 0.002 -11"><span class='ocrx_word' id='word_1_1297' title='bbox 1310 3552 1348 3582; x_wconf 90' lang='lat' dir='ltr'>Et</span> <span class='ocrx_word' id='word_1_1298' title='bbox 1361 3552 1385 3581; x_wconf 87' lang='lat' dir='ltr'>le</span> <span class='ocrx_word' id='word_1_1299' title='bbox 1399 3555 1456 3581; x_wconf 80' lang='lat' dir='ltr'>Sire</span> <span class='ocrx_word' id='word_1_1300' title='bbox 1467 3550 1529 3588; x_wconf 78' lang='lat' dir='ltr'>Dis</span> <span class='ocrx_word' id='word_1_1301' title='bbox 1536 3562 1584 3589; x_wconf 83' lang='lat' dir='ltr'>ue,</span> <span class='ocrx_word' id='word_1_1302' title='bbox 1603 3550 1743 3590; x_wconf 71' lang='lat' dir='ltr'>Messages</span> <span class='ocrx_word' id='word_1_1303' title='bbox 1756 3550 1792 3581; x_wconf 91' lang='lat' dir='ltr'>de</span> <span class='ocrx_word' id='word_1_1304' title='bbox 1807 3550 1901 3582; x_wconf 88' lang='lat' dir='ltr'>nostre</span> <span class='ocrx_word' id='word_1_1305' title='bbox 1918 3551 1959 3583; x_wconf 91' lang='lat' dir='ltr'>dit</span> <span class='ocrx_word' id='word_1_1306' title='bbox 1981 3551 2161 3591; x_wconf 81' lang='lat' dir='ltr'>Adversaire,</span> <span class='ocrx_word' id='word_1_1307' title='bbox 2179 3551 2238 3589; x_wconf 61' lang='lat' dir='ltr'>&amp;a</span> <span class='ocrx_word' id='word_1_1308' title='bbox 2255 3560 2335 3593; x_wconf 67' lang='lat' dir='ltr'>prom</span> 
     </span>
     <span class='ocr_line' id='line_1_181' title="bbox 1276 3589 1817 3659; baseline -0.004 -38"><span class='ocrx_word' id='word_1_1309' title='bbox 1276 3594 1306 3621; x_wconf 83' lang='lat' dir='ltr'>in</span> <span class='ocrx_word' id='word_1_1310' title='bbox 1314 3589 1493 3659; x_wconf 55' lang='lat' dir='ltr'>I{onsgfgilsibur</span> <span class='ocrx_word' id='word_1_1311' title='bbox 1525 3600 1538 3618; x_wconf 83' lang='lat' dir='ltr'>e</span> <span class='ocrx_word' id='word_1_1312' title='bbox 1553 3590 1691 3659; x_wconf 60' lang='grc' dir='ltr'>Οονιᾶιιέἳζιι</span> <span class='ocrx_word' id='word_1_1313' title='bbox 1706 3593 1817 3619; x_wconf 84' lang='lat' dir='ltr'>Literis.</span> 
     </span>
    </p>

    <p class='ocr_par' dir='ltr' id='par_1_72' title="bbox 1408 3637 2324 3659">
     <span class='ocr_line' id='line_1_182' title="bbox 1408 3637 2324 3659; baseline 0.001 -1"><span class='ocrx_word' id='word_1_1314' title='bbox 1408 3639 1422 3658; x_wconf 90' lang='lat' dir='ltr'>e</span> <span class='ocrx_word' id='word_1_1315' title='bbox 1436 3638 1494 3658; x_wconf 82' lang='lat' dir='ltr'>moi</span> <span class='ocrx_word' id='word_1_1316' title='bbox 1515 3637 1606 3658; x_wconf 89' lang='lat' dir='ltr'>nance</span> <span class='ocrx_word' id='word_1_1317' title='bbox 1676 3639 1702 3659; x_wconf 92' lang='lat' dir='ltr'>c.</span> <span class='ocrx_word' id='word_1_1318' title='bbox 2322 3642 2324 3644; x_wconf 58' lang='grc'>’</span> 
     </span>
    </p>

    <p class='ocr_par' dir='ltr' id='par_1_73' title="bbox 1276 3637 2337 3782">
     <span class='ocr_line' id='line_1_183' title="bbox 1317 3637 2337 3706; baseline 0.001 -8"><span class='ocrx_word' id='word_1_1319' title='bbox 1317 3640 1397 3698; x_wconf 57' lang='lat' dir='ltr'>Drbri.</span> <span class='ocrx_word' id='word_1_1320' title='bbox 1416 3677 1431 3696; x_wconf 89' lang='lat' dir='ltr'>a</span> <span class='ocrx_word' id='word_1_1321' title='bbox 1456 3637 1551 3696; x_wconf 70' lang='lat' dir='ltr'>noigh&#39;e</span> <span class='ocrx_word' id='word_1_1322' title='bbox 1567 3652 1667 3704; x_wconf 54' lang='lat' dir='ltr'>Paiays</span> <span class='ocrx_word' id='word_1_1323' title='bbox 1682 3667 1713 3695; x_wconf 89' lang='lat' dir='ltr'>de</span> <span class='ocrx_word' id='word_1_1324' title='bbox 1729 3665 1939 3706; x_wconf 77' lang='lat' dir='ltr'>Wstmonstier,</span> <span class='ocrx_word' id='word_1_1325' title='bbox 1957 3667 1983 3697; x_wconf 88' lang='lat' dir='ltr'>le</span> <span class='ocrx_word' id='word_1_1326' title='bbox 1999 3669 2055 3699; x_wconf 81' lang='lat' dir='ltr'>Xvi.</span> <span class='ocrx_word' id='word_1_1327' title='bbox 2068 3669 2134 3706; x_wconf 86' lang='lat' dir='ltr'>jour</span> <span class='ocrx_word' id='word_1_1328' title='bbox 2146 3669 2182 3699; x_wconf 88' lang='lat' dir='ltr'>de</span> <span class='ocrx_word' id='word_1_1329' title='bbox 2199 3668 2337 3699; x_wconf 82' lang='lat' dir='ltr'>Novem-</span> 
     </span>
     <span class='ocr_line' id='line_1_184' title="bbox 1277 3704 2335 3747; baseline 0.003 -11"><span class='ocrx_word' id='word_1_1330' title='bbox 1277 3706 1343 3744; x_wconf 84' lang='lat' dir='ltr'>bre,</span> <span class='ocrx_word' id='word_1_1331' title='bbox 1362 3706 1428 3736; x_wconf 88' lang='lat' dir='ltr'>l’An</span> <span class='ocrx_word' id='word_1_1332' title='bbox 1444 3704 1479 3734; x_wconf 88' lang='lat' dir='ltr'>de</span> <span class='ocrx_word' id='word_1_1333' title='bbox 1497 3704 1594 3734; x_wconf 80' lang='lat' dir='ltr'>Grace</span> <span class='ocrx_word' id='word_1_1334' title='bbox 1608 3704 1709 3743; x_wconf 85' lang='lat' dir='ltr'>Mille,</span> <span class='ocrx_word' id='word_1_1335' title='bbox 1727 3704 1915 3744; x_wconf 85' lang='lat' dir='ltr'>Troiscentz,</span> <span class='ocrx_word' id='word_1_1336' title='bbox 1934 3706 2134 3746; x_wconf 84' lang='lat' dir='ltr'>Qatrevyntz</span> <span class='ocrx_word' id='word_1_1337' title='bbox 2147 3707 2179 3737; x_wconf 70' lang='grc' dir='ltr'>ὃς</span> <span class='ocrx_word' id='word_1_1338' title='bbox 2204 3706 2282 3747; x_wconf 83' lang='lat' dir='ltr'>Oyt,</span> <span class='ocrx_word' id='word_1_1339' title='bbox 2301 3708 2335 3740; x_wconf 62' lang='grc' dir='ltr'>ὅτι</span> 
     </span>
     <span class='ocr_line' id='line_1_185' title="bbox 1276 3742 1685 3782; baseline -0.007 -6"><span class='ocrx_word' id='word_1_1340' title='bbox 1276 3744 1313 3776; x_wconf 91' lang='lat' dir='ltr'>de</span> <span class='ocrx_word' id='word_1_1341' title='bbox 1326 3753 1384 3776; x_wconf 83' lang='lat' dir='ltr'>noz</span> <span class='ocrx_word' id='word_1_1342' title='bbox 1400 3744 1512 3782; x_wconf 82' lang='lat' dir='ltr'>Regnes</span> <span class='ocrx_word' id='word_1_1343' title='bbox 1528 3742 1685 3774; x_wconf 84' lang='lat' dir='ltr'>Duszisme.</span> 
     </span>
    </p>
   </div>
   <div class='ocr_carea' id='block_1_32' title="bbox 2347 1695 2389 1712">
    <p class='ocr_par' dir='ltr' id='par_1_74' title="bbox 2347 1695 2389 1712">
     <span class='ocr_line' id='line_1_186' title="bbox 2347 1695 2389 1712; baseline 0 0"><span class='ocrx_word' id='word_1_1344' title='bbox 2347 1695 2389 1712; x_wconf 76' lang='lat'>11.</span> 
     </span>
    </p>
   </div>
   <div class='ocr_carea' id='block_1_33' title="bbox 1840 3818 2231 3861">
    <p class='ocr_par' dir='ltr' id='par_1_75' title="bbox 1840 3818 2231 3861">
     <span class='ocr_line' id='line_1_187' title="bbox 1840 3818 2231 3861; baseline 0.003 -10"><span class='ocrx_word' id='word_1_1345' title='bbox 1840 3824 1898 3852; x_wconf 88' lang='lat' dir='ltr'>Par</span> <span class='ocrx_word' id='word_1_1346' title='bbox 1913 3821 1937 3852; x_wconf 83' lang='lat' dir='ltr'>le</span> <span class='ocrx_word' id='word_1_1347' title='bbox 1950 3824 1999 3851; x_wconf 82' lang='lat' dir='ltr'>Roi</span> <span class='ocrx_word' id='word_1_1348' title='bbox 2012 3818 2050 3856; x_wconf 58' lang='grc' dir='ltr'>εἶν’</span> <span class='ocrx_word' id='word_1_1349' title='bbox 2056 3820 2108 3861; x_wconf 76' lang='lat' dir='ltr'>fim</span> <span class='ocrx_word' id='word_1_1350' title='bbox 2123 3821 2231 3861; x_wconf 75' lang='lat' dir='ltr'>Conftil.</span> 
     </span>
    </p>
   </div>
   <div class='ocr_carea' id='block_1_34' title="bbox 1753 4077 1779 4108">
    <p class='ocr_par' dir='ltr' id='par_1_76' title="bbox 1753 4077 1779 4108">
     <span class='ocr_line' id='line_1_188' title="bbox 1753 4077 1779 4108; textangle 90"><span class='ocrx_word' id='word_1_1351' title='bbox 1753 4077 1779 4108; x_wconf 63' lang='lat'>„⁵27</span> 
     </span>
    </p>
   </div>
   <div class='ocr_carea' id='block_1_35' title="bbox 2250 4081 2339 4113">
    <p class='ocr_par' dir='ltr' id='par_1_77' title="bbox 2250 4081 2339 4113">
     <span class='ocr_line' id='line_1_189' title="bbox 2250 4081 2339 4113; baseline 0.034 -3"><span class='ocrx_word' id='word_1_1352' title='bbox 2250 4081 2269 4101; x_wconf 51' lang='grc' dir='ltr'>ἢ*</span> <span class='ocrx_word' id='word_1_1353' title='bbox 2283 4083 2339 4113; x_wconf 68' lang='lat' dir='ltr'>Pro</span> 
     </span>
    </p>
   </div>
  </div>
 </body>
</html>
