<?xml version="1.0" encoding="UTF-8"?>
<!DOCTYPE html PUBLIC "-//W3C//DTD XHTML 1.0 Transitional//EN"
    "http://www.w3.org/TR/xhtml1/DTD/xhtml1-transitional.dtd">
<html xmlns="http://www.w3.org/1999/xhtml" xml:lang="en" lang="en">
 <head>
  <title>
</title>
<meta http-equiv="Content-Type" content="text/html;charset=utf-8" />
  <meta name='ocr-system' content='tesseract 3.04.00' />
  <meta name='ocr-capabilities' content='ocr_page ocr_carea ocr_par ocr_line ocrx_word'/>
</head>
<body>
  <div class='ocr_page' id='page_1' title='image "./fderaconventione03ryme_0587.png"; bbox 0 0 2561 4251; ppageno 0'>
   <div class='ocr_carea' id='block_1_1' title="bbox 0 2782 6 3344">
    <p class='ocr_par' dir='ltr' id='par_1_1' title="bbox 0 2782 6 3344">
     <span class='ocr_line' id='line_1_1' title="bbox 0 2782 6 3344; baseline 0 0"><span class='ocrx_word' id='word_1_1' title='bbox 0 2782 6 3344; x_wconf 95' lang='lat' dir='ltr'> </span> 
     </span>
    </p>
   </div>
   <div class='ocr_carea' id='block_1_2' title="bbox 0 2782 6 3343">
    <p class='ocr_par' dir='ltr' id='par_1_2' title="bbox 0 2782 6 3343">
     <span class='ocr_line' id='line_1_2' title="bbox 0 2782 6 3343; baseline 0 0"><span class='ocrx_word' id='word_1_2' title='bbox 0 2782 6 3343; x_wconf 95' lang='lat' dir='ltr'> </span> 
     </span>
    </p>
   </div>
   <div class='ocr_carea' id='block_1_3' title="bbox 0 2782 6 3343">
    <p class='ocr_par' dir='ltr' id='par_1_3' title="bbox 0 2782 6 3343">
     <span class='ocr_line' id='line_1_3' title="bbox 0 2782 6 3343; baseline 0 0"><span class='ocrx_word' id='word_1_3' title='bbox 0 2782 6 3343; x_wconf 95' lang='lat' dir='ltr'> </span> 
     </span>
    </p>
   </div>
   <div class='ocr_carea' id='block_1_4' title="bbox 669 137 1129 185">
    <p class='ocr_par' dir='ltr' id='par_1_4' title="bbox 669 137 1129 185">
     <span class='ocr_line' id='line_1_4' title="bbox 669 137 1129 185; baseline -0.009 0"><span class='ocrx_word' id='word_1_4' title='bbox 669 141 777 185; x_wconf 88' lang='lat' dir='ltr'>ET</span> <span class='ocrx_word' id='word_1_5' title='bbox 861 137 1129 183; x_wconf 73' lang='lat' dir='ltr'>ACTA</span> 
     </span>
    </p>
   </div>
   <div class='ocr_carea' id='block_1_5' title="bbox 0 226 1198 2348">
    <p class='ocr_par' dir='ltr' id='par_1_5' title="bbox 0 226 1175 276">
     <span class='ocr_line' id='line_1_5' title="bbox 0 226 1175 276; baseline -0.01 -7"><span class='ocrx_word' id='word_1_6' title='bbox 0 234 98 269; x_wconf 88' lang='lat' dir='ltr'>nn.D.</span> <span class='ocrx_word' id='word_1_7' title='bbox 115 242 180 276; x_wconf 78' lang='lat' dir='ltr'>ton,</span> <span class='ocrx_word' id='word_1_8' title='bbox 198 243 287 274; x_wconf 84' lang='lat' dir='ltr'>nuper</span> <span class='ocrx_word' id='word_1_9' title='bbox 302 230 470 264; x_wconf 74' lang='lat' dir='ltr'>Senelcallus</span> <span class='ocrx_word' id='word_1_10' title='bbox 484 228 661 268; x_wconf 76' lang='lat' dir='ltr'>Aquitaniae,</span> <span class='ocrx_word' id='word_1_11' title='bbox 679 237 776 268; x_wconf 86' lang='lat' dir='ltr'>captus</span> <span class='ocrx_word' id='word_1_12' title='bbox 790 229 842 260; x_wconf 90' lang='lat' dir='ltr'>fuit</span> <span class='ocrx_word' id='word_1_13' title='bbox 855 228 891 263; x_wconf 86' lang='lat' dir='ltr'>de</span> <span class='ocrx_word' id='word_1_14' title='bbox 905 228 1036 271; x_wconf 81' lang='lat' dir='ltr'>Guerra,</span> <span class='ocrx_word' id='word_1_15' title='bbox 1053 228 1082 257; x_wconf 89' lang='lat' dir='ltr'>in</span> <span class='ocrx_word' id='word_1_16' title='bbox 1101 226 1175 271; x_wconf 31' lang='lat' dir='ltr'>&#39;Ob-</span> 
     </span>
    </p>

    <p class='ocr_par' dir='ltr' id='par_1_6' title="bbox 0 265 1175 317">
     <span class='ocr_line' id='line_1_6' title="bbox 0 265 1175 317; baseline -0.01 -10"><span class='ocrx_word' id='word_1_17' title='bbox 0 276 79 317; x_wconf 83' lang='lat'>1380·</span> <span class='ocrx_word' id='word_1_18' title='bbox 115 272 212 313; x_wconf 78' lang='lat' dir='ltr'>sequio</span> <span class='ocrx_word' id='word_1_19' title='bbox 234 270 350 309; x_wconf 76' lang='lat' dir='ltr'>nostro,</span> <span class='ocrx_word' id='word_1_20' title='bbox 368 280 417 308; x_wconf 88' lang='lat' dir='ltr'>per</span> <span class='ocrx_word' id='word_1_21' title='bbox 436 267 576 300; x_wconf 89' lang='lat' dir='ltr'>Inimicos</span> <span class='ocrx_word' id='word_1_22' title='bbox 596 268 708 299; x_wconf 88' lang='lat' dir='ltr'>nostros</span> <span class='ocrx_word' id='word_1_23' title='bbox 727 267 870 306; x_wconf 87' lang='lat' dir='ltr'>Gallicos,</span> <span class='ocrx_word' id='word_1_24' title='bbox 889 268 922 298; x_wconf 89' lang='lat'>&amp;</span> <span class='ocrx_word' id='word_1_25' title='bbox 942 267 990 298; x_wconf 88' lang='lat' dir='ltr'>diu</span> <span class='ocrx_word' id='word_1_26' title='bbox 1009 276 1037 296; x_wconf 90' lang='lat' dir='ltr'>in</span> <span class='ocrx_word' id='word_1_27' title='bbox 1060 265 1175 308; x_wconf 82' lang='lat' dir='ltr'>Prisona</span> 
     </span>
    </p>

    <p class='ocr_par' dir='ltr' id='par_1_7' title="bbox 0 304 1180 540">
     <span class='ocr_line' id='line_1_7' title="bbox 0 304 1175 352; baseline -0.01 -7"><span class='ocrx_word' id='word_1_28' title='bbox 0 311 34 345; x_wconf 73' lang='lat' dir='ltr'>ic!</span> <span class='ocrx_word' id='word_1_29' title='bbox 45 323 71 344; x_wconf 85' lang='lat'>2.</span> <span class='ocrx_word' id='word_1_30' title='bbox 119 323 169 352; x_wconf 85' lang='lat' dir='ltr'>per</span> <span class='ocrx_word' id='word_1_31' title='bbox 184 313 277 343; x_wconf 63' lang='lat' dir='ltr'>dictos</span> <span class='ocrx_word' id='word_1_32' title='bbox 291 309 425 340; x_wconf 88' lang='lat' dir='ltr'>Inimicos</span> <span class='ocrx_word' id='word_1_33' title='bbox 440 307 553 338; x_wconf 85' lang='lat' dir='ltr'>nostros</span> <span class='ocrx_word' id='word_1_34' title='bbox 568 307 694 338; x_wconf 88' lang='lat' dir='ltr'>detentus</span> <span class='ocrx_word' id='word_1_35' title='bbox 708 306 778 345; x_wconf 87' lang='lat' dir='ltr'>fuit,</span> <span class='ocrx_word' id='word_1_36' title='bbox 797 307 831 337; x_wconf 89' lang='lat'>&amp;</span> <span class='ocrx_word' id='word_1_37' title='bbox 849 315 980 345; x_wconf 84' lang='lat' dir='ltr'>magnam</span> <span class='ocrx_word' id='word_1_38' title='bbox 1000 313 1108 342; x_wconf 87' lang='lat' dir='ltr'>partem</span> <span class='ocrx_word' id='word_1_39' title='bbox 1129 304 1175 333; x_wconf 78' lang='lat' dir='ltr'>Fi-</span> 
     </span>
     <span class='ocr_line' id='line_1_8' title="bbox 120 344 1176 385; baseline -0.011 -3"><span class='ocrx_word' id='word_1_40' title='bbox 120 352 231 383; x_wconf 85' lang='lat' dir='ltr'>nanciae</span> <span class='ocrx_word' id='word_1_41' title='bbox 245 350 299 380; x_wconf 83' lang='lat' dir='ltr'>suae</span> <span class='ocrx_word' id='word_1_42' title='bbox 314 345 407 378; x_wconf 85' lang='lat' dir='ltr'>adhuc</span> <span class='ocrx_word' id='word_1_43' title='bbox 419 346 535 384; x_wconf 87' lang='lat' dir='ltr'>debeat,</span> <span class='ocrx_word' id='word_1_44' title='bbox 555 356 638 384; x_wconf 83' lang='lat' dir='ltr'>quarn</span> <span class='ocrx_word' id='word_1_45' title='bbox 654 346 688 375; x_wconf 90' lang='lat' dir='ltr'>ad</span> <span class='ocrx_word' id='word_1_46' title='bbox 704 345 820 376; x_wconf 84' lang='lat' dir='ltr'>Festum</span> <span class='ocrx_word' id='word_1_47' title='bbox 834 344 977 375; x_wconf 89' lang='lat' dir='ltr'><strong>Omnium</strong></span> <span class='ocrx_word' id='word_1_48' title='bbox 993 344 1176 385; x_wconf 75' lang='lat' dir='ltr'>Sanctorum,</span> 
     </span>
     <span class='ocr_line' id='line_1_9' title="bbox 120 380 1179 429; baseline -0.01 -8"><span class='ocrx_word' id='word_1_49' title='bbox 120 390 258 429; x_wconf 81' lang='lat' dir='ltr'>proximo</span> <span class='ocrx_word' id='word_1_50' title='bbox 270 387 416 424; x_wconf 83' lang='lat' dir='ltr'>futurum,</span> <span class='ocrx_word' id='word_1_51' title='bbox 431 385 519 423; x_wconf 83' lang='lat' dir='ltr'>ipsum</span> <span class='ocrx_word' id='word_1_52' title='bbox 534 385 641 415; x_wconf 86' lang='lat' dir='ltr'>solvere</span> <span class='ocrx_word' id='word_1_53' title='bbox 652 392 783 422; x_wconf 82' lang='lat' dir='ltr'>oportet,</span> <span class='ocrx_word' id='word_1_54' title='bbox 799 383 844 413; x_wconf 91' lang='lat' dir='ltr'>vel</span> <span class='ocrx_word' id='word_1_55' title='bbox 853 383 968 420; x_wconf 88' lang='lat' dir='ltr'>Corpus</span> <span class='ocrx_word' id='word_1_56' title='bbox 978 382 1058 412; x_wconf 91' lang='lat' dir='ltr'>suum</span> <span class='ocrx_word' id='word_1_57' title='bbox 1074 380 1108 410; x_wconf 91' lang='lat' dir='ltr'>ad</span> <span class='ocrx_word' id='word_1_58' title='bbox 1116 380 1179 423; x_wconf 74' lang='lat' dir='ltr'>Pri-</span> 
     </span>
     <span class='ocr_line' id='line_1_10' title="bbox 121 418 1178 464; baseline -0.01 -5"><span class='ocrx_word' id='word_1_59' title='bbox 121 429 221 460; x_wconf 86' lang='lat' dir='ltr'>sonam</span> <span class='ocrx_word' id='word_1_60' title='bbox 240 423 404 464; x_wconf 64' lang='lat' dir='ltr'>praedictam</span> <span class='ocrx_word' id='word_1_61' title='bbox 426 423 557 461; x_wconf 85' lang='lat' dir='ltr'>reddere,</span> <span class='ocrx_word' id='word_1_62' title='bbox 573 424 606 454; x_wconf 89' lang='lat'>&amp;</span> <span class='ocrx_word' id='word_1_63' title='bbox 625 423 673 461; x_wconf 89' lang='lat' dir='ltr'>id,</span> <span class='ocrx_word' id='word_1_64' title='bbox 712 422 768 451; x_wconf 91' lang='lat' dir='ltr'>uod</span> <span class='ocrx_word' id='word_1_65' title='bbox 792 421 828 451; x_wconf 89' lang='lat' dir='ltr'>de</span> <span class='ocrx_word' id='word_1_66' title='bbox 840 422 972 451; x_wconf 88' lang='lat' dir='ltr'>Financia</span> <span class='ocrx_word' id='word_1_67' title='bbox 985 419 1029 450; x_wconf 85' lang='lat' dir='ltr'>sua</span> <span class='ocrx_word' id='word_1_68' title='bbox 1045 418 1178 456; x_wconf 65' lang='lat' dir='ltr'>praedicta</span> 
     </span>
     <span class='ocr_line' id='line_1_11' title="bbox 122 432 1180 504; baseline -0.01 -7"><span class='ocrx_word' id='word_1_69' title='bbox 122 467 222 503; x_wconf 70' lang='lat' dir='ltr'>(olvit,</span> <span class='ocrx_word' id='word_1_70' title='bbox 239 464 382 499; x_wconf 70' lang='lat' dir='ltr'>amittere,</span> <span class='ocrx_word' id='word_1_71' title='bbox 402 463 435 493; x_wconf 86' lang='lat'>&amp;</span> <span class='ocrx_word' id='word_1_72' title='bbox 450 462 487 492; x_wconf 88' lang='lat' dir='ltr'>sic</span> <span class='ocrx_word' id='word_1_73' title='bbox 500 462 537 493; x_wconf 89' lang='lat' dir='ltr'>de</span> <span class='ocrx_word' id='word_1_74' title='bbox 553 461 618 491; x_wconf 90' lang='lat' dir='ltr'>Vita</span> <span class='ocrx_word' id='word_1_75' title='bbox 630 461 674 504; x_wconf 81' lang='lat' dir='ltr'>sua</span> <span class='ocrx_word' id='word_1_76' title='bbox 685 432 845 497; x_wconf 42' lang='lat' dir='ltr'>asperare,</span> <span class='ocrx_word' id='word_1_77' title='bbox 863 461 896 491; x_wconf 65' lang='grc' dir='ltr'>ὅς</span> <span class='ocrx_word' id='word_1_78' title='bbox 907 459 944 489; x_wconf 90' lang='lat' dir='ltr'>de</span> <span class='ocrx_word' id='word_1_79' title='bbox 961 468 1097 496; x_wconf 84' lang='lat' dir='ltr'>perpetuo</span> <span class='ocrx_word' id='word_1_80' title='bbox 1118 457 1180 486; x_wconf 87' lang='lat' dir='ltr'>nul-</span> 
     </span>
     <span class='ocr_line' id='line_1_12' title="bbox 123 496 1024 540; baseline -0.012 -4"><span class='ocrx_word' id='word_1_81' title='bbox 123 505 227 536; x_wconf 86' lang='lat' dir='ltr'>latenus</span> <span class='ocrx_word' id='word_1_82' title='bbox 240 502 402 540; x_wconf 81' lang='lat' dir='ltr'>deliberari,</span> <span class='ocrx_word' id='word_1_83' title='bbox 420 509 502 538; x_wconf 87' lang='lat' dir='ltr'>prout</span> <span class='ocrx_word' id='word_1_84' title='bbox 515 500 571 537; x_wconf 85' lang='lat' dir='ltr'>ipse</span> <span class='ocrx_word' id='word_1_85' title='bbox 583 499 665 529; x_wconf 86' lang='lat' dir='ltr'>nobis</span> <span class='ocrx_word' id='word_1_86' title='bbox 678 496 863 535; x_wconf 80' lang='lat' dir='ltr'>ostendebat,</span> <span class='ocrx_word' id='word_1_87' title='bbox 1019 535 1024 540; x_wconf 33' lang='lat'><strong><em>¹</em></strong></span> 
     </span>
    </p>

    <p class='ocr_par' dir='ltr' id='par_1_8' title="bbox 123 533 1182 650">
     <span class='ocr_line' id='line_1_13' title="bbox 160 533 1179 577; baseline -0.008 -6"><span class='ocrx_word' id='word_1_88' title='bbox 160 539 375 572; x_wconf 86' lang='lat' dir='ltr'>Considerantes</span> <span class='ocrx_word' id='word_1_89' title='bbox 395 539 614 576; x_wconf 85' lang='lat' dir='ltr'>etiambonum</span> <span class='ocrx_word' id='word_1_90' title='bbox 633 536 788 566; x_wconf 85' lang='lat' dir='ltr'>Servitium</span> <span class='ocrx_word' id='word_1_91' title='bbox 802 558 812 573; x_wconf 88' lang='lat'>‚</span> <span class='ocrx_word' id='word_1_92' title='bbox 841 534 919 573; x_wconf 90' lang='lat' dir='ltr'>quod</span> <span class='ocrx_word' id='word_1_93' title='bbox 940 533 1179 577; x_wconf 34' lang='lat' dir='ltr'>praednstus&#39;Tho—</span> 
     </span>
     <span class='ocr_line' id='line_1_14' title="bbox 123 572 1182 650; baseline -0.008 -1"><span class='ocrx_word' id='word_1_94' title='bbox 123 591 196 650; x_wconf 58' lang='lat'>‘553²</span> <span class='ocrx_word' id='word_1_95' title='bbox 215 573 732 650; x_wconf 45' lang='lat' dir='ltr'>cci‘ssifufflffiiisDfflffisssssiffisseffff</span> <span class='ocrx_word' id='word_1_96' title='bbox 748 573 1004 650; x_wconf 58' lang='lat' dir='ltr'>AaZ⁰q¹SZff‘35b‘?ss</span> <span class='ocrx_word' id='word_1_97' title='bbox 1019 572 1182 648; x_wconf 57' lang='grc' dir='ltr'>ἆῖζέἑὲἇὲῗὲ</span> 
     </span>
    </p>

    <p class='ocr_par' dir='ltr' id='par_1_9' title="bbox 734 635 744 650">
     <span class='ocr_line' id='line_1_15' title="bbox 734 635 744 650; baseline 0 0"><span class='ocrx_word' id='word_1_98' title='bbox 734 635 744 650; x_wconf 73' lang='lat'>³</span> 
     </span>
    </p>

    <p class='ocr_par' dir='ltr' id='par_1_10' title="bbox 123 641 1188 1040">
     <span class='ocr_line' id='line_1_16' title="bbox 125 641 1183 695; baseline -0.009 -8"><span class='ocrx_word' id='word_1_99' title='bbox 125 641 230 695; x_wconf 49' lang='lat' dir='ltr'>potegit</span> <span class='ocrx_word' id='word_1_100' title='bbox 252 657 280 685; x_wconf 90' lang='lat' dir='ltr'>in</span> <span class='ocrx_word' id='word_1_101' title='bbox 303 641 446 689; x_wconf 57' lang='lat' dir='ltr'>futurum,</span> <span class='ocrx_word' id='word_1_102' title='bbox 465 652 498 682; x_wconf 88' lang='lat'>&amp;</span> <span class='ocrx_word' id='word_1_103' title='bbox 518 651 634 695; x_wconf 75' lang='lat' dir='ltr'>qualiter</span> <span class='ocrx_word' id='word_1_104' title='bbox 653 660 742 695; x_wconf 81' lang='lat' dir='ltr'>nuper</span> <span class='ocrx_word' id='word_1_105' title='bbox 762 650 964 681; x_wconf 83' lang='lat' dir='ltr'>Conceffimus</span> <span class='ocrx_word' id='word_1_106' title='bbox 976 652 1010 681; x_wconf 85' lang='lat'>&amp;</span> <span class='ocrx_word' id='word_1_107' title='bbox 1023 648 1183 694; x_wconf 77' lang='lat' dir='ltr'>Affignayi-</span> 
     </span>
     <span class='ocr_line' id='line_1_17' title="bbox 127 687 1183 769; baseline -0.011 -6"><span class='ocrx_word' id='word_1_108' title='bbox 127 688 800 769; x_wconf 55' lang='lat' dir='ltr'>‘ffifffieco‘ifi15:¹³}2siiefi‘e&#39;ss&#39;sslzse0ssss&#39;F’iffss‘ffffi</span> <span class='ocrx_word' id='word_1_109' title='bbox 810 689 925 757; x_wconf 66' lang='grc' dir='ltr'>εἷ’ἰίἕζίῗ</span> <span class='ocrx_word' id='word_1_110' title='bbox 940 689 1087 756; x_wconf 51' lang='lat'>{5530</span> <span class='ocrx_word' id='word_1_111' title='bbox 1095 687 1183 769; x_wconf 52' lang='grc' dir='ltr'>ἕὲῖἒῗ</span> 
     </span>
     <span class='ocr_line' id='line_1_18' title="bbox 128 763 1184 810; baseline -0.007 -9"><span class='ocrx_word' id='word_1_112' title='bbox 128 771 169 810; x_wconf 84' lang='lat' dir='ltr'>lo,</span> <span class='ocrx_word' id='word_1_113' title='bbox 187 774 215 801; x_wconf 90' lang='lat' dir='ltr'>in</span> <span class='ocrx_word' id='word_1_114' title='bbox 229 771 341 802; x_wconf 84' lang='lat' dir='ltr'>Partem</span> <span class='ocrx_word' id='word_1_115' title='bbox 354 767 553 798; x_wconf 58' lang='lat' dir='ltr'>satisfactionis</span> <span class='ocrx_word' id='word_1_116' title='bbox 567 766 760 797; x_wconf 90' lang='lat' dir='ltr'>Denariorum</span> <span class='ocrx_word' id='word_1_117' title='bbox 768 789 778 805; x_wconf 88' lang='lat'>,</span> <span class='ocrx_word' id='word_1_118' title='bbox 793 767 874 797; x_wconf 67' lang='lat' dir='ltr'>dicto</span> <span class='ocrx_word' id='word_1_119' title='bbox 886 765 993 795; x_wconf 82' lang='lat' dir='ltr'>Thomae</span> <span class='ocrx_word' id='word_1_120' title='bbox 1010 774 1059 807; x_wconf 76' lang='lat' dir='ltr'>pei·</span> <span class='ocrx_word' id='word_1_121' title='bbox 1072 763 1184 794; x_wconf 67' lang='lat' dir='ltr'>dictum</span> 
     </span>
     <span class='ocr_line' id='line_1_19' title="bbox 127 802 1184 846; baseline -0.009 -5"><span class='ocrx_word' id='word_1_122' title='bbox 127 811 226 841; x_wconf 88' lang='lat' dir='ltr'>Avum</span> <span class='ocrx_word' id='word_1_123' title='bbox 244 808 374 838; x_wconf 90' lang='lat' dir='ltr'>nostrum</span> <span class='ocrx_word' id='word_1_124' title='bbox 395 807 428 837; x_wconf 73' lang='grc' dir='ltr'>ὃ(</span> <span class='ocrx_word' id='word_1_125' title='bbox 451 805 521 836; x_wconf 91' lang='lat' dir='ltr'>Nos</span> <span class='ocrx_word' id='word_1_126' title='bbox 539 805 720 842; x_wconf 90' lang='lat' dir='ltr'>debitorum,</span> <span class='ocrx_word' id='word_1_127' title='bbox 740 815 794 842; x_wconf 89' lang='lat' dir='ltr'>pro</span> <span class='ocrx_word' id='word_1_128' title='bbox 814 805 955 840; x_wconf 84' lang='lat' dir='ltr'>Servitio,</span> <span class='ocrx_word' id='word_1_129' title='bbox 973 813 1021 841; x_wconf 90' lang='lat' dir='ltr'>per</span> <span class='ocrx_word' id='word_1_130' title='bbox 1044 802 1134 846; x_wconf 81' lang='lat' dir='ltr'>ipsum</span> <span class='ocrx_word' id='word_1_131' title='bbox 1150 802 1184 832; x_wconf 89' lang='lat'>&amp;</span> 
     </span>
     <span class='ocr_line' id='line_1_20' title="bbox 125 840 1186 884; baseline -0.009 -5"><span class='ocrx_word' id='word_1_132' title='bbox 125 847 320 878; x_wconf 89' lang='lat' dir='ltr'>Retinentiam</span> <span class='ocrx_word' id='word_1_133' title='bbox 342 844 419 875; x_wconf 88' lang='lat' dir='ltr'>suam</span> <span class='ocrx_word' id='word_1_134' title='bbox 439 844 533 874; x_wconf 88' lang='lat' dir='ltr'>eidem</span> <span class='ocrx_word' id='word_1_135' title='bbox 554 844 620 874; x_wconf 91' lang='lat' dir='ltr'>Avo</span> <span class='ocrx_word' id='word_1_136' title='bbox 641 842 741 873; x_wconf 89' lang='lat' dir='ltr'>nostro</span> <span class='ocrx_word' id='word_1_137' title='bbox 754 843 788 873; x_wconf 79' lang='grc' dir='ltr'>δε</span> <span class='ocrx_word' id='word_1_138' title='bbox 804 842 921 879; x_wconf 82' lang='lat' dir='ltr'>Nobis,</span> <span class='ocrx_word' id='word_1_139' title='bbox 940 844 971 871; x_wconf 89' lang='lat' dir='ltr'>in</span> <span class='ocrx_word' id='word_1_140' title='bbox 986 840 1186 884; x_wconf 23' lang='lat' dir='ltr'>Officio‘prae-</span> 
     </span>
     <span class='ocr_line' id='line_1_21' title="bbox 123 878 1186 923; baseline -0.008 -7"><span class='ocrx_word' id='word_1_141' title='bbox 123 887 219 923; x_wconf 63' lang='lat' dir='ltr'>dieto,</span> <span class='ocrx_word' id='word_1_142' title='bbox 236 885 266 914; x_wconf 86' lang='lat' dir='ltr'>in</span> <span class='ocrx_word' id='word_1_143' title='bbox 279 884 401 922; x_wconf 81' lang='lat' dir='ltr'>partibus</span> <span class='ocrx_word' id='word_1_144' title='bbox 417 882 550 913; x_wconf 86' lang='lat' dir='ltr'>Dominii</span> <span class='ocrx_word' id='word_1_145' title='bbox 563 881 651 912; x_wconf 88' lang='lat' dir='ltr'>nostri</span> <span class='ocrx_word' id='word_1_146' title='bbox 666 881 826 918; x_wconf 62' lang='lat' dir='ltr'>Aquitaniae</span> <span class='ocrx_word' id='word_1_147' title='bbox 839 880 916 909; x_wconf 61' lang='lat' dir='ltr'>facito</span> <span class='ocrx_word' id='word_1_148' title='bbox 925 903 934 916; x_wconf 83' lang='lat'>,</span> <span class='ocrx_word' id='word_1_149' title='bbox 951 880 988 909; x_wconf 90' lang='lat' dir='ltr'>de</span> <span class='ocrx_word' id='word_1_150' title='bbox 1001 889 1055 917; x_wconf 86' lang='lat' dir='ltr'>qua</span> <span class='ocrx_word' id='word_1_151' title='bbox 1068 878 1186 922; x_wconf 72' lang='lat' dir='ltr'>quidem</span> 
     </span>
     <span class='ocr_line' id='line_1_22' title="bbox 125 915 1188 961; baseline -0.009 -6"><span class='ocrx_word' id='word_1_152' title='bbox 125 925 245 956; x_wconf 83' lang='lat' dir='ltr'>Summa</span> <span class='ocrx_word' id='word_1_153' title='bbox 256 933 304 960; x_wconf 88' lang='lat' dir='ltr'>per</span> <span class='ocrx_word' id='word_1_154' title='bbox 319 920 468 961; x_wconf 85' lang='lat' dir='ltr'>praefatum</span> <span class='ocrx_word' id='word_1_155' title='bbox 484 920 634 951; x_wconf 86' lang='lat' dir='ltr'>Comitem</span> <span class='ocrx_word' id='word_1_156' title='bbox 653 928 713 948; x_wconf 90' lang='lat' dir='ltr'>non</span> <span class='ocrx_word' id='word_1_157' title='bbox 734 919 775 948; x_wconf 88' lang='lat' dir='ltr'>est</span> <span class='ocrx_word' id='word_1_158' title='bbox 795 918 981 955; x_wconf 62' lang='lat' dir='ltr'>satisfaeturn,</span> <span class='ocrx_word' id='word_1_159' title='bbox 1000 927 1052 947; x_wconf 86' lang='lat' dir='ltr'>nec</span> <span class='ocrx_word' id='word_1_160' title='bbox 1068 915 1188 947; x_wconf 69' lang='lat' dir='ltr'>satisfieri</span> 
     </span>
     <span class='ocr_line' id='line_1_23' title="bbox 125 955 1188 1001; baseline -0.008 -8"><span class='ocrx_word' id='word_1_161' title='bbox 125 962 219 1001; x_wconf 86' lang='lat' dir='ltr'>potest</span> <span class='ocrx_word' id='word_1_162' title='bbox 230 961 348 1000; x_wconf 73' lang='lat' dir='ltr'>praefaro</span> <span class='ocrx_word' id='word_1_163' title='bbox 363 959 484 996; x_wconf 76' lang='lat' dir='ltr'>Thomae,</span> <span class='ocrx_word' id='word_1_164' title='bbox 503 966 588 996; x_wconf 89' lang='lat' dir='ltr'>prout</span> <span class='ocrx_word' id='word_1_165' title='bbox 603 958 632 987; x_wconf 90' lang='lat' dir='ltr'>in</span> <span class='ocrx_word' id='word_1_166' title='bbox 645 957 779 987; x_wconf 86' lang='lat' dir='ltr'>auxilium</span> <span class='ocrx_word' id='word_1_167' title='bbox 801 956 1019 987; x_wconf 84' lang='lat' dir='ltr'>Deliberationis</span> <span class='ocrx_word' id='word_1_168' title='bbox 1041 955 1096 985; x_wconf 79' lang='lat' dir='ltr'>suae</span> <span class='ocrx_word' id='word_1_169' title='bbox 1116 964 1188 993; x_wconf 86' lang='lat' dir='ltr'>prae-</span> 
     </span>
     <span class='ocr_line' id='line_1_24' title="bbox 126 1000 1104 1040; baseline -0.008 -9"><span class='ocrx_word' id='word_1_170' title='bbox 126 1001 230 1037; x_wconf 66' lang='lat' dir='ltr'>dietae,</span> <span class='ocrx_word' id='word_1_171' title='bbox 249 1000 402 1039; x_wconf 84' lang='lat' dir='ltr'>indigeret,</span> <span class='ocrx_word' id='word_1_172' title='bbox 882 1035 886 1040; x_wconf 34' lang='grc' dir='ltr'>Ι</span> <span class='ocrx_word' id='word_1_173' title='bbox 903 1035 918 1040; x_wconf 87' lang='lat'>..</span> <span class='ocrx_word' id='word_1_174' title='bbox 1021 1033 1026 1038; x_wconf 27' lang='grc' dir='ltr'>ι</span> <span class='ocrx_word' id='word_1_175' title='bbox 1099 1034 1104 1038; x_wconf 34' lang='lat'><strong>¹</strong></span> 
     </span>
    </p>

    <p class='ocr_par' dir='ltr' id='par_1_11' title="bbox 125 1032 1189 1185">
     <span class='ocr_line' id='line_1_25' title="bbox 162 1032 1187 1072; baseline -0.008 -3"><span class='ocrx_word' id='word_1_176' title='bbox 162 1038 363 1069; x_wconf 85' lang='lat' dir='ltr'>Conceffirnus</span> <span class='ocrx_word' id='word_1_177' title='bbox 374 1034 467 1065; x_wconf 91' lang='lat' dir='ltr'>eidem</span> <span class='ocrx_word' id='word_1_178' title='bbox 481 1033 603 1072; x_wconf 79' lang='lat' dir='ltr'>Thowae,</span> <span class='ocrx_word' id='word_1_179' title='bbox 622 1033 659 1064; x_wconf 95' lang='lat' dir='ltr'>de</span> <span class='ocrx_word' id='word_1_180' title='bbox 674 1034 778 1064; x_wconf 86' lang='lat' dir='ltr'>assensu</span> <span class='ocrx_word' id='word_1_181' title='bbox 791 1033 921 1064; x_wconf 91' lang='lat' dir='ltr'>Concilii</span> <span class='ocrx_word' id='word_1_182' title='bbox 938 1032 1045 1069; x_wconf 90' lang='lat' dir='ltr'>nostri,</span> <span class='ocrx_word' id='word_1_183' title='bbox 1058 1032 1187 1062; x_wconf 90' lang='lat' dir='ltr'>Prisona-</span> 
     </span>
     <span class='ocr_line' id='line_1_26' title="bbox 125 1071 1186 1108; baseline -0.008 0"><span class='ocrx_word' id='word_1_184' title='bbox 125 1078 201 1108; x_wconf 84' lang='lat' dir='ltr'>rium</span> <span class='ocrx_word' id='word_1_185' title='bbox 215 1076 344 1108; x_wconf 91' lang='lat' dir='ltr'>nostrum</span> <span class='ocrx_word' id='word_1_186' title='bbox 358 1072 539 1103; x_wconf 78' lang='lat' dir='ltr'>Gaillielmum</span> <span class='ocrx_word' id='word_1_187' title='bbox 554 1074 585 1102; x_wconf 87' lang='lat' dir='ltr'>de</span> <span class='ocrx_word' id='word_1_188' title='bbox 600 1073 699 1102; x_wconf 86' lang='lat' dir='ltr'>Bordes</span> <span class='ocrx_word' id='word_1_189' title='bbox 717 1072 843 1102; x_wconf 79' lang='lat' dir='ltr'>Militem</span> <span class='ocrx_word' id='word_1_190' title='bbox 859 1072 1019 1108; x_wconf 84' lang='lat' dir='ltr'>Gallicum,</span> <span class='ocrx_word' id='word_1_191' title='bbox 1039 1073 1067 1100; x_wconf 91' lang='lat' dir='ltr'>in</span> <span class='ocrx_word' id='word_1_192' title='bbox 1093 1071 1186 1101; x_wconf 90' lang='lat' dir='ltr'>Manu</span> 
     </span>
     <span class='ocr_line' id='line_1_27' title="bbox 125 1109 1189 1146; baseline -0.008 1"><span class='ocrx_word' id='word_1_193' title='bbox 125 1115 222 1146; x_wconf 71' lang='lat' dir='ltr'>nostrai</span> <span class='ocrx_word' id='word_1_194' title='bbox 243 1115 276 1146; x_wconf 90' lang='lat'>&amp;</span> <span class='ocrx_word' id='word_1_195' title='bbox 296 1115 326 1144; x_wconf 87' lang='lat' dir='ltr'>in</span> <span class='ocrx_word' id='word_1_196' title='bbox 350 1112 467 1143; x_wconf 75' lang='lat' dir='ltr'>Ptisona</span> <span class='ocrx_word' id='word_1_197' title='bbox 488 1111 583 1143; x_wconf 65' lang='lat' dir='ltr'>nosti-a</span> <span class='ocrx_word' id='word_1_198' title='bbox 597 1111 667 1142; x_wconf 88' lang='lat' dir='ltr'>infra</span> <span class='ocrx_word' id='word_1_199' title='bbox 682 1111 800 1142; x_wconf 85' lang='lat' dir='ltr'>Turrim</span> <span class='ocrx_word' id='word_1_200' title='bbox 822 1111 948 1141; x_wconf 88' lang='lat' dir='ltr'>nostram</span> <span class='ocrx_word' id='word_1_201' title='bbox 963 1109 1123 1141; x_wconf 81' lang='lat' dir='ltr'>Londoniae</span> <span class='ocrx_word' id='word_1_202' title='bbox 1139 1118 1189 1139; x_wconf 83' lang='lat' dir='ltr'>ex-</span> 
     </span>
     <span class='ocr_line' id='line_1_28' title="bbox 127 1154 259 1185; baseline -0.008 -1"><span class='ocrx_word' id='word_1_203' title='bbox 127 1154 259 1185; x_wconf 82' lang='lat' dir='ltr'>istentem</span> 
     </span>
    </p>

    <p class='ocr_par' dir='ltr' id='par_1_12' title="bbox 127 1177 1187 1347">
     <span class='ocr_line' id='line_1_29' title="bbox 165 1177 1187 1230; baseline -0.006 -8"><span class='ocrx_word' id='word_1_204' title='bbox 165 1177 275 1224; x_wconf 74' lang='lat' dir='ltr'>Dante}</span> <span class='ocrx_word' id='word_1_205' title='bbox 297 1190 390 1221; x_wconf 89' lang='lat' dir='ltr'>eidem</span> <span class='ocrx_word' id='word_1_206' title='bbox 414 1189 521 1220; x_wconf 84' lang='lat' dir='ltr'>Thomae</span> <span class='ocrx_word' id='word_1_207' title='bbox 554 1188 665 1230; x_wconf 79' lang='lat' dir='ltr'>plenam</span> <span class='ocrx_word' id='word_1_208' title='bbox 688 1187 859 1219; x_wconf 89' lang='lat' dir='ltr'>Potestatem</span> <span class='ocrx_word' id='word_1_209' title='bbox 886 1187 1187 1230; x_wconf 12' lang='lat' dir='ltr'>ponenditpraefatum</span> 
     </span>
     <span class='ocr_line' id='line_1_30' title="bbox 129 1227 1187 1270; baseline -0.007 -9"><span class='ocrx_word' id='word_1_210' title='bbox 129 1229 313 1262; x_wconf 77' lang='lat' dir='ltr'>Gutllielmum</span> <span class='ocrx_word' id='word_1_211' title='bbox 328 1230 362 1259; x_wconf 90' lang='lat' dir='ltr'>ad</span> <span class='ocrx_word' id='word_1_212' title='bbox 377 1230 465 1266; x_wconf 86' lang='lat' dir='ltr'>magis</span> <span class='ocrx_word' id='word_1_213' title='bbox 479 1229 610 1260; x_wconf 89' lang='lat' dir='ltr'>altiorem</span> <span class='ocrx_word' id='word_1_214' title='bbox 618 1227 902 1265; x_wconf 89' lang='lat' dir='ltr'>Redemptionem&amp;</span> <span class='ocrx_word' id='word_1_215' title='bbox 914 1227 1187 1270; x_wconf 78' lang='lat' dir='ltr'>Financiam‚quam</span> 
     </span>
     <span class='ocr_line' id='line_1_31' title="bbox 128 1264 1186 1308; baseline -0.005 -9"><span class='ocrx_word' id='word_1_216' title='bbox 128 1270 249 1308; x_wconf 86' lang='lat' dir='ltr'>poterit,</span> <span class='ocrx_word' id='word_1_217' title='bbox 266 1269 295 1299; x_wconf 90' lang='lat' dir='ltr'>in</span> <span class='ocrx_word' id='word_1_218' title='bbox 310 1268 440 1298; x_wconf 87' lang='lat' dir='ltr'>Denariis</span> <span class='ocrx_word' id='word_1_219' title='bbox 456 1267 501 1298; x_wconf 85' lang='lat' dir='ltr'>vel</span> <span class='ocrx_word' id='word_1_220' title='bbox 515 1267 569 1297; x_wconf 88' lang='lat' dir='ltr'>alio</span> <span class='ocrx_word' id='word_1_221' title='bbox 584 1265 693 1303; x_wconf 86' lang='lat' dir='ltr'>modo,</span> <span class='ocrx_word' id='word_1_222' title='bbox 712 1267 745 1296; x_wconf 71' lang='grc' dir='ltr'>δε</span> <span class='ocrx_word' id='word_1_223' title='bbox 767 1267 856 1304; x_wconf 90' lang='lat' dir='ltr'>ipsum</span> <span class='ocrx_word' id='word_1_224' title='bbox 877 1265 943 1295; x_wconf 80' lang='lat' dir='ltr'>inde</span> <span class='ocrx_word' id='word_1_225' title='bbox 966 1264 1137 1296; x_wconf 86' lang='lat' dir='ltr'>deliberandi</span> <span class='ocrx_word' id='word_1_226' title='bbox 1154 1265 1186 1294; x_wconf 88' lang='lat'>&amp;</span> 
     </span>
     <span class='ocr_line' id='line_1_32' title="bbox 127 1306 455 1347; baseline -0.009 -9"><span class='ocrx_word' id='word_1_227' title='bbox 127 1309 250 1347; x_wconf 74' lang='lat' dir='ltr'>plenarie</span> <span class='ocrx_word' id='word_1_228' title='bbox 264 1306 438 1345; x_wconf 82' lang='lat' dir='ltr'>acquietandi</span> <span class='ocrx_word' id='word_1_229' title='bbox 447 1330 455 1344; x_wconf 73' lang='lat'>,</span> 
     </span>
    </p>

    <p class='ocr_par' dir='ltr' id='par_1_13' title="bbox 127 1339 1192 1613">
     <span class='ocr_line' id='line_1_33' title="bbox 166 1339 1190 1381; baseline -0.006 -5"><span class='ocrx_word' id='word_1_230' title='bbox 166 1346 304 1377; x_wconf 87' lang='lat' dir='ltr'>Volentes</span> <span class='ocrx_word' id='word_1_231' title='bbox 327 1345 438 1375; x_wconf 88' lang='lat' dir='ltr'>ulterius</span> <span class='ocrx_word' id='word_1_232' title='bbox 458 1344 491 1374; x_wconf 73' lang='grc' dir='ltr'>δε</span> <span class='ocrx_word' id='word_1_233' title='bbox 513 1342 715 1374; x_wconf 86' lang='lat' dir='ltr'>Concedentes</span> <span class='ocrx_word' id='word_1_234' title='bbox 737 1342 876 1381; x_wconf 69' lang='lat' dir='ltr'>praedicto</span> <span class='ocrx_word' id='word_1_235' title='bbox 894 1342 1001 1372; x_wconf 84' lang='lat' dir='ltr'>Thomae</span> <span class='ocrx_word' id='word_1_236' title='bbox 1022 1340 1102 1379; x_wconf 78' lang='lat' dir='ltr'>quod</span> <span class='ocrx_word' id='word_1_237' title='bbox 1117 1364 1126 1377; x_wconf 83' lang='lat'>,</span> <span class='ocrx_word' id='word_1_238' title='bbox 1154 1339 1190 1369; x_wconf 89' lang='lat' dir='ltr'>de</span> 
     </span>
     <span class='ocr_line' id='line_1_34' title="bbox 127 1379 1190 1425; baseline -0.008 -10"><span class='ocrx_word' id='word_1_239' title='bbox 127 1384 265 1425; x_wconf 66' lang='lat' dir='ltr'>praedicta</span> <span class='ocrx_word' id='word_1_240' title='bbox 279 1384 494 1423; x_wconf 79' lang='lat' dir='ltr'>Redemptione</span> <span class='ocrx_word' id='word_1_241' title='bbox 509 1383 542 1412; x_wconf 88' lang='lat'>&amp;</span> <span class='ocrx_word' id='word_1_242' title='bbox 566 1382 717 1420; x_wconf 84' lang='lat' dir='ltr'>Financia,</span> <span class='ocrx_word' id='word_1_243' title='bbox 735 1381 769 1411; x_wconf 91' lang='lat' dir='ltr'>ad</span> <span class='ocrx_word' id='word_1_244' title='bbox 791 1390 876 1419; x_wconf 89' lang='lat' dir='ltr'>quarn</span> <span class='ocrx_word' id='word_1_245' title='bbox 896 1382 985 1418; x_wconf 85' lang='lat' dir='ltr'>ipsum</span> <span class='ocrx_word' id='word_1_246' title='bbox 1007 1379 1190 1422; x_wconf 64' lang='lat' dir='ltr'>Guillielmurp</span> 
     </span>
     <span class='ocr_line' id='line_1_35' title="bbox 127 1418 1192 1462; baseline -0.008 -8"><span class='ocrx_word' id='word_1_247' title='bbox 127 1424 167 1454; x_wconf 84' lang='lat' dir='ltr'>sic</span> <span class='ocrx_word' id='word_1_248' title='bbox 191 1432 294 1462; x_wconf 86' lang='lat' dir='ltr'>ponet,</span> <span class='ocrx_word' id='word_1_249' title='bbox 313 1421 461 1460; x_wconf 56' lang='lat' dir='ltr'>praedictus</span> <span class='ocrx_word' id='word_1_250' title='bbox 478 1420 592 1451; x_wconf 82' lang='lat' dir='ltr'><em>Thomas</em></span> <span class='ocrx_word' id='word_1_251' title='bbox 604 1443 614 1459; x_wconf 84' lang='lat'>,</span> <span class='ocrx_word' id='word_1_252' title='bbox 632 1422 661 1450; x_wconf 93' lang='lat' dir='ltr'>in</span> <span class='ocrx_word' id='word_1_253' title='bbox 679 1420 810 1450; x_wconf 83' lang='lat' dir='ltr'>auxilium</span> <span class='ocrx_word' id='word_1_254' title='bbox 830 1421 953 1457; x_wconf 83' lang='lat' dir='ltr'>propriae</span> <span class='ocrx_word' id='word_1_255' title='bbox 971 1418 1192 1461; x_wconf 74' lang='lat' dir='ltr'>Deliberationis</span> 
     </span>
     <span class='ocr_line' id='line_1_36' title="bbox 128 1455 1191 1500; baseline -0.008 -8"><span class='ocrx_word' id='word_1_256' title='bbox 128 1462 185 1493; x_wconf 83' lang='lat' dir='ltr'>suae</span> <span class='ocrx_word' id='word_1_257' title='bbox 203 1461 346 1500; x_wconf 59' lang='lat' dir='ltr'>praedietae</span> <span class='ocrx_word' id='word_1_258' title='bbox 358 1484 368 1500; x_wconf 90' lang='lat'>,</span> <span class='ocrx_word' id='word_1_259' title='bbox 391 1461 488 1490; x_wconf 84' lang='lat' dir='ltr'>habeat</span> <span class='ocrx_word' id='word_1_260' title='bbox 515 1460 548 1489; x_wconf 88' lang='lat'>&amp;</span> <span class='ocrx_word' id='word_1_261' title='bbox 565 1459 697 1497; x_wconf 87' lang='lat' dir='ltr'>percipiat</span> <span class='ocrx_word' id='word_1_262' title='bbox 716 1457 750 1488; x_wconf 89' lang='lat' dir='ltr'>ad</span> <span class='ocrx_word' id='word_1_263' title='bbox 769 1468 840 1495; x_wconf 89' lang='lat' dir='ltr'>opus</span> <span class='ocrx_word' id='word_1_264' title='bbox 856 1457 1101 1500; x_wconf 80' lang='lat' dir='ltr'>suum·proprium</span> <span class='ocrx_word' id='word_1_265' title='bbox 1120 1455 1191 1484; x_wconf 91' lang='lat' dir='ltr'>Tri-</span> 
     </span>
     <span class='ocr_line' id='line_1_37' title="bbox 130 1493 1191 1538; baseline -0.007 -8"><span class='ocrx_word' id='word_1_266' title='bbox 130 1502 210 1538; x_wconf 84' lang='lat' dir='ltr'>ginta</span> <span class='ocrx_word' id='word_1_267' title='bbox 230 1499 314 1530; x_wconf 86' lang='lat' dir='ltr'>Milia</span> <span class='ocrx_word' id='word_1_268' title='bbox 332 1498 510 1529; x_wconf 85' lang='lat' dir='ltr'>Francorum</span> <span class='ocrx_word' id='word_1_269' title='bbox 526 1521 536 1535; x_wconf 92' lang='lat'>,</span> <span class='ocrx_word' id='word_1_270' title='bbox 552 1497 597 1528; x_wconf 90' lang='lat' dir='ltr'>vel</span> <span class='ocrx_word' id='word_1_271' title='bbox 615 1497 744 1528; x_wconf 87' lang='lat' dir='ltr'>valorem</span> <span class='ocrx_word' id='word_1_272' title='bbox 763 1495 932 1526; x_wconf 88' lang='lat' dir='ltr'>eorumdem</span> <span class='ocrx_word' id='word_1_273' title='bbox 948 1519 957 1533; x_wconf 89' lang='lat'>,</span> <span class='ocrx_word' id='word_1_274' title='bbox 976 1504 1005 1524; x_wconf 91' lang='lat' dir='ltr'>in</span> <span class='ocrx_word' id='word_1_275' title='bbox 1024 1502 1132 1532; x_wconf 87' lang='lat' dir='ltr'>partem</span> <span class='ocrx_word' id='word_1_276' title='bbox 1151 1493 1191 1523; x_wconf 90' lang='lat' dir='ltr'>sa-</span> 
     </span>
     <span class='ocr_line' id='line_1_38' title="bbox 129 1532 1189 1574; baseline -0.006 -5"><span class='ocrx_word' id='word_1_277' title='bbox 129 1539 295 1570; x_wconf 73' lang='lat' dir='ltr'>tisfaffionis</span> <span class='ocrx_word' id='word_1_278' title='bbox 322 1537 514 1567; x_wconf 87' lang='lat' dir='ltr'>Denariorum</span> <span class='ocrx_word' id='word_1_279' title='bbox 539 1535 589 1565; x_wconf 85' lang='lat' dir='ltr'>sibi</span> <span class='ocrx_word' id='word_1_280' title='bbox 611 1545 659 1574; x_wconf 90' lang='lat' dir='ltr'>per</span> <span class='ocrx_word' id='word_1_281' title='bbox 685 1533 856 1572; x_wconf 66' lang='lat' dir='ltr'>praedietum</span> <span class='ocrx_word' id='word_1_282' title='bbox 880 1534 980 1565; x_wconf 88' lang='lat' dir='ltr'>Avum</span> <span class='ocrx_word' id='word_1_283' title='bbox 1006 1532 1136 1563; x_wconf 88' lang='lat' dir='ltr'>nostrum</span> <span class='ocrx_word' id='word_1_284' title='bbox 1155 1532 1189 1563; x_wconf 63' lang='grc' dir='ltr'>ὃς</span> 
     </span>
     <span class='ocr_line' id='line_1_39' title="bbox 131 1573 710 1613; baseline -0.01 -5"><span class='ocrx_word' id='word_1_285' title='bbox 131 1578 202 1608; x_wconf 89' lang='lat' dir='ltr'>Nos</span> <span class='ocrx_word' id='word_1_286' title='bbox 220 1577 401 1613; x_wconf 80' lang='lat' dir='ltr'>debitorum,</span> <span class='ocrx_word' id='word_1_287' title='bbox 418 1583 448 1605; x_wconf 84' lang='lat' dir='ltr'>ut</span> <span class='ocrx_word' id='word_1_288' title='bbox 466 1573 634 1612; x_wconf 62' lang='lat' dir='ltr'>praedictum</span> <span class='ocrx_word' id='word_1_289' title='bbox 653 1573 710 1610; x_wconf 87' lang='lat' dir='ltr'>est,</span> 
     </span>
    </p>

    <p class='ocr_par' dir='ltr' id='par_1_14' title="bbox 130 1610 1193 1958">
     <span class='ocr_line' id='line_1_40' title="bbox 169 1610 1190 1653; baseline -0.006 -8"><span class='ocrx_word' id='word_1_290' title='bbox 169 1616 206 1646; x_wconf 91' lang='lat' dir='ltr'>Et</span> <span class='ocrx_word' id='word_1_291' title='bbox 222 1614 300 1653; x_wconf 90' lang='lat' dir='ltr'>quod</span> <span class='ocrx_word' id='word_1_292' title='bbox 313 1613 349 1643; x_wconf 89' lang='lat' dir='ltr'>de</span> <span class='ocrx_word' id='word_1_293' title='bbox 361 1613 488 1643; x_wconf 85' lang='lat' dir='ltr'>Residuo</span> <span class='ocrx_word' id='word_1_294' title='bbox 503 1611 588 1641; x_wconf 68' lang='lat' dir='ltr'>dietae</span> <span class='ocrx_word' id='word_1_295' title='bbox 603 1610 822 1648; x_wconf 84' lang='lat' dir='ltr'>Redemptionis</span> <span class='ocrx_word' id='word_1_296' title='bbox 837 1612 871 1642; x_wconf 68' lang='grc' dir='ltr'>ὃς</span> <span class='ocrx_word' id='word_1_297' title='bbox 886 1610 1087 1648; x_wconf 79' lang='lat' dir='ltr'>Financiae,ad</span> <span class='ocrx_word' id='word_1_298' title='bbox 1104 1619 1190 1648; x_wconf 85' lang='lat' dir='ltr'>quam</span> 
     </span>
     <span class='ocr_line' id='line_1_41' title="bbox 130 1648 1191 1692; baseline -0.008 -7"><span class='ocrx_word' id='word_1_299' title='bbox 130 1654 169 1685; x_wconf 87' lang='lat' dir='ltr'>sic</span> <span class='ocrx_word' id='word_1_300' title='bbox 190 1662 294 1692; x_wconf 89' lang='lat' dir='ltr'>ponere</span> <span class='ocrx_word' id='word_1_301' title='bbox 316 1652 419 1689; x_wconf 89' lang='lat' dir='ltr'>poterit</span> <span class='ocrx_word' id='word_1_302' title='bbox 440 1650 589 1688; x_wconf 83' lang='lat' dir='ltr'>praefatum</span> <span class='ocrx_word' id='word_1_303' title='bbox 614 1649 795 1679; x_wconf 79' lang='lat' dir='ltr'>Guillielmum</span> <span class='ocrx_word' id='word_1_304' title='bbox 810 1672 820 1687; x_wconf 92' lang='lat'>,</span> <span class='ocrx_word' id='word_1_305' title='bbox 852 1649 924 1680; x_wconf 90' lang='lat' dir='ltr'>ultra</span> <span class='ocrx_word' id='word_1_306' title='bbox 951 1650 1082 1688; x_wconf 85' lang='lat' dir='ltr'>Triginta</span> <span class='ocrx_word' id='word_1_307' title='bbox 1108 1648 1191 1678; x_wconf 88' lang='lat' dir='ltr'>Milia</span> 
     </span>
     <span class='ocr_line' id='line_1_42' title="bbox 133 1686 1192 1728; baseline -0.007 -5"><span class='ocrx_word' id='word_1_308' title='bbox 133 1693 310 1723; x_wconf 84' lang='lat' dir='ltr'>Francorum</span> <span class='ocrx_word' id='word_1_309' title='bbox 329 1689 554 1728; x_wconf 64' lang='lat' dir='ltr'>supradictorum</span> <span class='ocrx_word' id='word_1_310' title='bbox 566 1711 576 1727; x_wconf 81' lang='grc'>,</span> <span class='ocrx_word' id='word_1_311' title='bbox 607 1688 758 1726; x_wconf 63' lang='lat' dir='ltr'>praedictus</span> <span class='ocrx_word' id='word_1_312' title='bbox 775 1687 889 1718; x_wconf 86' lang='lat' dir='ltr'>Thomas</span> <span class='ocrx_word' id='word_1_313' title='bbox 907 1687 1007 1718; x_wconf 88' lang='lat' dir='ltr'>Nobis</span> <span class='ocrx_word' id='word_1_314' title='bbox 1029 1686 1192 1726; x_wconf 83' lang='lat' dir='ltr'>respondeat</span> 
     </span>
     <span class='ocr_line' id='line_1_43' title="bbox 131 1727 1123 1771; baseline -0.01 -9"><span class='ocrx_word' id='word_1_315' title='bbox 131 1732 166 1762; x_wconf 86' lang='lat' dir='ltr'>ad</span> <span class='ocrx_word' id='word_1_316' title='bbox 181 1729 360 1761; x_wconf 87' lang='lat' dir='ltr'>Scaccarium</span> <span class='ocrx_word' id='word_1_317' title='bbox 374 1727 522 1766; x_wconf 86' lang='lat' dir='ltr'>nostrum,</span> <span class='ocrx_word' id='word_1_318' title='bbox 558 1766 563 1771; x_wconf 38' lang='lat'><strong>.</strong></span> <span class='ocrx_word' id='word_1_319' title='bbox 867 1766 872 1771; x_wconf 32' lang='grc' dir='ltr'><em>Π</em></span> <span class='ocrx_word' id='word_1_320' title='bbox 953 1765 958 1771; x_wconf 93' lang='lat'>.</span> <span class='ocrx_word' id='word_1_321' title='bbox 1119 1765 1123 1769; x_wconf 40' lang='grc' dir='ltr'>Ι</span> 
     </span>
     <span class='ocr_line' id='line_1_44' title="bbox 132 1763 1193 1847; baseline -0.005 -10"><span class='ocrx_word' id='word_1_322' title='bbox 132 1769 241 1837; x_wconf 49' lang='grc' dir='ltr'>Τὴῖὲ</span> <span class='ocrx_word' id='word_1_323' title='bbox 256 1764 985 1847; x_wconf 43' lang='grc' dir='ltr'>ἳὲἲάᾏᾞιοῖἒέἱῒξῖυξἳῗὲῗωῗὲᾒέἒὲῑἓξέᾛῗᾞῗ</span> <span class='ocrx_word' id='word_1_324' title='bbox 994 1763 1193 1847; x_wconf 48' lang='lat' dir='ltr'>inimisit&amp;</span> 
     </span>
     <span class='ocr_line' id='line_1_45' title="bbox 131 1841 1193 1886; baseline -0.007 -9"><span class='ocrx_word' id='word_1_325' title='bbox 131 1846 325 1882; x_wconf 84' lang='lat' dir='ltr'>Francorum,</span> <span class='ocrx_word' id='word_1_326' title='bbox 344 1844 393 1874; x_wconf 93' lang='lat' dir='ltr'>s1bi</span> <span class='ocrx_word' id='word_1_327' title='bbox 408 1853 456 1880; x_wconf 84' lang='lat' dir='ltr'>per</span> <span class='ocrx_word' id='word_1_328' title='bbox 469 1842 537 1873; x_wconf 84' lang='lat' dir='ltr'>Nos</span> <span class='ocrx_word' id='word_1_329' title='bbox 550 1841 687 1873; x_wconf 79' lang='lat' dir='ltr'>concessis</span> <span class='ocrx_word' id='word_1_330' title='bbox 700 1842 733 1873; x_wconf 91' lang='lat'>&amp;</span> <span class='ocrx_word' id='word_1_331' title='bbox 745 1841 898 1886; x_wconf 74' lang='lat' dir='ltr'>affignatis,</span> <span class='ocrx_word' id='word_1_332' title='bbox 916 1841 953 1871; x_wconf 91' lang='lat' dir='ltr'>de</span> <span class='ocrx_word' id='word_1_333' title='bbox 969 1881 974 1886; x_wconf 90' lang='lat'>.</span> <span class='ocrx_word' id='word_1_334' title='bbox 993 1851 1101 1872; x_wconf 86' lang='lat' dir='ltr'>mancia</span> <span class='ocrx_word' id='word_1_335' title='bbox 1119 1850 1193 1884; x_wconf 72' lang='lat' dir='ltr'>prae-</span> 
     </span>
     <span class='ocr_line' id='line_1_46' title="bbox 133 1879 1193 1919; baseline -0.006 -4"><span class='ocrx_word' id='word_1_336' title='bbox 133 1884 204 1915; x_wconf 66' lang='lat' dir='ltr'>dieti</span> <span class='ocrx_word' id='word_1_337' title='bbox 225 1887 335 1913; x_wconf 78' lang='lat' dir='ltr'>Comitis</span> <span class='ocrx_word' id='word_1_338' title='bbox 356 1883 388 1912; x_wconf 86' lang='lat' dir='ltr'>de</span> <span class='ocrx_word' id='word_1_339' title='bbox 409 1882 507 1911; x_wconf 67' lang='lat' dir='ltr'>Sanz‘lo</span> <span class='ocrx_word' id='word_1_340' title='bbox 529 1880 630 1919; x_wconf 85' lang='lat' dir='ltr'>Paulo,</span> <span class='ocrx_word' id='word_1_341' title='bbox 649 1889 680 1911; x_wconf 92' lang='lat' dir='ltr'>ut</span> <span class='ocrx_word' id='word_1_342' title='bbox 698 1879 866 1918; x_wconf 69' lang='lat' dir='ltr'>praedietum</span> <span class='ocrx_word' id='word_1_343' title='bbox 889 1879 947 1918; x_wconf 81' lang='lat' dir='ltr'>est,</span> <span class='ocrx_word' id='word_1_344' title='bbox 967 1890 997 1910; x_wconf 90' lang='lat' dir='ltr'>in</span> <span class='ocrx_word' id='word_1_345' title='bbox 1019 1880 1193 1910; x_wconf 86' lang='lat' dir='ltr'>Cancellaria</span> 
     </span>
     <span class='ocr_line' id='line_1_47' title="bbox 134 1919 581 1958; baseline -0.011 -4"><span class='ocrx_word' id='word_1_346' title='bbox 134 1923 230 1954; x_wconf 85' lang='lat' dir='ltr'>nostra</span> <span class='ocrx_word' id='word_1_347' title='bbox 244 1921 361 1952; x_wconf 90' lang='lat' dir='ltr'>restituit</span> <span class='ocrx_word' id='word_1_348' title='bbox 374 1919 564 1951; x_wconf 83' lang='lat' dir='ltr'>cancellandas</span> <span class='ocrx_word' id='word_1_349' title='bbox 572 1943 581 1958; x_wconf 89' lang='lat'>‚</span> 
     </span>
    </p>

    <p class='ocr_par' dir='ltr' id='par_1_15' title="bbox 135 1956 1197 2114">
     <span class='ocr_line' id='line_1_48' title="bbox 174 1956 1196 1995; baseline -0.003 -4"><span class='ocrx_word' id='word_1_350' title='bbox 174 1960 211 1991; x_wconf 87' lang='lat' dir='ltr'>Et</span> <span class='ocrx_word' id='word_1_351' title='bbox 224 1960 347 1990; x_wconf 83' lang='lat' dir='ltr'>limiliter</span> <span class='ocrx_word' id='word_1_352' title='bbox 359 1959 437 1989; x_wconf 89' lang='lat' dir='ltr'>idem</span> <span class='ocrx_word' id='word_1_353' title='bbox 448 1958 562 1988; x_wconf 81' lang='lat' dir='ltr'>Thomas</span> <span class='ocrx_word' id='word_1_354' title='bbox 575 1958 682 1989; x_wconf 88' lang='lat' dir='ltr'>ibidem</span> <span class='ocrx_word' id='word_1_355' title='bbox 705 1958 920 1989; x_wconf 87' lang='lat' dir='ltr'>Sacramentum</span> <span class='ocrx_word' id='word_1_356' title='bbox 943 1956 1071 1995; x_wconf 81' lang='lat' dir='ltr'>praestitit</span> <span class='ocrx_word' id='word_1_357' title='bbox 1090 1967 1196 1995; x_wconf 87' lang='lat' dir='ltr'>corpo-</span> 
     </span>
     <span class='ocr_line' id='line_1_49' title="bbox 135 1996 1197 2039; baseline -0.004 -9"><span class='ocrx_word' id='word_1_358' title='bbox 135 1998 300 2038; x_wconf 79' lang='lat' dir='ltr'>rale,quod</span> <span class='ocrx_word' id='word_1_359' title='bbox 314 1998 370 2039; x_wconf 90' lang='lat' dir='ltr'>ipse</span> <span class='ocrx_word' id='word_1_360' title='bbox 383 2005 471 2035; x_wconf 87' lang='lat' dir='ltr'>ponet</span> <span class='ocrx_word' id='word_1_361' title='bbox 485 1997 633 2035; x_wconf 85' lang='lat' dir='ltr'>praefatum</span> <span class='ocrx_word' id='word_1_362' title='bbox 648 1996 829 2027; x_wconf 84' lang='lat' dir='ltr'>Guillielmum</span> <span class='ocrx_word' id='word_1_363' title='bbox 845 1996 879 2027; x_wconf 90' lang='lat' dir='ltr'>ad</span> <span class='ocrx_word' id='word_1_364' title='bbox 894 1998 1032 2034; x_wconf 89' lang='lat' dir='ltr'>majorem</span> <span class='ocrx_word' id='word_1_365' title='bbox 1048 1996 1197 2034; x_wconf 84' lang='lat' dir='ltr'>Redemp-</span> 
     </span>
     <span class='ocr_line' id='line_1_50' title="bbox 135 2034 1195 2075; baseline -0.004 -6"><span class='ocrx_word' id='word_1_366' title='bbox 135 2040 246 2070; x_wconf 88' lang='lat' dir='ltr'>tionem</span> <span class='ocrx_word' id='word_1_367' title='bbox 261 2039 295 2069; x_wconf 68' lang='grc' dir='ltr'>ὃ(</span> <span class='ocrx_word' id='word_1_368' title='bbox 304 2037 467 2067; x_wconf 88' lang='lat' dir='ltr'>Financiam</span> <span class='ocrx_word' id='word_1_369' title='bbox 479 2045 563 2074; x_wconf 86' lang='lat' dir='ltr'>quam</span> <span class='ocrx_word' id='word_1_370' title='bbox 579 2035 740 2074; x_wconf 89' lang='lat' dir='ltr'>poterit,ad</span> <span class='ocrx_word' id='word_1_371' title='bbox 755 2037 892 2075; x_wconf 85' lang='lat' dir='ltr'>majorem</span> <span class='ocrx_word' id='word_1_372' title='bbox 905 2035 1053 2067; x_wconf 85' lang='lat' dir='ltr'>utilitatem</span> <span class='ocrx_word' id='word_1_373' title='bbox 1068 2034 1195 2066; x_wconf 89' lang='lat' dir='ltr'>nostram</span> 
     </span>
     <span class='ocr_line' id='line_1_51' title="bbox 140 2074 1040 2114; baseline -0.002 -7"><span class='ocrx_word' id='word_1_374' title='bbox 140 2076 271 2114; x_wconf 86' lang='lat' dir='ltr'>&amp;ipsius</span> <span class='ocrx_word' id='word_1_375' title='bbox 285 2075 409 2114; x_wconf 83' lang='lat' dir='ltr'>Thomae,</span> <span class='ocrx_word' id='word_1_376' title='bbox 428 2075 518 2105; x_wconf 91' lang='lat' dir='ltr'>modo</span> <span class='ocrx_word' id='word_1_377' title='bbox 529 2074 702 2113; x_wconf 63' lang='lat' dir='ltr'>supradicto,</span> <span class='ocrx_word' id='word_1_378' title='bbox 894 2106 906 2110; x_wconf 20' lang='lat'>⁷,</span> <span class='ocrx_word' id='word_1_379' title='bbox 938 2111 942 2113; x_wconf 15' lang='lat' dir='ltr'>Y</span> <span class='ocrx_word' id='word_1_380' title='bbox 1038 2107 1040 2109; x_wconf 63' lang='grc'>,</span> 
     </span>
    </p>

    <p class='ocr_par' dir='ltr' id='par_1_16' title="bbox 135 2111 1198 2270">
     <span class='ocr_line' id='line_1_52' title="bbox 177 2111 1198 2152; baseline -0.006 -6"><span class='ocrx_word' id='word_1_381' title='bbox 177 2115 247 2146; x_wconf 90' lang='lat' dir='ltr'>Nos</span> <span class='ocrx_word' id='word_1_382' title='bbox 262 2113 464 2152; x_wconf 72' lang='lat' dir='ltr'>vero,dile&lt;st0</span> <span class='ocrx_word' id='word_1_383' title='bbox 476 2114 509 2145; x_wconf 91' lang='lat'>&amp;</span> <span class='ocrx_word' id='word_1_384' title='bbox 527 2113 600 2144; x_wconf 86' lang='lat' dir='ltr'>fideli</span> <span class='ocrx_word' id='word_1_385' title='bbox 613 2113 713 2143; x_wconf 89' lang='lat' dir='ltr'>nostro</span> <span class='ocrx_word' id='word_1_386' title='bbox 723 2135 732 2151; x_wconf 90' lang='lat'>,</span> <span class='ocrx_word' id='word_1_387' title='bbox 748 2113 876 2151; x_wconf 83' lang='lat' dir='ltr'>Johanni</span> <span class='ocrx_word' id='word_1_388' title='bbox 887 2112 918 2141; x_wconf 85' lang='lat' dir='ltr'>a&#39;e</span> <span class='ocrx_word' id='word_1_389' title='bbox 932 2111 1078 2151; x_wconf 76' lang='lat' dir='ltr'>Har-leston</span> <span class='ocrx_word' id='word_1_390' title='bbox 1093 2113 1126 2143; x_wconf 88' lang='lat'>&amp;</span> <span class='ocrx_word' id='word_1_391' title='bbox 1140 2112 1198 2142; x_wconf 86' lang='lat' dir='ltr'>aliis</span> 
     </span>
     <span class='ocr_line' id='line_1_53' title="bbox 138 2150 1198 2194; baseline -0.004 -10"><span class='ocrx_word' id='word_1_392' title='bbox 138 2154 150 2190; x_wconf 85' lang='lat'><strong><em>&lt;</em></strong></span> <span class='ocrx_word' id='word_1_393' title='bbox 154 2154 173 2183; x_wconf 87' lang='lat' dir='ltr'>si</span> <span class='ocrx_word' id='word_1_394' title='bbox 190 2155 239 2192; x_wconf 88' lang='lat' dir='ltr'>qui</span> <span class='ocrx_word' id='word_1_395' title='bbox 251 2154 294 2191; x_wconf 89' lang='lat' dir='ltr'>jus</span> <span class='ocrx_word' id='word_1_396' title='bbox 307 2153 351 2184; x_wconf 92' lang='lat' dir='ltr'>vel</span> <span class='ocrx_word' id='word_1_397' title='bbox 365 2161 471 2191; x_wconf 87' lang='lat' dir='ltr'>partem</span> <span class='ocrx_word' id='word_1_398' title='bbox 484 2151 604 2182; x_wconf 87' lang='lat' dir='ltr'>habeant</span> <span class='ocrx_word' id='word_1_399' title='bbox 618 2153 647 2182; x_wconf 91' lang='lat' dir='ltr'>in</span> <span class='ocrx_word' id='word_1_400' title='bbox 662 2151 821 2182; x_wconf 86' lang='lat' dir='ltr'>Prisonario</span> <span class='ocrx_word' id='word_1_401' title='bbox 833 2150 983 2190; x_wconf 62' lang='lat' dir='ltr'>praedicto)</span> <span class='ocrx_word' id='word_1_402' title='bbox 1006 2151 1198 2194; x_wconf 78' lang='lat' dir='ltr'>rationabilem</span> 
     </span>
     <span class='ocr_line' id='line_1_54' title="bbox 138 2189 1198 2230; baseline -0.001 -8"><span class='ocrx_word' id='word_1_403' title='bbox 138 2193 381 2230; x_wconf 69' lang='lat' dir='ltr'>Satisfaetionem,</span> <span class='ocrx_word' id='word_1_404' title='bbox 400 2201 452 2230; x_wconf 87' lang='lat' dir='ltr'>pro</span> <span class='ocrx_word' id='word_1_405' title='bbox 475 2190 554 2220; x_wconf 61' lang='lat' dir='ltr'>dieto</span> <span class='ocrx_word' id='word_1_406' title='bbox 569 2192 649 2230; x_wconf 87' lang='lat' dir='ltr'>jure,</span> <span class='ocrx_word' id='word_1_407' title='bbox 666 2190 712 2222; x_wconf 89' lang='lat' dir='ltr'>vel</span> <span class='ocrx_word' id='word_1_408' title='bbox 733 2197 827 2230; x_wconf 82' lang='lat' dir='ltr'>parte,</span> <span class='ocrx_word' id='word_1_409' title='bbox 845 2189 880 2221; x_wconf 88' lang='lat' dir='ltr'>ad</span> <span class='ocrx_word' id='word_1_410' title='bbox 900 2199 949 2220; x_wconf 89' lang='lat' dir='ltr'>eos</span> <span class='ocrx_word' id='word_1_411' title='bbox 971 2189 1010 2220; x_wconf 90' lang='lat' dir='ltr'>fic</span> <span class='ocrx_word' id='word_1_412' title='bbox 1022 2197 1198 2229; x_wconf 81' lang='lat' dir='ltr'>pertinente,</span> 
     </span>
     <span class='ocr_line' id='line_1_55' title="bbox 135 2229 576 2270; baseline -0.002 -9"><span class='ocrx_word' id='word_1_413' title='bbox 135 2231 349 2270; x_wconf 78' lang='lat' dir='ltr'>satisfaciemus,</span> <span class='ocrx_word' id='word_1_414' title='bbox 365 2239 396 2262; x_wconf 92' lang='lat' dir='ltr'>ut</span> <span class='ocrx_word' id='word_1_415' title='bbox 409 2229 450 2260; x_wconf 90' lang='lat' dir='ltr'>est</span> <span class='ocrx_word' id='word_1_416' title='bbox 459 2229 576 2268; x_wconf 88' lang='lat' dir='ltr'>justum.</span> 
     </span>
    </p>

    <p class='ocr_par' dir='ltr' id='par_1_17' title="bbox 177 2268 400 2308">
     <span class='ocr_line' id='line_1_56' title="bbox 177 2268 400 2308; baseline 0.004 -9"><span class='ocrx_word' id='word_1_417' title='bbox 177 2268 212 2299; x_wconf 87' lang='lat' dir='ltr'>In</span> <span class='ocrx_word' id='word_1_418' title='bbox 226 2271 321 2308; x_wconf 88' lang='lat' dir='ltr'>cujus,</span> <span class='ocrx_word' id='word_1_419' title='bbox 339 2271 400 2300; x_wconf 71' lang='grc' dir='ltr'>ἃς.</span> 
     </span>
    </p>

    <p class='ocr_par' dir='ltr' id='par_1_18' title="bbox 172 2304 1137 2348">
     <span class='ocr_line' id='line_1_57' title="bbox 172 2304 1137 2348; baseline -0.002 -10"><span class='ocrx_word' id='word_1_420' title='bbox 172 2306 264 2339; x_wconf 87' lang='lat' dir='ltr'>Teste</span> <span class='ocrx_word' id='word_1_421' title='bbox 276 2307 359 2348; x_wconf 89' lang='lat' dir='ltr'>Rege</span> <span class='ocrx_word' id='word_1_422' title='bbox 372 2306 445 2347; x_wconf 87' lang='lat' dir='ltr'>apud</span> <span class='ocrx_word' id='word_1_423' title='bbox 460 2306 769 2347; x_wconf 87' lang='lat' dir='ltr'>Westmonasterium,</span> <span class='ocrx_word' id='word_1_424' title='bbox 788 2307 931 2340; x_wconf 78' lang='lat' dir='ltr'>tricesimo</span> <span class='ocrx_word' id='word_1_425' title='bbox 945 2306 991 2338; x_wconf 92' lang='lat' dir='ltr'>die</span> <span class='ocrx_word' id='word_1_426' title='bbox 1005 2304 1137 2345; x_wconf 85' lang='lat' dir='ltr'>Augusti.</span> 
     </span>
    </p>
   </div>
   <div class='ocr_carea' id='block_1_6' title="bbox 647 2383 1096 2422">
    <p class='ocr_par' dir='ltr' id='par_1_19' title="bbox 647 2383 1096 2422">
     <span class='ocr_line' id='line_1_58' title="bbox 647 2383 1096 2422; baseline -0.002 -6"><span class='ocrx_word' id='word_1_427' title='bbox 647 2388 702 2416; x_wconf 87' lang='lat' dir='ltr'>Per</span> <span class='ocrx_word' id='word_1_428' title='bbox 719 2387 812 2415; x_wconf 83' lang='lat' dir='ltr'>Breve</span> <span class='ocrx_word' id='word_1_429' title='bbox 825 2385 857 2414; x_wconf 83' lang='lat' dir='ltr'>de</span> <span class='ocrx_word' id='word_1_430' title='bbox 868 2387 987 2415; x_wconf 81' lang='lat' dir='ltr'>Privato</span> <span class='ocrx_word' id='word_1_431' title='bbox 998 2383 1096 2422; x_wconf 79' lang='lat' dir='ltr'>sigillo.</span> 
     </span>
    </p>
   </div>
   <div class='ocr_carea' id='block_1_7' title="bbox 0 2505 1206 2709">
    <p class='ocr_par' dir='ltr' id='par_1_20' title="bbox 17 2505 1062 2552">
     <span class='ocr_line' id='line_1_59' title="bbox 17 2505 1062 2552; baseline -0.002 -10"><span class='ocrx_word' id='word_1_432' title='bbox 17 2516 86 2546; x_wconf 81' lang='lat' dir='ltr'>vn,</span> <span class='ocrx_word' id='word_1_433' title='bbox 256 2505 284 2533; x_wconf 45' lang='grc' dir='ltr'>*ἓ</span> <span class='ocrx_word' id='word_1_434' title='bbox 310 2510 359 2541; x_wconf 87' lang='lat' dir='ltr'>De</span> <span class='ocrx_word' id='word_1_435' title='bbox 376 2507 518 2552; x_wconf 80' lang='lat' dir='ltr'>Potestate</span> <span class='ocrx_word' id='word_1_436' title='bbox 535 2506 703 2541; x_wconf 67' lang='lat' dir='ltr'>Traflana&#39;i</span> <span class='ocrx_word' id='word_1_437' title='bbox 719 2519 787 2540; x_wconf 81' lang='lat' dir='ltr'>cnm</span> <span class='ocrx_word' id='word_1_438' title='bbox 809 2510 896 2540; x_wconf 85' lang='lat' dir='ltr'>Petro</span> <span class='ocrx_word' id='word_1_439' title='bbox 915 2506 952 2540; x_wconf 85' lang='lat' dir='ltr'>de</span> <span class='ocrx_word' id='word_1_440' title='bbox 973 2509 1062 2540; x_wconf 84' lang='lat' dir='ltr'>Bare.</span> 
     </span>
    </p>

    <p class='ocr_par' dir='ltr' id='par_1_21' title="bbox 0 2556 1206 2672">
     <span class='ocr_line' id='line_1_60' title="bbox 3 2556 1206 2651; baseline 0 -27"><span class='ocrx_word' id='word_1_441' title='bbox 3 2556 66 2624; x_wconf 57' lang='grc' dir='ltr'><em>ῗῐῗῃ.</em></span> <span class='ocrx_word' id='word_1_442' title='bbox 81 2594 123 2626; x_wconf 90' lang='lat' dir='ltr'>D.</span> <span class='ocrx_word' id='word_1_443' title='bbox 140 2593 256 2651; x_wconf 80' lang='lat' dir='ltr'>REX</span> <span class='ocrx_word' id='word_1_444' title='bbox 274 2593 411 2638; x_wconf 82' lang='lat' dir='ltr'>universis¹</span> <span class='ocrx_word' id='word_1_445' title='bbox 422 2595 455 2625; x_wconf 90' lang='lat'>&amp;</span> <span class='ocrx_word' id='word_1_446' title='bbox 472 2593 598 2632; x_wconf 82' lang='lat' dir='ltr'>lingulis,</span> <span class='ocrx_word' id='word_1_447' title='bbox 614 2592 648 2623; x_wconf 89' lang='lat' dir='ltr'>ad</span> <span class='ocrx_word' id='word_1_448' title='bbox 669 2602 795 2632; x_wconf 89' lang='lat' dir='ltr'>quorum</span> <span class='ocrx_word' id='word_1_449' title='bbox 814 2593 943 2624; x_wconf 87' lang='lat' dir='ltr'>notitiam</span> <span class='ocrx_word' id='word_1_450' title='bbox 960 2592 1107 2631; x_wconf 79' lang='lat' dir='ltr'>praesentes</span> <span class='ocrx_word' id='word_1_451' title='bbox 1124 2592 1206 2624; x_wconf 90' lang='lat' dir='ltr'>Lite-</span> 
     </span>
     <span class='ocr_line' id='line_1_61' title="bbox 0 2632 613 2672; baseline -0.005 -9"><span class='ocrx_word' id='word_1_452' title='bbox 0 2634 98 2672; x_wconf 65' lang='lat' dir='ltr'>i1380.</span> <span class='ocrx_word' id='word_1_453' title='bbox 213 2643 251 2663; x_wconf 81' lang='lat' dir='ltr'>rae</span> <span class='ocrx_word' id='word_1_454' title='bbox 265 2641 460 2671; x_wconf 77' lang='lat' dir='ltr'>pervenerint,</span> <span class='ocrx_word' id='word_1_455' title='bbox 479 2632 613 2664; x_wconf 85' lang='lat' dir='ltr'>Salutem.</span> 
     </span>
    </p>

    <p class='ocr_par' dir='ltr' id='par_1_22' title="bbox 0 2671 488 2709">
     <span class='ocr_line' id='line_1_62' title="bbox 0 2671 488 2709; baseline 0.004 -10"><span class='ocrx_word' id='word_1_456' title='bbox 0 2675 45 2700; x_wconf 70' lang='lat' dir='ltr'>&#39;in-</span> <span class='ocrx_word' id='word_1_457' title='bbox 59 2684 87 2708; x_wconf 87' lang='lat'>4.</span> <span class='ocrx_word' id='word_1_458' title='bbox 185 2671 284 2702; x_wconf 89' lang='lat' dir='ltr'>Sciatis</span> <span class='ocrx_word' id='word_1_459' title='bbox 302 2671 382 2709; x_wconf 74' lang='lat' dir='ltr'>quod</span> <span class='ocrx_word' id='word_1_460' title='bbox 401 2671 488 2708; x_wconf 85' lang='lat' dir='ltr'>Nos,</span> 
     </span>
    </p>
   </div>
   <div class='ocr_carea' id='block_1_8' title="bbox 0 2706 1206 2747">
    <p class='ocr_par' dir='ltr' id='par_1_23' title="bbox 0 2706 1206 2747">
     <span class='ocr_line' id='line_1_63' title="bbox 0 2706 1206 2747; baseline 0 -9"><span class='ocrx_word' id='word_1_461' title='bbox 0 2733 20 2739; x_wconf 71' lang='grc'>,.</span> <span class='ocrx_word' id='word_1_462' title='bbox 40 2720 66 2738; x_wconf 88' lang='lat'>2.</span> <span class='ocrx_word' id='word_1_463' title='bbox 182 2708 232 2740; x_wconf 91' lang='lat' dir='ltr'>De</span> <span class='ocrx_word' id='word_1_464' title='bbox 249 2709 452 2746; x_wconf 66' lang='lat' dir='ltr'>circumspeeta</span> <span class='ocrx_word' id='word_1_465' title='bbox 470 2710 600 2740; x_wconf 89' lang='lat' dir='ltr'>fidelitate</span> <span class='ocrx_word' id='word_1_466' title='bbox 619 2710 652 2741; x_wconf 65' lang='grc' dir='ltr'>ὃς</span> <span class='ocrx_word' id='word_1_467' title='bbox 671 2707 826 2747; x_wconf 72' lang='lat' dir='ltr'>industria,</span> <span class='ocrx_word' id='word_1_468' title='bbox 843 2709 1015 2740; x_wconf 62' lang='lat' dir='ltr'>dileetorum</span> <span class='ocrx_word' id='word_1_469' title='bbox 1036 2710 1070 2741; x_wconf 66' lang='grc' dir='ltr'>ὃς</span> <span class='ocrx_word' id='word_1_470' title='bbox 1081 2706 1206 2739; x_wconf 78' lang='lat' dir='ltr'>fidelium</span> 
     </span>
    </p>
   </div>
   <div class='ocr_carea' id='block_1_9' title="bbox 0 2746 1206 2861">
    <p class='ocr_par' dir='ltr' id='par_1_24' title="bbox 0 2746 1206 2861">
     <span class='ocr_line' id='line_1_64' title="bbox 0 2746 1206 2786; baseline 0.002 -11"><span class='ocrx_word' id='word_1_471' title='bbox 0 2753 79 2777; x_wconf 63' lang='lat' dir='ltr'>vranc.</span> <span class='ocrx_word' id='word_1_472' title='bbox 98 2758 127 2785; x_wconf 88' lang='lat'>4.</span> <span class='ocrx_word' id='word_1_473' title='bbox 144 2747 309 2778; x_wconf 88' lang='lat' dir='ltr'>nostrorum</span> <span class='ocrx_word' id='word_1_474' title='bbox 323 2770 333 2785; x_wconf 83' lang='lat'>,</span> <span class='ocrx_word' id='word_1_475' title='bbox 358 2747 498 2786; x_wconf 84' lang='lat' dir='ltr'>Johannis</span> <span class='ocrx_word' id='word_1_476' title='bbox 520 2747 668 2777; x_wconf 79' lang='lat' dir='ltr'>Devereux</span> <span class='ocrx_word' id='word_1_477' title='bbox 686 2747 835 2784; x_wconf 88' lang='lat' dir='ltr'>Capitanei</span> <span class='ocrx_word' id='word_1_478' title='bbox 857 2747 939 2777; x_wconf 87' lang='lat' dir='ltr'>Villae</span> <span class='ocrx_word' id='word_1_479' title='bbox 960 2746 1063 2777; x_wconf 83' lang='lat' dir='ltr'>nostrae</span> <span class='ocrx_word' id='word_1_480' title='bbox 1086 2747 1206 2785; x_wconf 89' lang='lat' dir='ltr'>Calesii,</span> 
     </span>
     <span class='ocr_line' id='line_1_65' title="bbox 11 2784 1206 2855; baseline 0.003 -42"><span class='ocrx_word' id='word_1_481' title='bbox 11 2794 22 2814; x_wconf 74' lang='lat' dir='ltr'>j.</span> <span class='ocrx_word' id='word_1_482' title='bbox 32 2797 99 2816; x_wconf 89' lang='lat' dir='ltr'>2.m.</span> <span class='ocrx_word' id='word_1_483' title='bbox 145 2786 183 2855; x_wconf 56' lang='lat' dir='ltr'>Ze)</span> <span class='ocrx_word' id='word_1_484' title='bbox 185 2785 319 2854; x_wconf 46' lang='lat' dir='ltr'>[ffiocfeerrjttgs</span> <span class='ocrx_word' id='word_1_485' title='bbox 320 2786 352 2815; x_wconf 85' lang='lat' dir='ltr'>de</span> <span class='ocrx_word' id='word_1_486' title='bbox 366 2784 502 2824; x_wconf 85' lang='lat' dir='ltr'>Assheton</span> <span class='ocrx_word' id='word_1_487' title='bbox 515 2786 665 2824; x_wconf 82' lang='lat' dir='ltr'>Capitanei</span> <span class='ocrx_word' id='word_1_488' title='bbox 681 2785 775 2816; x_wconf 88' lang='lat' dir='ltr'>Castri</span> <span class='ocrx_word' id='word_1_489' title='bbox 789 2785 878 2817; x_wconf 90' lang='lat' dir='ltr'>nostri</span> <span class='ocrx_word' id='word_1_490' title='bbox 892 2787 928 2816; x_wconf 92' lang='lat' dir='ltr'>de</span> <span class='ocrx_word' id='word_1_491' title='bbox 942 2785 1078 2824; x_wconf 81' lang='lat' dir='ltr'>Guynes,</span> <span class='ocrx_word' id='word_1_492' title='bbox 1098 2786 1206 2823; x_wconf 77' lang='lat' dir='ltr'>plenius</span> 
     </span>
     <span class='ocr_line' id='line_1_66' title="bbox 327 2846 337 2861; baseline 0 0"><span class='ocrx_word' id='word_1_493' title='bbox 327 2846 337 2861; x_wconf 70' lang='lat'>2</span> 
     </span>
    </p>
   </div>
   <div class='ocr_carea' id='block_1_10' title="bbox 141 2861 1205 3975">
    <p class='ocr_par' dir='ltr' id='par_1_25' title="bbox 180 2861 847 2899">
     <span class='ocr_line' id='line_1_67' title="bbox 180 2861 847 2899; baseline -0.001 -7"><span class='ocrx_word' id='word_1_494' title='bbox 180 2861 232 2893; x_wconf 93' lang='lat' dir='ltr'>De</span> <span class='ocrx_word' id='word_1_495' title='bbox 244 2863 348 2893; x_wconf 74' lang='lat' dir='ltr'>assensu</span> <span class='ocrx_word' id='word_1_496' title='bbox 363 2862 396 2892; x_wconf 88' lang='lat'>&amp;</span> <span class='ocrx_word' id='word_1_497' title='bbox 411 2862 582 2893; x_wconf 88' lang='lat' dir='ltr'>avisamento</span> <span class='ocrx_word' id='word_1_498' title='bbox 597 2861 725 2892; x_wconf 91' lang='lat' dir='ltr'>Concilii</span> <span class='ocrx_word' id='word_1_499' title='bbox 739 2861 847 2899; x_wconf 88' lang='lat' dir='ltr'>nostri,</span> 
     </span>
    </p>

    <p class='ocr_par' dir='ltr' id='par_1_26' title="bbox 141 2899 1205 2980">
     <span class='ocr_line' id='line_1_68' title="bbox 181 2899 1205 2940; baseline 0.001 -9"><span class='ocrx_word' id='word_1_500' title='bbox 181 2900 258 2939; x_wconf 88' lang='lat' dir='ltr'>Ipsos</span> <span class='ocrx_word' id='word_1_501' title='bbox 274 2900 445 2938; x_wconf 83' lang='lat' dir='ltr'>Capitaneos</span> <span class='ocrx_word' id='word_1_502' title='bbox 461 2900 589 2938; x_wconf 87' lang='lat' dir='ltr'>nostros,</span> <span class='ocrx_word' id='word_1_503' title='bbox 608 2910 690 2931; x_wconf 88' lang='lat' dir='ltr'>veros</span> <span class='ocrx_word' id='word_1_504' title='bbox 706 2900 739 2930; x_wconf 85' lang='lat'>&amp;</span> <span class='ocrx_word' id='word_1_505' title='bbox 752 2900 893 2940; x_wconf 86' lang='lat' dir='ltr'>legitimos</span> <span class='ocrx_word' id='word_1_506' title='bbox 905 2899 1124 2940; x_wconf 77' lang='lat' dir='ltr'>Procuratores,</span> <span class='ocrx_word' id='word_1_507' title='bbox 1138 2900 1205 2932; x_wconf 90' lang='lat' dir='ltr'>Ne-</span> 
     </span>
     <span class='ocr_line' id='line_1_69' title="bbox 141 2938 818 2980; baseline -0.001 -10"><span class='ocrx_word' id='word_1_508' title='bbox 141 2941 289 2980; x_wconf 86' lang='lat' dir='ltr'>gotiorum</span> <span class='ocrx_word' id='word_1_509' title='bbox 303 2938 457 2976; x_wconf 85' lang='lat' dir='ltr'>Gestores,</span> <span class='ocrx_word' id='word_1_510' title='bbox 476 2949 508 2969; x_wconf 91' lang='lat' dir='ltr'>ac</span> <span class='ocrx_word' id='word_1_511' title='bbox 522 2939 557 2969; x_wconf 96' lang='lat' dir='ltr'>N</span> <span class='ocrx_word' id='word_1_512' title='bbox 560 2940 659 2969; x_wconf 89' lang='lat' dir='ltr'>uncios</span> <span class='ocrx_word' id='word_1_513' title='bbox 671 2939 818 2978; x_wconf 85' lang='lat' dir='ltr'>speciales,</span> 
     </span>
    </p>

    <p class='ocr_par' dir='ltr' id='par_1_27' title="bbox 142 2976 1203 3170">
     <span class='ocr_line' id='line_1_70' title="bbox 181 2976 1203 3016; baseline -0.001 -7"><span class='ocrx_word' id='word_1_514' title='bbox 181 2978 229 3009; x_wconf 87' lang='lat' dir='ltr'>Ad</span> <span class='ocrx_word' id='word_1_515' title='bbox 250 2977 426 3016; x_wconf 84' lang='lat' dir='ltr'>loquendum</span> <span class='ocrx_word' id='word_1_516' title='bbox 443 3000 452 3014; x_wconf 93' lang='lat'>,</span> <span class='ocrx_word' id='word_1_517' title='bbox 471 2977 645 3008; x_wconf 67' lang='lat' dir='ltr'>tractandum</span> <span class='ocrx_word' id='word_1_518' title='bbox 661 3001 670 3014; x_wconf 83' lang='lat'>,</span> <span class='ocrx_word' id='word_1_519' title='bbox 689 2979 722 3009; x_wconf 90' lang='lat'>&amp;</span> <span class='ocrx_word' id='word_1_520' title='bbox 741 2976 976 3008; x_wconf 88' lang='lat' dir='ltr'>concordandum</span> <span class='ocrx_word' id='word_1_521' title='bbox 997 2988 1082 3016; x_wconf 87' lang='lat' dir='ltr'>cum,</span> <span class='ocrx_word' id='word_1_522' title='bbox 1097 2977 1203 3009; x_wconf 88' lang='lat' dir='ltr'>Nobili</span> 
     </span>
     <span class='ocr_line' id='line_1_71' title="bbox 142 3015 1203 3054; baseline 0 -7"><span class='ocrx_word' id='word_1_523' title='bbox 142 3016 178 3047; x_wconf 89' lang='lat'>&amp;</span> <span class='ocrx_word' id='word_1_524' title='bbox 195 3016 312 3047; x_wconf 87' lang='lat' dir='ltr'>Potenti</span> <span class='ocrx_word' id='word_1_525' title='bbox 324 3015 411 3054; x_wconf 79' lang='lat' dir='ltr'>Viro,</span> <span class='ocrx_word' id='word_1_526' title='bbox 428 3018 509 3045; x_wconf 85' lang='lat' dir='ltr'>Petro</span> <span class='ocrx_word' id='word_1_527' title='bbox 523 3016 554 3045; x_wconf 82' lang='lat' dir='ltr'>de</span> <span class='ocrx_word' id='word_1_528' title='bbox 568 3019 658 3054; x_wconf 81' lang='lat' dir='ltr'>Bare,</span> <span class='ocrx_word' id='word_1_529' title='bbox 676 3015 719 3046; x_wconf 92' lang='lat' dir='ltr'>seu</span> <span class='ocrx_word' id='word_1_530' title='bbox 736 3017 790 3053; x_wconf 88' lang='lat' dir='ltr'>ejus</span> <span class='ocrx_word' id='word_1_531' title='bbox 812 3017 842 3046; x_wconf 89' lang='lat' dir='ltr'>in</span> <span class='ocrx_word' id='word_1_532' title='bbox 865 3017 917 3046; x_wconf 90' lang='lat' dir='ltr'>hac</span> <span class='ocrx_word' id='word_1_533' title='bbox 939 3025 1016 3054; x_wconf 90' lang='lat' dir='ltr'>parte</span> <span class='ocrx_word' id='word_1_534' title='bbox 1031 3017 1203 3047; x_wconf 88' lang='lat' dir='ltr'>Procurato—</span> 
     </span>
     <span class='ocr_line' id='line_1_72' title="bbox 143 3053 1203 3094; baseline 0.001 -10"><span class='ocrx_word' id='word_1_535' title='bbox 143 3056 239 3094; x_wconf 83' lang='lat' dir='ltr'>ribus,</span> <span class='ocrx_word' id='word_1_536' title='bbox 257 3055 401 3092; x_wconf 83' lang='lat' dir='ltr'>Nunciis,</span> <span class='ocrx_word' id='word_1_537' title='bbox 417 3054 462 3084; x_wconf 93' lang='lat' dir='ltr'>seu</span> <span class='ocrx_word' id='word_1_538' title='bbox 477 3053 639 3092; x_wconf 86' lang='lat' dir='ltr'>Deputatis,</span> <span class='ocrx_word' id='word_1_539' title='bbox 654 3053 803 3091; x_wconf 83' lang='lat' dir='ltr'>plenariam</span> <span class='ocrx_word' id='word_1_540' title='bbox 825 3053 999 3085; x_wconf 87' lang='lat' dir='ltr'>Potestatem</span> <span class='ocrx_word' id='word_1_541' title='bbox 1018 3056 1054 3086; x_wconf 89' lang='lat' dir='ltr'>ab</span> <span class='ocrx_word' id='word_1_542' title='bbox 1076 3055 1135 3093; x_wconf 90' lang='lat' dir='ltr'>ipso</span> <span class='ocrx_word' id='word_1_543' title='bbox 1151 3058 1203 3085; x_wconf 86' lang='lat' dir='ltr'>Pe-</span> 
     </span>
     <span class='ocr_line' id='line_1_73' title="bbox 143 3092 1202 3132; baseline 0.002 -10"><span class='ocrx_word' id='word_1_544' title='bbox 143 3099 187 3122; x_wconf 85' lang='lat' dir='ltr'>tro</span> <span class='ocrx_word' id='word_1_545' title='bbox 203 3093 386 3131; x_wconf 85' lang='lat' dir='ltr'>habentibus,</span> <span class='ocrx_word' id='word_1_546' title='bbox 401 3093 437 3123; x_wconf 93' lang='lat' dir='ltr'>de</span> <span class='ocrx_word' id='word_1_547' title='bbox 450 3093 674 3132; x_wconf 86' lang='lat' dir='ltr'>quibuscumque</span> <span class='ocrx_word' id='word_1_548' title='bbox 694 3093 777 3122; x_wconf 89' lang='lat' dir='ltr'>bonis</span> <span class='ocrx_word' id='word_1_549' title='bbox 798 3093 831 3124; x_wconf 86' lang='lat'>&amp;</span> <span class='ocrx_word' id='word_1_550' title='bbox 855 3092 939 3123; x_wconf 66' lang='lat' dir='ltr'>firmis</span> <span class='ocrx_word' id='word_1_551' title='bbox 954 3094 1113 3132; x_wconf 89' lang='lat' dir='ltr'>Amicitiis,</span> <span class='ocrx_word' id='word_1_552' title='bbox 1131 3093 1202 3124; x_wconf 84' lang='lat' dir='ltr'>Alli-</span> 
     </span>
     <span class='ocr_line' id='line_1_74' title="bbox 143 3130 949 3170; baseline 0.002 -10"><span class='ocrx_word' id='word_1_553' title='bbox 143 3132 263 3170; x_wconf 68' lang='lat' dir='ltr'>gaianis,</span> <span class='ocrx_word' id='word_1_554' title='bbox 281 3132 315 3162; x_wconf 92' lang='lat'>&amp;</span> <span class='ocrx_word' id='word_1_555' title='bbox 329 3130 646 3168; x_wconf 84' lang='lat' dir='ltr'>Confoederationibus,</span> <span class='ocrx_word' id='word_1_556' title='bbox 667 3132 700 3163; x_wconf 70' lang='grc' dir='ltr'>ὃς</span> <span class='ocrx_word' id='word_1_557' title='bbox 715 3133 817 3162; x_wconf 84' lang='lat' dir='ltr'>mutuis</span> <span class='ocrx_word' id='word_1_558' title='bbox 831 3131 949 3162; x_wconf 84' lang='lat' dir='ltr'>Auxiliis</span> 
     </span>
    </p>

    <p class='ocr_par' dir='ltr' id='par_1_28' title="bbox 142 3155 1203 3286">
     <span class='ocr_line' id='line_1_75' title="bbox 183 3155 1203 3210; baseline 0.002 -11"><span class='ocrx_word' id='word_1_559' title='bbox 183 3169 260 3199; x_wconf 91' lang='lat' dir='ltr'>Inter</span> <span class='ocrx_word' id='word_1_560' title='bbox 275 3169 360 3206; x_wconf 84' lang='lat' dir='ltr'>Nos,</span> <span class='ocrx_word' id='word_1_561' title='bbox 380 3170 413 3200; x_wconf 76' lang='grc' dir='ltr'>δε</span> <span class='ocrx_word' id='word_1_562' title='bbox 434 3169 571 3199; x_wconf 82' lang='lat' dir='ltr'>Haeredes</span> <span class='ocrx_word' id='word_1_563' title='bbox 593 3169 720 3207; x_wconf 90' lang='lat' dir='ltr'>nostros,</span> <span class='ocrx_word' id='word_1_564' title='bbox 739 3180 792 3208; x_wconf 89' lang='lat' dir='ltr'>pro</span> <span class='ocrx_word' id='word_1_565' title='bbox 811 3169 928 3209; x_wconf 90' lang='lat' dir='ltr'>Nobis,</span> <span class='ocrx_word' id='word_1_566' title='bbox 945 3155 1069 3209; x_wconf 48' lang='lat' dir='ltr'>stegnis,</span> <span class='ocrx_word' id='word_1_567' title='bbox 1088 3170 1203 3210; x_wconf 89' lang='lat' dir='ltr'>Terris,</span> 
     </span>
     <span class='ocr_line' id='line_1_76' title="bbox 145 3206 1201 3248; baseline 0.002 -9"><span class='ocrx_word' id='word_1_568' title='bbox 145 3208 180 3239; x_wconf 74' lang='grc' dir='ltr'>δε</span> <span class='ocrx_word' id='word_1_569' title='bbox 203 3206 363 3244; x_wconf 86' lang='lat' dir='ltr'>Dominiis,</span> <span class='ocrx_word' id='word_1_570' title='bbox 377 3216 410 3236; x_wconf 92' lang='lat' dir='ltr'>ac</span> <span class='ocrx_word' id='word_1_571' title='bbox 433 3207 570 3246; x_wconf 88' lang='lat' dir='ltr'>Subditis,</span> <span class='ocrx_word' id='word_1_572' title='bbox 588 3209 620 3238; x_wconf 92' lang='lat'>&amp;</span> <span class='ocrx_word' id='word_1_573' title='bbox 641 3207 765 3239; x_wconf 88' lang='lat' dir='ltr'>Vassallis</span> <span class='ocrx_word' id='word_1_574' title='bbox 786 3208 887 3239; x_wconf 86' lang='lat' dir='ltr'>nostris</span> <span class='ocrx_word' id='word_1_575' title='bbox 906 3209 1150 3248; x_wconf 82' lang='lat' dir='ltr'>quibuscumque,</span> <span class='ocrx_word' id='word_1_576' title='bbox 1167 3211 1201 3241; x_wconf 86' lang='lat'>&amp;</span> 
     </span>
     <span class='ocr_line' id='line_1_77' title="bbox 142 3244 1202 3286; baseline 0.005 -12"><span class='ocrx_word' id='word_1_577' title='bbox 142 3248 162 3275; x_wconf 91' lang='lat'><em>1</em></span> <span class='ocrx_word' id='word_1_578' title='bbox 170 3244 232 3285; x_wconf 70' lang='lat' dir='ltr'>st‘m</span> <span class='ocrx_word' id='word_1_579' title='bbox 251 3248 363 3275; x_wconf 83' lang='lat' dir='ltr'>Petrum</span> <span class='ocrx_word' id='word_1_580' title='bbox 376 3268 385 3282; x_wconf 92' lang='lat'>,</span> <span class='ocrx_word' id='word_1_581' title='bbox 405 3246 438 3275; x_wconf 74' lang='grc' dir='ltr'>δε</span> <span class='ocrx_word' id='word_1_582' title='bbox 461 3244 595 3275; x_wconf 70' lang='lat' dir='ltr'>Haeredes</span> <span class='ocrx_word' id='word_1_583' title='bbox 615 3246 677 3275; x_wconf 88' lang='lat' dir='ltr'>suos</span> <span class='ocrx_word' id='word_1_584' title='bbox 692 3270 701 3284; x_wconf 80' lang='lat'>,</span> <span class='ocrx_word' id='word_1_585' title='bbox 718 3257 771 3283; x_wconf 86' lang='lat' dir='ltr'>pro</span> <span class='ocrx_word' id='word_1_586' title='bbox 790 3247 827 3276; x_wconf 92' lang='lat' dir='ltr'>Se</span> <span class='ocrx_word' id='word_1_587' title='bbox 841 3271 850 3284; x_wconf 90' lang='lat'>,</span> <span class='ocrx_word' id='word_1_588' title='bbox 869 3248 984 3286; x_wconf 87' lang='lat' dir='ltr'>Terris,</span> <span class='ocrx_word' id='word_1_589' title='bbox 1003 3249 1035 3278; x_wconf 62' lang='grc' dir='ltr'>ὃς</span> <span class='ocrx_word' id='word_1_590' title='bbox 1054 3247 1202 3279; x_wconf 90' lang='lat' dir='ltr'>Dominiis</span> 
     </span>
    </p>

    <p class='ocr_par' dir='ltr' id='par_1_29' title="bbox 142 3283 1201 3360">
     <span class='ocr_line' id='line_1_78' title="bbox 156 3283 1201 3325; baseline 0.005 -11"><span class='ocrx_word' id='word_1_591' title='bbox 156 3285 211 3322; x_wconf 90' lang='lat' dir='ltr'>uis,</span> <span class='ocrx_word' id='word_1_592' title='bbox 229 3293 262 3314; x_wconf 85' lang='lat' dir='ltr'>ac</span> <span class='ocrx_word' id='word_1_593' title='bbox 281 3293 382 3314; x_wconf 87' lang='lat' dir='ltr'>eorum</span> <span class='ocrx_word' id='word_1_594' title='bbox 400 3283 533 3313; x_wconf 89' lang='lat' dir='ltr'>omnibus</span> <span class='ocrx_word' id='word_1_595' title='bbox 552 3283 692 3322; x_wconf 79' lang='lat' dir='ltr'>Subditis,</span> <span class='ocrx_word' id='word_1_596' title='bbox 709 3286 743 3315; x_wconf 68' lang='grc' dir='ltr'>ὃς</span> <span class='ocrx_word' id='word_1_597' title='bbox 763 3283 887 3315; x_wconf 84' lang='lat' dir='ltr'>Vassallis</span> <span class='ocrx_word' id='word_1_598' title='bbox 899 3310 909 3324; x_wconf 90' lang='lat'>,</span> <span class='ocrx_word' id='word_1_599' title='bbox 928 3296 983 3324; x_wconf 88' lang='lat' dir='ltr'>pro</span> <span class='ocrx_word' id='word_1_600' title='bbox 1001 3295 1136 3325; x_wconf 87' lang='lat' dir='ltr'>perpetuo</span> <span class='ocrx_word' id='word_1_601' title='bbox 1155 3287 1201 3319; x_wconf 88' lang='lat' dir='ltr'>vel</span> 
     </span>
     <span class='ocr_line' id='line_1_79' title="bbox 142 3321 481 3360; baseline -0.012 -7"><span class='ocrx_word' id='word_1_602' title='bbox 142 3322 178 3353; x_wconf 89' lang='lat' dir='ltr'>ad</span> <span class='ocrx_word' id='word_1_603' title='bbox 199 3331 311 3360; x_wconf 87' lang='lat' dir='ltr'>tempus</span> <span class='ocrx_word' id='word_1_604' title='bbox 329 3321 481 3359; x_wconf 79' lang='lat' dir='ltr'>duraturis,</span> 
     </span>
    </p>

    <p class='ocr_par' dir='ltr' id='par_1_30' title="bbox 141 3358 1203 3466">
     <span class='ocr_line' id='line_1_80' title="bbox 181 3358 1202 3400; baseline 0.006 -12"><span class='ocrx_word' id='word_1_605' title='bbox 181 3360 260 3398; x_wconf 83' lang='lat' dir='ltr'>Qae</span> <span class='ocrx_word' id='word_1_606' title='bbox 285 3362 319 3392; x_wconf 69' lang='grc' dir='ltr'>δε</span> <span class='ocrx_word' id='word_1_607' title='bbox 342 3369 426 3398; x_wconf 86' lang='lat' dir='ltr'>prout</span> <span class='ocrx_word' id='word_1_608' title='bbox 445 3359 548 3390; x_wconf 85' lang='lat' dir='ltr'>eisdem</span> <span class='ocrx_word' id='word_1_609' title='bbox 567 3358 801 3390; x_wconf 78' lang='lat' dir='ltr'>procuratoribus</span> <span class='ocrx_word' id='word_1_610' title='bbox 819 3360 920 3391; x_wconf 89' lang='lat' dir='ltr'>nostris</span> <span class='ocrx_word' id='word_1_611' title='bbox 935 3385 945 3400; x_wconf 85' lang='lat'>,</span> <span class='ocrx_word' id='word_1_612' title='bbox 969 3372 1021 3400; x_wconf 91' lang='lat' dir='ltr'>pro</span> <span class='ocrx_word' id='word_1_613' title='bbox 1040 3364 1202 3394; x_wconf 89' lang='lat' dir='ltr'>commodo</span> 
     </span>
     <span class='ocr_line' id='line_1_81' title="bbox 141 3397 1203 3466; baseline 0.003 -37"><span class='ocrx_word' id='word_1_614' title='bbox 141 3399 306 3466; x_wconf 69' lang='lat' dir='ltr'>&amp;dhonore</span> <span class='ocrx_word' id='word_1_615' title='bbox 323 3397 441 3437; x_wconf 87' lang='lat' dir='ltr'>nostro,</span> <span class='ocrx_word' id='word_1_616' title='bbox 463 3408 495 3428; x_wconf 88' lang='lat' dir='ltr'>ac</span> <span class='ocrx_word' id='word_1_617' title='bbox 514 3398 684 3437; x_wconf 84' lang='lat' dir='ltr'>Regnorum</span> <span class='ocrx_word' id='word_1_618' title='bbox 702 3397 867 3430; x_wconf 88' lang='lat' dir='ltr'>nostrorum</span> <span class='ocrx_word' id='word_1_619' title='bbox 886 3400 973 3439; x_wconf 86' lang='lat' dir='ltr'>magis</span> <span class='ocrx_word' id='word_1_620' title='bbox 992 3401 1134 3432; x_wconf 89' lang='lat' dir='ltr'>videbitur</span> <span class='ocrx_word' id='word_1_621' title='bbox 1155 3411 1203 3432; x_wconf 74' lang='lat' dir='ltr'>ex-</span> 
     </span>
    </p>

    <p class='ocr_par' dir='ltr' id='par_1_31' title="bbox 142 3447 1064 3516">
     <span class='ocr_line' id='line_1_82' title="bbox 164 3447 238 3467; baseline -0.014 0"><span class='ocrx_word' id='word_1_622' title='bbox 164 3447 178 3467; x_wconf 80' lang='lat' dir='ltr'>e</span> <span class='ocrx_word' id='word_1_623' title='bbox 200 3447 238 3466; x_wconf 85' lang='lat' dir='ltr'>lre</span> 
     </span>
     <span class='ocr_line' id='line_1_83' title="bbox 142 3447 1064 3516; baseline 0.003 -11"><span class='ocrx_word' id='word_1_624' title='bbox 142 3447 163 3476; x_wconf 67' lang='grc' dir='ltr'>Ρ</span> <span class='ocrx_word' id='word_1_625' title='bbox 180 3460 372 3513; x_wconf 68' lang='lat' dir='ltr'>Ordinamns,</span> <span class='ocrx_word' id='word_1_626' title='bbox 390 3474 535 3512; x_wconf 76' lang='lat' dir='ltr'>Facimus,</span> <span class='ocrx_word' id='word_1_627' title='bbox 553 3475 586 3507; x_wconf 89' lang='lat'>&amp;</span> <span class='ocrx_word' id='word_1_628' title='bbox 605 3474 815 3506; x_wconf 88' lang='lat' dir='ltr'>Constituimus</span> <span class='ocrx_word' id='word_1_629' title='bbox 832 3485 881 3514; x_wconf 88' lang='lat' dir='ltr'>per</span> <span class='ocrx_word' id='word_1_630' title='bbox 901 3477 1064 3516; x_wconf 71' lang='lat' dir='ltr'>praesentes,</span> 
     </span>
    </p>

    <p class='ocr_par' dir='ltr' id='par_1_32' title="bbox 141 3513 1201 3710">
     <span class='ocr_line' id='line_1_84' title="bbox 178 3513 1201 3547; baseline 0.003 -3"><span class='ocrx_word' id='word_1_631' title='bbox 178 3513 287 3545; x_wconf 87' lang='lat' dir='ltr'>Dantes</span> <span class='ocrx_word' id='word_1_632' title='bbox 306 3515 339 3545; x_wconf 76' lang='grc' dir='ltr'>δε-</span> <span class='ocrx_word' id='word_1_633' title='bbox 357 3513 558 3544; x_wconf 90' lang='lat' dir='ltr'>Concedentes</span> <span class='ocrx_word' id='word_1_634' title='bbox 575 3514 676 3545; x_wconf 90' lang='lat' dir='ltr'>eisdem</span> <span class='ocrx_word' id='word_1_635' title='bbox 703 3513 935 3546; x_wconf 88' lang='lat' dir='ltr'>Procuratoribus</span> <span class='ocrx_word' id='word_1_636' title='bbox 953 3515 1056 3547; x_wconf 84' lang='lat' dir='ltr'>nostris</span> <span class='ocrx_word' id='word_1_637' title='bbox 1073 3516 1201 3547; x_wconf 87' lang='lat' dir='ltr'>Potesta-</span> 
     </span>
     <span class='ocr_line' id='line_1_85' title="bbox 141 3552 1199 3593; baseline 0.001 -9"><span class='ocrx_word' id='word_1_638' title='bbox 141 3560 200 3584; x_wconf 88' lang='lat' dir='ltr'>tem</span> <span class='ocrx_word' id='word_1_639' title='bbox 219 3553 252 3583; x_wconf 70' lang='grc' dir='ltr'>δε</span> <span class='ocrx_word' id='word_1_640' title='bbox 272 3552 478 3582; x_wconf 64' lang='lat' dir='ltr'>Auctoritatem</span> <span class='ocrx_word' id='word_1_641' title='bbox 497 3552 640 3591; x_wconf 81' lang='lat' dir='ltr'>speciales,</span> <span class='ocrx_word' id='word_1_642' title='bbox 658 3562 691 3583; x_wconf 89' lang='lat' dir='ltr'>ac</span> <span class='ocrx_word' id='word_1_643' title='bbox 712 3553 882 3584; x_wconf 87' lang='lat' dir='ltr'>Mandatum</span> <span class='ocrx_word' id='word_1_644' title='bbox 899 3554 1043 3593; x_wconf 77' lang='lat' dir='ltr'>generale,</span> <span class='ocrx_word' id='word_1_645' title='bbox 1062 3565 1115 3592; x_wconf 90' lang='lat' dir='ltr'>pro</span> <span class='ocrx_word' id='word_1_646' title='bbox 1130 3556 1199 3585; x_wconf 91' lang='lat' dir='ltr'>No-</span> 
     </span>
     <span class='ocr_line' id='line_1_86' title="bbox 141 3589 1199 3631; baseline 0.002 -9"><span class='ocrx_word' id='word_1_647' title='bbox 141 3592 184 3622; x_wconf 91' lang='lat' dir='ltr'>bis</span> <span class='ocrx_word' id='word_1_648' title='bbox 199 3614 209 3629; x_wconf 90' lang='lat'>,</span> <span class='ocrx_word' id='word_1_649' title='bbox 233 3592 267 3621; x_wconf 89' lang='lat'>&amp;</span> <span class='ocrx_word' id='word_1_650' title='bbox 285 3590 454 3620; x_wconf 84' lang='lat' dir='ltr'>Haeredibus</span> <span class='ocrx_word' id='word_1_651' title='bbox 468 3613 477 3628; x_wconf 86' lang='lat'>,</span> <span class='ocrx_word' id='word_1_652' title='bbox 504 3589 613 3627; x_wconf 86' lang='lat' dir='ltr'>Regnis</span> <span class='ocrx_word' id='word_1_653' title='bbox 630 3613 639 3629; x_wconf 91' lang='lat'>,</span> <span class='ocrx_word' id='word_1_654' title='bbox 663 3591 760 3622; x_wconf 88' lang='lat' dir='ltr'>Terris</span> <span class='ocrx_word' id='word_1_655' title='bbox 775 3615 784 3630; x_wconf 86' lang='lat'>‚</span> <span class='ocrx_word' id='word_1_656' title='bbox 808 3591 952 3623; x_wconf 86' lang='lat' dir='ltr'>Dominiis</span> <span class='ocrx_word' id='word_1_657' title='bbox 967 3616 976 3630; x_wconf 87' lang='lat'>‚</span> <span class='ocrx_word' id='word_1_658' title='bbox 1000 3592 1124 3624; x_wconf 88' lang='lat' dir='ltr'>Subditis</span> <span class='ocrx_word' id='word_1_659' title='bbox 1137 3616 1147 3631; x_wconf 81' lang='lat'>,</span> <span class='ocrx_word' id='word_1_660' title='bbox 1165 3594 1199 3624; x_wconf 91' lang='lat'>&amp;</span> 
     </span>
     <span class='ocr_line' id='line_1_87' title="bbox 141 3627 1200 3671; baseline 0.002 -11"><span class='ocrx_word' id='word_1_661' title='bbox 141 3629 269 3660; x_wconf 82' lang='lat' dir='ltr'>Vaffallis</span> <span class='ocrx_word' id='word_1_662' title='bbox 286 3628 400 3666; x_wconf 82' lang='lat' dir='ltr'>nostris,</span> <span class='ocrx_word' id='word_1_663' title='bbox 420 3627 563 3671; x_wconf 80' lang='lat' dir='ltr'>Praerniffa</span> <span class='ocrx_word' id='word_1_664' title='bbox 581 3630 677 3659; x_wconf 88' lang='lat' dir='ltr'>omnia</span> <span class='ocrx_word' id='word_1_665' title='bbox 695 3631 728 3661; x_wconf 86' lang='lat'>&amp;</span> <span class='ocrx_word' id='word_1_666' title='bbox 747 3630 851 3669; x_wconf 82' lang='lat' dir='ltr'>lingula</span> <span class='ocrx_word' id='word_1_667' title='bbox 867 3630 1042 3670; x_wconf 88' lang='lat' dir='ltr'>Loquendi,</span> <span class='ocrx_word' id='word_1_668' title='bbox 1060 3631 1200 3663; x_wconf 62' lang='lat' dir='ltr'>Tractan-</span> 
     </span>
     <span class='ocr_line' id='line_1_88' title="bbox 143 3666 860 3710; baseline 0 -12"><span class='ocrx_word' id='word_1_669' title='bbox 143 3667 174 3698; x_wconf 93' lang='lat' dir='ltr'>di</span> <span class='ocrx_word' id='word_1_670' title='bbox 208 3667 432 3705; x_wconf 87' lang='lat' dir='ltr'>Concordandi,</span> <span class='ocrx_word' id='word_1_671' title='bbox 451 3666 601 3704; x_wconf 83' lang='lat' dir='ltr'>Faciendi,</span> <span class='ocrx_word' id='word_1_672' title='bbox 618 3667 650 3697; x_wconf 92' lang='lat'>&amp;</span> <span class='ocrx_word' id='word_1_673' title='bbox 669 3666 860 3710; x_wconf 77' lang='lat' dir='ltr'>Expediendj,</span> 
     </span>
    </p>

    <p class='ocr_par' dir='ltr' id='par_1_33' title="bbox 141 3692 1200 3860">
     <span class='ocr_line' id='line_1_89' title="bbox 181 3692 1198 3747; baseline 0.003 -12"><span class='ocrx_word' id='word_1_674' title='bbox 181 3692 218 3737; x_wconf 56' lang='lat' dir='ltr'>iit</span> <span class='ocrx_word' id='word_1_675' title='bbox 236 3717 267 3737; x_wconf 87' lang='lat' dir='ltr'>ea</span> <span class='ocrx_word' id='word_1_676' title='bbox 285 3708 383 3737; x_wconf 89' lang='lat' dir='ltr'>omnia</span> <span class='ocrx_word' id='word_1_677' title='bbox 399 3729 408 3743; x_wconf 87' lang='lat'>,</span> <span class='ocrx_word' id='word_1_678' title='bbox 426 3715 493 3735; x_wconf 89' lang='lat' dir='ltr'>cum</span> <span class='ocrx_word' id='word_1_679' title='bbox 513 3705 550 3735; x_wconf 86' lang='lat' dir='ltr'>sic</span> <span class='ocrx_word' id='word_1_680' title='bbox 566 3705 659 3736; x_wconf 88' lang='lat' dir='ltr'>locuta</span> <span class='ocrx_word' id='word_1_681' title='bbox 671 3729 680 3743; x_wconf 75' lang='grc'>,</span> <span class='ocrx_word' id='word_1_682' title='bbox 700 3706 814 3736; x_wconf 75' lang='lat' dir='ltr'>trac‘tata</span> <span class='ocrx_word' id='word_1_683' title='bbox 827 3729 837 3745; x_wconf 83' lang='lat'>‚</span> <span class='ocrx_word' id='word_1_684' title='bbox 853 3708 1027 3740; x_wconf 87' lang='lat' dir='ltr'>concordata</span> <span class='ocrx_word' id='word_1_685' title='bbox 1039 3732 1049 3747; x_wconf 89' lang='lat'>‚</span> <span class='ocrx_word' id='word_1_686' title='bbox 1064 3710 1098 3740; x_wconf 91' lang='lat'>&amp;</span> <span class='ocrx_word' id='word_1_687' title='bbox 1113 3717 1198 3746; x_wconf 84' lang='lat' dir='ltr'>expe-</span> 
     </span>
     <span class='ocr_line' id='line_1_90' title="bbox 143 3743 1198 3785; baseline 0.005 -12"><span class='ocrx_word' id='word_1_688' title='bbox 143 3743 200 3774; x_wconf 89' lang='lat' dir='ltr'>dita</span> <span class='ocrx_word' id='word_1_689' title='bbox 216 3745 319 3776; x_wconf 74' lang='lat' dir='ltr'>flierint</span> <span class='ocrx_word' id='word_1_690' title='bbox 333 3770 342 3783; x_wconf 85' lang='lat'>,</span> <span class='ocrx_word' id='word_1_691' title='bbox 367 3743 511 3774; x_wconf 91' lang='lat' dir='ltr'>Firmandi</span> <span class='ocrx_word' id='word_1_692' title='bbox 529 3744 562 3774; x_wconf 91' lang='lat'>&amp;</span> <span class='ocrx_word' id='word_1_693' title='bbox 581 3743 707 3774; x_wconf 90' lang='lat' dir='ltr'>Vallandi</span> <span class='ocrx_word' id='word_1_694' title='bbox 722 3769 731 3782; x_wconf 95' lang='lat'>,</span> <span class='ocrx_word' id='word_1_695' title='bbox 763 3746 796 3776; x_wconf 89' lang='lat'>&amp;</span> <span class='ocrx_word' id='word_1_696' title='bbox 814 3747 912 3776; x_wconf 89' lang='lat' dir='ltr'>omnia</span> <span class='ocrx_word' id='word_1_697' title='bbox 929 3747 980 3777; x_wconf 86' lang='lat' dir='ltr'>alia</span> <span class='ocrx_word' id='word_1_698' title='bbox 999 3748 1029 3777; x_wconf 90' lang='lat' dir='ltr'>in</span> <span class='ocrx_word' id='word_1_699' title='bbox 1048 3748 1100 3778; x_wconf 90' lang='lat' dir='ltr'>hac</span> <span class='ocrx_word' id='word_1_700' title='bbox 1121 3756 1198 3785; x_wconf 85' lang='lat' dir='ltr'>parte</span> 
     </span>
     <span class='ocr_line' id='line_1_91' title="bbox 147 3781 1200 3823; baseline 0.005 -12"><span class='ocrx_word' id='word_1_701' title='bbox 147 3781 321 3814; x_wconf 80' lang='lat' dir='ltr'>Excercendi</span> <span class='ocrx_word' id='word_1_702' title='bbox 334 3807 343 3822; x_wconf 84' lang='lat'>,</span> <span class='ocrx_word' id='word_1_703' title='bbox 358 3793 422 3823; x_wconf 55' lang='lat' dir='ltr'>qua:</span> <span class='ocrx_word' id='word_1_704' title='bbox 440 3783 515 3813; x_wconf 85' lang='lat' dir='ltr'>circa</span> <span class='ocrx_word' id='word_1_705' title='bbox 533 3792 564 3812; x_wconf 91' lang='lat' dir='ltr'>ea</span> <span class='ocrx_word' id='word_1_706' title='bbox 583 3781 732 3812; x_wconf 81' lang='lat' dir='ltr'>necessaria</span> <span class='ocrx_word' id='word_1_707' title='bbox 749 3783 852 3814; x_wconf 84' lang='lat' dir='ltr'>fuerint</span> <span class='ocrx_word' id='word_1_708' title='bbox 869 3783 915 3814; x_wconf 93' lang='lat' dir='ltr'>vel</span> <span class='ocrx_word' id='word_1_709' title='bbox 933 3793 1074 3823; x_wconf 88' lang='lat' dir='ltr'>oportuna</span> <span class='ocrx_word' id='word_1_710' title='bbox 1087 3809 1097 3823; x_wconf 83' lang='lat'>,</span> <span class='ocrx_word' id='word_1_711' title='bbox 1116 3787 1200 3816; x_wconf 90' lang='lat' dir='ltr'>etiam</span> 
     </span>
     <span class='ocr_line' id='line_1_92' title="bbox 141 3818 742 3860; baseline 0 -9"><span class='ocrx_word' id='word_1_712' title='bbox 141 3820 166 3851; x_wconf 57' lang='lat' dir='ltr'>&gt;fi</span> <span class='ocrx_word' id='word_1_713' title='bbox 186 3818 355 3852; x_wconf 87' lang='lat' dir='ltr'>Mandatum</span> <span class='ocrx_word' id='word_1_714' title='bbox 374 3823 484 3860; x_wconf 75' lang='lat' dir='ltr'>exigant</span> <span class='ocrx_word' id='word_1_715' title='bbox 502 3822 590 3858; x_wconf 86' lang='lat' dir='ltr'>magis</span> <span class='ocrx_word' id='word_1_716' title='bbox 610 3821 742 3859; x_wconf 67' lang='lat' dir='ltr'>speciale,</span> 
     </span>
    </p>

    <p class='ocr_par' dir='ltr' id='par_1_34' title="bbox 145 3857 1201 3965">
     <span class='ocr_line' id='line_1_93' title="bbox 181 3857 1201 3902; baseline 0.006 -16"><span class='ocrx_word' id='word_1_717' title='bbox 181 3857 381 3902; x_wconf 54' lang='lat' dir='ltr'>hominem&amp;</span> <span class='ocrx_word' id='word_1_718' title='bbox 407 3859 475 3890; x_wconf 85' lang='lat' dir='ltr'>Nos</span> <span class='ocrx_word' id='word_1_719' title='bbox 506 3859 638 3898; x_wconf 88' lang='lat' dir='ltr'>Ratum,</span> <span class='ocrx_word' id='word_1_720' title='bbox 662 3859 808 3898; x_wconf 85' lang='lat' dir='ltr'>Gratum,</span> <span class='ocrx_word' id='word_1_721' title='bbox 834 3860 867 3890; x_wconf 92' lang='lat'>&amp;</span> <span class='ocrx_word' id='word_1_722' title='bbox 898 3860 1025 3892; x_wconf 88' lang='lat' dir='ltr'>Firmum</span> <span class='ocrx_word' id='word_1_723' title='bbox 1057 3860 1201 3892; x_wconf 86' lang='lat' dir='ltr'>habituros</span> 
     </span>
     <span class='ocr_line' id='line_1_94' title="bbox 145 3897 1200 3965; baseline 0.005 -40"><span class='ocrx_word' id='word_1_724' title='bbox 145 3897 285 3965; x_wconf 38' lang='lat' dir='ltr'>{nmquid</span> <span class='ocrx_word' id='word_1_725' title='bbox 303 3898 387 3928; x_wconf 88' lang='lat' dir='ltr'>iidem</span> <span class='ocrx_word' id='word_1_726' title='bbox 406 3899 608 3929; x_wconf 85' lang='lat' dir='ltr'>Procuratores</span> <span class='ocrx_word' id='word_1_727' title='bbox 628 3897 738 3935; x_wconf 86' lang='lat' dir='ltr'>nostri,</span> <span class='ocrx_word' id='word_1_728' title='bbox 757 3898 877 3929; x_wconf 89' lang='lat' dir='ltr'>nomine</span> <span class='ocrx_word' id='word_1_729' title='bbox 892 3899 992 3930; x_wconf 91' lang='lat' dir='ltr'>nostro</span> <span class='ocrx_word' id='word_1_730' title='bbox 1008 3924 1018 3938; x_wconf 92' lang='lat'>,</span> <span class='ocrx_word' id='word_1_731' title='bbox 1036 3900 1154 3931; x_wconf 83' lang='lat' dir='ltr'>fecerint</span> <span class='ocrx_word' id='word_1_732' title='bbox 1171 3902 1200 3931; x_wconf 92' lang='lat' dir='ltr'>in</span> 
     </span>
    </p>

    <p class='ocr_par' dir='ltr' id='par_1_35' title="bbox 175 3933 736 3975">
     <span class='ocr_line' id='line_1_95' title="bbox 175 3933 736 3975; baseline 0.007 -12"><span class='ocrx_word' id='word_1_733' title='bbox 175 3933 317 3972; x_wconf 81' lang='lat' dir='ltr'>raemiffis,</span> <span class='ocrx_word' id='word_1_734' title='bbox 337 3936 382 3967; x_wconf 88' lang='lat' dir='ltr'>seu</span> <span class='ocrx_word' id='word_1_735' title='bbox 400 3938 494 3975; x_wconf 86' lang='lat' dir='ltr'>aliquo</span> <span class='ocrx_word' id='word_1_736' title='bbox 514 3936 736 3967; x_wconf 82' lang='lat' dir='ltr'>Praemissorum.</span> 
     </span>
    </p>
   </div>
   <div class='ocr_carea' id='block_1_11' title="bbox 106 3971 1202 4053">
    <p class='ocr_par' dir='ltr' id='par_1_36' title="bbox 106 3971 1202 4053">
     <span class='ocr_line' id='line_1_96' title="bbox 184 3971 1202 4015; baseline 0.008 -14"><span class='ocrx_word' id='word_1_737' title='bbox 184 3971 253 4002; x_wconf 83' lang='lat' dir='ltr'>Dar.</span> <span class='ocrx_word' id='word_1_738' title='bbox 280 3973 330 4002; x_wconf 91' lang='lat' dir='ltr'>sub</span> <span class='ocrx_word' id='word_1_739' title='bbox 354 3973 457 4011; x_wconf 85' lang='lat' dir='ltr'>Magni</span> <span class='ocrx_word' id='word_1_740' title='bbox 484 3976 570 4015; x_wconf 77' lang='lat' dir='ltr'>sigilli</span> <span class='ocrx_word' id='word_1_741' title='bbox 595 3975 684 4006; x_wconf 86' lang='lat' dir='ltr'>nostri</span> <span class='ocrx_word' id='word_1_742' title='bbox 707 3975 892 4007; x_wconf 88' lang='lat' dir='ltr'>Testimonio</span> <span class='ocrx_word' id='word_1_743' title='bbox 915 3977 945 4006; x_wconf 90' lang='lat' dir='ltr'>in</span> <span class='ocrx_word' id='word_1_744' title='bbox 970 3976 1077 4007; x_wconf 88' lang='lat' dir='ltr'>Palatio</span> <span class='ocrx_word' id='word_1_745' title='bbox 1104 3977 1202 4009; x_wconf 89' lang='lat' dir='ltr'>nostro</span> 
     </span>
     <span class='ocr_line' id='line_1_97' title="bbox 106 4010 669 4053; baseline 0.009 -13"><span class='ocrx_word' id='word_1_746' title='bbox 106 4020 109 4024; x_wconf 95' lang='lat'>·</span> <span class='ocrx_word' id='word_1_747' title='bbox 146 4010 275 4047; x_wconf 88' lang='lat' dir='ltr'>Westm.</span> <span class='ocrx_word' id='word_1_748' title='bbox 294 4010 409 4049; x_wconf 87' lang='lat' dir='ltr'>Qarto</span> <span class='ocrx_word' id='word_1_749' title='bbox 424 4013 471 4044; x_wconf 90' lang='lat' dir='ltr'>die</span> <span class='ocrx_word' id='word_1_750' title='bbox 488 4014 669 4053; x_wconf 82' lang='lat' dir='ltr'>Septembris.</span> 
     </span>
    </p>
   </div>
   <div class='ocr_carea' id='block_1_12' title="bbox 176 4053 1099 4120">
    <p class='ocr_par' dir='ltr' id='par_1_37' title="bbox 176 4053 1099 4120">
     <span class='ocr_line' id='line_1_98' title="bbox 176 4053 1099 4120; baseline -0.038 -1"><span class='ocrx_word' id='word_1_751' title='bbox 176 4090 241 4120; x_wconf 83' lang='lat' dir='ltr'>Tom</span> <span class='ocrx_word' id='word_1_752' title='bbox 264 4090 317 4119; x_wconf 84' lang='grc' dir='ltr'>ΠΙ</span> <span class='ocrx_word' id='word_1_753' title='bbox 342 4089 366 4117; x_wconf 83' lang='grc' dir='ltr'><strong><em>Ρ</em></strong></span> <span class='ocrx_word' id='word_1_754' title='bbox 395 4090 449 4118; x_wconf 77' lang='lat'>111</span> <span class='ocrx_word' id='word_1_755' title='bbox 874 4055 928 4083; x_wconf 80' lang='lat' dir='ltr'>Per</span> <span class='ocrx_word' id='word_1_756' title='bbox 947 4053 1099 4085; x_wconf 78' lang='lat' dir='ltr'>Concilium.</span> 
     </span>
    </p>
   </div>
   <div class='ocr_carea' id='block_1_13' title="bbox 1213 135 1696 180">
    <p class='ocr_par' dir='ltr' id='par_1_38' title="bbox 1213 135 1696 180">
     <span class='ocr_line' id='line_1_99' title="bbox 1213 135 1696 180; baseline -0.004 0"><span class='ocrx_word' id='word_1_757' title='bbox 1213 135 1696 180; x_wconf 70' lang='lat' dir='ltr'>PUBLICA,</span> 
     </span>
    </p>
   </div>
   <div class='ocr_carea' id='block_1_14' title="bbox 2199 149 2279 189">
    <p class='ocr_par' dir='ltr' id='par_1_39' title="bbox 2199 149 2279 189">
     <span class='ocr_line' id='line_1_100' title="bbox 2199 149 2279 189; baseline 0.013 -11"><span class='ocrx_word' id='word_1_758' title='bbox 2199 149 2279 189; x_wconf 85' lang='lat'>105</span> 
     </span>
    </p>
   </div>
   <div class='ocr_carea' id='block_1_15' title="bbox 2295 249 2427 328">
    <p class='ocr_par' dir='ltr' id='par_1_40' title="bbox 2295 249 2427 328">
     <span class='ocr_line' id='line_1_101' title="bbox 2295 249 2427 281; baseline -0.008 0"><span class='ocrx_word' id='word_1_759' title='bbox 2295 249 2370 281; x_wconf 74' lang='lat' dir='ltr'>Ama.</span> <span class='ocrx_word' id='word_1_760' title='bbox 2382 251 2427 281; x_wconf 75' lang='lat' dir='ltr'>D,</span> 
     </span>
     <span class='ocr_line' id='line_1_102' title="bbox 2316 291 2402 328; baseline -0.023 -9"><span class='ocrx_word' id='word_1_761' title='bbox 2316 299 2329 319; x_wconf 94' lang='lat'>1</span> <span class='ocrx_word' id='word_1_762' title='bbox 2336 291 2402 328; x_wconf 47' lang='lat'>3801⁵</span> 
     </span>
    </p>
   </div>
   <div class='ocr_carea' id='block_1_16' title="bbox 1269 308 2393 358">
    <p class='ocr_par' dir='ltr' id='par_1_41' title="bbox 1269 308 2393 358">
     <span class='ocr_line' id='line_1_103' title="bbox 1269 308 2393 358; baseline -0.004 -13"><span class='ocrx_word' id='word_1_763' title='bbox 1269 314 1316 345; x_wconf 85' lang='lat' dir='ltr'>De</span> <span class='ocrx_word' id='word_1_764' title='bbox 1333 313 1550 357; x_wconf 76' lang='lat' dir='ltr'>Attemptasis‚</span> <span class='ocrx_word' id='word_1_765' title='bbox 1576 317 1679 343; x_wconf 76' lang='lat' dir='ltr'>contra</span> <span class='ocrx_word' id='word_1_766' title='bbox 1696 312 1827 358; x_wconf 73' lang='lat' dir='ltr'>Treugczs</span> <span class='ocrx_word' id='word_1_767' title='bbox 1843 314 1940 343; x_wconf 73' lang='lat' dir='ltr'>Scotiae</span> <span class='ocrx_word' id='word_1_768' title='bbox 1952 337 1962 353; x_wconf 87' lang='lat'>‚</span> <span class='ocrx_word' id='word_1_769' title='bbox 1991 308 2211 355; x_wconf 75' lang='lat' dir='ltr'>Refhrmanolis.</span> <span class='ocrx_word' id='word_1_770' title='bbox 2297 332 2349 356; x_wconf 36' lang='lat' dir='ltr'><em>Ric-</em></span> <span class='ocrx_word' id='word_1_771' title='bbox 2366 338 2393 355; x_wconf 45' lang='grc' dir='ltr'>ι.</span> 
     </span>
    </p>
   </div>
   <div class='ocr_carea' id='block_1_17' title="bbox 1215 393 2408 3093">
    <p class='ocr_par' dir='ltr' id='par_1_42' title="bbox 1215 393 2408 656">
     <span class='ocr_line' id='line_1_104' title="bbox 1218 393 2391 453; baseline 0 -27"><span class='ocrx_word' id='word_1_772' title='bbox 1218 394 1336 453; x_wconf 74' lang='lat' dir='ltr'>REX</span> <span class='ocrx_word' id='word_1_773' title='bbox 1355 395 1498 427; x_wconf 70' lang='lat' dir='ltr'>carissimo</span> <span class='ocrx_word' id='word_1_774' title='bbox 1517 396 1672 427; x_wconf 82' lang='lat' dir='ltr'>Avunculo</span> <span class='ocrx_word' id='word_1_775' title='bbox 1689 397 1739 427; x_wconf 88' lang='lat' dir='ltr'>suo</span> <span class='ocrx_word' id='word_1_776' title='bbox 1755 421 1764 434; x_wconf 86' lang='lat'>,</span> <span class='ocrx_word' id='word_1_777' title='bbox 1797 396 1927 434; x_wconf 68' lang='lat' dir='ltr'>Jolmnni</span> <span class='ocrx_word' id='word_1_778' title='bbox 1942 394 2007 433; x_wconf 74' lang='lat' dir='ltr'>Regi</span> <span class='ocrx_word' id='word_1_779' title='bbox 2023 395 2146 435; x_wconf 39' lang='lat' dir='ltr'>cistellae</span> <span class='ocrx_word' id='word_1_780' title='bbox 2165 393 2203 429; x_wconf 61' lang='grc' dir='ltr'>ό»</span> <span class='ocrx_word' id='word_1_781' title='bbox 2220 397 2276 424; x_wconf 77' lang='lat' dir='ltr'>Le-</span> <span class='ocrx_word' id='word_1_782' title='bbox 2295 404 2345 427; x_wconf 72' lang='lat' dir='ltr'>Aa.</span> <span class='ocrx_word' id='word_1_783' title='bbox 2361 404 2391 436; x_wconf 81' lang='lat'>4‚·</span> 
     </span>
     <span class='ocr_line' id='line_1_105' title="bbox 1291 434 2367 472; baseline 0.003 -9"><span class='ocrx_word' id='word_1_784' title='bbox 1291 437 1376 472; x_wconf 69' lang='lat' dir='ltr'>gionis</span> <span class='ocrx_word' id='word_1_785' title='bbox 1394 434 1471 465; x_wconf 87' lang='lat' dir='ltr'>Duci</span> <span class='ocrx_word' id='word_1_786' title='bbox 1490 435 1661 464; x_wconf 77' lang='lat' dir='ltr'>Lancastriae</span> <span class='ocrx_word' id='word_1_787' title='bbox 1675 459 1684 472; x_wconf 84' lang='grc'>.,</span> <span class='ocrx_word' id='word_1_788' title='bbox 1711 446 1744 465; x_wconf 89' lang='lat' dir='ltr'>ac</span> <span class='ocrx_word' id='word_1_789' title='bbox 1775 435 1933 465; x_wconf 84' lang='lat' dir='ltr'>Venerabili</span> <span class='ocrx_word' id='word_1_790' title='bbox 1953 436 1978 463; x_wconf 86' lang='lat' dir='ltr'>in</span> <span class='ocrx_word' id='word_1_791' title='bbox 2000 436 2118 464; x_wconf 71' lang='lat' dir='ltr'>Christo</span> <span class='ocrx_word' id='word_1_792' title='bbox 2137 435 2211 465; x_wconf 83' lang='lat' dir='ltr'>Patri</span> <span class='ocrx_word' id='word_1_793' title='bbox 2230 440 2271 464; x_wconf 90' lang='lat' dir='ltr'>A.</span> <span class='ocrx_word' id='word_1_794' title='bbox 2290 443 2318 466; x_wconf 82' lang='lat' dir='ltr'>R.</span> <span class='ocrx_word' id='word_1_795' title='bbox 2341 448 2367 466; x_wconf 89' lang='lat'>2.</span> 
     </span>
     <span class='ocr_line' id='line_1_106' title="bbox 1215 472 2395 512; baseline 0.001 -11"><span class='ocrx_word' id='word_1_796' title='bbox 1215 472 1314 502; x_wconf 86' lang='lat' dir='ltr'>eadem</span> <span class='ocrx_word' id='word_1_797' title='bbox 1333 472 1419 511; x_wconf 59' lang='lat' dir='ltr'>gratia</span> <span class='ocrx_word' id='word_1_798' title='bbox 1435 497 1444 509; x_wconf 95' lang='lat'>,</span> <span class='ocrx_word' id='word_1_799' title='bbox 1478 472 1678 511; x_wconf 61' lang='grc' dir='ltr'>Ανώῐερζίὲορο</span> <span class='ocrx_word' id='word_1_800' title='bbox 1697 474 1815 502; x_wconf 65' lang='lat' dir='ltr'>Elam-um</span> <span class='ocrx_word' id='word_1_801' title='bbox 1837 475 1946 512; x_wconf 80' lang='lat' dir='ltr'>Angliae</span> <span class='ocrx_word' id='word_1_802' title='bbox 1965 473 2080 503; x_wconf 72' lang='lat' dir='ltr'>Primari</span> <span class='ocrx_word' id='word_1_803' title='bbox 2095 499 2102 508; x_wconf 43' lang='grc' dir='ltr'><strong>Ἰ</strong></span> <span class='ocrx_word' id='word_1_804' title='bbox 2135 484 2248 504; x_wconf 83' lang='lat' dir='ltr'>necnon</span> <span class='ocrx_word' id='word_1_805' title='bbox 2264 498 2274 511; x_wconf 95' lang='lat'>,</span> <span class='ocrx_word' id='word_1_806' title='bbox 2292 482 2358 504; x_wconf 71' lang='lat' dir='ltr'>Scor.</span> <span class='ocrx_word' id='word_1_807' title='bbox 2376 487 2395 511; x_wconf 80' lang='lat'><strong>4</strong></span> 
     </span>
     <span class='ocr_line' id='line_1_107' title="bbox 1217 509 2408 549; baseline 0.001 -8"><span class='ocrx_word' id='word_1_808' title='bbox 1217 510 1339 541; x_wconf 66' lang='lat' dir='ltr'>Dilestis</span> <span class='ocrx_word' id='word_1_809' title='bbox 1355 511 1387 541; x_wconf 89' lang='lat'>&amp;</span> <span class='ocrx_word' id='word_1_810' title='bbox 1409 511 1549 540; x_wconf 84' lang='lat' dir='ltr'>Fidelibus</span> <span class='ocrx_word' id='word_1_811' title='bbox 1567 511 1618 540; x_wconf 87' lang='lat' dir='ltr'>suis</span> <span class='ocrx_word' id='word_1_812' title='bbox 1631 533 1640 548; x_wconf 90' lang='lat'>,</span> <span class='ocrx_word' id='word_1_813' title='bbox 1676 511 1780 540; x_wconf 76' lang='lat' dir='ltr'>Thomae</span> <span class='ocrx_word' id='word_1_814' title='bbox 1797 513 1829 541; x_wconf 85' lang='lat' dir='ltr'>de</span> <span class='ocrx_word' id='word_1_815' title='bbox 1847 509 1922 541; x_wconf 81' lang='lat' dir='ltr'>Bello</span> <span class='ocrx_word' id='word_1_816' title='bbox 1941 512 2037 549; x_wconf 65' lang='lat' dir='ltr'>Campo</span> <span class='ocrx_word' id='word_1_817' title='bbox 2056 511 2168 542; x_wconf 77' lang='lat' dir='ltr'>Comiti</span> <span class='ocrx_word' id='word_1_818' title='bbox 2187 513 2276 542; x_wconf 59' lang='lat' dir='ltr'>XVar-</span> <span class='ocrx_word' id='word_1_819' title='bbox 2290 520 2319 542; x_wconf 79' lang='lat' dir='ltr'>R.</span> <span class='ocrx_word' id='word_1_820' title='bbox 2339 524 2408 543; x_wconf 50' lang='lat' dir='ltr'>zan&lt;</span> 
     </span>
     <span class='ocr_line' id='line_1_108' title="bbox 1217 547 2319 589; baseline 0 -10"><span class='ocrx_word' id='word_1_821' title='bbox 1217 551 1320 587; x_wconf 65' lang='lat' dir='ltr'>wiese,</span> <span class='ocrx_word' id='word_1_822' title='bbox 1339 547 1487 578; x_wconf 82' lang='lat' dir='ltr'>Willielmo</span> <span class='ocrx_word' id='word_1_823' title='bbox 1503 549 1535 577; x_wconf 80' lang='lat' dir='ltr'>de</span> <span class='ocrx_word' id='word_1_824' title='bbox 1554 548 1650 586; x_wconf 76' lang='lat' dir='ltr'>Uffird</span> <span class='ocrx_word' id='word_1_825' title='bbox 1667 548 1777 579; x_wconf 82' lang='lat' dir='ltr'>Comiti</span> <span class='ocrx_word' id='word_1_826' title='bbox 1799 550 1961 587; x_wconf 70' lang='lat' dir='ltr'>Sustblciae,</span> <span class='ocrx_word' id='word_1_827' title='bbox 1980 552 2012 581; x_wconf 71' lang='lat' dir='ltr'>a&amp;</span> <span class='ocrx_word' id='word_1_828' title='bbox 2031 551 2146 579; x_wconf 68' lang='lat' dir='ltr'>Roberto</span> <span class='ocrx_word' id='word_1_829' title='bbox 2164 551 2195 580; x_wconf 76' lang='lat' dir='ltr'>de</span> <span class='ocrx_word' id='word_1_830' title='bbox 2212 554 2274 579; x_wconf 69' lang='lat' dir='ltr'>Ha·</span> <span class='ocrx_word' id='word_1_831' title='bbox 2292 563 2319 589; x_wconf 82' lang='lat'>7.</span> 
     </span>
     <span class='ocr_line' id='line_1_109' title="bbox 1217 587 2277 628; baseline 0.003 -12"><span class='ocrx_word' id='word_1_832' title='bbox 1217 587 1254 618; x_wconf 83' lang='lat' dir='ltr'>les</span> <span class='ocrx_word' id='word_1_833' title='bbox 1273 587 1362 618; x_wconf 89' lang='lat' dir='ltr'>Priori</span> <span class='ocrx_word' id='word_1_834' title='bbox 1381 587 1533 625; x_wconf 81' lang='lat' dir='ltr'>Hospitalis</span> <span class='ocrx_word' id='word_1_835' title='bbox 1551 587 1647 618; x_wconf 59' lang='lat' dir='ltr'>Sancti</span> <span class='ocrx_word' id='word_1_836' title='bbox 1660 587 1797 625; x_wconf 74' lang='lat' dir='ltr'>Johannis</span> <span class='ocrx_word' id='word_1_837' title='bbox 1811 589 1962 626; x_wconf 81' lang='lat' dir='ltr'>Jerusalem</span> <span class='ocrx_word' id='word_1_838' title='bbox 1983 592 2013 618; x_wconf 89' lang='lat' dir='ltr'>in</span> <span class='ocrx_word' id='word_1_839' title='bbox 2043 590 2143 628; x_wconf 71' lang='lat' dir='ltr'>Anglia</span> <span class='ocrx_word' id='word_1_840' title='bbox 2157 614 2166 627; x_wconf 69' lang='lat'>,</span> <span class='ocrx_word' id='word_1_841' title='bbox 2198 590 2277 620; x_wconf 67' lang='lat' dir='ltr'>Silu-</span> 
     </span>
     <span class='ocr_line' id='line_1_110' title="bbox 1218 635 1286 656; baseline -0.015 0"><span class='ocrx_word' id='word_1_842' title='bbox 1218 635 1286 656; x_wconf 89' lang='lat' dir='ltr'>tem.</span> 
     </span>
    </p>

    <p class='ocr_par' dir='ltr' id='par_1_43' title="bbox 1255 663 1555 702">
     <span class='ocr_line' id='line_1_111' title="bbox 1255 663 1555 702; baseline 0 -8"><span class='ocrx_word' id='word_1_843' title='bbox 1255 664 1354 694; x_wconf 86' lang='lat' dir='ltr'>Sciatis</span> <span class='ocrx_word' id='word_1_844' title='bbox 1373 663 1451 702; x_wconf 67' lang='lat' dir='ltr'>quiid</span> <span class='ocrx_word' id='word_1_845' title='bbox 1469 663 1555 702; x_wconf 89' lang='lat' dir='ltr'>Nos,</span> 
     </span>
    </p>

    <p class='ocr_par' dir='ltr' id='par_1_44' title="bbox 1219 700 2280 771">
     <span class='ocr_line' id='line_1_112' title="bbox 1219 700 2280 769; baseline 0.004 -37"><span class='ocrx_word' id='word_1_846' title='bbox 1219 739 1237 769; x_wconf 77' lang='lat' dir='ltr'>d</span> <span class='ocrx_word' id='word_1_847' title='bbox 1256 702 1305 732; x_wconf 89' lang='lat' dir='ltr'>De</span> <span class='ocrx_word' id='word_1_848' title='bbox 1324 702 1456 733; x_wconf 84' lang='lat' dir='ltr'>fidelitate</span> <span class='ocrx_word' id='word_1_849' title='bbox 1478 703 1511 733; x_wconf 64' lang='grc' dir='ltr'>ὃς</span> <span class='ocrx_word' id='word_1_850' title='bbox 1535 700 1655 740; x_wconf 68' lang='lat' dir='ltr'>provida</span> <span class='ocrx_word' id='word_1_851' title='bbox 1673 702 1930 741; x_wconf 66' lang='lat' dir='ltr'>circumspeffione</span> <span class='ocrx_word' id='word_1_852' title='bbox 1949 704 2044 734; x_wconf 78' lang='lat' dir='ltr'>vestris</span> <span class='ocrx_word' id='word_1_853' title='bbox 2061 703 2169 743; x_wconf 68' lang='lat' dir='ltr'>plenius</span> <span class='ocrx_word' id='word_1_854' title='bbox 2188 706 2280 736; x_wconf 68' lang='lat' dir='ltr'>confi&lt;</span> 
     </span>
     <span class='ocr_line' id='line_1_113' title="bbox 1240 750 1316 771; baseline 0.026 -2"><span class='ocrx_word' id='word_1_855' title='bbox 1240 750 1316 771; x_wconf 87' lang='lat' dir='ltr'>entes</span> 
     </span>
    </p>

    <p class='ocr_par' dir='ltr' id='par_1_45' title="bbox 1220 764 2281 1007">
     <span class='ocr_line' id='line_1_114' title="bbox 1258 764 2278 820; baseline 0.003 -12"><span class='ocrx_word' id='word_1_856' title='bbox 1258 764 1466 817; x_wconf 51' lang='lat' dir='ltr'>Affignavimus</span> <span class='ocrx_word' id='word_1_857' title='bbox 1482 776 1542 809; x_wconf 88' lang='lat' dir='ltr'>Vos</span> <span class='ocrx_word' id='word_1_858' title='bbox 1559 801 1568 816; x_wconf 92' lang='lat'>,</span> <span class='ocrx_word' id='word_1_859' title='bbox 1595 779 1726 817; x_wconf 83' lang='lat' dir='ltr'>Qiatuor</span> <span class='ocrx_word' id='word_1_860' title='bbox 1739 801 1749 817; x_wconf 86' lang='lat'>,</span> <span class='ocrx_word' id='word_1_861' title='bbox 1767 779 1842 810; x_wconf 81' lang='lat' dir='ltr'>Tres</span> <span class='ocrx_word' id='word_1_862' title='bbox 1854 803 1864 817; x_wconf 90' lang='lat'>,</span> <span class='ocrx_word' id='word_1_863' title='bbox 1890 781 1922 810; x_wconf 69' lang='grc' dir='ltr'>δε</span> <span class='ocrx_word' id='word_1_864' title='bbox 1944 780 2026 811; x_wconf 72' lang='lat' dir='ltr'>Duos</span> <span class='ocrx_word' id='word_1_865' title='bbox 2043 781 2171 812; x_wconf 67' lang='lat' dir='ltr'>vestrum</span> <span class='ocrx_word' id='word_1_866' title='bbox 2194 783 2278 820; x_wconf 57' lang='lat' dir='ltr'>(qum</span> 
     </span>
     <span class='ocr_line' id='line_1_115' title="bbox 1220 816 2279 858; baseline 0.005 -13"><span class='ocrx_word' id='word_1_867' title='bbox 1220 826 1286 846; x_wconf 90' lang='lat' dir='ltr'>rurn</span> <span class='ocrx_word' id='word_1_868' title='bbox 1305 826 1356 846; x_wconf 91' lang='lat' dir='ltr'>vos</span> <span class='ocrx_word' id='word_1_869' title='bbox 1368 839 1377 853; x_wconf 78' lang='lat'>,</span> <span class='ocrx_word' id='word_1_870' title='bbox 1391 816 1512 854; x_wconf 80' lang='lat' dir='ltr'>praefate</span> <span class='ocrx_word' id='word_1_871' title='bbox 1530 820 1590 846; x_wconf 81' lang='lat' dir='ltr'>Rex</span> <span class='ocrx_word' id='word_1_872' title='bbox 1605 839 1615 854; x_wconf 90' lang='lat'>,</span> <span class='ocrx_word' id='word_1_873' title='bbox 1635 827 1722 846; x_wconf 90' lang='lat' dir='ltr'>unum</span> <span class='ocrx_word' id='word_1_874' title='bbox 1743 817 1799 847; x_wconf 84' lang='lat' dir='ltr'>effe</span> <span class='ocrx_word' id='word_1_875' title='bbox 1817 820 1960 853; x_wconf 75' lang='lat' dir='ltr'>volumus)</span> <span class='ocrx_word' id='word_1_876' title='bbox 1987 820 2020 849; x_wconf 78' lang='lat' dir='ltr'>ad</span> <span class='ocrx_word' id='word_1_877' title='bbox 2038 820 2250 858; x_wconf 58' lang='lat' dir='ltr'>Corrigendus]</span> <span class='ocrx_word' id='word_1_878' title='bbox 2268 845 2279 858; x_wconf 83' lang='lat'>,</span> 
     </span>
     <span class='ocr_line' id='line_1_116' title="bbox 1222 854 2279 892; baseline 0.004 -8"><span class='ocrx_word' id='word_1_879' title='bbox 1222 854 1451 885; x_wconf 86' lang='lat' dir='ltr'>Reformandum</span> <span class='ocrx_word' id='word_1_880' title='bbox 1467 879 1476 892; x_wconf 90' lang='lat'>,</span> <span class='ocrx_word' id='word_1_881' title='bbox 1510 856 1543 886; x_wconf 73' lang='grc' dir='ltr'>δε</span> <span class='ocrx_word' id='word_1_882' title='bbox 1569 856 1598 884; x_wconf 90' lang='lat' dir='ltr'>in</span> <span class='ocrx_word' id='word_1_883' title='bbox 1625 855 1734 885; x_wconf 84' lang='lat' dir='ltr'>Statum</span> <span class='ocrx_word' id='word_1_884' title='bbox 1753 856 1878 887; x_wconf 87' lang='lat' dir='ltr'>debitum</span> <span class='ocrx_word' id='word_1_885' title='bbox 1903 857 2109 887; x_wconf 65' lang='lat' dir='ltr'>Reduc-endum</span> <span class='ocrx_word' id='word_1_886' title='bbox 2129 862 2225 888; x_wconf 76' lang='lat' dir='ltr'>omnin</span> <span class='ocrx_word' id='word_1_887' title='bbox 2245 862 2279 891; x_wconf 73' lang='grc' dir='ltr'>δε</span> 
     </span>
     <span class='ocr_line' id='line_1_117' title="bbox 1223 892 2279 933; baseline 0.005 -11"><span class='ocrx_word' id='word_1_888' title='bbox 1223 893 1327 932; x_wconf 83' lang='lat' dir='ltr'>singula</span> <span class='ocrx_word' id='word_1_889' title='bbox 1339 917 1349 931; x_wconf 81' lang='lat'>,</span> <span class='ocrx_word' id='word_1_890' title='bbox 1377 892 1548 932; x_wconf 82' lang='lat' dir='ltr'>Attemptata</span> <span class='ocrx_word' id='word_1_891' title='bbox 1566 893 1611 923; x_wconf 90' lang='lat' dir='ltr'>seu</span> <span class='ocrx_word' id='word_1_892' title='bbox 1632 893 1715 923; x_wconf 64' lang='lat' dir='ltr'>Facta</span> <span class='ocrx_word' id='word_1_893' title='bbox 1735 899 1782 930; x_wconf 88' lang='lat' dir='ltr'>per</span> <span class='ocrx_word' id='word_1_894' title='bbox 1802 895 1996 933; x_wconf 72' lang='lat' dir='ltr'>quoscumque</span> <span class='ocrx_word' id='word_1_895' title='bbox 2014 895 2123 925; x_wconf 67' lang='lat' dir='ltr'>incolas</span> <span class='ocrx_word' id='word_1_896' title='bbox 2141 908 2186 927; x_wconf 79' lang='lat' dir='ltr'>aur</span> <span class='ocrx_word' id='word_1_897' title='bbox 2205 899 2222 927; x_wconf 68' lang='lat' dir='ltr'>S</span> <span class='ocrx_word' id='word_1_898' title='bbox 2238 900 2279 927; x_wconf 54' lang='lat' dir='ltr'>bn</span> 
     </span>
     <span class='ocr_line' id='line_1_118' title="bbox 1221 931 2281 970; baseline 0.007 -10"><span class='ocrx_word' id='word_1_899' title='bbox 1221 931 1294 961; x_wconf 87' lang='lat' dir='ltr'>ditos</span> <span class='ocrx_word' id='word_1_900' title='bbox 1314 931 1409 970; x_wconf 80' lang='lat' dir='ltr'>Regni</span> <span class='ocrx_word' id='word_1_901' title='bbox 1427 933 1516 962; x_wconf 82' lang='lat' dir='ltr'>nostri</span> <span class='ocrx_word' id='word_1_902' title='bbox 1539 932 1671 970; x_wconf 79' lang='lat' dir='ltr'>Angliae,</span> <span class='ocrx_word' id='word_1_903' title='bbox 1697 941 1797 963; x_wconf 89' lang='lat' dir='ltr'>contra</span> <span class='ocrx_word' id='word_1_904' title='bbox 1821 932 1944 963; x_wconf 87' lang='lat' dir='ltr'>formam</span> <span class='ocrx_word' id='word_1_905' title='bbox 1970 932 2209 966; x_wconf 73' lang='lat' dir='ltr'>Conventionum</span> <span class='ocrx_word' id='word_1_906' title='bbox 2235 937 2281 967; x_wconf 88' lang='lat' dir='ltr'>seu</span> 
     </span>
     <span class='ocr_line' id='line_1_119' title="bbox 1223 970 1631 1007; baseline 0.002 -8"><span class='ocrx_word' id='word_1_907' title='bbox 1223 970 1421 1007; x_wconf 86' lang='lat' dir='ltr'>Treugarum,</span> <span class='ocrx_word' id='word_1_908' title='bbox 1630 1004 1631 1007; x_wconf 14' lang='grc' dir='ltr'><strong>Ἰ</strong></span> 
     </span>
    </p>

    <p class='ocr_par' dir='ltr' id='par_1_46' title="bbox 1224 1008 2287 1201">
     <span class='ocr_line' id='line_1_120' title="bbox 1261 1008 2281 1049; baseline 0.002 -11"><span class='ocrx_word' id='word_1_909' title='bbox 1261 1008 1366 1045; x_wconf 82' lang='lat' dir='ltr'>Nuper</span> <span class='ocrx_word' id='word_1_910' title='bbox 1386 1009 1525 1039; x_wconf 65' lang='lat' dir='ltr'>faeiarum</span> <span class='ocrx_word' id='word_1_911' title='bbox 1544 1009 1577 1039; x_wconf 88' lang='lat'>&amp;</span> <span class='ocrx_word' id='word_1_912' title='bbox 1597 1009 1728 1039; x_wconf 86' lang='lat' dir='ltr'>initarum</span> <span class='ocrx_word' id='word_1_913' title='bbox 1748 1008 1819 1040; x_wconf 90' lang='lat' dir='ltr'>inter</span> <span class='ocrx_word' id='word_1_914' title='bbox 1839 1009 2004 1040; x_wconf 87' lang='lat' dir='ltr'>Dominum</span> <span class='ocrx_word' id='word_1_915' title='bbox 2022 1008 2057 1040; x_wconf 80' lang='lat' dir='ltr'>E.</span> <span class='ocrx_word' id='word_1_916' title='bbox 2079 1021 2167 1049; x_wconf 87' lang='lat' dir='ltr'>nuper</span> <span class='ocrx_word' id='word_1_917' title='bbox 2187 1015 2281 1049; x_wconf 68' lang='lat' dir='ltr'>Regem.</span> 
     </span>
     <span class='ocr_line' id='line_1_121' title="bbox 1224 1046 2287 1087; baseline 0.005 -11"><span class='ocrx_word' id='word_1_918' title='bbox 1224 1046 1335 1084; x_wconf 74' lang='lat' dir='ltr'><em>Anglzae</em></span> <span class='ocrx_word' id='word_1_919' title='bbox 1352 1070 1361 1085; x_wconf 90' lang='lat'>,</span> <span class='ocrx_word' id='word_1_920' title='bbox 1377 1047 1475 1077; x_wconf 88' lang='lat' dir='ltr'>Avum</span> <span class='ocrx_word' id='word_1_921' title='bbox 1495 1047 1622 1078; x_wconf 89' lang='lat' dir='ltr'>nostrum</span> <span class='ocrx_word' id='word_1_922' title='bbox 1639 1070 1648 1085; x_wconf 88' lang='lat'>,</span> <span class='ocrx_word' id='word_1_923' title='bbox 1667 1047 1855 1086; x_wconf 86' lang='lat' dir='ltr'>Subditosque</span> <span class='ocrx_word' id='word_1_924' title='bbox 1873 1049 1930 1086; x_wconf 83' lang='lat' dir='ltr'>ejus</span> <span class='ocrx_word' id='word_1_925' title='bbox 1945 1072 1954 1087; x_wconf 79' lang='lat'>‚</span> <span class='ocrx_word' id='word_1_926' title='bbox 1979 1059 2012 1078; x_wconf 79' lang='lat' dir='ltr'>ex</span> <span class='ocrx_word' id='word_1_927' title='bbox 2032 1049 2106 1087; x_wconf 75' lang='lat' dir='ltr'>una,</span> <span class='ocrx_word' id='word_1_928' title='bbox 2130 1052 2161 1080; x_wconf 57' lang='grc' dir='ltr'><em>ὰ</em></span> <span class='ocrx_word' id='word_1_929' title='bbox 2182 1052 2287 1081; x_wconf 62' lang='grc' dir='ltr'>Β,.·υιιέ</span> 
     </span>
     <span class='ocr_line' id='line_1_122' title="bbox 1226 1085 2282 1126; baseline 0.005 -12"><span class='ocrx_word' id='word_1_930' title='bbox 1226 1088 1312 1125; x_wconf 78' lang='lat' dir='ltr'>Bruys</span> <span class='ocrx_word' id='word_1_931' title='bbox 1331 1086 1366 1116; x_wconf 93' lang='lat' dir='ltr'>de</span> <span class='ocrx_word' id='word_1_932' title='bbox 1391 1086 1485 1116; x_wconf 87' lang='lat' dir='ltr'>Scotia</span> <span class='ocrx_word' id='word_1_933' title='bbox 1538 1085 1683 1124; x_wconf 87' lang='lat' dir='ltr'>quondam</span> <span class='ocrx_word' id='word_1_934' title='bbox 1704 1086 1828 1116; x_wconf 82' lang='lat' dir='ltr'>Fratrem</span> <span class='ocrx_word' id='word_1_935' title='bbox 1850 1088 1932 1124; x_wconf 82' lang='lat' dir='ltr'>ipiius</span> <span class='ocrx_word' id='word_1_936' title='bbox 1954 1089 2007 1117; x_wconf 78' lang='lat' dir='ltr'>Avi</span> <span class='ocrx_word' id='word_1_937' title='bbox 2028 1090 2115 1118; x_wconf 79' lang='lat' dir='ltr'>nostri</span> <span class='ocrx_word' id='word_1_938' title='bbox 2131 1112 2140 1126; x_wconf 85' lang='lat'>,</span> <span class='ocrx_word' id='word_1_939' title='bbox 2168 1089 2282 1120; x_wconf 72' lang='lat' dir='ltr'>Defun-</span> 
     </span>
     <span class='ocr_line' id='line_1_123' title="bbox 1224 1109 2285 1164; baseline 0.005 -10"><span class='ocrx_word' id='word_1_940' title='bbox 1224 1124 1305 1154; x_wconf 67' lang='lat' dir='ltr'>stum</span> <span class='ocrx_word' id='word_1_941' title='bbox 1321 1147 1330 1163; x_wconf 84' lang='lat'>,</span> <span class='ocrx_word' id='word_1_942' title='bbox 1362 1124 1472 1163; x_wconf 80' lang='lat' dir='ltr'>ejusque</span> <span class='ocrx_word' id='word_1_943' title='bbox 1499 1109 1635 1155; x_wconf 58' lang='lat' dir='ltr'>Varianos</span> <span class='ocrx_word' id='word_1_944' title='bbox 1659 1125 1692 1155; x_wconf 66' lang='grc' dir='ltr'>ὃς</span> <span class='ocrx_word' id='word_1_945' title='bbox 1719 1124 1852 1156; x_wconf 87' lang='lat' dir='ltr'>Subditos</span> <span class='ocrx_word' id='word_1_946' title='bbox 1870 1126 2089 1164; x_wconf 80' lang='lat' dir='ltr'>qualescumque</span> <span class='ocrx_word' id='word_1_947' title='bbox 2104 1151 2113 1164; x_wconf 81' lang='lat'>,</span> <span class='ocrx_word' id='word_1_948' title='bbox 2144 1137 2178 1157; x_wconf 80' lang='lat' dir='ltr'>ex</span> <span class='ocrx_word' id='word_1_949' title='bbox 2202 1129 2285 1160; x_wconf 85' lang='lat' dir='ltr'>altera</span> 
     </span>
     <span class='ocr_line' id='line_1_124' title="bbox 1225 1172 1316 1201; baseline 0 -8"><span class='ocrx_word' id='word_1_950' title='bbox 1225 1172 1316 1201; x_wconf 76' lang='lat' dir='ltr'>parte,</span> 
     </span>
    </p>

    <p class='ocr_par' dir='ltr' id='par_1_47' title="bbox 1227 1199 2284 1277">
     <span class='ocr_line' id='line_1_125' title="bbox 1263 1199 2284 1243; baseline 0.005 -12"><span class='ocrx_word' id='word_1_951' title='bbox 1263 1201 1300 1232; x_wconf 89' lang='lat' dir='ltr'>Et</span> <span class='ocrx_word' id='word_1_952' title='bbox 1325 1211 1372 1241; x_wconf 90' lang='lat' dir='ltr'>per</span> <span class='ocrx_word' id='word_1_953' title='bbox 1386 1226 1395 1239; x_wconf 95' lang='lat'>,</span> <span class='ocrx_word' id='word_1_954' title='bbox 1421 1199 1560 1232; x_wconf 89' lang='lat' dir='ltr'>Illustrem</span> <span class='ocrx_word' id='word_1_955' title='bbox 1586 1200 1749 1241; x_wconf 86' lang='lat' dir='ltr'>Principem</span> <span class='ocrx_word' id='word_1_956' title='bbox 1764 1225 1775 1241; x_wconf 86' lang='lat'>‚</span> <span class='ocrx_word' id='word_1_957' title='bbox 1802 1201 1946 1232; x_wconf 83' lang='lat' dir='ltr'>Robertum</span> <span class='ocrx_word' id='word_1_958' title='bbox 1963 1203 2211 1243; x_wconf 81' lang='lat' dir='ltr'>Consanguineum</span> <span class='ocrx_word' id='word_1_959' title='bbox 2228 1217 2284 1237; x_wconf 74' lang='lat' dir='ltr'>no-</span> 
     </span>
     <span class='ocr_line' id='line_1_126' title="bbox 1227 1239 1743 1277; baseline 0 -7"><span class='ocrx_word' id='word_1_960' title='bbox 1227 1239 1315 1270; x_wconf 89' lang='lat' dir='ltr'>strum</span> <span class='ocrx_word' id='word_1_961' title='bbox 1336 1241 1367 1269; x_wconf 83' lang='lat' dir='ltr'>de</span> <span class='ocrx_word' id='word_1_962' title='bbox 1386 1243 1473 1269; x_wconf 75' lang='lat' dir='ltr'>Scotia</span> <span class='ocrx_word' id='word_1_963' title='bbox 1493 1239 1743 1277; x_wconf 70' lang='lat' dir='ltr'>confirmatarum,</span> 
     </span>
    </p>

    <p class='ocr_par' dir='ltr' id='par_1_48' title="bbox 1223 1278 2284 1355">
     <span class='ocr_line' id='line_1_127' title="bbox 1229 1278 2284 1322; baseline 0.005 -13"><span class='ocrx_word' id='word_1_964' title='bbox 1229 1317 1233 1322; x_wconf 23' lang='grc' dir='ltr'>ἰ</span> <span class='ocrx_word' id='word_1_965' title='bbox 1263 1278 1300 1322; x_wconf 63' lang='lat' dir='ltr'>Et</span> <span class='ocrx_word' id='word_1_966' title='bbox 1318 1278 1468 1316; x_wconf 85' lang='lat' dir='ltr'>specialiter</span> <span class='ocrx_word' id='word_1_967' title='bbox 1486 1279 1520 1310; x_wconf 89' lang='lat' dir='ltr'>ad</span> <span class='ocrx_word' id='word_1_968' title='bbox 1540 1278 1676 1318; x_wconf 82' lang='lat' dir='ltr'>Qierelas</span> <span class='ocrx_word' id='word_1_969' title='bbox 1695 1280 1827 1310; x_wconf 83' lang='lat' dir='ltr'>oninium</span> <span class='ocrx_word' id='word_1_970' title='bbox 1845 1281 1878 1311; x_wconf 90' lang='lat'>&amp;</span> <span class='ocrx_word' id='word_1_971' title='bbox 1899 1280 2071 1319; x_wconf 77' lang='lat' dir='ltr'>singulorum</span> <span class='ocrx_word' id='word_1_972' title='bbox 2084 1304 2093 1319; x_wconf 83' lang='lat'>,</span> <span class='ocrx_word' id='word_1_973' title='bbox 2111 1284 2160 1320; x_wconf 88' lang='lat' dir='ltr'>qui</span> <span class='ocrx_word' id='word_1_974' title='bbox 2179 1282 2215 1313; x_wconf 91' lang='lat' dir='ltr'>de</span> <span class='ocrx_word' id='word_1_975' title='bbox 2235 1283 2284 1314; x_wconf 57' lang='lat' dir='ltr'>In&lt;</span> 
     </span>
     <span class='ocr_line' id='line_1_128' title="bbox 1223 1326 1317 1355; baseline 0 -9"><span class='ocrx_word' id='word_1_976' title='bbox 1223 1326 1317 1355; x_wconf 84' lang='lat' dir='ltr'>Jurns‚</span> 
     </span>
    </p>

    <p class='ocr_par' dir='ltr' id='par_1_49' title="bbox 1227 1355 2286 1586">
     <span class='ocr_line' id='line_1_129' title="bbox 1266 1355 2286 1397; baseline 0.006 -12"><span class='ocrx_word' id='word_1_977' title='bbox 1266 1355 1312 1385; x_wconf 88' lang='lat' dir='ltr'>Eis</span> <span class='ocrx_word' id='word_1_978' title='bbox 1328 1364 1427 1386; x_wconf 89' lang='lat' dir='ltr'>contra</span> <span class='ocrx_word' id='word_1_979' title='bbox 1445 1355 1568 1387; x_wconf 90' lang='lat' dir='ltr'>formam</span> <span class='ocrx_word' id='word_1_980' title='bbox 1587 1356 1727 1387; x_wconf 64' lang='lat' dir='ltr'>dictarum</span> <span class='ocrx_word' id='word_1_981' title='bbox 1747 1356 1924 1396; x_wconf 82' lang='lat' dir='ltr'>Treugarum</span> <span class='ocrx_word' id='word_1_982' title='bbox 1953 1359 1979 1387; x_wconf 93' lang='lat' dir='ltr'>in</span> <span class='ocrx_word' id='word_1_983' title='bbox 1999 1358 2120 1397; x_wconf 82' lang='lat' dir='ltr'>partibus</span> <span class='ocrx_word' id='word_1_984' title='bbox 2142 1359 2286 1397; x_wconf 55' lang='lat' dir='ltr'>nial-chia&lt;-</span> 
     </span>
     <span class='ocr_line' id='line_1_130' title="bbox 1229 1393 2285 1436; baseline 0.007 -14"><span class='ocrx_word' id='word_1_985' title='bbox 1229 1403 1292 1423; x_wconf 88' lang='lat' dir='ltr'>rum</span> <span class='ocrx_word' id='word_1_986' title='bbox 1313 1395 1467 1432; x_wconf 85' lang='lat' dir='ltr'>(videlicet)</span> <span class='ocrx_word' id='word_1_987' title='bbox 1488 1394 1523 1425; x_wconf 88' lang='lat' dir='ltr'>de</span> <span class='ocrx_word' id='word_1_988' title='bbox 1541 1396 1566 1424; x_wconf 90' lang='lat' dir='ltr'>la</span> <span class='ocrx_word' id='word_1_989' title='bbox 1584 1393 1741 1434; x_wconf 74' lang='lat' dir='ltr'>Estmarche</span> <span class='ocrx_word' id='word_1_990' title='bbox 1760 1396 1792 1425; x_wconf 67' lang='grc' dir='ltr'>ὃς</span> <span class='ocrx_word' id='word_1_991' title='bbox 1813 1396 1836 1425; x_wconf 83' lang='lat' dir='ltr'>la</span> <span class='ocrx_word' id='word_1_992' title='bbox 1855 1396 2033 1435; x_wconf 76' lang='lat' dir='ltr'>Westmarche</span> <span class='ocrx_word' id='word_1_993' title='bbox 2048 1421 2056 1433; x_wconf 81' lang='lat'>,</span> <span class='ocrx_word' id='word_1_994' title='bbox 2082 1397 2174 1436; x_wconf 76' lang='lat' dir='ltr'>Regni</span> <span class='ocrx_word' id='word_1_995' title='bbox 2194 1399 2285 1430; x_wconf 89' lang='lat' dir='ltr'>nostri</span> 
     </span>
     <span class='ocr_line' id='line_1_131' title="bbox 1228 1432 2285 1474; baseline 0.007 -13"><span class='ocrx_word' id='word_1_996' title='bbox 1228 1432 1338 1470; x_wconf 78' lang='lat' dir='ltr'>Angliae</span> <span class='ocrx_word' id='word_1_997' title='bbox 1353 1455 1361 1470; x_wconf 86' lang='lat'>,</span> <span class='ocrx_word' id='word_1_998' title='bbox 1387 1433 1431 1463; x_wconf 90' lang='lat' dir='ltr'>seu</span> <span class='ocrx_word' id='word_1_999' title='bbox 1450 1433 1539 1470; x_wconf 85' lang='lat' dir='ltr'>alibi,</span> <span class='ocrx_word' id='word_1_1000' title='bbox 1563 1435 1621 1463; x_wconf 71' lang='lat' dir='ltr'>tani</span> <span class='ocrx_word' id='word_1_1001' title='bbox 1643 1443 1690 1470; x_wconf 86' lang='lat' dir='ltr'>per</span> <span class='ocrx_word' id='word_1_1002' title='bbox 1705 1433 1825 1463; x_wconf 91' lang='lat' dir='ltr'>Terram</span> <span class='ocrx_word' id='word_1_1003' title='bbox 1840 1457 1850 1472; x_wconf 88' lang='lat'>,</span> <span class='ocrx_word' id='word_1_1004' title='bbox 1873 1437 1959 1472; x_wconf 80' lang='lat' dir='ltr'>quam</span> <span class='ocrx_word' id='word_1_1005' title='bbox 1980 1445 2026 1472; x_wconf 87' lang='lat' dir='ltr'>per</span> <span class='ocrx_word' id='word_1_1006' title='bbox 2048 1434 2132 1466; x_wconf 78' lang='lat' dir='ltr'>Mare</span> <span class='ocrx_word' id='word_1_1007' title='bbox 2148 1460 2157 1474; x_wconf 93' lang='lat'>,</span> <span class='ocrx_word' id='word_1_1008' title='bbox 2185 1438 2232 1467; x_wconf 89' lang='lat' dir='ltr'>ubi</span> <span class='ocrx_word' id='word_1_1009' title='bbox 2250 1438 2285 1468; x_wconf 68' lang='grc' dir='ltr'>δᾶ</span> 
     </span>
     <span class='ocr_line' id='line_1_132' title="bbox 1228 1471 2285 1512; baseline 0.006 -12"><span class='ocrx_word' id='word_1_1010' title='bbox 1228 1480 1312 1508; x_wconf 90' lang='lat' dir='ltr'>prout</span> <span class='ocrx_word' id='word_1_1011' title='bbox 1331 1472 1414 1501; x_wconf 90' lang='lat' dir='ltr'>vobis</span> <span class='ocrx_word' id='word_1_1012' title='bbox 1430 1495 1439 1508; x_wconf 75' lang='lat'>,</span> <span class='ocrx_word' id='word_1_1013' title='bbox 1465 1472 1599 1509; x_wconf 77' lang='lat' dir='ltr'>Quatuor</span> <span class='ocrx_word' id='word_1_1014' title='bbox 1612 1494 1622 1509; x_wconf 89' lang='lat'>‚</span> <span class='ocrx_word' id='word_1_1015' title='bbox 1647 1471 1753 1501; x_wconf 77' lang='lat' dir='ltr'>Tribus</span> <span class='ocrx_word' id='word_1_1016' title='bbox 1766 1494 1776 1509; x_wconf 87' lang='lat'>,</span> <span class='ocrx_word' id='word_1_1017' title='bbox 1800 1474 1831 1502; x_wconf 66' lang='grc' dir='ltr'>ὃς</span> <span class='ocrx_word' id='word_1_1018' title='bbox 1850 1472 1974 1503; x_wconf 84' lang='lat' dir='ltr'>Duobus</span> <span class='ocrx_word' id='word_1_1019' title='bbox 1992 1473 2119 1503; x_wconf 70' lang='lat' dir='ltr'>vestrum</span> <span class='ocrx_word' id='word_1_1020' title='bbox 2141 1476 2285 1512; x_wconf 78' lang='lat' dir='ltr'>(quorum</span> 
     </span>
     <span class='ocr_line' id='line_1_133' title="bbox 1227 1508 2286 1552; baseline 0.004 -12"><span class='ocrx_word' id='word_1_1021' title='bbox 1227 1519 1279 1540; x_wconf 85' lang='lat' dir='ltr'>vos</span> <span class='ocrx_word' id='word_1_1022' title='bbox 1292 1533 1301 1547; x_wconf 76' lang='lat'>,</span> <span class='ocrx_word' id='word_1_1023' title='bbox 1322 1508 1445 1548; x_wconf 79' lang='lat' dir='ltr'>praefate</span> <span class='ocrx_word' id='word_1_1024' title='bbox 1461 1512 1521 1538; x_wconf 82' lang='lat' dir='ltr'>Rex</span> <span class='ocrx_word' id='word_1_1025' title='bbox 1537 1533 1547 1548; x_wconf 88' lang='lat'>,</span> <span class='ocrx_word' id='word_1_1026' title='bbox 1565 1519 1654 1540; x_wconf 86' lang='lat' dir='ltr'>unum</span> <span class='ocrx_word' id='word_1_1027' title='bbox 1669 1510 1725 1540; x_wconf 84' lang='lat' dir='ltr'>effe</span> <span class='ocrx_word' id='word_1_1028' title='bbox 1740 1510 1883 1548; x_wconf 85' lang='lat' dir='ltr'>volumus)</span> <span class='ocrx_word' id='word_1_1029' title='bbox 1902 1512 2048 1549; x_wconf 81' lang='lat' dir='ltr'>expediens</span> <span class='ocrx_word' id='word_1_1030' title='bbox 2066 1512 2206 1544; x_wconf 81' lang='lat' dir='ltr'>videbitur</span> <span class='ocrx_word' id='word_1_1031' title='bbox 2220 1537 2229 1552; x_wconf 88' lang='lat'>,</span> <span class='ocrx_word' id='word_1_1032' title='bbox 2245 1514 2286 1544; x_wconf 82' lang='lat' dir='ltr'>fa-</span> 
     </span>
     <span class='ocr_line' id='line_1_134' title="bbox 1228 1547 1538 1586; baseline -0.003 -8"><span class='ocrx_word' id='word_1_1033' title='bbox 1228 1548 1280 1578; x_wconf 68' lang='lat' dir='ltr'>etis</span> <span class='ocrx_word' id='word_1_1034' title='bbox 1298 1547 1342 1578; x_wconf 90' lang='lat' dir='ltr'>seu</span> <span class='ocrx_word' id='word_1_1035' title='bbox 1362 1549 1538 1586; x_wconf 81' lang='lat' dir='ltr'>perpetratis,</span> 
     </span>
    </p>

    <p class='ocr_par' dir='ltr' id='par_1_50' title="bbox 1226 1585 2288 1662">
     <span class='ocr_line' id='line_1_135' title="bbox 1264 1585 2288 1629; baseline 0.005 -14"><span class='ocrx_word' id='word_1_1036' title='bbox 1264 1585 1415 1624; x_wconf 81' lang='lat' dir='ltr'>Conqueri</span> <span class='ocrx_word' id='word_1_1037' title='bbox 1434 1587 1591 1624; x_wconf 80' lang='lat' dir='ltr'>voluerint,</span> <span class='ocrx_word' id='word_1_1038' title='bbox 1611 1585 1809 1625; x_wconf 86' lang='lat' dir='ltr'>Audiendum,</span> <span class='ocrx_word' id='word_1_1039' title='bbox 1825 1588 1858 1618; x_wconf 74' lang='grc' dir='ltr'>δε</span> <span class='ocrx_word' id='word_1_1040' title='bbox 1878 1587 1991 1625; x_wconf 88' lang='lat' dir='ltr'>plenam</span> <span class='ocrx_word' id='word_1_1041' title='bbox 2011 1589 2043 1619; x_wconf 65' lang='grc' dir='ltr'>ὃς</span> <span class='ocrx_word' id='word_1_1042' title='bbox 2063 1589 2184 1619; x_wconf 88' lang='lat' dir='ltr'>celerem</span> <span class='ocrx_word' id='word_1_1043' title='bbox 2199 1590 2288 1629; x_wconf 40' lang='lat' dir='ltr'>Justis</span> 
     </span>
     <span class='ocr_line' id='line_1_136' title="bbox 1226 1624 1583 1662; baseline 0 -7"><span class='ocrx_word' id='word_1_1044' title='bbox 1226 1624 1294 1656; x_wconf 88' lang='lat' dir='ltr'>tiam</span> <span class='ocrx_word' id='word_1_1045' title='bbox 1310 1626 1375 1655; x_wconf 88' lang='lat' dir='ltr'>inde</span> <span class='ocrx_word' id='word_1_1046' title='bbox 1394 1625 1583 1662; x_wconf 88' lang='lat' dir='ltr'>Faciendum,</span> 
     </span>
    </p>

    <p class='ocr_par' dir='ltr' id='par_1_51' title="bbox 1225 1662 2405 1818">
     <span class='ocr_line' id='line_1_137' title="bbox 1262 1662 2405 1702; baseline 0.005 -9"><span class='ocrx_word' id='word_1_1047' title='bbox 1262 1662 1300 1693; x_wconf 87' lang='lat' dir='ltr'>Et</span> <span class='ocrx_word' id='word_1_1048' title='bbox 1317 1663 1351 1693; x_wconf 90' lang='lat' dir='ltr'>ad</span> <span class='ocrx_word' id='word_1_1049' title='bbox 1367 1665 1463 1694; x_wconf 90' lang='lat' dir='ltr'>omnia</span> <span class='ocrx_word' id='word_1_1050' title='bbox 1481 1665 1514 1695; x_wconf 63' lang='grc' dir='ltr'>ὃς</span> <span class='ocrx_word' id='word_1_1051' title='bbox 1535 1663 1653 1702; x_wconf 81' lang='lat' dir='ltr'>singula,</span> <span class='ocrx_word' id='word_1_1052' title='bbox 1673 1673 1737 1701; x_wconf 78' lang='lat' dir='ltr'>quae</span> <span class='ocrx_word' id='word_1_1053' title='bbox 1755 1672 1855 1694; x_wconf 86' lang='lat' dir='ltr'>contra</span> <span class='ocrx_word' id='word_1_1054' title='bbox 1867 1663 2017 1694; x_wconf 59' lang='lat' dir='ltr'>*formam</span> <span class='ocrx_word' id='word_1_1055' title='bbox 2036 1665 2174 1696; x_wconf 57' lang='lat' dir='ltr'>dictarum</span> <span class='ocrx_word' id='word_1_1056' title='bbox 2188 1666 2283 1698; x_wconf 92' lang='lat' dir='ltr'>Treu-</span> <span class='ocrx_word' id='word_1_1057' title='bbox 2301 1672 2319 1691; x_wconf 56' lang='grc' dir='ltr'>ὓ</span> <span class='ocrx_word' id='word_1_1058' title='bbox 2340 1674 2405 1701; x_wconf 79' lang='lat' dir='ltr'>VIL-</span> 
     </span>
     <span class='ocr_line' id='line_1_138' title="bbox 1225 1700 2364 1748; baseline 0.004 -16"><span class='ocrx_word' id='word_1_1059' title='bbox 1225 1711 1324 1742; x_wconf 85' lang='lat' dir='ltr'>garum</span> <span class='ocrx_word' id='word_1_1060' title='bbox 1338 1725 1347 1739; x_wconf 93' lang='lat'>,</span> <span class='ocrx_word' id='word_1_1061' title='bbox 1371 1711 1420 1739; x_wconf 90' lang='lat' dir='ltr'>per</span> <span class='ocrx_word' id='word_1_1062' title='bbox 1440 1700 1570 1733; x_wconf 86' lang='lat' dir='ltr'>Subditos</span> <span class='ocrx_word' id='word_1_1063' title='bbox 1589 1702 1701 1732; x_wconf 80' lang='lat' dir='ltr'>nostros</span> <span class='ocrx_word' id='word_1_1064' title='bbox 1714 1726 1723 1740; x_wconf 82' lang='lat'>,</span> <span class='ocrx_word' id='word_1_1065' title='bbox 1747 1708 1905 1739; x_wconf 81' lang='lat' dir='ltr'>attemptata</span> <span class='ocrx_word' id='word_1_1066' title='bbox 1925 1703 2027 1733; x_wconf 85' lang='lat' dir='ltr'>fuerint</span> <span class='ocrx_word' id='word_1_1067' title='bbox 2039 1728 2048 1740; x_wconf 86' lang='lat'>,</span> <span class='ocrx_word' id='word_1_1068' title='bbox 2079 1705 2137 1733; x_wconf 68' lang='lat' dir='ltr'>tam</span> <span class='ocrx_word' id='word_1_1069' title='bbox 2156 1714 2285 1743; x_wconf 81' lang='lat' dir='ltr'>tempore</span> <span class='ocrx_word' id='word_1_1070' title='bbox 2300 1714 2364 1748; x_wconf 62' lang='lat'>269²</span> 
     </span>
     <span class='ocr_line' id='line_1_139' title="bbox 1229 1740 2287 1784; baseline 0.005 -14"><span class='ocrx_word' id='word_1_1071' title='bbox 1229 1741 1357 1780; x_wconf 61' lang='lat' dir='ltr'>praedicti</span> <span class='ocrx_word' id='word_1_1072' title='bbox 1380 1741 1502 1778; x_wconf 78' lang='lat' dir='ltr'>David,</span> <span class='ocrx_word' id='word_1_1073' title='bbox 1526 1742 1613 1779; x_wconf 73' lang='lat' dir='ltr'>quam</span> <span class='ocrx_word' id='word_1_1074' title='bbox 1636 1749 1766 1778; x_wconf 89' lang='lat' dir='ltr'>tempore</span> <span class='ocrx_word' id='word_1_1075' title='bbox 1789 1741 1917 1779; x_wconf 63' lang='lat' dir='ltr'>praedicti</span> <span class='ocrx_word' id='word_1_1076' title='bbox 1942 1740 2053 1771; x_wconf 83' lang='lat' dir='ltr'>Roberti</span> <span class='ocrx_word' id='word_1_1077' title='bbox 2076 1742 2287 1784; x_wconf 79' lang='lat' dir='ltr'>Consanguinei</span> 
     </span>
     <span class='ocr_line' id='line_1_140' title="bbox 1229 1778 1714 1818; baseline -0.006 -7"><span class='ocrx_word' id='word_1_1078' title='bbox 1229 1779 1335 1818; x_wconf 87' lang='lat' dir='ltr'>nostri,</span> <span class='ocrx_word' id='word_1_1079' title='bbox 1352 1778 1447 1810; x_wconf 79' lang='lat' dir='ltr'>debite</span> <span class='ocrx_word' id='word_1_1080' title='bbox 1468 1779 1696 1810; x_wconf 88' lang='lat' dir='ltr'>Reformandum</span> <span class='ocrx_word' id='word_1_1081' title='bbox 1705 1802 1714 1817; x_wconf 89' lang='lat'>‚</span> 
     </span>
    </p>

    <p class='ocr_par' dir='ltr' id='par_1_52' title="bbox 1226 1818 2288 1933">
     <span class='ocr_line' id='line_1_141' title="bbox 1264 1818 2288 1858; baseline 0.002 -8"><span class='ocrx_word' id='word_1_1082' title='bbox 1264 1819 1303 1850; x_wconf 87' lang='lat' dir='ltr'>Et</span> <span class='ocrx_word' id='word_1_1083' title='bbox 1320 1818 1353 1848; x_wconf 88' lang='lat' dir='ltr'>ad</span> <span class='ocrx_word' id='word_1_1084' title='bbox 1370 1827 1471 1848; x_wconf 86' lang='lat' dir='ltr'>omnes</span> <span class='ocrx_word' id='word_1_1085' title='bbox 1489 1819 1522 1849; x_wconf 86' lang='lat'>&amp;</span> <span class='ocrx_word' id='word_1_1086' title='bbox 1539 1818 1681 1856; x_wconf 67' lang='lat' dir='ltr'>singulm,</span> <span class='ocrx_word' id='word_1_1087' title='bbox 1699 1819 1727 1847; x_wconf 90' lang='lat' dir='ltr'>in</span> <span class='ocrx_word' id='word_1_1088' title='bbox 1747 1818 1799 1848; x_wconf 89' lang='lat' dir='ltr'>hac</span> <span class='ocrx_word' id='word_1_1089' title='bbox 1818 1827 1894 1856; x_wconf 91' lang='lat' dir='ltr'>parte</span> <span class='ocrx_word' id='word_1_1090' title='bbox 1912 1818 2135 1858; x_wconf 86' lang='lat' dir='ltr'>Delinquentes,</span> <span class='ocrx_word' id='word_1_1091' title='bbox 2156 1818 2288 1852; x_wconf 62' lang='lat' dir='ltr'>Arestam</span> 
     </span>
     <span class='ocr_line' id='line_1_142' title="bbox 1226 1856 2288 1896; baseline 0.004 -9"><span class='ocrx_word' id='word_1_1092' title='bbox 1226 1857 1315 1895; x_wconf 82' lang='lat' dir='ltr'>dum,</span> <span class='ocrx_word' id='word_1_1093' title='bbox 1331 1857 1528 1895; x_wconf 86' lang='lat' dir='ltr'>Capiendum,</span> <span class='ocrx_word' id='word_1_1094' title='bbox 1546 1858 1580 1888; x_wconf 71' lang='grc' dir='ltr'>δε</span> <span class='ocrx_word' id='word_1_1095' title='bbox 1601 1856 1836 1887; x_wconf 80' lang='lat' dir='ltr'>Incarcerandum</span> <span class='ocrx_word' id='word_1_1096' title='bbox 1852 1880 1862 1895; x_wconf 90' lang='lat'>,</span> <span class='ocrx_word' id='word_1_1097' title='bbox 1881 1858 1912 1888; x_wconf 66' lang='grc' dir='ltr'>ὃς</span> <span class='ocrx_word' id='word_1_1098' title='bbox 1924 1859 2001 1896; x_wconf 85' lang='lat' dir='ltr'>juxta</span> <span class='ocrx_word' id='word_1_1099' title='bbox 2019 1868 2120 1889; x_wconf 88' lang='lat' dir='ltr'>eorum</span> <span class='ocrx_word' id='word_1_1100' title='bbox 2140 1858 2288 1892; x_wconf 87' lang='lat' dir='ltr'>Demerita</span> 
     </span>
     <span class='ocr_line' id='line_1_143' title="bbox 1230 1895 1537 1933; baseline -0.003 -7"><span class='ocrx_word' id='word_1_1101' title='bbox 1230 1895 1327 1926; x_wconf 84' lang='lat' dir='ltr'>debite</span> <span class='ocrx_word' id='word_1_1102' title='bbox 1344 1895 1537 1933; x_wconf 83' lang='lat' dir='ltr'>Puniendum,</span> 
     </span>
    </p>

    <p class='ocr_par' dir='ltr' id='par_1_53' title="bbox 1230 1933 2291 2089">
     <span class='ocr_line' id='line_1_144' title="bbox 1269 1933 2290 1968; baseline 0.002 -2"><span class='ocrx_word' id='word_1_1103' title='bbox 1269 1935 1307 1966; x_wconf 90' lang='lat' dir='ltr'>Et</span> <span class='ocrx_word' id='word_1_1104' title='bbox 1332 1933 1365 1964; x_wconf 80' lang='lat' dir='ltr'>ad</span> <span class='ocrx_word' id='word_1_1105' title='bbox 1390 1933 1567 1964; x_wconf 82' lang='lat' dir='ltr'>consimilem</span> <span class='ocrx_word' id='word_1_1106' title='bbox 1592 1933 1843 1965; x_wconf 87' lang='lat' dir='ltr'>Reformationem</span> <span class='ocrx_word' id='word_1_1107' title='bbox 1869 1935 1903 1965; x_wconf 71' lang='grc' dir='ltr'>ὃ(</span> <span class='ocrx_word' id='word_1_1108' title='bbox 1928 1934 2113 1966; x_wconf 85' lang='lat' dir='ltr'>Punirionem</span> <span class='ocrx_word' id='word_1_1109' title='bbox 2146 1936 2181 1967; x_wconf 93' lang='lat' dir='ltr'>de</span> <span class='ocrx_word' id='word_1_1110' title='bbox 2211 1937 2290 1968; x_wconf 57' lang='lat' dir='ltr'>disto</span> 
     </span>
     <span class='ocr_line' id='line_1_145' title="bbox 1233 1972 2291 2013; baseline 0.003 -9"><span class='ocrx_word' id='word_1_1111' title='bbox 1233 1973 1452 2011; x_wconf 84' lang='lat' dir='ltr'>Consanguineo</span> <span class='ocrx_word' id='word_1_1112' title='bbox 1477 1972 1577 2003; x_wconf 89' lang='lat' dir='ltr'>nostro</span> <span class='ocrx_word' id='word_1_1113' title='bbox 1602 1973 1635 2004; x_wconf 67' lang='grc' dir='ltr'>ὃς</span> <span class='ocrx_word' id='word_1_1114' title='bbox 1661 1972 1837 2003; x_wconf 82' lang='lat' dir='ltr'>Hominibus</span> <span class='ocrx_word' id='word_1_1115' title='bbox 1857 1972 1908 2003; x_wconf 88' lang='lat' dir='ltr'>suis</span> <span class='ocrx_word' id='word_1_1116' title='bbox 1933 1973 1969 2003; x_wconf 91' lang='lat' dir='ltr'>de</span> <span class='ocrx_word' id='word_1_1117' title='bbox 1993 1973 2113 2013; x_wconf 83' lang='lat' dir='ltr'>Scotia,</span> <span class='ocrx_word' id='word_1_1118' title='bbox 2138 1975 2216 2012; x_wconf 85' lang='lat' dir='ltr'>super</span> <span class='ocrx_word' id='word_1_1119' title='bbox 2237 1977 2291 2007; x_wconf 86' lang='lat' dir='ltr'>At-</span> 
     </span>
     <span class='ocr_line' id='line_1_146' title="bbox 1231 2010 2288 2054; baseline 0.003 -12"><span class='ocrx_word' id='word_1_1120' title='bbox 1231 2014 1371 2050; x_wconf 87' lang='lat' dir='ltr'>temptatis</span> <span class='ocrx_word' id='word_1_1121' title='bbox 1385 2035 1394 2050; x_wconf 84' lang='lat'>,</span> <span class='ocrx_word' id='word_1_1122' title='bbox 1420 2021 1469 2050; x_wconf 90' lang='lat' dir='ltr'>per</span> <span class='ocrx_word' id='word_1_1123' title='bbox 1484 2021 1532 2042; x_wconf 91' lang='lat' dir='ltr'>eos</span> <span class='ocrx_word' id='word_1_1124' title='bbox 1548 2013 1581 2043; x_wconf 90' lang='lat'>&amp;</span> <span class='ocrx_word' id='word_1_1125' title='bbox 1599 2013 1636 2041; x_wconf 90' lang='lat' dir='ltr'>eis</span> <span class='ocrx_word' id='word_1_1126' title='bbox 1654 2010 1840 2042; x_wconf 78' lang='lat' dir='ltr'>Adhaerentes</span> <span class='ocrx_word' id='word_1_1127' title='bbox 1856 2034 1865 2049; x_wconf 89' lang='lat'>,</span> <span class='ocrx_word' id='word_1_1128' title='bbox 1884 2021 1986 2042; x_wconf 83' lang='lat' dir='ltr'>contra</span> <span class='ocrx_word' id='word_1_1129' title='bbox 2005 2013 2140 2044; x_wconf 85' lang='lat' dir='ltr'>Subditos</span> <span class='ocrx_word' id='word_1_1130' title='bbox 2158 2014 2288 2054; x_wconf 84' lang='lat' dir='ltr'>nostros,</span> 
     </span>
     <span class='ocr_line' id='line_1_147' title="bbox 1230 2048 2012 2089; baseline -0.003 -7"><span class='ocrx_word' id='word_1_1131' title='bbox 1230 2050 1407 2087; x_wconf 82' lang='lat' dir='ltr'>Petendum,</span> <span class='ocrx_word' id='word_1_1132' title='bbox 1426 2049 1677 2089; x_wconf 78' lang='lat' dir='ltr'>prosequendum,</span> <span class='ocrx_word' id='word_1_1133' title='bbox 1692 2050 1725 2081; x_wconf 69' lang='grc' dir='ltr'>ὃς</span> <span class='ocrx_word' id='word_1_1134' title='bbox 1743 2048 1802 2080; x_wconf 87' lang='lat' dir='ltr'>fieri</span> <span class='ocrx_word' id='word_1_1135' title='bbox 1822 2049 2012 2088; x_wconf 87' lang='lat' dir='ltr'>Faciendum,</span> 
     </span>
    </p>

    <p class='ocr_par' dir='ltr' id='par_1_54' title="bbox 1231 2088 2293 2167">
     <span class='ocr_line' id='line_1_148' title="bbox 1269 2088 2293 2128; baseline 0.002 -7"><span class='ocrx_word' id='word_1_1136' title='bbox 1269 2090 1307 2121; x_wconf 91' lang='lat' dir='ltr'>Et</span> <span class='ocrx_word' id='word_1_1137' title='bbox 1325 2089 1357 2120; x_wconf 89' lang='lat' dir='ltr'>ad</span> <span class='ocrx_word' id='word_1_1138' title='bbox 1377 2088 1485 2119; x_wconf 89' lang='lat' dir='ltr'>Omnia</span> <span class='ocrx_word' id='word_1_1139' title='bbox 1503 2091 1536 2121; x_wconf 69' lang='grc' dir='ltr'>ὃ(</span> <span class='ocrx_word' id='word_1_1140' title='bbox 1555 2088 1657 2128; x_wconf 85' lang='lat' dir='ltr'>singula</span> <span class='ocrx_word' id='word_1_1141' title='bbox 1670 2112 1679 2126; x_wconf 92' lang='lat'>,</span> <span class='ocrx_word' id='word_1_1142' title='bbox 1704 2099 1767 2126; x_wconf 71' lang='lat' dir='ltr'>quae</span> <span class='ocrx_word' id='word_1_1143' title='bbox 1793 2089 1822 2118; x_wconf 88' lang='lat' dir='ltr'>in</span> <span class='ocrx_word' id='word_1_1144' title='bbox 1848 2089 1900 2119; x_wconf 82' lang='lat' dir='ltr'>hac</span> <span class='ocrx_word' id='word_1_1145' title='bbox 1924 2098 1999 2127; x_wconf 84' lang='lat' dir='ltr'>parte</span> <span class='ocrx_word' id='word_1_1146' title='bbox 2023 2089 2172 2121; x_wconf 75' lang='lat' dir='ltr'>necessaria</span> <span class='ocrx_word' id='word_1_1147' title='bbox 2190 2091 2293 2123; x_wconf 83' lang='lat' dir='ltr'>fuerint</span> 
     </span>
     <span class='ocr_line' id='line_1_149' title="bbox 1231 2127 1940 2167; baseline -0.003 -7"><span class='ocrx_word' id='word_1_1148' title='bbox 1231 2129 1277 2162; x_wconf 88' lang='lat' dir='ltr'>vel</span> <span class='ocrx_word' id='word_1_1149' title='bbox 1294 2137 1454 2167; x_wconf 89' lang='lat' dir='ltr'>oportuna,</span> <span class='ocrx_word' id='word_1_1150' title='bbox 1472 2127 1644 2158; x_wconf 88' lang='lat' dir='ltr'>Faciendum</span> <span class='ocrx_word' id='word_1_1151' title='bbox 1661 2129 1693 2158; x_wconf 89' lang='lat'>&amp;</span> <span class='ocrx_word' id='word_1_1152' title='bbox 1712 2127 1940 2166; x_wconf 79' lang='lat' dir='ltr'>Exequendum;</span> 
     </span>
    </p>

    <p class='ocr_par' dir='ltr' id='par_1_55' title="bbox 1235 2166 2294 2360">
     <span class='ocr_line' id='line_1_150' title="bbox 1270 2166 2292 2207; baseline 0.002 -9"><span class='ocrx_word' id='word_1_1153' title='bbox 1270 2167 1307 2198; x_wconf 92' lang='lat' dir='ltr'>Et</span> <span class='ocrx_word' id='word_1_1154' title='bbox 1325 2167 1391 2198; x_wconf 76' lang='lat' dir='ltr'>ideo</span> <span class='ocrx_word' id='word_1_1155' title='bbox 1418 2167 1501 2197; x_wconf 91' lang='lat' dir='ltr'>vobis</span> <span class='ocrx_word' id='word_1_1156' title='bbox 1527 2166 1698 2197; x_wconf 88' lang='lat' dir='ltr'>Mandamus</span> <span class='ocrx_word' id='word_1_1157' title='bbox 1722 2167 1803 2205; x_wconf 80' lang='lat' dir='ltr'>quod</span> <span class='ocrx_word' id='word_1_1158' title='bbox 1829 2166 1912 2203; x_wconf 74' lang='lat' dir='ltr'>Vos,</span> <span class='ocrx_word' id='word_1_1159' title='bbox 1936 2167 2068 2205; x_wconf 87' lang='lat' dir='ltr'>Qiatuor</span> <span class='ocrx_word' id='word_1_1160' title='bbox 2083 2191 2093 2206; x_wconf 94' lang='lat'>,</span> <span class='ocrx_word' id='word_1_1161' title='bbox 2117 2167 2214 2207; x_wconf 84' lang='lat' dir='ltr'>Tres,</span> <span class='ocrx_word' id='word_1_1162' title='bbox 2244 2170 2292 2200; x_wconf 85' lang='lat' dir='ltr'>vel</span> 
     </span>
     <span class='ocr_line' id='line_1_151' title="bbox 1235 2203 2294 2244; baseline 0.001 -7"><span class='ocrx_word' id='word_1_1163' title='bbox 1235 2206 1307 2237; x_wconf 93' lang='lat' dir='ltr'>Duo</span> <span class='ocrx_word' id='word_1_1164' title='bbox 1333 2203 1461 2237; x_wconf 70' lang='lat' dir='ltr'>vestrum</span> <span class='ocrx_word' id='word_1_1165' title='bbox 1487 2206 1624 2243; x_wconf 91' lang='lat' dir='ltr'>(quorum</span> <span class='ocrx_word' id='word_1_1166' title='bbox 1642 2204 1704 2235; x_wconf 93' lang='lat' dir='ltr'>Vos</span> <span class='ocrx_word' id='word_1_1167' title='bbox 1720 2228 1730 2244; x_wconf 83' lang='lat'>,</span> <span class='ocrx_word' id='word_1_1168' title='bbox 1749 2204 1872 2243; x_wconf 81' lang='lat' dir='ltr'>praefate</span> <span class='ocrx_word' id='word_1_1169' title='bbox 1896 2208 1956 2234; x_wconf 79' lang='lat' dir='ltr'>Rex</span> <span class='ocrx_word' id='word_1_1170' title='bbox 1972 2229 1981 2243; x_wconf 95' lang='lat'>,</span> <span class='ocrx_word' id='word_1_1171' title='bbox 2006 2216 2097 2236; x_wconf 91' lang='lat' dir='ltr'>unum</span> <span class='ocrx_word' id='word_1_1172' title='bbox 2123 2207 2180 2237; x_wconf 69' lang='lat' dir='ltr'>else</span> <span class='ocrx_word' id='word_1_1173' title='bbox 2210 2208 2294 2238; x_wconf 70' lang='lat' dir='ltr'>rolu-</span> 
     </span>
     <span class='ocr_line' id='line_1_152' title="bbox 1235 2243 2294 2283; baseline 0.002 -8"><span class='ocrx_word' id='word_1_1174' title='bbox 1235 2246 1310 2283; x_wconf 88' lang='lat' dir='ltr'>mus)</span> <span class='ocrx_word' id='word_1_1175' title='bbox 1333 2245 1368 2276; x_wconf 91' lang='lat' dir='ltr'>ad</span> <span class='ocrx_word' id='word_1_1176' title='bbox 1384 2254 1476 2275; x_wconf 85' lang='lat' dir='ltr'>certos</span> <span class='ocrx_word' id='word_1_1177' title='bbox 1495 2244 1564 2274; x_wconf 87' lang='lat' dir='ltr'>Dies</span> <span class='ocrx_word' id='word_1_1178' title='bbox 1580 2245 1614 2275; x_wconf 69' lang='grc' dir='ltr'>ὅ(</span> <span class='ocrx_word' id='word_1_1179' title='bbox 1634 2244 1730 2282; x_wconf 86' lang='lat' dir='ltr'>Loca,</span> <span class='ocrx_word' id='word_1_1180' title='bbox 1749 2244 1828 2281; x_wconf 91' lang='lat' dir='ltr'>super</span> <span class='ocrx_word' id='word_1_1181' title='bbox 1846 2244 1902 2274; x_wconf 90' lang='lat' dir='ltr'>hoc</span> <span class='ocrx_word' id='word_1_1182' title='bbox 1923 2243 2135 2282; x_wconf 81' lang='lat' dir='ltr'>Praefigendos,</span> <span class='ocrx_word' id='word_1_1183' title='bbox 2154 2246 2187 2276; x_wconf 86' lang='lat'>&amp;</span> <span class='ocrx_word' id='word_1_1184' title='bbox 2206 2248 2294 2277; x_wconf 85' lang='lat' dir='ltr'>etiam</span> 
     </span>
     <span class='ocr_line' id='line_1_153' title="bbox 1236 2282 2294 2324; baseline 0.001 -10"><span class='ocrx_word' id='word_1_1185' title='bbox 1236 2283 1435 2324; x_wconf 86' lang='lat' dir='ltr'>Elongandos,</span> <span class='ocrx_word' id='word_1_1186' title='bbox 1473 2282 1593 2313; x_wconf 83' lang='lat' dir='ltr'>raemiffa</span> <span class='ocrx_word' id='word_1_1187' title='bbox 1606 2282 1702 2313; x_wconf 89' lang='lat' dir='ltr'>omnia</span> <span class='ocrx_word' id='word_1_1188' title='bbox 1721 2283 1754 2314; x_wconf 91' lang='lat'>&amp;</span> <span class='ocrx_word' id='word_1_1189' title='bbox 1773 2283 1877 2322; x_wconf 83' lang='lat' dir='ltr'>lingula</span> <span class='ocrx_word' id='word_1_1190' title='bbox 1895 2283 1997 2313; x_wconf 78' lang='lat' dir='ltr'>faciatis</span> <span class='ocrx_word' id='word_1_1191' title='bbox 2016 2282 2049 2314; x_wconf 74' lang='grc' dir='ltr'>δε</span> <span class='ocrx_word' id='word_1_1192' title='bbox 2066 2286 2244 2321; x_wconf 74' lang='lat' dir='ltr'>exequamini</span> <span class='ocrx_word' id='word_1_1193' title='bbox 2265 2286 2294 2315; x_wconf 90' lang='lat' dir='ltr'>in</span> 
     </span>
     <span class='ocr_line' id='line_1_154' title="bbox 1235 2322 1494 2360; baseline -0.004 -7"><span class='ocrx_word' id='word_1_1194' title='bbox 1235 2323 1328 2353; x_wconf 86' lang='lat' dir='ltr'>forma</span> <span class='ocrx_word' id='word_1_1195' title='bbox 1345 2322 1433 2360; x_wconf 80' lang='lat' dir='ltr'>praedi</span> <span class='ocrx_word' id='word_1_1196' title='bbox 1464 2332 1494 2352; x_wconf 85' lang='lat' dir='ltr'>a:</span> 
     </span>
    </p>

    <p class='ocr_par' dir='ltr' id='par_1_56' title="bbox 1235 2359 2299 2554">
     <span class='ocr_line' id='line_1_155' title="bbox 1273 2359 2299 2400; baseline 0.001 -8"><span class='ocrx_word' id='word_1_1197' title='bbox 1273 2362 1364 2399; x_wconf 89' lang='lat' dir='ltr'>Super</span> <span class='ocrx_word' id='word_1_1198' title='bbox 1381 2360 1526 2400; x_wconf 82' lang='lat' dir='ltr'>praemiffis</span> <span class='ocrx_word' id='word_1_1199' title='bbox 1544 2368 1637 2391; x_wconf 90' lang='lat' dir='ltr'>autern</span> <span class='ocrx_word' id='word_1_1200' title='bbox 1654 2360 1790 2391; x_wconf 86' lang='lat' dir='ltr'>omnibus</span> <span class='ocrx_word' id='word_1_1201' title='bbox 1808 2361 1842 2391; x_wconf 87' lang='lat'>&amp;</span> <span class='ocrx_word' id='word_1_1202' title='bbox 1859 2359 1968 2399; x_wconf 70' lang='lat' dir='ltr'>singulis</span> <span class='ocrx_word' id='word_1_1203' title='bbox 1982 2385 1992 2398; x_wconf 95' lang='lat'>,</span> <span class='ocrx_word' id='word_1_1204' title='bbox 2025 2360 2160 2391; x_wconf 50' lang='lat' dir='ltr'>faciendis</span> <span class='ocrx_word' id='word_1_1205' title='bbox 2177 2363 2209 2392; x_wconf 62' lang='grc' dir='ltr'>ὃ(</span> <span class='ocrx_word' id='word_1_1206' title='bbox 2227 2363 2299 2393; x_wconf 52' lang='lat' dir='ltr'>effen·</span> 
     </span>
     <span class='ocr_line' id='line_1_156' title="bbox 1237 2397 2297 2439; baseline 0.001 -9"><span class='ocrx_word' id='word_1_1207' title='bbox 1237 2400 1363 2431; x_wconf 66' lang='lat' dir='ltr'>&amp;naliter</span> <span class='ocrx_word' id='word_1_1208' title='bbox 1381 2400 1565 2438; x_wconf 86' lang='lat' dir='ltr'>adimplendis</span> <span class='ocrx_word' id='word_1_1209' title='bbox 1578 2423 1588 2438; x_wconf 94' lang='lat'>,</span> <span class='ocrx_word' id='word_1_1210' title='bbox 1605 2399 1715 2429; x_wconf 90' lang='lat' dir='ltr'>Damus</span> <span class='ocrx_word' id='word_1_1211' title='bbox 1730 2400 1763 2429; x_wconf 87' lang='lat'>&amp;</span> <span class='ocrx_word' id='word_1_1212' title='bbox 1785 2397 2004 2429; x_wconf 88' lang='lat' dir='ltr'>Committimus</span> <span class='ocrx_word' id='word_1_1213' title='bbox 2022 2399 2103 2429; x_wconf 79' lang='lat' dir='ltr'>vobis</span> <span class='ocrx_word' id='word_1_1214' title='bbox 2118 2424 2126 2437; x_wconf 84' lang='lat'><em>‚</em></span> <span class='ocrx_word' id='word_1_1215' title='bbox 2147 2401 2297 2439; x_wconf 53' lang='lat' dir='ltr'>Qgiatuor,</span> 
     </span>
     <span class='ocr_line' id='line_1_157' title="bbox 1235 2435 2298 2478; baseline 0.001 -9"><span class='ocrx_word' id='word_1_1216' title='bbox 1235 2439 1362 2476; x_wconf 81' lang='lat' dir='ltr'>Tribus,</span> <span class='ocrx_word' id='word_1_1217' title='bbox 1380 2439 1413 2470; x_wconf 65' lang='grc' dir='ltr'>ὃς</span> <span class='ocrx_word' id='word_1_1218' title='bbox 1428 2439 1553 2469; x_wconf 89' lang='lat' dir='ltr'>Duobus</span> <span class='ocrx_word' id='word_1_1219' title='bbox 1573 2435 1718 2476; x_wconf 67' lang='lat' dir='ltr'>vestrum,</span> <span class='ocrx_word' id='word_1_1220' title='bbox 1739 2439 1873 2476; x_wconf 85' lang='lat' dir='ltr'>(quorum</span> <span class='ocrx_word' id='word_1_1221' title='bbox 1895 2448 1960 2474; x_wconf 86' lang='lat' dir='ltr'>vos,</span> <span class='ocrx_word' id='word_1_1222' title='bbox 1974 2437 2095 2478; x_wconf 60' lang='lat' dir='ltr'>praefate</span> <span class='ocrx_word' id='word_1_1223' title='bbox 2115 2442 2191 2475; x_wconf 83' lang='lat' dir='ltr'>Rex,</span> <span class='ocrx_word' id='word_1_1224' title='bbox 2207 2450 2298 2470; x_wconf 78' lang='lat' dir='ltr'>unum</span> 
     </span>
     <span class='ocr_line' id='line_1_158' title="bbox 1238 2474 2297 2514; baseline 0 -6"><span class='ocrx_word' id='word_1_1225' title='bbox 1238 2477 1294 2508; x_wconf 84' lang='lat' dir='ltr'>effe</span> <span class='ocrx_word' id='word_1_1226' title='bbox 1307 2477 1452 2514; x_wconf 86' lang='lat' dir='ltr'>volumus)</span> <span class='ocrx_word' id='word_1_1227' title='bbox 1471 2486 1500 2507; x_wconf 86' lang='lat' dir='ltr'>ut</span> <span class='ocrx_word' id='word_1_1228' title='bbox 1516 2477 1711 2514; x_wconf 81' lang='lat' dir='ltr'>praemittitur,</span> <span class='ocrx_word' id='word_1_1229' title='bbox 1730 2476 1841 2514; x_wconf 88' lang='lat' dir='ltr'>plenam</span> <span class='ocrx_word' id='word_1_1230' title='bbox 1855 2476 1888 2506; x_wconf 92' lang='lat'>&amp;</span> <span class='ocrx_word' id='word_1_1231' title='bbox 1903 2474 2160 2514; x_wconf 81' lang='lat' dir='ltr'>libcrain,Tenore</span> <span class='ocrx_word' id='word_1_1232' title='bbox 2174 2478 2297 2508; x_wconf 64' lang='lat' dir='ltr'>Praesen-</span> 
     </span>
     <span class='ocr_line' id='line_1_159' title="bbox 1237 2515 1537 2554; baseline -0.003 -7"><span class='ocrx_word' id='word_1_1233' title='bbox 1237 2518 1327 2554; x_wconf 81' lang='lat' dir='ltr'>tium,</span> <span class='ocrx_word' id='word_1_1234' title='bbox 1346 2515 1537 2554; x_wconf 73' lang='lat' dir='ltr'>Pooestatem3</span> 
     </span>
    </p>

    <p class='ocr_par' dir='ltr' id='par_1_57' title="bbox 1239 2552 2302 2904">
     <span class='ocr_line' id='line_1_160' title="bbox 1279 2552 2299 2592; baseline 0 -7"><span class='ocrx_word' id='word_1_1235' title='bbox 1279 2555 1424 2585; x_wconf 81' lang='lat' dir='ltr'>Univerlis</span> <span class='ocrx_word' id='word_1_1236' title='bbox 1445 2556 1479 2586; x_wconf 86' lang='lat'>&amp;</span> <span class='ocrx_word' id='word_1_1237' title='bbox 1500 2553 1609 2592; x_wconf 82' lang='lat' dir='ltr'>singulis</span> <span class='ocrx_word' id='word_1_1238' title='bbox 1629 2552 1872 2590; x_wconf 89' lang='lat' dir='ltr'>Vicecomitibus,</span> <span class='ocrx_word' id='word_1_1239' title='bbox 1891 2552 2114 2583; x_wconf 76' lang='lat' dir='ltr'>Constabulariis</span> <span class='ocrx_word' id='word_1_1240' title='bbox 2129 2553 2299 2585; x_wconf 77' lang='lat' dir='ltr'>Castrorum</span> 
     </span>
     <span class='ocr_line' id='line_1_161' title="bbox 1241 2590 2299 2630; baseline -0.004 -5"><span class='ocrx_word' id='word_1_1241' title='bbox 1241 2595 1275 2626; x_wconf 88' lang='lat'>&amp;</span> <span class='ocrx_word' id='word_1_1242' title='bbox 1291 2594 1428 2625; x_wconf 91' lang='lat' dir='ltr'>Villarum</span> <span class='ocrx_word' id='word_1_1243' title='bbox 1445 2593 1618 2630; x_wconf 74' lang='lat' dir='ltr'>Maioribus,</span> <span class='ocrx_word' id='word_1_1244' title='bbox 1636 2591 1764 2630; x_wconf 72' lang='lat' dir='ltr'>Ballivis,</span> <span class='ocrx_word' id='word_1_1245' title='bbox 1784 2590 1939 2628; x_wconf 60' lang='lat' dir='ltr'>Ministris,</span> <span class='ocrx_word' id='word_1_1246' title='bbox 1958 2592 1991 2622; x_wconf 71' lang='grc' dir='ltr'>ὃ(</span> <span class='ocrx_word' id='word_1_1247' title='bbox 2006 2592 2061 2622; x_wconf 82' lang='lat' dir='ltr'>aliis</span> <span class='ocrx_word' id='word_1_1248' title='bbox 2084 2592 2225 2623; x_wconf 76' lang='lat' dir='ltr'>Fidelibus</span> <span class='ocrx_word' id='word_1_1249' title='bbox 2245 2604 2299 2622; x_wconf 80' lang='lat' dir='ltr'>no-</span> 
     </span>
     <span class='ocr_line' id='line_1_162' title="bbox 1242 2630 2299 2671; baseline -0.002 -8"><span class='ocrx_word' id='word_1_1250' title='bbox 1242 2633 1321 2671; x_wconf 87' lang='lat' dir='ltr'>stris,</span> <span class='ocrx_word' id='word_1_1251' title='bbox 1339 2633 1367 2662; x_wconf 91' lang='lat' dir='ltr'>in</span> <span class='ocrx_word' id='word_1_1252' title='bbox 1386 2632 1467 2662; x_wconf 61' lang='lat' dir='ltr'>dietis</span> <span class='ocrx_word' id='word_1_1253' title='bbox 1489 2631 1632 2668; x_wconf 84' lang='lat' dir='ltr'>Partibus,</span> <span class='ocrx_word' id='word_1_1254' title='bbox 1653 2632 1686 2661; x_wconf 72' lang='grc' dir='ltr'>ὃ(</span> <span class='ocrx_word' id='word_1_1255' title='bbox 1708 2630 1853 2660; x_wconf 85' lang='lat' dir='ltr'>Dominiis</span> <span class='ocrx_word' id='word_1_1256' title='bbox 1874 2630 1991 2668; x_wconf 88' lang='lat' dir='ltr'>nostris,</span> <span class='ocrx_word' id='word_1_1257' title='bbox 2012 2630 2136 2668; x_wconf 80' lang='lat' dir='ltr'>ibidem,</span> <span class='ocrx_word' id='word_1_1258' title='bbox 2155 2632 2214 2661; x_wconf 59' lang='lat' dir='ltr'>tim</span> <span class='ocrx_word' id='word_1_1259' title='bbox 2229 2632 2299 2662; x_wconf 76' lang='lat' dir='ltr'>infra</span> 
     </span>
     <span class='ocr_line' id='line_1_163' title="bbox 1242 2668 2302 2709; baseline -0.001 -8"><span class='ocrx_word' id='word_1_1260' title='bbox 1242 2671 1414 2709; x_wconf 86' lang='lat' dir='ltr'>Libertates,</span> <span class='ocrx_word' id='word_1_1261' title='bbox 1433 2669 1518 2708; x_wconf 65' lang='lat' dir='ltr'>quam</span> <span class='ocrx_word' id='word_1_1262' title='bbox 1542 2678 1632 2707; x_wconf 79' lang='lat' dir='ltr'>exrra,</span> <span class='ocrx_word' id='word_1_1263' title='bbox 1649 2668 1773 2707; x_wconf 79' lang='lat' dir='ltr'>Dantes,</span> <span class='ocrx_word' id='word_1_1264' title='bbox 1791 2669 1911 2698; x_wconf 89' lang='lat' dir='ltr'>Tenore</span> <span class='ocrx_word' id='word_1_1265' title='bbox 1934 2668 2118 2698; x_wconf 77' lang='lat' dir='ltr'>Praesentium</span> <span class='ocrx_word' id='word_1_1266' title='bbox 2133 2692 2141 2706; x_wconf 82' lang='lat'>,</span> <span class='ocrx_word' id='word_1_1267' title='bbox 2160 2671 2187 2698; x_wconf 88' lang='lat' dir='ltr'>in</span> <span class='ocrx_word' id='word_1_1268' title='bbox 2214 2669 2302 2700; x_wconf 84' lang='lat' dir='ltr'>Man-</span> 
     </span>
     <span class='ocr_line' id='line_1_164' title="bbox 1239 2706 2300 2748; baseline -0.002 -8"><span class='ocrx_word' id='word_1_1269' title='bbox 1239 2709 1309 2740; x_wconf 78' lang='lat' dir='ltr'>datis</span> <span class='ocrx_word' id='word_1_1270' title='bbox 1322 2708 1402 2748; x_wconf 74' lang='lat' dir='ltr'>quod</span> <span class='ocrx_word' id='word_1_1271' title='bbox 1415 2709 1513 2746; x_wconf 70' lang='lat' dir='ltr'>vobis,</span> <span class='ocrx_word' id='word_1_1272' title='bbox 1530 2706 1811 2746; x_wconf 75' lang='lat' dir='ltr'>Qatuor,Tribus‚</span> <span class='ocrx_word' id='word_1_1273' title='bbox 1830 2707 1863 2737; x_wconf 89' lang='lat'>&amp;</span> <span class='ocrx_word' id='word_1_1274' title='bbox 1881 2706 2005 2737; x_wconf 85' lang='lat' dir='ltr'>Duobus</span> <span class='ocrx_word' id='word_1_1275' title='bbox 2020 2706 2146 2738; x_wconf 65' lang='lat' dir='ltr'>vestrum</span> <span class='ocrx_word' id='word_1_1276' title='bbox 2164 2710 2300 2745; x_wconf 78' lang='lat' dir='ltr'>(quorum</span> 
     </span>
     <span class='ocr_line' id='line_1_165' title="bbox 1239 2745 2299 2786; baseline -0.001 -8"><span class='ocrx_word' id='word_1_1277' title='bbox 1239 2748 1318 2786; x_wconf 86' lang='lat' dir='ltr'>Vos,</span> <span class='ocrx_word' id='word_1_1278' title='bbox 1329 2746 1449 2786; x_wconf 84' lang='lat' dir='ltr'>praefate</span> <span class='ocrx_word' id='word_1_1279' title='bbox 1464 2750 1540 2785; x_wconf 82' lang='lat' dir='ltr'>Rex,</span> <span class='ocrx_word' id='word_1_1280' title='bbox 1559 2755 1649 2776; x_wconf 86' lang='lat' dir='ltr'>unum</span> <span class='ocrx_word' id='word_1_1281' title='bbox 1663 2747 1718 2776; x_wconf 72' lang='lat' dir='ltr'>elie</span> <span class='ocrx_word' id='word_1_1282' title='bbox 1731 2745 1876 2781; x_wconf 75' lang='lat' dir='ltr'>volumus)</span> <span class='ocrx_word' id='word_1_1283' title='bbox 1893 2747 1919 2775; x_wconf 89' lang='lat' dir='ltr'>in</span> <span class='ocrx_word' id='word_1_1284' title='bbox 1937 2747 2080 2781; x_wconf 70' lang='lat' dir='ltr'>praemillis</span> <span class='ocrx_word' id='word_1_1285' title='bbox 2104 2746 2245 2776; x_wconf 74' lang='lat' dir='ltr'>Faciendis</span> <span class='ocrx_word' id='word_1_1286' title='bbox 2266 2750 2299 2777; x_wconf 67' lang='lat' dir='ltr'>&amp;C</span> 
     </span>
     <span class='ocr_line' id='line_1_166' title="bbox 1239 2783 2298 2825; baseline -0.007 -7"><span class='ocrx_word' id='word_1_1287' title='bbox 1239 2787 1420 2825; x_wconf 79' lang='lat' dir='ltr'>Exequendis</span> <span class='ocrx_word' id='word_1_1288' title='bbox 1435 2811 1444 2824; x_wconf 86' lang='lat'>,</span> <span class='ocrx_word' id='word_1_1289' title='bbox 1463 2784 1642 2816; x_wconf 86' lang='lat' dir='ltr'>Intendentes</span> <span class='ocrx_word' id='word_1_1290' title='bbox 1664 2785 1714 2814; x_wconf 79' lang='lat' dir='ltr'>lint</span> <span class='ocrx_word' id='word_1_1291' title='bbox 1728 2807 1738 2822; x_wconf 84' lang='lat'>,</span> <span class='ocrx_word' id='word_1_1292' title='bbox 1764 2783 1980 2821; x_wconf 74' lang='lat' dir='ltr'>Respondentes</span> <span class='ocrx_word' id='word_1_1293' title='bbox 1995 2806 2004 2820; x_wconf 91' lang='lat'>,</span> <span class='ocrx_word' id='word_1_1294' title='bbox 2030 2783 2216 2814; x_wconf 49' lang='lat' dir='ltr'>Consulenaes·</span> <span class='ocrx_word' id='word_1_1295' title='bbox 2230 2807 2238 2821; x_wconf 83' lang='lat'>‚</span> <span class='ocrx_word' id='word_1_1296' title='bbox 2264 2788 2298 2816; x_wconf 83' lang='lat'>&amp;</span> 
     </span>
     <span class='ocr_line' id='line_1_167' title="bbox 1240 2822 2301 2863; baseline -0.003 -6"><span class='ocrx_word' id='word_1_1297' title='bbox 1240 2826 1410 2859; x_wconf 83' lang='lat' dir='ltr'>Auxiliantes</span> <span class='ocrx_word' id='word_1_1298' title='bbox 1433 2826 1563 2863; x_wconf 87' lang='lat' dir='ltr'>quotiens</span> <span class='ocrx_word' id='word_1_1299' title='bbox 1584 2825 1618 2855; x_wconf 75' lang='grc' dir='ltr'>δε</span> <span class='ocrx_word' id='word_1_1300' title='bbox 1638 2833 1722 2861; x_wconf 85' lang='lat' dir='ltr'>prout</span> <span class='ocrx_word' id='word_1_1301' title='bbox 1737 2824 1792 2860; x_wconf 87' lang='lat' dir='ltr'>eis,</span> <span class='ocrx_word' id='word_1_1302' title='bbox 1811 2823 1855 2852; x_wconf 84' lang='lat' dir='ltr'>seu</span> <span class='ocrx_word' id='word_1_1303' title='bbox 1869 2832 1967 2852; x_wconf 85' lang='lat' dir='ltr'>eorum</span> <span class='ocrx_word' id='word_1_1304' title='bbox 1983 2822 2081 2860; x_wconf 84' lang='lat' dir='ltr'>alicui,</span> <span class='ocrx_word' id='word_1_1305' title='bbox 2098 2823 2166 2852; x_wconf 81' lang='lat' dir='ltr'>scire</span> <span class='ocrx_word' id='word_1_1306' title='bbox 2180 2824 2301 2854; x_wconf 69' lang='lat' dir='ltr'>feceritis</span> 
     </span>
     <span class='ocr_line' id='line_1_168' title="bbox 1239 2863 2085 2904; baseline -0.002 -7"><span class='ocrx_word' id='word_1_1307' title='bbox 1239 2877 1273 2897; x_wconf 79' lang='lat' dir='ltr'>ex</span> <span class='ocrx_word' id='word_1_1308' title='bbox 1290 2873 1364 2903; x_wconf 80' lang='lat' dir='ltr'>parte</span> <span class='ocrx_word' id='word_1_1309' title='bbox 1379 2863 1492 2900; x_wconf 66' lang='lat' dir='ltr'>nostra,</span> <span class='ocrx_word' id='word_1_1310' title='bbox 1828 2900 1832 2904; x_wconf 40' lang='grc' dir='ltr'>Ι</span> <span class='ocrx_word' id='word_1_1311' title='bbox 1946 2899 1951 2904; x_wconf 28' lang='lat' dir='ltr'><em>q</em></span> <span class='ocrx_word' id='word_1_1312' title='bbox 2014 2899 2019 2904; x_wconf 45' lang='grc'><strong>,</strong></span> <span class='ocrx_word' id='word_1_1313' title='bbox 2075 2899 2085 2904; x_wconf 36' lang='lat' dir='ltr'>v</span> 
     </span>
    </p>

    <p class='ocr_par' dir='ltr' id='par_1_58' title="bbox 1237 2898 2296 3016">
     <span class='ocr_line' id='line_1_169' title="bbox 1277 2898 2296 2941; baseline -0.003 -7"><span class='ocrx_word' id='word_1_1314' title='bbox 1277 2904 1402 2941; x_wconf 87' lang='lat' dir='ltr'>Ratum,</span> <span class='ocrx_word' id='word_1_1315' title='bbox 1422 2902 1560 2937; x_wconf 78' lang='lat' dir='ltr'>Gratum,</span> <span class='ocrx_word' id='word_1_1316' title='bbox 1579 2901 1611 2930; x_wconf 84' lang='lat'>&amp;</span> <span class='ocrx_word' id='word_1_1317' title='bbox 1626 2899 1753 2929; x_wconf 83' lang='lat' dir='ltr'>Firmum</span> <span class='ocrx_word' id='word_1_1318' title='bbox 1769 2898 1890 2929; x_wconf 78' lang='lat' dir='ltr'>habituri</span> <span class='ocrx_word' id='word_1_1319' title='bbox 1905 2898 2040 2936; x_wconf 85' lang='lat' dir='ltr'>quicquid</span> <span class='ocrx_word' id='word_1_1320' title='bbox 2057 2898 2136 2937; x_wconf 51' lang='lat' dir='ltr'>Vos,</span> <span class='ocrx_word' id='word_1_1321' title='bbox 2153 2900 2296 2940; x_wconf 83' lang='lat' dir='ltr'>Qiatuor,</span> 
     </span>
     <span class='ocr_line' id='line_1_170' title="bbox 1237 2936 2296 2980; baseline -0.003 -6"><span class='ocrx_word' id='word_1_1322' title='bbox 1237 2944 1328 2980; x_wconf 89' lang='lat' dir='ltr'>Tres,</span> <span class='ocrx_word' id='word_1_1323' title='bbox 1347 2942 1392 2971; x_wconf 93' lang='lat' dir='ltr'>vel</span> <span class='ocrx_word' id='word_1_1324' title='bbox 1407 2940 1477 2970; x_wconf 91' lang='lat' dir='ltr'>Duo</span> <span class='ocrx_word' id='word_1_1325' title='bbox 1494 2937 1619 2969; x_wconf 69' lang='lat' dir='ltr'>vestium</span> <span class='ocrx_word' id='word_1_1326' title='bbox 1638 2940 1773 2975; x_wconf 77' lang='lat' dir='ltr'>(quorum</span> <span class='ocrx_word' id='word_1_1327' title='bbox 1799 2937 1874 2975; x_wconf 82' lang='lat' dir='ltr'>Vos,</span> <span class='ocrx_word' id='word_1_1328' title='bbox 1889 2936 2008 2976; x_wconf 71' lang='lat' dir='ltr'>praefizte</span> <span class='ocrx_word' id='word_1_1329' title='bbox 2030 2940 2109 2976; x_wconf 82' lang='lat' dir='ltr'>Rex,</span> <span class='ocrx_word' id='word_1_1330' title='bbox 2128 2948 2218 2970; x_wconf 86' lang='lat' dir='ltr'>unum</span> <span class='ocrx_word' id='word_1_1331' title='bbox 2239 2941 2296 2972; x_wconf 77' lang='lat' dir='ltr'>eise</span> 
     </span>
     <span class='ocr_line' id='line_1_171' title="bbox 1238 2975 2006 3016; baseline -0.009 -3"><span class='ocrx_word' id='word_1_1332' title='bbox 1238 2980 1382 3016; x_wconf 86' lang='lat' dir='ltr'>volumus)</span> <span class='ocrx_word' id='word_1_1333' title='bbox 1398 2979 1533 3009; x_wconf 84' lang='lat' dir='ltr'>Nomine</span> <span class='ocrx_word' id='word_1_1334' title='bbox 1550 2977 1649 3008; x_wconf 87' lang='lat' dir='ltr'>nostro</span> <span class='ocrx_word' id='word_1_1335' title='bbox 1663 2976 1795 3007; x_wconf 82' lang='lat' dir='ltr'>Feceritis</span> <span class='ocrx_word' id='word_1_1336' title='bbox 1809 2976 1837 3005; x_wconf 90' lang='lat' dir='ltr'>in</span> <span class='ocrx_word' id='word_1_1337' title='bbox 1851 2975 2006 3014; x_wconf 79' lang='lat' dir='ltr'>praeniilsis.</span> 
     </span>
    </p>

    <p class='ocr_par' dir='ltr' id='par_1_59' title="bbox 1275 3018 1503 3056">
     <span class='ocr_line' id='line_1_172' title="bbox 1275 3018 1503 3056; baseline -0.022 -5"><span class='ocrx_word' id='word_1_1338' title='bbox 1275 3021 1308 3051; x_wconf 90' lang='lat' dir='ltr'>In</span> <span class='ocrx_word' id='word_1_1339' title='bbox 1329 3019 1424 3056; x_wconf 70' lang='lat' dir='ltr'>cujus,</span> <span class='ocrx_word' id='word_1_1340' title='bbox 1443 3018 1503 3047; x_wconf 69' lang='lat' dir='ltr'>&amp;c</span> 
     </span>
    </p>

    <p class='ocr_par' dir='ltr' id='par_1_60' title="bbox 1311 3051 2256 3093">
     <span class='ocr_line' id='line_1_173' title="bbox 1311 3051 2256 3093; baseline -0.001 -6"><span class='ocrx_word' id='word_1_1341' title='bbox 1311 3057 1401 3089; x_wconf 81' lang='lat' dir='ltr'>Teste</span> <span class='ocrx_word' id='word_1_1342' title='bbox 1416 3055 1501 3093; x_wconf 76' lang='lat' dir='ltr'>Rege</span> <span class='ocrx_word' id='word_1_1343' title='bbox 1514 3052 1587 3092; x_wconf 84' lang='lat' dir='ltr'>apud</span> <span class='ocrx_word' id='word_1_1344' title='bbox 1600 3052 1889 3084; x_wconf 73' lang='lat' dir='ltr'>westmonasterium</span> <span class='ocrx_word' id='word_1_1345' title='bbox 1898 3076 1907 3091; x_wconf 83' lang='grc'>,</span> <span class='ocrx_word' id='word_1_1346' title='bbox 1926 3051 2001 3083; x_wconf 83' lang='lat' dir='ltr'>sexto</span> <span class='ocrx_word' id='word_1_1347' title='bbox 2014 3052 2059 3083; x_wconf 91' lang='lat' dir='ltr'>die</span> <span class='ocrx_word' id='word_1_1348' title='bbox 2070 3052 2256 3092; x_wconf 85' lang='lat' dir='ltr'>Septembris.</span> 
     </span>
    </p>
   </div>
   <div class='ocr_carea' id='block_1_18' title="bbox 1700 3132 2190 3173">
    <p class='ocr_par' dir='ltr' id='par_1_61' title="bbox 1700 3132 2190 3173">
     <span class='ocr_line' id='line_1_174' title="bbox 1700 3132 2190 3173; baseline 0.002 -10"><span class='ocrx_word' id='word_1_1349' title='bbox 1700 3136 1754 3163; x_wconf 80' lang='lat' dir='ltr'>Per</span> <span class='ocrx_word' id='word_1_1350' title='bbox 1772 3132 1854 3173; x_wconf 75' lang='lat' dir='ltr'>ipſscm</span> <span class='ocrx_word' id='word_1_1351' title='bbox 1872 3137 1968 3171; x_wconf 77' lang='lat' dir='ltr'>Regem</span> <span class='ocrx_word' id='word_1_1352' title='bbox 1984 3132 2022 3168; x_wconf 63' lang='grc' dir='ltr'>ὠ·</span> <span class='ocrx_word' id='word_1_1353' title='bbox 2039 3134 2190 3165; x_wconf 72' lang='lat' dir='ltr'>Concilium.</span> 
     </span>
    </p>
   </div>
   <div class='ocr_carea' id='block_1_19' title="bbox 1236 3207 2289 3223">
    <p class='ocr_par' dir='ltr' id='par_1_62' title="bbox 1236 3207 2289 3223">
     <span class='ocr_line' id='line_1_175' title="bbox 1236 3207 2289 3223; baseline 0 1028"><span class='ocrx_word' id='word_1_1354' title='bbox 1236 3207 2289 3223; x_wconf 95' lang='lat' dir='ltr'> </span> 
     </span>
    </p>
   </div>
   <div class='ocr_carea' id='block_1_20' title="bbox 1354 3256 2172 3341">
    <p class='ocr_par' dir='ltr' id='par_1_63' title="bbox 1354 3256 2172 3341">
     <span class='ocr_line' id='line_1_176' title="bbox 1354 3256 2172 3309; baseline -0.011 -10"><span class='ocrx_word' id='word_1_1355' title='bbox 1354 3269 1412 3299; x_wconf 83' lang='lat' dir='ltr'>Pro</span> <span class='ocrx_word' id='word_1_1356' title='bbox 1437 3267 1512 3309; x_wconf 75' lang='lat' dir='ltr'>Rege</span> <span class='ocrx_word' id='word_1_1357' title='bbox 1537 3258 1680 3304; x_wconf 55' lang='lat' dir='ltr'>Castalia,</span> <span class='ocrx_word' id='word_1_1358' title='bbox 1707 3259 1742 3292; x_wconf 85' lang='lat' dir='ltr'>de</span> <span class='ocrx_word' id='word_1_1359' title='bbox 1767 3256 1959 3302; x_wconf 70' lang='lat' dir='ltr'>Potestatibus</span> <span class='ocrx_word' id='word_1_1360' title='bbox 1982 3263 2014 3291; x_wconf 82' lang='lat' dir='ltr'>in</span> <span class='ocrx_word' id='word_1_1361' title='bbox 2030 3256 2172 3306; x_wconf 78' lang='lat' dir='ltr'>partibus</span> 
     </span>
     <span class='ocr_line' id='line_1_177' title="bbox 1656 3307 1891 3341; baseline 0 0"><span class='ocrx_word' id='word_1_1362' title='bbox 1656 3307 1891 3341; x_wconf 74' lang='lat' dir='ltr'>Marchiarum.</span> 
     </span>
    </p>
   </div>
   <div class='ocr_carea' id='block_1_21' title="bbox 1230 3391 2446 4115">
    <p class='ocr_par' dir='ltr' id='par_1_64' title="bbox 1230 3391 2446 3627">
     <span class='ocr_line' id='line_1_178' title="bbox 1241 3391 2446 3458; baseline -0.007 -26"><span class='ocrx_word' id='word_1_1363' title='bbox 1241 3398 1358 3458; x_wconf 79' lang='lat' dir='ltr'>REX</span> <span class='ocrx_word' id='word_1_1364' title='bbox 1378 3396 1508 3430; x_wconf 78' lang='lat' dir='ltr'>universis</span> <span class='ocrx_word' id='word_1_1365' title='bbox 1528 3395 1561 3426; x_wconf 73' lang='grc' dir='ltr'>δε</span> <span class='ocrx_word' id='word_1_1366' title='bbox 1580 3392 1691 3434; x_wconf 82' lang='lat' dir='ltr'>singulis</span> <span class='ocrx_word' id='word_1_1367' title='bbox 1713 3392 1937 3431; x_wconf 80' lang='lat' dir='ltr'>Archiepiscopis</span> <span class='ocrx_word' id='word_1_1368' title='bbox 1950 3415 1959 3430; x_wconf 89' lang='lat'>‚</span> <span class='ocrx_word' id='word_1_1369' title='bbox 1985 3391 2145 3423; x_wconf 86' lang='lat' dir='ltr'>Abbatibus</span> <span class='ocrx_word' id='word_1_1370' title='bbox 2157 3415 2166 3430; x_wconf 90' lang='lat'>‚</span> <span class='ocrx_word' id='word_1_1371' title='bbox 2186 3392 2293 3424; x_wconf 87' lang='lat' dir='ltr'>Priori·</span> <span class='ocrx_word' id='word_1_1372' title='bbox 2310 3400 2387 3433; x_wconf 53' lang='lat' dir='ltr'>Am„</span> <span class='ocrx_word' id='word_1_1373' title='bbox 2403 3401 2446 3437; x_wconf 65' lang='lat' dir='ltr'>D:</span> 
     </span>
     <span class='ocr_line' id='line_1_179' title="bbox 1318 3430 2422 3476; baseline -0.014 -6"><span class='ocrx_word' id='word_1_1374' title='bbox 1318 3441 1368 3469; x_wconf 88' lang='lat' dir='ltr'>bus</span> <span class='ocrx_word' id='word_1_1375' title='bbox 1380 3462 1388 3476; x_wconf 92' lang='lat'>‚</span> <span class='ocrx_word' id='word_1_1376' title='bbox 1408 3435 1586 3471; x_wconf 87' lang='lat' dir='ltr'>Comitibus,</span> <span class='ocrx_word' id='word_1_1377' title='bbox 1606 3434 1778 3470; x_wconf 88' lang='lat' dir='ltr'>Baronibus,</span> <span class='ocrx_word' id='word_1_1378' title='bbox 1796 3430 1970 3461; x_wconf 84' lang='lat' dir='ltr'>Custodibus</span> <span class='ocrx_word' id='word_1_1379' title='bbox 1992 3430 2186 3474; x_wconf 65' lang='lat' dir='ltr'>Marqhiarum</span> <span class='ocrx_word' id='word_1_1380' title='bbox 2202 3456 2211 3470; x_wconf 76' lang='lat'>,</span> <span class='ocrx_word' id='word_1_1381' title='bbox 2231 3432 2294 3464; x_wconf 78' lang='lat' dir='ltr'>Re-</span> <span class='ocrx_word' id='word_1_1382' title='bbox 2336 3443 2422 3473; x_wconf 62' lang='lat'>1⁶80.</span> 
     </span>
     <span class='ocr_line' id='line_1_180' title="bbox 1236 3463 2405 3518; baseline -0.001 -9"><span class='ocrx_word' id='word_1_1383' title='bbox 1236 3478 1288 3514; x_wconf 84' lang='lat' dir='ltr'>gni</span> <span class='ocrx_word' id='word_1_1384' title='bbox 1303 3477 1392 3508; x_wconf 86' lang='lat' dir='ltr'>nostri</span> <span class='ocrx_word' id='word_1_1385' title='bbox 1407 3469 1787 3513; x_wconf 77' lang='lat' dir='ltr'>Angliae,MarchiisScotiae</span> <span class='ocrx_word' id='word_1_1386' title='bbox 1807 3470 2012 3507; x_wconf 79' lang='lat' dir='ltr'>adjacentium,</span> <span class='ocrx_word' id='word_1_1387' title='bbox 2032 3468 2188 3508; x_wconf 74' lang='lat' dir='ltr'>Militibus,</span> <span class='ocrx_word' id='word_1_1388' title='bbox 2206 3470 2249 3501; x_wconf 83' lang='lat' dir='ltr'>Ca</span> <span class='ocrx_word' id='word_1_1389' title='bbox 2271 3473 2293 3501; x_wconf 90' lang='lat' dir='ltr'>i-</span> <span class='ocrx_word' id='word_1_1390' title='bbox 2311 3463 2405 3518; x_wconf 59' lang='lat' dir='ltr'>An.³4.</span> 
     </span>
     <span class='ocr_line' id='line_1_181' title="bbox 1235 3507 2390 3555; baseline -0.01 -8"><span class='ocrx_word' id='word_1_1391' title='bbox 1235 3518 1336 3555; x_wconf 84' lang='lat' dir='ltr'>taneis,</span> <span class='ocrx_word' id='word_1_1392' title='bbox 1353 3514 1529 3548; x_wconf 77' lang='lat' dir='ltr'>Castellanis,</span> <span class='ocrx_word' id='word_1_1393' title='bbox 1546 3509 1722 3541; x_wconf 88' lang='lat' dir='ltr'>Custodibus</span> <span class='ocrx_word' id='word_1_1394' title='bbox 1736 3508 1903 3538; x_wconf 87' lang='lat' dir='ltr'>Castrorum</span> <span class='ocrx_word' id='word_1_1395' title='bbox 1916 3508 1949 3538; x_wconf 74' lang='grc' dir='ltr'>δε</span> <span class='ocrx_word' id='word_1_1396' title='bbox 1972 3507 2204 3547; x_wconf 88' lang='lat' dir='ltr'>Fortaliciorum,</span> <span class='ocrx_word' id='word_1_1397' title='bbox 2261 3521 2289 3539; x_wconf 79' lang='lat' dir='ltr'>a·</span> <span class='ocrx_word' id='word_1_1398' title='bbox 2312 3523 2340 3546; x_wconf 81' lang='lat' dir='ltr'>R.</span> <span class='ocrx_word' id='word_1_1399' title='bbox 2362 3529 2390 3547; x_wconf 44' lang='lat'>2·</span> 
     </span>
     <span class='ocr_line' id='line_1_182' title="bbox 1230 3545 2419 3595; baseline -0.006 -11"><span class='ocrx_word' id='word_1_1400' title='bbox 1230 3554 1359 3594; x_wconf 81' lang='lat' dir='ltr'>joribus,</span> <span class='ocrx_word' id='word_1_1401' title='bbox 1381 3550 1607 3584; x_wconf 86' lang='lat' dir='ltr'>Vicccomitibus</span> <span class='ocrx_word' id='word_1_1402' title='bbox 1622 3574 1631 3587; x_wconf 82' lang='grc'><em>,</em></span> <span class='ocrx_word' id='word_1_1403' title='bbox 1652 3545 1760 3579; x_wconf 82' lang='lat' dir='ltr'>Ballivis</span> <span class='ocrx_word' id='word_1_1404' title='bbox 1775 3570 1784 3586; x_wconf 93' lang='lat'>,</span> <span class='ocrx_word' id='word_1_1405' title='bbox 1805 3545 1943 3576; x_wconf 80' lang='lat' dir='ltr'>Ministris</span> <span class='ocrx_word' id='word_1_1406' title='bbox 1957 3570 1967 3582; x_wconf 91' lang='lat'>,</span> <span class='ocrx_word' id='word_1_1407' title='bbox 1995 3546 2087 3583; x_wconf 83' lang='lat' dir='ltr'>Ligeis</span> <span class='ocrx_word' id='word_1_1408' title='bbox 2110 3546 2233 3578; x_wconf 81' lang='lat' dir='ltr'>Subditis</span> <span class='ocrx_word' id='word_1_1409' title='bbox 2256 3550 2289 3579; x_wconf 73' lang='grc' dir='ltr'>δε</span> <span class='ocrx_word' id='word_1_1410' title='bbox 2310 3562 2375 3586; x_wconf 81' lang='lat' dir='ltr'>Scot.</span> <span class='ocrx_word' id='word_1_1411' title='bbox 2389 3568 2419 3595; x_wconf 46' lang='lat'>4,</span> 
     </span>
     <span class='ocr_line' id='line_1_183' title="bbox 1235 3584 2443 3627; baseline -0.008 -5"><span class='ocrx_word' id='word_1_1412' title='bbox 1235 3593 1376 3624; x_wconf 89' lang='lat' dir='ltr'>Fidelibus</span> <span class='ocrx_word' id='word_1_1413' title='bbox 1391 3591 1491 3622; x_wconf 79' lang='lat' dir='ltr'>nostris</span> <span class='ocrx_word' id='word_1_1414' title='bbox 1507 3587 1751 3627; x_wconf 85' lang='lat' dir='ltr'>quibuscumque,</span> <span class='ocrx_word' id='word_1_1415' title='bbox 1767 3585 1801 3615; x_wconf 84' lang='lat' dir='ltr'>ad</span> <span class='ocrx_word' id='word_1_1416' title='bbox 1819 3595 1890 3622; x_wconf 84' lang='lat' dir='ltr'>quos</span> <span class='ocrx_word' id='word_1_1417' title='bbox 1897 3607 1907 3623; x_wconf 84' lang='lat'>,</span> <span class='ocrx_word' id='word_1_1418' title='bbox 1925 3584 1984 3615; x_wconf 83' lang='lat' dir='ltr'>&amp;c-</span> <span class='ocrx_word' id='word_1_1419' title='bbox 2024 3585 2158 3615; x_wconf 83' lang='lat' dir='ltr'>Salutem.</span> <span class='ocrx_word' id='word_1_1420' title='bbox 2310 3600 2340 3624; x_wconf 84' lang='lat' dir='ltr'>R.</span> <span class='ocrx_word' id='word_1_1421' title='bbox 2361 3607 2388 3626; x_wconf 48' lang='lat'>2·</span> <span class='ocrx_word' id='word_1_1422' title='bbox 2403 3600 2443 3626; x_wconf 68' lang='lat' dir='ltr'>m:</span> 
     </span>
    </p>

    <p class='ocr_par' dir='ltr' id='par_1_65' title="bbox 1273 3629 2441 3670">
     <span class='ocr_line' id='line_1_184' title="bbox 1273 3629 2441 3670; baseline -0.009 -9"><span class='ocrx_word' id='word_1_1423' title='bbox 1273 3631 1371 3663; x_wconf 86' lang='lat' dir='ltr'>Sciatis</span> <span class='ocrx_word' id='word_1_1424' title='bbox 1390 3629 1485 3669; x_wconf 80' lang='lat' dir='ltr'>quod,</span> <span class='ocrx_word' id='word_1_1425' title='bbox 2310 3644 2340 3670; x_wconf 48' lang='lat'>9·</span> <span class='ocrx_word' id='word_1_1426' title='bbox 2438 3630 2441 3633; x_wconf 59' lang='lat'><em>⁴</em></span> 
     </span>
    </p>

    <p class='ocr_par' dir='ltr' id='par_1_66' title="bbox 1273 3669 2274 3708">
     <span class='ocr_line' id='line_1_185' title="bbox 1273 3669 2274 3708; baseline -0.008 -9"><span class='ocrx_word' id='word_1_1427' title='bbox 1273 3669 1352 3701; x_wconf 91' lang='lat' dir='ltr'>Cum</span> <span class='ocrx_word' id='word_1_1428' title='bbox 1371 3669 1455 3705; x_wconf 83' lang='lat' dir='ltr'>Nos,</span> <span class='ocrx_word' id='word_1_1429' title='bbox 1840 3702 1844 3707; x_wconf 35' lang='lat'><strong>·</strong></span> <span class='ocrx_word' id='word_1_1430' title='bbox 1935 3701 1940 3707; x_wconf 33' lang='lat'>⁸</span> <span class='ocrx_word' id='word_1_1431' title='bbox 2009 3702 2014 3707; x_wconf 32' lang='lat'><strong><em>‘</em></strong></span> <span class='ocrx_word' id='word_1_1432' title='bbox 2166 3701 2170 3707; x_wconf 40' lang='grc' dir='ltr'>Ι</span> <span class='ocrx_word' id='word_1_1433' title='bbox 2269 3703 2274 3708; x_wconf 32' lang='lat'>¹</span> 
     </span>
    </p>

    <p class='ocr_par' dir='ltr' id='par_1_67' title="bbox 1233 3699 2290 3824">
     <span class='ocr_line' id='line_1_186' title="bbox 1270 3699 2290 3743; baseline -0.008 -4"><span class='ocrx_word' id='word_1_1434' title='bbox 1270 3707 1318 3739; x_wconf 91' lang='lat' dir='ltr'>De</span> <span class='ocrx_word' id='word_1_1435' title='bbox 1333 3709 1491 3743; x_wconf 74' lang='lat' dir='ltr'>Probitate,</span> <span class='ocrx_word' id='word_1_1436' title='bbox 1512 3702 1667 3740; x_wconf 75' lang='lat' dir='ltr'>Fidelitite,</span> <span class='ocrx_word' id='word_1_1437' title='bbox 1677 3703 1710 3734; x_wconf 87' lang='lat'>&amp;</span> <span class='ocrx_word' id='word_1_1438' title='bbox 1726 3699 1863 3732; x_wconf 59' lang='lat' dir='ltr'>Industria</span> <span class='ocrx_word' id='word_1_1439' title='bbox 1887 3700 2015 3732; x_wconf 78' lang='lat' dir='ltr'>carissimi</span> <span class='ocrx_word' id='word_1_1440' title='bbox 2030 3701 2171 3731; x_wconf 76' lang='lat' dir='ltr'>Avunculi</span> <span class='ocrx_word' id='word_1_1441' title='bbox 2185 3701 2290 3740; x_wconf 83' lang='lat' dir='ltr'>nostri,</span> 
     </span>
     <span class='ocr_line' id='line_1_187' title="bbox 1233 3740 2290 3784; baseline -0.006 -7"><span class='ocrx_word' id='word_1_1442' title='bbox 1233 3745 1374 3784; x_wconf 81' lang='lat' dir='ltr'>Johannis</span> <span class='ocrx_word' id='word_1_1443' title='bbox 1396 3749 1472 3783; x_wconf 72' lang='lat' dir='ltr'>Regis</span> <span class='ocrx_word' id='word_1_1444' title='bbox 1495 3742 1616 3782; x_wconf 76' lang='lat' dir='ltr'>Castellae</span> <span class='ocrx_word' id='word_1_1445' title='bbox 1638 3742 1676 3777; x_wconf 60' lang='grc' dir='ltr'>ᾤ’</span> <span class='ocrx_word' id='word_1_1446' title='bbox 1699 3744 1823 3778; x_wconf 78' lang='lat' dir='ltr'>Legionis</span> <span class='ocrx_word' id='word_1_1447' title='bbox 1838 3764 1847 3779; x_wconf 86' lang='lat'>,</span> <span class='ocrx_word' id='word_1_1448' title='bbox 1899 3742 1958 3771; x_wconf 89' lang='lat' dir='ltr'>ucis</span> <span class='ocrx_word' id='word_1_1449' title='bbox 1980 3740 2169 3777; x_wconf 53' lang='lat' dir='ltr'>Lancastrke,</span> <span class='ocrx_word' id='word_1_1450' title='bbox 2189 3741 2290 3771; x_wconf 68' lang='lat' dir='ltr'>intime</span> 
     </span>
     <span class='ocr_line' id='line_1_188' title="bbox 1235 3785 1934 3824; baseline -0.009 -9"><span class='ocrx_word' id='word_1_1451' title='bbox 1235 3785 1425 3821; x_wconf 79' lang='lat' dir='ltr'>confidentes,</span> <span class='ocrx_word' id='word_1_1452' title='bbox 1797 3819 1802 3824; x_wconf 25' lang='grc' dir='ltr'>ι</span> <span class='ocrx_word' id='word_1_1453' title='bbox 1817 3819 1831 3823; x_wconf 93' lang='lat'>..</span> <span class='ocrx_word' id='word_1_1454' title='bbox 1929 3819 1934 3823; x_wconf 26' lang='grc' dir='ltr'><em>η</em></span> 
     </span>
    </p>

    <p class='ocr_par' dir='ltr' id='par_1_68' title="bbox 1270 3817 1952 3855">
     <span class='ocr_line' id='line_1_189' title="bbox 1270 3817 1952 3855; baseline -0.012 -1"><span class='ocrx_word' id='word_1_1455' title='bbox 1270 3823 1318 3854; x_wconf 91' lang='lat' dir='ltr'>De</span> <span class='ocrx_word' id='word_1_1456' title='bbox 1336 3824 1449 3854; x_wconf 84' lang='lat' dir='ltr'>Affensu</span> <span class='ocrx_word' id='word_1_1457' title='bbox 1463 3822 1496 3851; x_wconf 70' lang='lat'>8:</span> <span class='ocrx_word' id='word_1_1458' title='bbox 1510 3820 1691 3850; x_wconf 70' lang='lat' dir='ltr'>Aviiamento</span> <span class='ocrx_word' id='word_1_1459' title='bbox 1707 3817 1833 3848; x_wconf 85' lang='lat' dir='ltr'>Conciln</span> <span class='ocrx_word' id='word_1_1460' title='bbox 1847 3817 1952 3855; x_wconf 84' lang='lat' dir='ltr'>nostri,</span> 
     </span>
    </p>

    <p class='ocr_par' dir='ltr' id='par_1_69' title="bbox 1233 3855 2291 4048">
     <span class='ocr_line' id='line_1_190' title="bbox 1269 3855 2289 3902; baseline -0.006 -9"><span class='ocrx_word' id='word_1_1461' title='bbox 1269 3862 1505 3902; x_wconf 77' lang='lat' dir='ltr'>Affignaverimus</span> <span class='ocrx_word' id='word_1_1462' title='bbox 1517 3859 1607 3896; x_wconf 89' lang='lat' dir='ltr'>ipsum</span> <span class='ocrx_word' id='word_1_1463' title='bbox 1627 3857 1812 3888; x_wconf 87' lang='lat' dir='ltr'>Avunculum</span> <span class='ocrx_word' id='word_1_1464' title='bbox 1828 3856 1974 3893; x_wconf 83' lang='lat' dir='ltr'>nostrum,</span> <span class='ocrx_word' id='word_1_1465' title='bbox 1992 3864 2024 3885; x_wconf 81' lang='lat' dir='ltr'>ac</span> <span class='ocrx_word' id='word_1_1466' title='bbox 2047 3864 2137 3885; x_wconf 69' lang='lat' dir='ltr'>certos</span> <span class='ocrx_word' id='word_1_1467' title='bbox 2159 3855 2224 3886; x_wconf 68' lang='lat' dir='ltr'>alios</span> <span class='ocrx_word' id='word_1_1468' title='bbox 2243 3855 2289 3887; x_wconf 82' lang='lat' dir='ltr'>Fi-</span> 
     </span>
     <span class='ocr_line' id='line_1_191' title="bbox 1233 3894 2289 3936; baseline -0.007 -4"><span class='ocrx_word' id='word_1_1469' title='bbox 1233 3900 1307 3931; x_wconf 87' lang='lat' dir='ltr'>deles</span> <span class='ocrx_word' id='word_1_1470' title='bbox 1325 3901 1435 3931; x_wconf 86' lang='lat' dir='ltr'>nostros</span> <span class='ocrx_word' id='word_1_1471' title='bbox 1449 3923 1457 3936; x_wconf 88' lang='lat'>,</span> <span class='ocrx_word' id='word_1_1472' title='bbox 1475 3897 1508 3927; x_wconf 80' lang='lat' dir='ltr'>ad</span> <span class='ocrx_word' id='word_1_1473' title='bbox 1530 3896 1743 3933; x_wconf 76' lang='lat' dir='ltr'>Corrigendum</span> <span class='ocrx_word' id='word_1_1474' title='bbox 1760 3919 1769 3933; x_wconf 84' lang='lat'>,</span> <span class='ocrx_word' id='word_1_1475' title='bbox 1790 3894 2018 3924; x_wconf 76' lang='lat' dir='ltr'>Reformandum</span> <span class='ocrx_word' id='word_1_1476' title='bbox 2034 3916 2043 3930; x_wconf 92' lang='lat'>,</span> <span class='ocrx_word' id='word_1_1477' title='bbox 2069 3895 2101 3924; x_wconf 60' lang='grc' dir='ltr'>ἃ*</span> <span class='ocrx_word' id='word_1_1478' title='bbox 2125 3896 2151 3923; x_wconf 68' lang='lat' dir='ltr'>in</span> <span class='ocrx_word' id='word_1_1479' title='bbox 2178 3894 2289 3925; x_wconf 63' lang='lat' dir='ltr'>Staissum</span> 
     </span>
     <span class='ocr_line' id='line_1_192' title="bbox 1235 3932 2289 3970; baseline -0.007 0"><span class='ocrx_word' id='word_1_1480' title='bbox 1235 3939 1363 3970; x_wconf 90' lang='lat' dir='ltr'>debitum</span> <span class='ocrx_word' id='word_1_1481' title='bbox 1386 3936 1593 3967; x_wconf 88' lang='lat' dir='ltr'>Reducendurn</span> <span class='ocrx_word' id='word_1_1482' title='bbox 1617 3932 1725 3965; x_wconf 83' lang='lat' dir='ltr'>Omnia</span> <span class='ocrx_word' id='word_1_1483' title='bbox 1747 3936 1779 3965; x_wconf 70' lang='grc' dir='ltr'>δε</span> <span class='ocrx_word' id='word_1_1484' title='bbox 1800 3933 1919 3969; x_wconf 69' lang='lat' dir='ltr'>lingula,</span> <span class='ocrx_word' id='word_1_1485' title='bbox 1939 3932 2110 3969; x_wconf 64' lang='lat' dir='ltr'>Aitempram</span> <span class='ocrx_word' id='word_1_1486' title='bbox 2127 3933 2171 3962; x_wconf 66' lang='lat' dir='ltr'>ssu</span> <span class='ocrx_word' id='word_1_1487' title='bbox 2189 3933 2289 3970; x_wconf 56' lang='lat' dir='ltr'>fasta,</span> 
     </span>
     <span class='ocr_line' id='line_1_193' title="bbox 1237 3969 2291 4016; baseline -0.007 -8"><span class='ocrx_word' id='word_1_1488' title='bbox 1237 3988 1286 4015; x_wconf 86' lang='lat' dir='ltr'>per</span> <span class='ocrx_word' id='word_1_1489' title='bbox 1297 3978 1490 4016; x_wconf 85' lang='lat' dir='ltr'>quoscumque</span> <span class='ocrx_word' id='word_1_1490' title='bbox 1505 3973 1614 4003; x_wconf 89' lang='lat' dir='ltr'>Incolas</span> <span class='ocrx_word' id='word_1_1491' title='bbox 1628 3982 1674 4003; x_wconf 89' lang='lat' dir='ltr'>aut</span> <span class='ocrx_word' id='word_1_1492' title='bbox 1691 3972 1824 4002; x_wconf 77' lang='lat' dir='ltr'>Subditos</span> <span class='ocrx_word' id='word_1_1493' title='bbox 1839 3971 1933 4009; x_wconf 81' lang='lat' dir='ltr'>Regni</span> <span class='ocrx_word' id='word_1_1494' title='bbox 1947 3969 2034 4000; x_wconf 87' lang='lat' dir='ltr'>nostri</span> <span class='ocrx_word' id='word_1_1495' title='bbox 2047 3971 2158 4009; x_wconf 56' lang='lat' dir='ltr'>Anglii:</span> <span class='ocrx_word' id='word_1_1496' title='bbox 2168 3994 2178 4009; x_wconf 90' lang='lat'>,</span> <span class='ocrx_word' id='word_1_1497' title='bbox 2194 3981 2291 4001; x_wconf 87' lang='lat' dir='ltr'>contra</span> 
     </span>
     <span class='ocr_line' id='line_1_194' title="bbox 1237 4011 1882 4048; baseline -0.016 0"><span class='ocrx_word' id='word_1_1498' title='bbox 1237 4017 1362 4048; x_wconf 83' lang='lat' dir='ltr'>formam</span> <span class='ocrx_word' id='word_1_1499' title='bbox 1375 4013 1612 4044; x_wconf 86' lang='lat' dir='ltr'>Conventionum</span> <span class='ocrx_word' id='word_1_1500' title='bbox 1627 4011 1671 4041; x_wconf 91' lang='lat' dir='ltr'>seu</span> <span class='ocrx_word' id='word_1_1501' title='bbox 1687 4011 1882 4048; x_wconf 82' lang='lat' dir='ltr'>Treugarum,</span> 
     </span>
    </p>

    <p class='ocr_par' dir='ltr' id='par_1_70' title="bbox 1273 4048 2291 4115">
     <span class='ocr_line' id='line_1_195' title="bbox 1273 4048 2291 4115; baseline -0.011 -30"><span class='ocrx_word' id='word_1_1502' title='bbox 1273 4054 1377 4093; x_wconf 87' lang='lat' dir='ltr'>Nuper</span> <span class='ocrx_word' id='word_1_1503' title='bbox 1400 4053 1536 4084; x_wconf 63' lang='lat' dir='ltr'>netarum</span> <span class='ocrx_word' id='word_1_1504' title='bbox 1555 4050 1589 4081; x_wconf 69' lang='grc' dir='ltr'>ὃς</span> <span class='ocrx_word' id='word_1_1505' title='bbox 1610 4050 1741 4081; x_wconf 84' lang='lat' dir='ltr'>initaium</span> <span class='ocrx_word' id='word_1_1506' title='bbox 1762 4050 1833 4115; x_wconf 61' lang='lat' dir='ltr'>iger</span> <span class='ocrx_word' id='word_1_1507' title='bbox 1854 4048 2017 4078; x_wconf 88' lang='lat' dir='ltr'>Dominum</span> <span class='ocrx_word' id='word_1_1508' title='bbox 2038 4049 2076 4077; x_wconf 85' lang='lat' dir='ltr'>E.</span> <span class='ocrx_word' id='word_1_1509' title='bbox 2096 4057 2184 4086; x_wconf 79' lang='lat' dir='ltr'>nuper</span> <span class='ocrx_word' id='word_1_1510' title='bbox 2197 4049 2291 4113; x_wconf 46' lang='lat' dir='ltr'>Regni</span> 
     </span>
    </p>

    <p class='ocr_par' dir='ltr' id='par_1_71' title="bbox 2263 4095 2294 4113">
     <span class='ocr_line' id='line_1_196' title="bbox 2263 4095 2294 4113; baseline 0 -7"><span class='ocrx_word' id='word_1_1511' title='bbox 2263 4095 2294 4113; x_wconf 70' lang='lat' dir='ltr'>no-</span> 
     </span>
    </p>
   </div>
  </div>
 </body>
</html>
