2561 4251
19 202 98 232 Ann.
113 199 156 232 D.

20 247 133 317 2237}

22 1063 38 1079 ⁹
50 1062 119 1090 vu.

664 97 1237 148 CONVENTIO

791 190 985 222 Eleetionibus
1008 188 1139 217 Dominus
1160 185 1238 221 Papa

162 120 214 168 56

210 201 256 232 Ιτ
267 209 284 231 E
295 209 340 238 M,
359 205 495 238 quantum
511 194 545 225 ad
562 194 724 225 Articulum
739 193 776 223 de

174 240 333 279 respondit,
1105 263 1110 269 ι

214 278 309 318 Qiod
323 300 333 314 ,
359 281 496 313 quantum
515 271 549 303 ad
570 269 751 302 Cathedrales
771 267 909 299 Ecclesias
922 290 932 303 ,
965 263 1183 308 Reservationes
1202 258 1237 290 &

175 318 355 350 Provisiones
366 313 509 343 dimittere
521 320 581 341 non
597 309 733 346 intendit,
752 307 806 344 set,
824 306 858 336 ad
880 301 1236 347 Reverentiam*Domim

172 356 264 387 nostri
286 354 388 391 Regis,
406 351 475 380 dixit
496 349 523 380 se
543 349 633 386 velle,
648 355 817 378 occurrente
838 344 998 374 Vacatione
1017 341 1110 380 aliqua
1130 337 1239 380 Cathe-

171 396 254 427 dralis
272 390 424 426 Ecclefiae,
442 390 471 418 in
491 388 633 424 futurum,
653 396 702 423 per
722 394 836 421 tempus
855 381 998 414 Notabile
1017 379 1166 418 expectare
1179 400 1190 414 ,
1205 384 1237 405 in

171 442 280 466 tantum
297 429 377 468 qubd
391 427 506 458 Eieetio
518 425 701 457 verisimiliter
714 422 799 462 possit
810 422 844 452 ad
851 421 971 452 Curiam
980 419 1145 450 Romanam
1153 422 1238 445 com-

170 471 260 504 mode
274 468 438 507 pervenire,
457 466 510 503 &,
528 466 547 495 fi
563 466 610 494 (ibi
626 463 746 493 Persona
763 460 903 492 sufficiens
916 462 948 492 &
962 458 1064 502 idonea
1085 454 1238 498 praesente7

169 520 233 548 tur,
252 507 345 546 potius
359 505 520 544 providebit
536 503 657 540 Eiecto,
675 503 708 533 &
726 500 859 531 Domino
873 499 972 530 nostro
985 497 1078 535 Regi,
1096 493 1240 536 Scribenu

172 546 362 586 imposterum
377 546 406 574 in
421 542 532 582 praefata
546 542 822 579 materia‚quantum
836 539 894 570 sine
908 537 968 569 Dei
981 533 1090 567 offensa
1105 529 1241 568 notabili,

173 590 208 620 &c
221 587 292 618 salva
308 582 496 620 conscientia,
514 581 719 619 complacebit.

210 662 338 700 ΙτΕΜ,
360 668 497 700 quantum
513 658 547 689 ad
567 657 727 688 Articulum
742 655 779 686 de
795 654 985 696 Dignitatibus
1006 650 1159 694 Elefflvis,
1179 646 1241 678 Ab·

173 703 271 741 batiis,
287 700 476 735 prioratibus,
494 698 528 729 &
542 697 735 734 Hospitalibus
750 697 882 726 Dominus
897 696 972 731 Papa
986 689 1165 728 Respondit,

211 739 307 780 Qiod
323 762 333 778 ,
356 746 496 778 quantum
519 736 553 766 ad
579 734 753 767 Monasteria
768 759 778 773 ,
810 743 870 765 non
893 729 1062 763 occurrebat
1087 727 1218 771 sibi-quo

171 780 329 819 quicquam
341 778 445 809 fecerat
459 777 488 806 in
502 774 698 813 praejudicium
712 775 773 805 &c.
788 773 843 811 set,
859 779 997 811 quantum
1013 767 1048 799 ad
1063 766 1225 811 Dignitates
1235 786 1245 802 ,

175 818 406 850 inconvenientia
419 816 528 854 aliqua,
545 814 615 844 sicut
630 813 666 843 de
681 811 778 843 Ruina
794 811 966 842 Domorum
983 809 1016 839 ὃς
1030 804 1243 841 consimilibus,

171 856 345 888 Poffessores
358 856 461 886 faceret
477 851 620 890 Reparare
634 852 668 882 &
686 851 803 881 Portare
827 850 925 880 Onera
944 847 1055 885 debita,
1072 846 1122 889 ᾇ,
1137 852 1243 888 occur-

173 906 254 927 rente
268 896 459 934 oportunitate
468 915 477 931 ,
495 892 599 922 faceret
614 890 695 928 quod
712 889 875 928 hujusmodi
888 886 1029 919 Beneficia
1043 884 1130 914 essent
1144 890 1243 912 inma-

173 936 258 966 nibus
270 935 403 973 illorum,
421 934 469 971 qui
483 929 594 970 possent
611 929 754 961 Residere.

213 1012 344 1050 ITEM,
384 1017 500 1041 uantum
519 1006 553 1038 ad
578 1006 738 1038 Articulum
756 1003 793 1036 de
812 1003 979 1047 Beneficus,
996 1000 1117 1046 Collatis
1141 998 1243 1042 Extra-

176 1054 237 1084 neis
253 1075 263 1091 ,
286 1051 351 1090 post
363 1021 495 1085 c{Magnas
515 1048 533 1067 ²*
554 1046 759 1078 Altercationcs
773 1067 783 1084 ,
807 1044 892 1074 saetas
915 1043 984 1074 hinc
1006 1040 1072 1070 iride
1088 1061 1098 1078 ,
1125 1037 1243 1069 finaliter

175 1095 308 1122 Dominus
322 1092 399 1128 Papa
412 1085 589 1124 Respondit,
1183 1115 1188 1120 ι

215 1129 311 1169 Qiod
325 1137 385 1159 non
401 1126 602 1156 recordabatur
616 1123 644 1154 se
658 1121 823 1158 contulisse,
842 1129 970 1158 tempore
983 1118 1050 1155 suo,
1066 1114 1242 1160 Beneficrum

175 1169 336 1205 Exti-aneo,
354 1173 542 1204 praeterquam
562 1162 774 1199 CardinalibuS,
794 1169 877 1198 prout
898 1161 928 1189 in
942 1159 999 1189 aliis
1014 1157 1125 1193 Regnis
1139 1162 1243 1184 contu-

174 1209 207 1239 lit
227 1207 350 1243 eisdem,
369 1213 428 1235 uno
447 1204 579 1233 duntaxat
599 1201 746 1238 Excepto,
765 1199 844 1238 quod
864 1199 987 1230 contulit
1009 1197 1058 1227 uni
1084 1193 1243 1230 Romano,

173 1246 240 1315 qulii,
259 1244 387 1315 ustdjiffit,
405 1243 433 1272 in
452 1242 554 1281 Anglia
568 1248 775 1272 commoratur.

464 1291 476 1310 1“

211 1290 510 1360 Ρὲἃὲὶίζὲἓῖῗὲἓῑῑὲῐῗε
523 1318 559 1349 de
574 1316 720 1349 Beneficiis
735 1315 948 1353 Cardinalium,
967 1322 1051 1352 quae,
1069 1311 1122 1342 hiis
1141 1309 1241 1340 diebus

172 1370 252 1394 erant
270 1363 300 1393 in
319 1360 437 1400 Anglia,
455 1359 515 1397 plus
538 1358 639 1395 solito,
658 1358 687 1386 in
712 1364 791 1386 tanto
815 1354 954 1386 Numero
969 1355 1002 1385 ὃς
1018 1351 1140 1388 valore,
1157 1347 1238 1388 quod

174 1402 224 1433 Re
243 1410 314 1432 num
331 1399 444 1437 Angliae
459 1395 678 1428 intollerabiliter
693 1394 873 1433 gravabatur:

240 1449 252 1471 t
265 1439 347 1479 quod
357 1438 442 1476 aliqui
458 1436 577 1467 Frudius
593 1442 780 1473 pervenerunt
793 1432 827 1462 ad
845 1441 942 1462 manus
954 1430 1146 1473 Inimicorutri
1154 1436 1161 1456 t
1215 1465 1221 1470 ¹

214 1479 253 1511 Et
268 1477 349 1518 quod
362 1477 450 1507 Valor
460 1474 625 1506 ascendebat
641 1473 676 1504 ad
692 1472 752 1509 plus
767 1473 853 1509 quam
870 1470 893 1501 F
895 1471 988 1501 rudius
1003 1466 1200 1498 Cardinalium
1214 1473 1244 1494 iri

175 1518 285 1587 Reg?0
302 1517 326 1548 F
327 1517 448 1554 ranciae,
466 1514 546 1553 quod
562 1521 657 1544 tamen
677 1511 718 1542 est
739 1512 766 1540 in
781 1510 886 1549 Triplo
900 1510 987 1547 majus
1003 1517 1090 1547 quam
1106 1505 1244 1545 Regnum

174 1558 223 1589 An
258 1558 307 1588 iae·

213 1567 258 1627 IgD
268 1606 286 1627 E
295 1581 323 1626 ἔνι
343 1596 480 1625 Dominus
496 1593 537 1621 Pa
554 1601 572 1619 a
586 1588 763 1629 Respondit,
1169 1622 1173 1627 Ι

214 1634 310 1675 Qiod
326 1632 514 1671 imposterum
548 1639 564 1660 e
579 1628 763 1659 Providendo
779 1625 942 1663 Extraneis,
957 1626 1016 1656 tam
1032 1621 1246 1658 Cardinalibus,

176 1675 266 1714 quarn
284 1673 356 1709 aliis,
374 1673 404 1701 in
426 1669 538 1711 Anglia·
553 1667 732 1711 moderaret,
749 1667 801 1704 &‚
818 1664 1061 1702 contemplatione
1086 1661 1192 1697 Regis,
1210 1669 1246 1689 0-

175 1714 349 1752 portunitate
363 1710 473 1746 habita,
492 1707 651 1745 hujusmodi
667 1704 854 1743 Numerum,
871 1712 1008 1742 quantum
1023 1701 1056 1731 ad
1070 1700 1247 1736 Eittraneos,

176 1761 208 1784 ut
242 1751 421 1786 raemittitur,
439 1748 625 1782 diminueret,

237 1799 259 1820 T
270 1799 287 1820 Ε
298 1798 325 1820 Μ
335 1811 344 1826 ,
365 1795 502 1825 quantum
515 1785 550 1815 ad
564 1782 725 1815 Articulum
741 1782 777 1813 de
798 1780 903 1812 Primis
927 1779 1103 1817 FruEtubus,
1120 1778 1246 1807 Dominis

175 1832 254 1867 Papa
271 1826 447 1865 Respondit,

216 1866 309 1906 Qiod
319 1890 328 1905 ,
347 1864 441 1903 quoad
456 1862 628 1894 Novitatem
645 1860 681 1891 de
694 1859 799 1890 Primis
811 1858 991 1895 Fructubus,
1009 1855 1247 1893 Expectantium,

173 1908 204 1937 iri
228 1907 328 1937 Gratia
349 1903 488 1942 Speciali,
505 1903 562 1940 jam
581 1899 702 1930 instabat
721 1899 797 1929 Finis
820 1899 850 1928 in
886 1898 1006 1934 rincipio
1023 1895 1131 1925 Mensis
1145 1892 1246 1924 Martii

175 1946 337 1982 iminentis;
355 1943 417 1981 sed,
437 1949 575 1980 quantum
589 1939 623 1969 ad
638 1939 706 1969 alios
721 1937 835 1968 Primos
882 1937 995 1972 ruCtus,
1012 1944 1127 1973 propter
1149 1932 1247 1963 Guer-

173 1994 267 2015 rarum
283 1983 396 2020 Onera,
415 1991 480 2019 quae
496 1979 636 2015 habebat,
653 1987 716 2008 non
730 1985 839 2015 poterat
855 1986 908 2014 pro
923 1984 1001 2005 nunc
1024 1984 1039 2003 a
1062 1973 1246 2010 Receptione

174 2023 320 2054 Desistere
333 2019 518 2056 eorumdem,
538 2018 575 2048 set
588 2017 729 2055 sperabat,
748 2016 819 2046 infra
834 2015 984 2045 modicum
998 2022 1128 2051 tempus,
1142 2010 1244 2049 Aliqua

173 2062 304 2093 ordinare
327 2060 362 2091 ad
382 2059 602 2089 Relevationeni
621 2055 829 2091 Ecclesiarum‚
848 2054 882 2084 &
904 2053 1000 2084 minus
1020 2051 1159 2082 Ecclesias
1173 2059 1245 2080 one-

174 2111 236 2132 rare
248 2102 335 2139 qui-im
350 2100 456 2130 fuerant
470 2103 595 2126 oneratae
610 2094 786 2131 temporibus
804 2091 1048 2122 Praedecefforum
1065 2090 1190 2121 suorum.

215 2138 229 2170 Ι
240 2148 262 2169 Τ
272 2149 289 2170 E
300 2147 327 2169 M
339 2161 348 2175 ,
364 2145 501 2175 quantum
515 2134 550 2165 ad
563 2132 726 2164 Articulum
738 2133 773 2163 de
789 2131 1041 2170 Expeistati‘cnibus
1055 2130 1087 2161 ὃ(
1102 2127 1246 2160 Provisio-

176 2179 260 2209 nibus
275 2176 451 2215 Respondit,

215 2216 311 2256 Qiod
334 2216 371 2246 de
390 2211 548 2251 hujusmodi
572 2210 753 2242 multitudine
773 2208 869 2241 Studia
882 2209 909 2239 in
928 2207 1027 2246 Anglia
1044 2208 1077 2239 δε
1091 2206 1245 2244 Scripturae

174 2254 377 2287 Dominorum
390 2262 466 2284 erant
483 2254 513 2282 in
527 2250 626 2287 causa,
644 2251 677 2280 &
692 2249 771 2288 quod
784 2248 874 2279 reddit
896 2247 922 2278 se
944 2246 1093 2277 difficilem
1103 2268 1113 2284 ,
1129 2246 1161 2276 &
1182 2243 1247 2274 red-

175 2295 223 2325 det
244 2296 270 2324 se
292 2292 500 2332 imposterum,
517 2289 551 2320 ad
573 2288 807 2319 Concedenduin
830 2288 859 2317 in
872 2296 903 2318 ea
917 2295 1013 2325 parte,
1031 2285 1137 2324 absque
1150 2292 1245 2316 tamen

176 2333 231 2364 suae
244 2332 394 2364 Potestatis
409 2329 613 2361 Restriffione.

388 2476 447 2508 Pro
464 2475 541 2519 Rege
563 2468 707 2514 Cast’ellae,
730 2467 767 2502 de
793 2463 1029 2511 Conceffionibus.

24 2578 103 2609 Ann.
119 2575 163 2608 D.
180 2569 300 2629 REX
317 2570 480 2615 OmnibuS,
496 2568 532 2598 ad
548 2577 635 2605 quos,
654 2567 714 2598 ἃς.
734 2565 868 2608 Salutem.
886 2602 891 2607 Δ

48 2624 134 2656 1377-
275 2608 378 2653 ,Sciatis
394 2608 474 2645 quod
490 2607 509 2637 si
524 2617 576 2636 nos
588 2629 605 2650 ³.
616 2607 712 2649 debita
720 2604 952 2648 ‘consideratione
972 2599 1124 2645 pensantes,
1137 2597 1245 2643 Gestus

23 2659 77 2684 Aa,
94 2665 139 2691 5¹·
177 2646 353 2687 Magnificos
367 2655 541 2682 cuntorum,
560 2655 607 2682 qui
620 2645 703 2674 nobis
719 2653 747 2672 in
763 2642 882 2672 Guerns
898 2639 999 2670 nostris
1018 2638 1188 2669 laudabiliter
1208 2639 1243 2670 &

24 2698 56 2722 z.
78 2704 104 2731 3.
176 2685 291 2717 strenue
305 2686 472 2722 servierunt,
489 2684 562 2728 ipsos
574 2683 761 2713 desideramus
782 2679 954 2710 Honoribus
975 2678 1118 2716 attollere,
1136 2677 1169 2708 &
1191 2687 1244 2715 pro

22 2736 157 2808 {5352

28 2818 75 2848 33·

175 2725 283 2756 viribus
297 2749 306 2761 ,
321 2724 400 2763 juxta
424 2732 546 2760 merita,
573 2723 741 2762 praemiare,
768 2727 874 2756 quanto
896 2717 984 2754 magis
1006 2716 1090 2746 Filios
1113 2715 1242 2754 nostros,

174 2773 262 2803 quos,
280 2764 341 2794 tarn
361 2764 389 2793 in
409 2761 555 2800 sapientia,
575 2761 661 2798 quam
683 2760 711 2789 in
736 2756 830 2788 Gestu
849 2755 972 2792 Nobili,
991 2754 1060 2784 alios
1082 2754 1242 2792 praecellere

173 2803 383 2841 conspicimus,
402 2801 435 2831 ὅτ
459 2801 506 2837 qui
528 2800 611 2829 nobis
635 2798 752 2828 Locum
774 2802 923 2826 tenuerunt
945 2795 979 2824 &
999 2802 1096 2823 tenere
1108 2802 1243 2830 poterunt

174 2842 335 2903 potitgrem,
354 2850 407 2870 nos
431 2847 569 2871 convenit
590 2837 751 2875 Majoribus
771 2833 941 2865 Honoribus
964 2832 998 2864 &
1018 2830 1123 2862 Gratiis
1139 2841 1243 2869 proro-

194 2890 249 2910 are.

174 2889 193 2919 g
213 2917 429 2949 Considerantes
449 2918 541 2954 itaque
560 2915 736 2946 Probitatem
758 2913 901 2943 strenuam
924 2909 958 2940 &
978 2908 1149 2946 Sapientiam
1170 2918 1243 2946 prae-

175 2957 346 2994 cellentem,
364 2955 507 2986 Cariffinii
528 2955 590 2984 Filii
611 2953 716 2990 nostri,
735 2951 877 2990 Johanm's
896 2952 974 2985 Regis
997 2946 1118 2986 Castellae
1132 2946 1170 2981 ὠ
1186 2951 1244 2976 Le-

171 2999 259 3034 gionis
273 3018 283 3034 ,
300 2995 391 3025 Ducis
415 2993 582 3024 Lancistriae
594 3014 604 3030 ‚
630 2993 679 3031 qui
703 2991 863 3021 Laboribus
881 2989 915 3019 &
935 2987 1068 3024 Expenfis
1087 2985 1194 3025 semper
1214 2987 1241 3016 se

174 3035 275 3066 Nobis
296 3032 495 3070 obsequiosum
518 3032 660 3068 exhibuit,
679 3040 731 3068 pro
754 3029 854 3059 Nobis
877 3028 997 3066 pluries,
1016 3026 1045 3055 in
1060 3023 1242 3055 Necessitati-

174 3075 227 3106 bu:
262 3073 403 3109 intrepide
420 3071 447 3101 se
460 3070 639 3100 Guerrarum
654 3068 872 3100 Discriminibus
884 3065 1073 3104 exponend03

214 3097 253 3143 E}
273 3111 418 3147 volentes,
436 3119 472 3139 eo
496 3118 650 3147 praetexm,
667 3117 701 3138 ac
721 3107 903 3137 desiderantes
924 3102 1046 3135 eundern
1070 3101 1173 3131 filium
1188 3111 1242 3132 no-

175 3151 268 3182 strum
283 3149 394 3188 aliquali
410 3147 551 3178 Comodo
565 3149 598 3178 &
609 3146 736 3177 Honore
748 3145 783 3175 ad
819 3145 935 3181 raesens,
956 3143 1022 3173 licet
1043 3150 1101 3172 non
1124 3141 1158 3170 ad
1182 3140 1242 3179 ple-

176 3200 247 3221 num
257 3212 267 3227 ,
284 3196 369 3227 prout
382 3187 467 3226 digna
480 3185 585 3217 Merita
600 3185 754 3223 exposcunt
790 3155 1002 3219 Remunerare,
1019 3189 1054 3210 ex
1068 3188 1142 3210 certa
1153 3179 1243 3209 scien-

175 3230 214 3260 tia
228 3227 324 3258 nostra
338 3227 371 3257 &
389 3226 456 3256 laeto
471 3224 576 3261 corde,
591 3223 627 3253 de
642 3223 746 3254 assensu
761 3207 948 3252 Praelatorum
964 3221 997 3251 &
1020 3219 1194 3256 Procerum,
1212 3219 1242 3248 in

177 3267 290 3298 instanti
309 3265 500 3297 Parliamento
514 3263 630 3301 nostro,
646 3261 720 3299 apud
741 3261 784 3291 W
787 3259 1036 3291 estmonasterium
1059 3265 1224 3288 convocato
1231 3279 1241 3295 ,

175 3305 355 3337 existentium
365 3327 374 3342 ,
393 3301 608 3338 Conceffimus,
629 3311 681 3339 pro
695 3300 794 3330 Nobis
809 3300 842 3330 &
859 3298 1030 3329 Haeredibus
1043 3294 1243 3333 nostri8,prae-

176 3345 238 3376 fato
260 3343 334 3373 Filio
355 3342 455 3373 nostro
474 3340 556 3379 quod
575 3339 651 3379 Ipse,
669 3338 704 3369 ad
725 3347 814 3369 totam
829 3338 915 3368 vitam
929 3337 1023 3374 suam,
1038 3335 1154 3372 habeat,
1170 3333 1240 3363 infra

175 3383 358 3414 Comitatum
380 3379 551 3411 Lancastriae
565 3402 575 3418 ,
595 3377 801 3409 Cancellariam
821 3377 895 3407 suam
910 3399 920 3414 ,
938 3387 971 3407 ac
995 3374 1094 3405 Brevia
1114 3373 1177 3410 sua,
1194 3372 1246 3402 sub

175 3420 278 3460 sigillo
292 3421 360 3457 suo,
378 3430 431 3457 pro
447 3418 560 3448 Officio
575 3416 759 3448 Cancellariae
773 3414 953 3453 deputando,
972 3411 1176 3453 consignanda,
1192 3410 1246 3449 Ju-

178 3460 316 3491 sticiarios
328 3459 406 3496 suOS,
425 3458 483 3489 tam
501 3457 535 3486 ad
552 3457 656 3487 Placita
670 3455 817 3493 Coronae,
836 3453 922 3493 quam
937 3453 971 3484 ad
986 3459 1178 3491 quaecumque
1193 3449 1244 3481 alia

179 3498 304 3535 Placita,
325 3495 494 3527 Comunem
510 3495 620 3534 Legem
633 3494 791 3533 tangentia,
809 3491 983 3530 tenendum,
998 3501 1032 3522 ac
1053 3488 1244 3526 cognitiones

179 3536 365 3573 eorumdem,
384 3535 418 3565 ὅ(
433 3537 625 3573 quascumque
642 3533 846 3568 Executiones,
864 3540 913 3568 per
930 3530 1027 3561 Brevia
1043 3530 1087 3559 sua
1099 3529 1133 3557 &
1151 3526 1243 3557 Mini-

181 3575 251 3605 stros
274 3576 337 3606 suos
358 3573 484 3609 ibidem,
503 3573 681 3610 faciendum,
697 3572 731 3602 &
755 3579 946 3610 quaecumque
961 3569 1011 3600 alia
1033 3568 1185 3598 Libertates
1208 3566 1241 3596 ὃς

180 3614 250 3681 ‘lura
264 3612 398 3652 Regalia,
416 3612 451 3642 ad
467 3610 619 3641 Comitem
633 3610 792 3640 Palatinum
808 3608 991 3646 pertinentia,
1008 3608 1081 3637 adeo
1094 3605 1243 3640 integre&

195 3652 272 3681 ibere
295 3652 366 3682 sicut
381 3650 491 3680 Comes
515 3648 650 3688 Cestriae,
667 3649 739 3678 infra
760 3647 885 3678 eundem
906 3644 1088 3677 Comitatum
1109 3641 1246 3681 Cestriae,

185 3689 336 3719 dinoscitur
352 3690 495 3727 optinere:

224 3727 370 3765 Decimis,
390 3726 639 3765 Qintisdecimis,
658 3726 692 3756 &
710 3724 767 3754 aliis
791 3723 898 3762 Quotis
918 3723 952 3754 &
972 3721 1105 3753 Subfidiis
1117 3742 1128 3757 ,
1147 3717 1247 3749 Nobis

185 3765 219 3796 δε
234 3764 403 3795 Haeredibus
418 3765 536 3802 nostris,
553 3774 602 3801 per
618 3749 868 3794 Communitatcm
888 3762 987 3799 Regni
1005 3760 1110 3797 nostri,
1127 3759 1161 3788 ὃ(
1184 3757 1248 3787 De-

188 3804 270 3846 cimis
284 3803 317 3833 &
332 3803 389 3832 aliis
404 3803 528 3842 Qumis,
547 3813 595 3840 per
603 3801 724 3832 Clerum
740 3800 861 3837 ejusdem
878 3799 1085 3838 Regni,nobis
1097 3796 1247 3834 concessis,

187 3842 222 3885 ᾃ
238 3840 426 3884 imposterum
441 3841 650 3879 concedendis,
667 3848 714 3871 aut
728 3839 820 3869 eidem
836 3838 925 3869 Clero
939 3849 989 3876 per
999 3837 1104 3867 Sedem
1120 3833 1247 3872 Aposto-

186 3879 273 3911 licam
287 3881 421 3920 impolitis
435 3880 467 3909 &
482 3878 675 3918 imponendis:
693 3888 727 3908 ac
743 3877 998 3908 Pardonationibus
1012 3875 1087 3907 Vitae
1099 3875 1133 3905 &
1147 3872 1247 3903 Mern-

187 3918 307 3949 brorum
344 3926 372 3944 in
391 3917 452 3947 casu
476 3928 536 3955 quo
556 3918 673 3956 aliquis,
689 3915 813 3954 ejusdem
836 3914 1004 3946 Comitatus
1016 3938 1026 3952 ,
1044 3923 1090 3944 aut
1110 3912 1177 3942 alius
1190 3935 1199 3950 ,
1218 3912 1246 3940 in

187 3955 292 3987 eodem
306 3940 470 3991 Comitatu,
485 3966 538 3992 pro
551 3956 646 3994 aliquo
660 3955 795 3992 Delieto,
816 3953 911 3984 Vitam
927 3954 971 3985 vel
980 3953 1152 3983 Membrum
1165 3950 1249 3980 amit-

188 4003 248 4024 tere
261 3992 376 4023 debeat:
387 4002 419 4021 ac
435 3994 520 4021 etiarn
534 3993 735 4031 Superior-itate
747 3994 782 4025 δε
795 3991 938 4023 Potestate
953 3989 1113 4030 corrigendi
1126 3998 1246 4027 ea,quae

187 4034 218 4065 in
233 4031 327 4063 Curiis
339 4030 461 4068 ejusdem
476 4030 539 4061 Filii
556 4032 642 4062 nostri
662 4032 772 4064 ibidem
791 4032 924 4063 erronice
944 4030 1016 4061 faeta
1030 4030 1148 4061 fuerint:
1169 4027 1215 4059 vel
1227 4027 1246 4057 si

1267 93 1468 138 NES,
1518 91 1916 141 LITERAE,

1277 176 1354 208 idem
1379 176 1464 219 Filius
1477 175 1588 214 noster,
1606 185 1654 208 aut
1675 177 1691 194 ⁴⁸
1709 175 1837 206 Ministri
1852 176 1909 214 sui,
1927 177 1956 207 in
1965 175 2098 216 Justitia,
2116 177 2146 207 in
2162 175 2257 208 Curiis
2271 174 2343 214 eJ'us-
2359 166 2435 200 ΑΠΗ-
2445 169 2487 201 D·

1268 215 1338 246 dem
1352 215 1416 246 Filii
1430 214 1536 253 nostri,
1554 216 1625 245 inibi
1637 214 1766 245 faciendi
1778 214 1949 252 defecerint,
1965 215 2073 254 semper
2083 215 2176 248 salvis:
2383 216 2469 249 1377-

1309 253 1348 285 Et
1362 252 1404 284 est
1419 254 1583 284 intentionis
1597 253 1703 284 nosttae
1716 254 1797 291 quod
1811 253 1890 283 idern
1906 252 1991 284 Filius
2012 254 2126 293 noster,
2142 254 2178 285 ad
2200 253 2337 285 Mandata
2350 247 2419 276 δάν·
2440 257 2467 285 3·

1270 291 1367 322 nostra
1386 294 1420 324 &
1444 292 1605 323 Haeredum
1624 290 1806 329 nostrorum,
1824 291 1859 322 ad
1880 291 2069 323 Parliamenta
2088 294 2123 325 &
2137 291 2270 324 Concilia
2284 302 2340 324 no-
2358 286 2375 302 *
2395 287 2461 315 Vll·

1270 330 1326 361 stra
1342 330 1429 362 Duos
1443 331 1574 369 Milites,
1587 341 1640 369 pro
1654 329 1844 361 Comunitate
1856 328 2023 361 Comitatus
2036 331 2164 369 praediffl
2173 355 2183 371 ,
2198 333 2233 363 &
2255 331 2340 363 Duos
2358 332 2423 361 139·

1270 369 1428 407 Burgenses
1443 370 1481 401 de
1515 370 1623 400 uolibet
1637 368 1734 408 Burgo
1749 368 1872 406 ejusdem
1887 367 2071 407 Comitatus,
2087 370 2122 400 ad
2143 370 2324 403 tractandum

1269 417 1339 439 cum
1359 409 1417 438 aliis
1437 409 1474 439 de
1494 380 1724 453 {ommunitate'
1739 407 1811 438 dieti
1835 407 1931 447 Regni
1952 406 2043 438 nostri
2077 407 2112 438 ad
2125 409 2222 442 eadem
2238 396 2341 440 Parlia:

1270 456 1365 491 merita
1385 447 1419 478 &
1441 446 1575 492 Concilia
1599 447 1798 484 venientibus,
1817 446 1854 477 de
1874 445 2014 486 Negotiis
2035 430 2104 476 d’isti
2125 445 2220 487 Regni
2232 449 2340 488 nostri,

1269 495 1298 515 in
1313 485 1417 517 eisdem
1431 485 1623 518 Parliamentis
1638 487 1672 518 &
1686 484 1824 516 Conciliis
1835 485 2027 524 exponendis,
2043 484 2158 515 mittere
2170 493 2296 520 teneatur
2319 502 2322 519 l

1293 522 1348 568 ‘Et
1371 524 1452 563 quod
1473 525 1550 569 idem
1572 524 1655 569 Filius
1676 523 1774 568 noster
1793 533 1888 555 certos
1906 523 2052 555 Homines
2065 547 2076 562 ,
2094 522 2189 554 fideles
2210 525 2244 556 δε
2261 511 2340 558 suffi-

1271 571 1395 608 cientes,
1413 563 1448 594 ad
1468 563 1630 602 hujusmodi
1654 562 1791 593 Decimas
1811 564 1845 595 &
1861 562 2126 602 Quintasdecimas,
2144 561 2288 604 Subsana,
2305 566 2341 597 &

1271 602 1324 632 alia
1338 602 1441 641 Qiota
1456 601 1466 638 (
1489 603 1597 633 uotiens
1611 611 1643 633 ea
1649 601 1750 631 Nobis
1765 600 1810 632 seu
1822 601 1997 632 Haeredibus
2009 600 2113 632 nostris
2125 602 2156 632 in
2170 601 2342 634 Parliamen-

1270 642 1304 672 tis
1316 640 1362 671 seu
1376 638 1472 672 Conc'
1485 642 1516 671 iis
1537 641 1659 672 concedi
1677 639 1846 676 contigerit)
1868 639 2027 679 colligenda
2047 639 2095 671 affi
2117 648 2179 671 net·
2201 640 2239 672 ita
2260 641 2342 679 quod

1272 679 1373 710 Nobis
1387 681 1421 712 &
1437 679 1609 711 Haeredibus
1625 677 1728 710 nostris
1741 677 1778 708 de
1790 678 1828 709 fic
1842 677 1984 710 conceffis
1995 647 2197 718 responffieatdr
2209 689 2260 720 per
2282 679 2343 711 eos-

1219 722 1239 754 d
1274 718 1353 750 dem.

1274 756 1443 866 brikcgffes
1449 757 1620 837 Rggg'apud
1632 792 1944 834 Westmonasterium‚
1961 793 2100 827 vicesimo
2115 795 2221 829 ostavo
2235 795 2283 827 die
2290 793 2344 827 Fe-

1512 914 1567 943 Per
1580 912 1663 953 ipfitm
1677 914 1774 951 Regem
1787 911 1819 942 de
1833 910 1935 953 affinfic
1950 914 2035 943 totius
2049 911 2242 943 Parliamenti.

1457 1043 1517 1074 Pro
1534 1038 1692 1085 defenfione
1709 1039 1812 1085 Infialae
1829 1039 1919 1073 Vena
1936 1037 1973 1072 de
1989 1037 2159 1073 Morunda.

1276 1125 1392 1183 REX
1402 1149 1412 1165 ,
1430 1124 1538 1157 ἀίἰεᾶο
1553 1125 1587 1156 &
1600 1124 1676 1156 fideli
1690 1125 1756 1164 suo,
1776 1123 1928 1155 Willielmo
1942 1124 1975 1155 de
1989 1126 2087 1156 Monte
2100 1127 2211 1164 Acuta,
2229 1123 2344 1156 Comiti
2359 1119 2436 1152 Ann.
2452 1121 2497 1153 D.

1350 1166 1467 1210 Sarum,
1485 1164 1620 1209 Salutem.
1950 1202 1956 1208 ⁶
2388 1168 2476 1199 1377.

1315 1200 2106 1288 &ssnrssssiaissv‘jzfl‘s'i‘rssufissgsszffflffi‘ssffiiffgfflz
2123 1239 2221 1279 super,
2237 1238 2343 1271 ooste-
2359 1202 2476 1275 2¹3¹?

1276 1289 1337 1348 {am
1360 1281 1467 1321 Maris,
1484 1282 1583 1320 faeplus
1602 1281 1785 1321 invaserunt,
1805 1282 1839 1313 &
1859 1280 1964 1314 diversa
1986 1279 2123 1312 incendia
2140 1279 2250 1311 ibidem
2269 1279 2346 1310 fece-
2358 1277 2495 1315 claus.5i.

1292 1329 1360 1358 unt,
2363 1320 2394 1345 E.
2433 1338 2440 1344 .
2459 1325 2500 1347 m.

1315 1358 1459 1403 Magnam
1472 1359 1683 1391 multitudinem
1697 1359 1849 1400 Navium,
1868 1356 2350 1397 Gaiearum,&Bargearum,cum
2369 1325 2426 1383 16·3

1279 1395 1460 1429 Hominibus
1475 1399 1508 1429 ad
1525 1399 1632 1437 Arma,
1649 1399 1683 1430 δε
1697 1399 1839 1437 Armatis,
1855 1397 2090 1437 congregarunt,

1316 1435 1355 1468 Et
1371 1438 1442 1468 infra
1456 1437 1591 1478 Regnum
1605 1437 1737 1469 nostrum
1754 1437 1941 1477 praedictum,
1959 1437 2031 1468 dum
2048 1434 2352 1474 Navibus,Homini-

1280 1475 1332 1505 bus
1346 1475 1380 1506 ad
1396 1476 1503 1515 Arma,
1523 1478 1558 1508 &
1574 1476 1696 1508 Armatis
1710 1476 1869 1515 praedietis,
1885 1476 1921 1507 ad
1936 1476 2020 1508 citius
2035 1485 2095 1514 quo
2109 1482 2246 1513 poterunt
2263 1473 2353 1512 appli-

1282 1523 1362 1552 care,
1381 1515 1415 1546 &
1436 1515 1548 1546 distum
1569 1515 1618 1546 Re
1638 1525 1708 1546 num
1727 1515 1859 1546 nostrum
1881 1514 2023 1547 destruere
2037 1514 2071 1545 &
2087 1513 2230 1545 adnullare
2242 1522 2353 1552 propo-

1282 1561 1371 1591 nunt,
1389 1554 1439 1584 nisi
1454 1563 1557 1585 eorum
1571 1554 1624 1585 Ma
1636 1555 1692 1585 itiae
1708 1554 1802 1585 Manu
1816 1553 1884 1585 forti
1900 1553 2037 1585 refistatur
2047 1576 2058 1592 ,
2323 1568 2325 1570 ·

1318 1591 1389 1636 Nos
1413 1593 1554 1631 (volentes
1573 1592 1734 1632 hujusmodi
1755 1592 1898 1631 Dampnis
1918 1593 1953 1625 δε
1973 1591 2125 1631 Periculis,
2143 1592 2194 1623 viis
2208 1591 2243 1623 &
2258 1589 2352 1622 modis

1281 1631 1386 1668 quibus
1406 1633 1563 1669 poterimus
1578 1655 1588 1671 ,
1613 1631 1784 1670 praecavere)
1806 1632 1890 1662 vobis
1909 1630 2076 1662 mandamus
2089 1654 2100 1670 ,
2117 1630 2236 1661 firmiter
2258 1630 2354 1668 injun-

1282 1678 1399 1714 gentes,
1418 1671 1499 1714 quod
1514 1670 1594 1710 Vos,
1612 1669 1647 1700 ad
1662 1670 1765 1701 Terras
1780 1671 1814 1702 &
1827 1670 2007 1702 Tenementa
2020 1669 2129 1710 vestra,
2146 1670 2177 1700 in
2189 1667 2280 1700 Insula
2294 1667 2354 1699 Ve-

1280 1709 1345 1747 clta,
1361 1719 1430 1753 citra
1451 1719 1577 1748 primum
1598 1708 1676 1740 diem
1698 1708 1817 1748 Aprilis,
1835 1709 1971 1747 proximo
1992 1709 2121 1740 futurum
2143 1708 2179 1739 ad
2198 1707 2353 1746 ultimum,

1279 1748 1460 1792 personahter
1481 1747 1622 1780 divertatis
1635 1772 1644 1786 ,
1662 1747 1771 1778 ibidem
1785 1770 1795 1786 ,
1814 1757 1883 1780 cum
1903 1746 2081 1778 Hominibus
2099 1746 2196 1778 vestris
2208 1770 2219 1786 ,
2237 1747 2271 1778 &
2291 1753 2352 1778 tota

1281 1785 1398 1817 Familia
1413 1786 1507 1831 vestra
1516 1810 1525 1826 ,
1542 1787 1653 1817 fortiori
1667 1786 1759 1817 modo
1770 1796 1830 1825 quo
1843 1786 2071 1825 poteritis‚super
2085 1784 2262 1816 Defensione
2275 1785 2353 1816 Ter-

1281 1825 1519 1870 rae-Maritimae,
1539 1825 1646 1857 ibidem
1667 1834 1768 1857 contra
1785 1824 1912 1856 Hostiles
1930 1824 2088 1863 Aggreffiis
2107 1824 2245 1855 continue
2257 1832 2353 1855 mora-

1282 1872 1337 1894 turi
1345 1887 1362 1909 ,θ
1373 1865 1420 1896 vel
1443 1864 1554 1896 Gentes
1579 1864 1748 1895 sufficientes
1770 1864 1903 1895 Armatos
1925 1874 1979 1902 pro
1996 1864 2092 1895 Terris
2112 1864 2146 1895 &
2163 1863 2355 1893 Tenementis

1279 1903 1376 1948 vestris
1391 1905 1421 1934 in
1436 1903 1526 1935 Insula
1540 1904 1676 1942 praedieta
1688 1903 1890 1942 defendendis,
1908 1903 1975 1934 illuc
1989 1904 2059 1933 citra
2080 1902 2256 1933 Terminum
2298 1910 2354 1931 rae-

1277 1941 1390 1973 dietum
1406 1944 1538 1986 mittatis,
1554 1943 1602 1981 qui
1625 1941 1747 1973 Moram
1764 1943 1933 1973 continuam
1958 1941 2066 1973 ibidem
2087 1941 2207 1979 faciant,
2223 1938 2259 1971 ad
2301 1938 2354 1970 efi-

1279 1980 1411 2012 stendum
1427 1981 1538 2012 fortiter
1550 1980 1678 2013 Inimicis
1690 1981 1794 2013 nostris
1807 1980 1987 2020 supradietis,

1316 2021 1445 2064 Scientes
1464 2030 1518 2060 pro
1538 2029 1620 2052 certo
1643 2020 1740 2060 quod,
1757 2020 1777 2051 fi
1798 2019 1955 2059 praemiss'a,
1970 2019 2041 2050 infra
2055 2019 2233 2050 Terminum
2250 2017 2355 2057 praedi-

1278 2059 1360 2104 ‹Sssum
1393 2068 1471 2097 Juxta
1484 2059 1604 2097 praesens
1620 2059 1790 2091 Mandatum
1807 2058 1956 2096 nostrum,
1974 2069 2036 2090 non
2051 2058 2175 2089 feceritis
2210 2065 2279 2088 tunc
2286 2066 2354 2088 om-

1277 2108 1323 2143 nia
1344 2084 1450 2129 '1²erras
1472 2098 1506 2129 &
1528 2098 1559 2129 T
1561 2106 1726 2144 enementa,
1743 2098 1824 2143 Bona
1845 2098 1879 2129 &
1904 2096 2013 2128 Catalla
2025 2097 2118 2129 vestra
2131 2098 2161 2127 in
2176 2081 2266 2128 fnsula
2278 2105 2354 2134 prae-

1277 2136 1353 2167 dieta
1367 2161 1377 2181 ,
1396 2147 1516 2168 nomine
1534 2136 1749 2175 Districtionis,
1772 2147 1801 2167 in
1824 2136 1951 2167 Manum
1972 2135 2099 2167 nostram
2120 2136 2209 2174 capi,
2225 2136 2259 2167 &
2283 2134 2352 2166 alios

1277 2175 1424 2220 Homines
1443 2175 1613 2208 sufficientes
1626 2199 1636 2215 ‚
1655 2176 1692 2207 de
1712 2176 1842 2207 Exitibus
1861 2175 2018 2206 Terrarum
2041 2176 2075 2207 &
2095 2175 2352 2205 Tenementorum

1278 2215 1501 2259 praedictorum,
1517 2224 1551 2245 ac
1565 2214 1652 2246 Bonis
1665 2216 1700 2247 ὃς
1715 2214 1830 2246 Catallis
1848 2213 2009 2253 praedietis,
2027 2223 2080 2253 pro
2105 2212 2284 2245 Defensione
2304 2211 2353 2244 In·

1277 2254 1342 2285 sulae
1358 2253 1505 2293 praedidltae
1521 2254 1648 2285 invenire
1662 2254 1809 2285 faciemus.

1316 2292 1406 2324 Teste
1420 2292 1507 2332 Rege
1525 2293 1600 2332 apud
1615 2292 1924 2332 Westmonasterfflm,
1943 2291 2070 2324 secundo
2081 2291 2128 2323 die
2135 2291 2246 2323 Martii.

1758 2372 1812 2401 Per
1824 2368 1908 2410 ipfiam
1922 2371 2020 2408 Regem
2032 2369 2072 2405 ό·
2087 2343 2244 2400 Concilium.

1278 2447 1446 2479 Consimilia
1456 2447 1555 2481 Brevia
1567 2448 1723 2489 diriguntur
1735 2447 1909 2487 subscriptis,
1927 2447 1978 2480 sub
1992 2443 2093 2480 eadem
2107 2447 2183 2480 Data
2191 2445 2352 2487 ,videlicet,

1312 2525 1429 2555 Roberto
1443 2526 1475 2555 de
1490 2525 1631 2565 Alheton,
1796 2526 1816 2558 Ἰ

1313 2564 1464 2594 Theobaldo
1478 2566 1510 2594 de
1522 2568 1621 2603 Gorges
1629 2589 1639 2603 ‚

1314 2606 1469 2633 Laurentio
1484 2604 1516 2632 de
1531 2607 1606 2633 Seint
1615 2607 1738 2643 Martyn
1745 2627 1756 2642 ,

1314 2641 1436 2672 Gilberto
1449 2641 1473 2671 le
1491 2641 1638 2682 Despenser
1645 2665 1656 2681 ‚

1314 2683 1424 2718 Hugom·
1437 2684 1547 2719 Camoys
1554 2704 1564 2720 ‚

1312 2720 1424 2749 Thomae
1438 2723 1461 2748 F
1461 2719 1538 2750 lorak
1546 2744 1554 2757 ,

1310 2758 1441 2796 Johanm'
1458 2759 1490 2788 de
1505 2758 1679 2797 Beauchamp
1688 2783 1699 2798 ‚

1310 2796 1450 2836 Radulpho
1462 2797 1494 2826 de
1509 2800 1608 2835 Gorges
1616 2821 1626 2836 ‚

1309 2835 1417 2865 Thomae
1430 2836 1463 2865 de
1477 2835 1648 2875 Tychebourn
1655 2858 1666 2875 ,

1311 2874 1419 2904 Thomae
1434 2875 1467 2905 de
1483 2874 1663 2915 Langefhrd,

1806 2689 1985 2746 ¹>Muitibus

1311 2950 1442 2990 Johanni
1455 2951 1487 2980 de
1507 2949 1687 2990 Wlewayn,
1792 2950 1812 2981 Ἰ

1309 2989 1440 3028 Johannr
1454 2989 1607 3028 Bremfihet
1616 3011 1627 3027 ,
1809 2981 1817 3031 l

1312 3028 1420 3058 Thomae
1434 3027 1520 3067 Raley
1529 3051 1538 3066 ,
1809 3032 1816 3082 Ι

1311 3067 1418 3096 Thomae
1435 3067 1547 3105 Haket,
1906 3081 1911 3087 .
1965 3083 1970 3088 .

1312 3104 1463 3134 Willielmo
1477 3106 1509 3134 de
1517 3104 1569 3144 Iste
1583 3104 1617 3134 de
1624 3099 1790 3141 Nuthston‚
1802 3080 1992 3125 >mungens

1311 3142 1440 3181 Galfrido
1454 3142 1537 3172 Rokle
1546 3166 1556 3181 ,
1807 3126 1813 3176 l

1309 3182 1446 3212 Richardo
1462 3181 1562 3218 chike,
1805 3180 1813 3214 Ι

1313 3220 1421 3250 Thomae
1435 3217 1590 3250 Daumarle
1598 3240 1610 3257 ,
1793 3216 1813 3246 ,1

1418 3363 1446 3390 ’ᾗ
1470 3366 1530 3399 Pro
1548 3364 1698 3397 Katerina
1717 3356 1881 3409 Suqnfbrd
1893 3356 1930 3390 dc
1951 3355 2190 3402 Cotfirmatione.
2357 3357 2376 3375 ¹·
2392 3357 2460 3386 v11.

1279 3449 1397 3508 REX
1418 3449 1580 3497 Omnibus,
1598 3447 1633 3479 ad
1645 3445 1814 3494 quos,⁸&c.
1833 3443 1990 3492 Salutem*
2357 3404 2434 3465 m.
2446 3431 2487 3464 D.

1377 3490 1474 3519 bciatis
1493 3488 1592 3527 quod,
1609 3487 1646 3518 de
1665 3494 1752 3526 gratia
1770 3481 1868 3514 nostra
1882 3479 2009 3519 speciali,
2027 3479 2156 3519 Statum,
2380 3479 2469 3510 1377·

1311 3528 1412 3596 OVuem
1427 3552 1455 3596 ‚s
1463 3527 1564 3571 dilecta
1583 3526 1666 3593 nffis
1682 3522 1870 3591 Kotginffide
1889 3518 2038 3590 S-wlynfhg
2051 3519 2135 3588 lZfflbhet
2149 3528 2208 3588 e1:2er
2221 3517 2338 3550 Termi·
2347 3512 2413 3587 {¹7¹3
2422 3521 2441 3548 5
2447 3520 2457 3538 ¹
2463 3530 2472 3538 ·

1273 3576 1520 3641 1Pcertin¹etei³ietiistiaeeit
1538 3567 2067 3642 ffionoatggngonieffifflgegriffimi
2086 3565 2148 3626 Fisiti
2162 3565 2338 3633 neg'st’ri‘:3¹21³
2349 3591 2467 3627 Fut-51.

1275 3644 1374 3673 hannis
1392 3646 1470 3680 Regis
1491 3640 1615 3681 Castellae
1631 3641 1665 3672 ὃς
1681 3641 1825 3677 Legionis,
1844 3636 1936 3681 Ducis
1958 3633 2146 3680 Lancastnae,
2352 3630 2383 3656 Ε.
2407 3638 2435 3667 3.
2449 3638 2487 3658 m.

1315 3683 1378 3721 Qi
1393 3683 1493 3713 eadem
1511 3680 1641 3710 Manena
1656 3702 1666 3717 ,
1685 3679 1742 3709 una
1757 3686 1827 3708 cum
1846 3676 1902 3706 aliis
1919 3674 2017 3705 Terris
2031 3695 2041 3712 ,
2060 3681 2172 3710 tenuit,
2190 3679 2225 3701 ex
2243 3668 2340 3701 Dono
2356 3674 2401 3704 3²·

1277 3721 1378 3751 nostro
1390 3743 1399 3759 ,
1415 3720 1476 3750 Sibi
1493 3719 1526 3750 &
1546 3717 1718 3749 Haeredibus
1734 3716 1786 3747 suis
1800 3738 1810 3753 ,
1827 3714 1863 3745 de
1880 3712 2016 3751 Corpore
2031 3711 2081 3742 suo
2100 3708 2264 3752 exeuntibus
2277 3732 2288 3747 ,
2313 3710 2344 3740 in

1277 3759 1461 3790 Escambium
1471 3782 1480 3796 ‚
1497 3758 1548 3788 sub
1566 3766 1643 3788 certa
1660 3755 1770 3793 forma,
1783 3763 1837 3792 pro
1855 3751 2008 3783 Comitatu
2024 3745 2261 3785 Richemondiae,

1316 3798 1526 3835 Acceptamus,
1545 3795 1593 3833 Ap
1615 3794 1767 3831 robamus,
1787 3790 1992 3833 Ratificamus,
2007 3788 2042 3819 &
2057 3784 2272 3830 Confirmamus
2289 3795 2342 3824 per

1278 3835 1449 3873 Praesentes,
1468 3845 1530 3865 non
1543 3834 1584 3863 ob
1610 3841 1674 3863 ante
1688 3830 1848 3870 supradicto
1861 3828 2015 3860 Escambio
2050 3823 2097 3855 vel
2114 3823 2150 3853 ali
2172 3833 2228 3862 uo,
2247 3834 2276 3855 in
2290 3834 2343 3856 eo-

1277 3874 1345 3904 dem
1365 3882 1505 3904 contento
1560 3871 1638 3902 unde
1662 3868 1869 3901 Commodum
1893 3867 1938 3897 seu
1958 3847 2125 3894 Prosicuum

1280 3912 1450 3942 Haeredibus
1469 3897 1573 3954 nostris
1586 3932 1596 3948 ‚
1611 3909 1764 3946 aliqualiter
1784 3907 1905 3951 ever-iire-
1921 3941 1936 3947 ..
1955 3901 2005 3931 sset
2018 3899 2092 3944 ²'seu
2107 3909 2144 3931 eo
2163 3900 2244 3946 quod
2258 3926 2268 3940 ‚
2287 3910 2343 3939 pro

1282 3950 1409 3980 DefeCm
1428 3948 1559 3980 Haeredis
1577 3950 1613 3978 de
1632 3946 1769 3984 Corpore
1783 3945 1855 3975 dieti
1872 3942 1907 3972 Fi
1919 3951 1937 3970 ii
1954 3937 2044 3969 nostri
2060 3947 2187 3983 exeuntis
2235 3939 2342 3971 Mane-

1279 3990 1317 4018 ria
1336 3987 1471 4025 praedidia
1488 3987 1523 4017 ad
1542 3985 1611 4018 Nos
1629 3987 1664 4017 &
1683 3983 1823 4015 Haeredes
1839 3979 1951 4010 nostros
1970 3984 2070 4008 reverti
2088 3962 2246 4009 debuissent
2260 4001 2270 4017 ,
2295 3976 2342 4008 vel

1280 4026 1378 4066 quod,
1397 4026 1417 4056 si
1435 4025 1491 4064 ipse
1508 4025 1630 4062 obierit,
1647 4022 1772 4054 Haerede
1789 4020 1839 4051 suo
1853 4016 1925 4048 infra
1944 4014 2077 4048 AEtatem
2097 4015 2254 4056 existente,
2272 4014 2347 4084 Nate?t

2179 3863 2243 3892 obis
2255 3886 2266 3903 ‚
2294 3872 2343 3895 aut
