2561 4251
2 267 67 300 ann.
80 260 124 294 D.

20 310 103 344 ¹390·

3 345 44 371 (ic.
63 350 89 368 2·

0 2701 11 2747 {¹
29 2722 45 2739 ·
59 2723 127 2751 vn.

0 2754 1 2768 ¹
28 2761 93 2801 685.

708 183 817 227 ET
901 187 1168 229 ACTA

322 367 381 398 Pro
406 364 535 399 Ricardo
561 365 749 409 Mmdekn,
777 366 813 400 de
836 368 1011 412 provisione.

2 458 107 521 {1n3'14-
143 450 341 514 BOntfacius
357 449 510 490 Epifiopus,
528 450 629 481 Servus
645 451 797 482 Servorum
815 451 890 488 Dei,
908 451 1026 482 Dilecto
1041 451 1114 482 Filio

270 488 469 520 Archidz'acono
488 489 643 527 Sudburiae,
661 491 691 521 in
711 489 833 520 Ecclesia
857 489 1053 529 Norwlcensi,
1071 490 1197 522 Salutem

3 526 127 594 exTOrl'g·
142 532 175 562 δε
195 528 389 572 Apostolicam
407 527 650 559 Benedictionem.

3 578 24 596 [n
56 575 97 592 ur-

182 567 301 599 Rationi
324 568 470 611 congruit,
485 568 519 598 &
540 564 832 607 convenitqAEquitati
846 573 877 596 ut
889 576 938 605 ea,
956 576 1011 607 que
1024 566 1059 597 de
1071 566 1201 601 Romani

146 604 292 637 Pontificis
315 604 415 635 Gratia
437 602 646 644 processerunt,
672 603 755 644 hcet,
778 604 835 643 ejus
860 604 1068 642 superveniente
1092 605 1203 643 Obitu,

144 645 247 676 Literae
266 642 442 713 Apffoesgffllcae
460 641 602 674 confectae
618 652 678 672 non
696 641 799 674 fuerint
819 643 898 681 super
913 643 982 682 illis,
1005 643 1085 674 suum
1104 643 1204 675 conse-

167 691 266 716 uantur
282 693 298 712 e
390 689 428 710 m.

145 695 166 724 q
188 721 312 753 Dudum
327 718 462 756 fiquidem
472 740 481 756 ,
498 716 586 748 felicis
598 717 816 757 recordationis,
832 719 957 749 Urbanus
971 722 1048 760 Papa
1062 719 1112 750 VI.
1128 720 1206 753 Prac-

150 761 280 793 decessor
294 756 389 789 noster
421 765 521 787 omnes
535 755 725 787 Canonicatus
738 757 772 787 &
787 757 971 795 Praebendas,
985 767 1142 796 caeteraque
1155 757 1208 789 Be-

150 799 250 830 neficia
270 795 391 826 Ecclesia
418 795 476 833 ica,
495 804 563 825 tunc
583 793 654 833 apud
671 795 773 825 Sedem
790 794 986 836 Apostolicam
1001 796 1155 832 Vacantia,
1171 796 1206 826 &

150 839 182 869 in
202 845 281 868 antea
297 833 449 873 vacatura,
465 832 620 863 Collationi
634 833 667 865 &
682 833 865 871 Dispositioni
880 835 935 865 suae
951 834 1124 873 Reservans,
1143 834 1208 865 De-

152 876 243 907 crevit
265 881 369 904 extunc
391 872 498 902 irritum
519 872 552 902 &
573 873 673 910 inane,
690 872 710 901 si
731 872 822 909 secus,
846 872 926 910 super
947 873 1015 912 hiis,
1039 884 1054 904 a
1075 882 1210 912 quoquo,

151 914 249 982 quaiiris
270 911 447 945 Auitoritate
459 933 470 950 ,
495 910 612 942 scienter
633 909 680 940 vel
704 910 882 950 ignoranter,
908 912 1085 949 contingeret
1109 919 1211 942 attem-

171 960 210 982 tar

150 962 170 994 Ρ
192 975 347 1022 Et'deinde
379 996 448 1019 cum
463 985 654 1016 Canonicatus
667 986 700 1016 ὃ(
713 985 870 1017 Praebenda
883 987 1016 1021 Ecclesiae
1030 986 1148 1026 Derbye
1164 986 1213 1017 Li-

153 1027 321 1066 chefeldensi
336 1011 486 1069 Dioecese‚
505 1034 576 1064 quos
587 1024 742 1069 'quondam
759 1024 873 1054 Thomas
894 1024 1036 1064 Palmere,
1054 1026 1137 1064 ipsius
1155 1024 1214 1056 Ec-

157 1067 246 1099 clesiae
267 1065 455 1102 eanonicus,
477 1062 548 1094 dum
566 1072 697 1101 Viveret,
723 1064 882 1104 optinebat,
907 1074 956 1102 per
977 1064 1058 1102 ipsius
1078 1064 1209 1096 Thomae

158 1107 288 1143 obitum,
304 1103 352 1140 qui
365 1100 437 1142 apud
454 1101 556 1132 Sedem
569 1100 732 1143 praedictam
745 1101 821 1132 diem
836 1102 931 1134 clausit
946 1111 1121 1140 extremum,
1139 1100 1214 1141 apud

159 1143 262 1176 Sedem
281 1141 401 1171 eandem
418 1140 586 1170 vacavissent
605 1141 638 1171 δε
656 1149 786 1171 vacarent
802 1149 871 1172 tunc
888 1164 897 1179 ,
927 1141 1020 1172 nullus
1035 1151 1069 1170 ue
1082 1163 1092 1178 ,
1116 1149 1215 1180 praeter

159 1183 248 1219 ipsum
265 1178 502 1210 Praedecess'orem
521 1189 551 1209 ea
570 1180 649 1215 vice⁷
668 1178 704 1209 de
720 1179 803 1209 dietis
822 1178 998 1209 Canonicatu
1059 1177 1216 1211 Praebenda

158 1219 303 1290 είὶὶίἷρεζῐὲετε
312 1217 473 1289 ἱροῑιὲἰάίῖἓὶῑῇ
496 1227 589 1255 neque
604 1216 708 1257 posset,
728 1216 927 1251 Reservatione
943 1217 976 1248 &
995 1217 1123 1248 Decreto
1141 1217 1215 1251 obfi—

186 1266 242 1288 enti
263 1267 294 1290 us
322 1267 339 1286 u
361 1266 374 1286 r
409 1266 417 1285 i
450 1265 470 1284 is

198 1295 279 1326 Idem
301 1266 511 1331 Prgdeceffo'ss
530 1293 644 1331 volens,
665 1292 772 1324 όίΙεᾶο
791 1294 880 1333 Filio,
898 1294 1030 1324 Richardo
1051 1292 1218 1324 Mandalene

161 1335 279 1366 Clerico
300 1332 504 1364 Londoniensis
518 1330 657 1363 Dioecesis
665 1355 674 1370 ,

201 1374 228 1404 A
250 1373 286 1403 ud
310 1372 399 1411 ipsum
414 1369 653 1401 Praedecessorem
665 1369 700 1400 de
715 1372 781 1401 vitae
795 1380 827 1401 ac
842 1380 954 1400 morum
969 1370 1131 1408 honestate,
1150 1368 1219 1402 aliis-

162 1422 219 1451 que
259 1411 384 1442 robitatis
398 1410 429 1440 &
442 1408 587 1439 Virtutum
602 1409 725 1447 meritis,
741 1409 931 1448 multipliciter
947 1410 1118 1441 comendato
1129 1431 1138 1444 ,

201 1449 318 1481 Horum
332 1449 434 1479 intuitu
470 1457 584 1477 necnon
599 1447 838 1483 consideratione,
856 1447 986 1478 carissimi
1001 1448 1029 1477 in
1047 1446 1162 1477 Christo
1175 1445 1224 1475 Fi-

164 1489 193 1519 lii
217 1488 322 1526 nostri,
341 1470 451 1517 Ricarisi
472 1485 558 1524 Regis
580 1484 689 1524 Angliae
701 1485 831 1525 Illustris,
849 1485 941 1515 eidem
954 1484 1155 1519 Praedecell‘ori
1169 1493 1222 1525 pro

164 1527 265 1559 eodem
293 1525 443 1562 Ricardo,
471 1524 577 1554 dilecto
601 1522 739 1554 Familiari
755 1523 827 1562 suo,
857 1523 1000 1554 humiliter
1023 1523 1200 1562 supplicantis
1214 1545 1225 1560 ,

165 1566 298 1597 Gratiam
313 1563 403 1593 facere
416 1562 562 1602 specialem
572 1584 581 1598 ,

202 1602 303 1634 Voluit
323 1602 357 1632 &
375 1599 512 1632 concessit
531 1599 695 1636 (videlicet)
715 1600 770 1630 xiv.
796 1598 860 1631 Kal.
880 1599 1017 1638 Augusti,
1036 1597 1224 1634 pontificatus

165 1642 206 1675 sui
222 1641 309 1672 Anno
322 1639 525 1676 Duodecimo,
545 1637 637 1668 dictos
651 1637 861 1668 Canonicatum
877 1638 910 1669 &
925 1638 1114 1670 Praebendam

208 1680 345 1720 Qiorum
365 1677 499 1716 Fructus,
527 1674 680 1714 Redditus,
698 1678 731 1708 δε
749 1675 908 1707 Proventus
923 1676 1072 1710 Sexdecim
1093 1661 1227 1708 Niarcha-

169 1728 234 1750 nim
256 1717 479 1756 sterlingorum,
496 1714 649 1744 secundum
669 1724 857 1745 communem
879 1714 1118 1754 Extimationem,
1137 1714 1226 1747 Valo-

169 1767 231 1789 rem
247 1756 404 1795 Annuum,
423 1761 453 1784 ut
471 1752 653 1791 asserebatur,
669 1763 727 1784 non
744 1753 933 1790 excedebant,

206 1795 254 1826 Sic
276 1802 422 1831 vacantes,
442 1791 546 1822 etiamsi
570 1790 660 1822 dk‘sstus
681 1791 814 1821 Thomas
836 1791 914 1822 Sedis
935 1791 1077 1833 praedictae
1099 1790 1228 1829 Capella-

169 1845 221 1865 rius
242 1857 252 1870 ,
277 1841 324 1864 aut
350 1830 414 1862 alias
439 1828 577 1861 Officialis
600 1830 644 1860 seu
671 1829 741 1860 dieti
759 1829 972 1861 Praedecefforis
995 1830 1041 1862 vel
1059 1831 1175 1868 alicujus
1193 1838 1227 1860 ex

167 1872 280 1905 Sanstae
299 1871 441 1901 Romanae
459 1868 594 1901 Ecclesiae
613 1867 806 1899 Cardinalibus
826 1868 973 1901 Familiaris
990 1868 1098 1910 fuisset,

206 1910 286 1941 Cum
305 1907 476 1948 plenitudine
490 1906 564 1946 Juris
582 1905 743 1946 Canonici,
760 1917 794 1939 ac
812 1908 945 1937 omnibus
959 1907 1073 1947 Juribus
1088 1908 1122 1941 ὅ(
1137 1906 1229 1941 Perti-

168 1949 270 1981 nentiis
287 1948 355 1985 suis,

1249 185 1720 234 PUBLICA.
2238 204 2288 253 63

1236 285 1286 313 rep
1322 275 1389 314 rias,
1407 276 1485 313 super
1500 285 1559 314 quo
1573 284 1651 309 tuam
1666 275 1878 309 Conscientiam
1892 288 2056 319 oneramuS,
2073 280 2286 314 Canonicatum
2296 283 2371 316 Ann.
2387 283 2429 314 D,

1232 314 1266 344 &
1313 314 1471 358 raebcnd‘am
1513 315 1661 359 racdidtOS,
1678 315 1697 346 fi
1719 325 1867 359 vacantes,
1883 327 1951 348 cum
1971 319 2126 358 dietiJuris
2140 321 2286 358 plenitudi-
2318 331 2401 359 1⁷90.

1233 352 2051 430 tesserae?gainnesarai&rfa
2065 358 2285 430 &cadri-‘21³2
2365 372 2393 388 ²*

1991 406 2009 426 u
2042 406 2139 429 oritate
2151 408 2209 436 prae
2229 409 2239 428 i
2269 409 2286 430 a

1236 427 1362 458 conferas
1375 429 1408 459 &
1421 429 1536 468 affignes
1544 453 1553 468 ,
1933 416 1943 432 ³

1273 465 1412 499 Inducens
1433 477 1482 504 per
1502 476 1547 506 te,
1565 468 1610 498 vel
1629 469 1731 507 alium,
1749 468 1794 500 seu
1807 470 1890 508 alios,
1907 471 2033 502 eundum
2049 473 2223 513 Ricardum,
2240 475 2287 508 vel

1238 503 1453 548 Procuratorem
1472 505 1551 538 suurn
1574 508 1629 543 ejus
1649 508 1769 538 nomine
1783 530 1792 546 ,
1824 509 1854 538 in
1874 509 1936 538 Cor
1976 510 2059 540 ralem
2083 512 2287 547 Poffeffionem

1240 542 1431 573 Canonicatsis
1455 545 1488 575 &
1509 543 1690 584 Praebendae,
1705 544 1870 585 Juriumque
1889 548 1922 578 &
1962 550 2170 581 ertinentiarum
2184 552 2291 590 praedi·

1240 581 1350 649 garum
1366 603 1376 619 ,
1399 582 1433 616 δε
1456 581 1618 614 deffendens
1637 584 1760 614 eundem
1773 606 1784 623 ,
1809 593 1908 616 amoto
1926 587 2026 618 exinde
2046 588 2174 628 quolibet
2194 591 2294 622 illicito

1274 630 1289 649 e
1301 630 1335 649 en
1349 630 1413 650 ore-

1244 697 1249 701 ·
1282 659 1326 690 Ac
1347 644 1450 691 faciens
1471 657 1748 703 ipsum-Ricardum,
1764 660 1810 690 vel
1824 661 1881 699 ejus
1893 661 2109 695 Procuratorem
2123 674 2176 703 pro
2190 676 2242 706 eo,
2258 667 2295 698 ad

1243 696 1327 733 ipsam
1341 695 1545 735 praebendam,
1562 707 1591 728 in
1605 698 1703 728 eadem
1716 697 1857 737 Ecclesia,
1875 701 1904 730 in
1919 699 2101 733 Canonicum
2115 706 2202 741 recipi
2219 706 2251 736 &
2266 708 2296 736 in

1247 734 1390 773 Fratrem,
1405 735 1522 779 Stallum
1541 735 1591 765 sibi
1610 736 1639 765 in
1662 735 1780 774 Chore,
1800 737 1832 768 &
1854 739 1881 768 in
1899 738 2010 769 Locum
2024 742 2053 770 in
2068 741 2202 781 Capitulo
2216 744 2296 783 ipsius

1246 772 1398 816 Ecclesiae,
1413 783 1480 805 cum
1495 773 1651 812 dictiJuris
1665 775 1849 822 plenitudine,
1866 775 2046 817 assignando,

1286 810 1429 855 Faciendo
1455 812 1491 842 de
1518 812 1643 851 ipsorum
1673 812 1866 844 Canonicatus
1892 816 1926 846 ὅτ.
1947 815 2111 847 Praebendae
2132 818 2281 853 FruCtibus

1247 848 1430 918 qudsts'busfi
1446 849 1654 894 ProventibuS,
1667 849 1780 889 Juribus
1794 853 1827 882 ὃ(
1842 852 2072 885 Obventionibus
2086 857 2213 888 universis
2227 842 2300 889 inte3

1270 897 1301 920 re
1315 897 1344 919 re
1393 897 1412 918 n
1433 898 1479 919 eri.

1248 896 1268 924 g
1288 897 1554 970 Nonpfbbstantibus
1576 927 1710 958 omnibus
1729 927 1904 966 supradietis,
1918 928 1962 960 seu
1983 930 2001 960 fi
2024 931 2142 968 praefatis
2160 932 2302 974 Episcopo

1253 963 1286 993 &
1307 963 1456 1003 Capitulo,
1473 965 1519 996 vel
1536 966 1676 1003 quibusvis
1691 965 1763 1003 aliis,
1780 969 1986 1006 communiter,
2003 969 2048 999 vel
2062 969 2188 1008 divisim,
2205 983 2221 1001 a
2232 982 2303 1009 prae-

1253 1001 1308 1033 fata
1326 1002 1401 1046 Sede
1423 1001 1569 1035 Indultum
1591 1003 1687 1034 existat
1706 1003 1785 1041 quod
1796 1004 1954 1043 interdici,
1973 1007 2124 1046 Suspendi,
2147 1010 2191 1039 vel
2210 1010 2304 1041 Exco-

1252 1042 1391 1073 municari
1410 1051 1470 1074 non
1490 1041 1594 1079 poffint
1612 1052 1661 1082 per
1682 1042 1786 1073 Literas
1809 1043 1999 1083 Apostolicas,
2014 1056 2074 1075 non
2095 1046 2226 1078 facientes
2246 1049 2304 1085 ple-

1252 1087 1318 1109 nam
1335 1080 1374 1123 .&
1393 1080 1547 1117 expressam
1568 1090 1601 1111 ac
1619 1081 1655 1110 de
1676 1081 1765 1111 verbo
1786 1081 1820 1111 ad
1841 1083 1958 1112 verbum
1971 1083 2008 1113 de
2019 1083 2135 1115 Indulto
2149 1085 2309 1124 hujusmodi

1254 1125 1448 1156 mentionem,
1462 1118 1666 1149 ontradietoroe
1677 1142 1688 1158 ,
1705 1119 1869 1150 auctoritate
1884 1120 1978 1151 nostra
1987 1144 1997 1160 ,
2014 1122 2209 1162 Appellatione
2229 1124 2309 1163 post-

1254 1156 1358 1195 posita,
1375 1158 1591 1195 compescendo.

1269 1231 1281 1241 Α
1294 1193 1362 1226 Dat.
1383 1198 1473 1226 Romae
1491 1196 1565 1233 apud
1581 1196 1709 1226 Santlum
1722 1197 1834 1226 Petrum
1846 1207 1875 1227 v.
1890 1195 1932 1227 Id.
1946 1197 2139 1239 Novembris,
2157 1199 2310 1231 Pontifica-

1253 1243 1301 1264 tus
1312 1234 1400 1267 nosti-i
1416 1233 1504 1266 Anno
1517 1232 1623 1264 Primo.

1799 1275 1842 1303 A.
1861 1273 1893 1303 de
1910 1275 2026 1304 strumo.

1283 1351 1323 1359 —2-

1638 1398 1696 1429 Pro
1715 1397 1801 1429 Doce
1821 1397 1932 1430 Gelriae.

1335 1478 1401 1513 EX
1426 1479 1635 1524 Colle-&oribus
1657 1480 1775 1511 Subfidii
1797 1480 1852 1511 Sex
1874 1480 2065 1517 Denariomm
2090 1485 2126 1517 de
2148 1486 2233 1518 Libra
2285 1489 2317 1519 in

1347 1517 1434 1548 Portu
1449 1518 1578 1549 Civitatis
1593 1518 1695 1549 nostrae
1710 1519 1886 1559 Londoniae,
1905 1519 2037 1554 Salutem.
2245 1510 2256 1527 ⁹

1299 1556 1469 1602 Mandamus
1491 1556 1600 1594 Vobis,
1616 1556 1731 1602 firmiter
1746 1558 1938 1602 injungentes,
1955 1560 2034 1600 quod
2047 1561 2205 1601 Johannem
2222 1565 2264 1593 W
2272 1564 2318 1595 th-
2332 1540 2408 1571 Ann'
2423 1539 2464 1571 D”

1255 1594 1696 1668 fitidffsvrainsfflffia
1717 1595 1935 1665 effusura
1954 1575 2318 1669 asserus-‘resse
2408 1602 2449 1653 14-

1263 1645 1298 1704 gt
1320 1672 1362 1703 sex
1379 1673 1548 1717 gibuinum,
1565 1671 1598 1716 ad
1613 1656 1694 1702 ul‘um
1708 1672 1788 1710 ipsius
1803 1670 1894 1702 Ducis
1908 1646 2184 1716 erieiptiimgae’prdsilil,
2201 1650 2239 1709 iii¹
2262 1651 2319 1710 'gig
2333 1661 2366 1722 CRl
2383 1666 2409 1684 ²⁸

1265 1720 1295 1755 tu
1310 1710 1452 1757 Pramicto
1465 1721 1494 1740 in
1508 1710 1626 1755 navibus
1639 1719 1768 1754 caream,
1787 1711 1917 1757 &Upenes
1930 1713 2076 1759 prffifatuni
2094 1715 2211 1759 Ducem
2230 1717 2320 1753 (solu-
2334 1695 2419 1760 [ὅγ’
2426 1704 2467 1729 '4'

1265 1748 2087 1826 tiriacus&astigitanae&sitirem
2100 1754 2321 1823 mdffleffir
2337 1780 2372 1800 m·

1267 1837 1326 1896 auo
1346 1820 1485 1858 Mandat'o
1500 1825 1616 1863 nostro,
1630 1828 1713 1857 vobis
1728 1827 1804 1865 prius
1817 1826 1848 1855 in
1861 1801 2258 1870 contrariumrefipeegtrgireggsr,
2271 1804 2324 1863 gb:
2340 1808 2445 1874 Eggffh

1294 1873 1396 1935 afffgste
1411 1902 1494 1943 Rege
1505 1900 1578 1943 apud
1590 1900 1867 1944 Westmonasterium,
1884 1903 1948 1938 xxii.
1963 1903 2152 1938 Novembris.

205 1985 375 2029 Apostolica
389 1985 470 2015 disto
484 1983 630 2021 RicardO,
646 1983 665 2014 fi
679 1983 712 2014 ad
726 1983 784 2016 hoc
799 1984 963 2024 reperiretur
975 1983 1118 2024 ydoneus,
1131 1983 1231 2019 audlo-
1289 1991 1293 1992 ⁷

169 2027 249 2056 ritate
263 2024 428 2055 conferri&
443 2024 528 2053 etiarn
542 2021 665 2061 assignari
674 2045 683 2061 ‚

208 2064 283 2096 Non
305 2062 477 2093 obstantibus
496 2062 719 2100 quibuscumque
742 2061 853 2091 Statutis
867 2061 901 2092 &
918 2059 1175 2094 Consuetudinibus
1187 2060 1231 2108 ip-

171 2103 222 2133 sius
242 2101 376 2132 Ecclesiae
397 2101 540 2131 contrariis
555 2123 564 2138 ‚
580 2098 765 2138 Juramemo,
791 2099 1022 2130 ConfirmatIOne
1043 2098 1225 2137 Apostolica‚

170 2141 215 2172 vel
229 2149 408 2180 quacumque
422 2139 551 2169 firmitate
564 2137 615 2168 alia.
628 2139 779 2175 roboratis,
795 2146 841 2168 aut
853 2138 871 2168 si
888 2138 990 2176 aliqui,
1006 2136 1169 2174 Apostolica
1184 2137 1230 2168 vel

169 2179 223 2211 alia
242 2180 337 2217 quavis
361 2178 552 2215 Auctoritate‚
571 2177 600 2207 in
612 2176 710 2206 eadem
724 2176 846 2207 Ecclesia
857 2177 887 2206 in
902 2176 1066 2206 Canonicos
1082 2176 1169 2206 essent
1186 2185 1230 2206 re-

171 2219 263 2258 cepti,
279 2217 325 2247 vel
345 2225 375 2247 ut
397 2216 598 2253 reciperentur,
617 2214 788 2251 insisterent,
807 2215 851 2244 seu
873 2214 892 2244 fi
912 2214 989 2254 super
1004 2214 1230 2252 Provisionibus,

171 2257 223 2287 sibi
243 2256 390 2292 faciendis,
405 2254 441 2284 de
462 2253 681 2285 Canonicatibus
701 2255 735 2285 &
761 2252 923 2285 Praebendis
935 2276 944 2291 ,
963 2254 991 2286 in
1013 2253 1065 2290 ipsa
1088 2252 1232 2290 Ecclesia,

171 2295 348 2333 specialibus,
367 2293 411 2322 vel
431 2292 487 2322 aliis
509 2291 653 2323 Beneficiis
672 2291 887 2328 Ecclesiasticis,
907 2292 936 2320 in
959 2291 1009 2321 illis
1024 2291 1160 2329 partibus,
1183 2299 1232 2329 ge-

171 2333 310 2364 neralibus
324 2356 334 2370 ,
358 2331 443 2362 dietae
461 2330 538 2361 Sedis
559 2331 604 2361 vel
623 2330 794 2370 Legatorum
816 2331 875 2368 ejus
898 2329 1003 2359 Literas
1024 2329 1233 2366 impetrassent,

171 2372 277 2402 etiamsi
301 2381 349 2411 per
372 2380 415 2400 eas
435 2368 469 2399 ad
492 2369 712 2407 Inhibitionem,
732 2369 982 2407 Reservationem,
999 2368 1033 2402 &
1055 2367 1233 2407 Decretum,

171 2410 218 2442 vel
231 2410 295 2439 alias
307 2407 543 2450 quomodolibet,
560 2407 629 2441 effet
645 2407 829 2445 Processum,

211 2449 324 2490 Qibus
346 2447 479 2491 omnibus
500 2446 629 2486 praefatus
649 2445 839 2476 Praedeceffor
859 2445 982 2475 eundem
1006 2443 1187 2483 Ricardum,
1204 2445 1234 2479 iri

172 2487 344 2519 assecutione
367 2484 559 2518 Canonicatsis
583 2486 617 2517 ὃς
637 2483 801 2515 Praebendae
824 2483 1027 2523 praedictorum
1049 2483 1141 2517 voluit
1159 2490 1237 2513 ante—

173 2525 240 2556 ferri

213 2548 269 2594 Se'd
290 2563 401 2596 nullum
417 2571 465 2602 per
478 2561 535 2592 hoc
547 2562 602 2598 eis,
619 2570 678 2599 quo
692 2559 725 2590 ad
741 2560 944 2592 assecutionem
959 2559 1188 2592 canonicatuum
1202 2559 1235 2590 δε

175 2601 397 2633 Praebendarum
412 2609 459 2630 aut
476 2599 684 2630 Beneficiorum
699 2599 837 2638 aliorum,
855 2598 1055 2636 Praejudicium
1068 2599 1192 2638 generari
1202 2620 1212 2635 ‚

215 2640 276 2673 Aut
297 2641 332 2677 si,
353 2637 513 2670 Venerabili
535 2638 623 2669 Fratri
645 2636 743 2668 nostro
901 2639 1024 2676 Episcopo
1039 2635 1236 2675 Lichftldenfi,

175 2679 227 2717 &,
247 2678 371 2709 Dsseffis
391 2677 480 2714 Finis,
503 2675 636 2716 Capitulo
657 2677 736 2713 ipsius
759 2675 909 2714 Ecclesiae,
929 2676 976 2705 ‘vel
998 2675 1138 2713 quibusvis
1157 2675 1214 2705 aliis
1228 2697 1237 2711 ,

178 2719 354 2754 comuniter,
372 2715 418 2746 vel
439 2715 566 2753 divisim,
584 2725 599 2746 a
623 2713 755 2751 praedicta
775 2715 794 2733 '¹‘
807 2713 874 2744 esset
896 2714 969 2746 Sede
993 2713 1137 2744 indultum
1156 2713 1236 2752 quod

179 2756 214 2786 ad
234 2755 443 2794 Receptionem
464 2753 508 2783 vel
533 2753 729 2784 Provisionem
745 2752 859 2791 alicujus
871 2752 992 2783 minime
1007 2760 1184 2787 tenerentur,
1203 2752 1235 2781 ὃς

178 2794 212 2827 ad
234 2793 262 2823 id
283 2792 429 2831 Compelli
447 2801 505 2821 non
527 2791 656 2829 possent,
674 2789 809 2828 quodque
829 2790 865 2820 de
880 2790 1100 2823 Canonicatibus
1113 2791 1145 2821 &
1160 2789 1237 2819 Prae-

177 2831 275 2863 bendis
293 2831 373 2869 ipsius
393 2829 545 2868 Ecclesiae,
559 2830 604 2860 vel
625 2829 682 2859 aliis
706 2828 849 2862 Beneficiis
863 2828 1076 2867 Ecclesiasticis,
1091 2828 1125 2858 ad
1137 2837 1236 2858 eorum

176 2870 388 2907 Collationem,
414 2867 626 2906 provisionem,
648 2866 913 2906 Praesentationem,
939 2868 985 2897 seu
1006 2867 1132 2906 quamvis
1153 2867 1237 2896 aliam

175 2907 413 2949 Dispositionem‚
431 2907 623 2944 conjundtim,
641 2905 685 2935 vel
706 2905 867 2943 separatim,
886 2905 1089 2943 specstantibus,
1107 2904 1176 2935 nulli
1188 2915 1237 2935 va-

175 2947 243 2981 leret
284 2946 403 2979 rovideri
443 2954 471 2974 er
493 2944 613 2978 Litteras
635 2943 826 2982 ApostolicaS,
845 2946 904 2978 nons
926 2944 1058 2974 facientes
1074 2942 1185 2980 plenam
1202 2943 1235 2974 &

175 2995 268 3026 ex’pre>
284 2995 329 3021 am
352 2993 386 3019 ac
406 2955 442 3013 (ξιξ
457 2981 556 3014 Verbo
570 2982 604 3016 ad
620 2981 747 3013 Verbum
762 2982 797 3012 de
812 2981 926 3017 Iiidulto
940 2981 1097 3020 hujusmodi
1112 2981 1237 3015 mentio-

200 3034 256 3054 eni.

217 3062 255 3093 Et
275 3061 396 3102 qualibet
418 3059 468 3093 alia
487 3059 571 3090 dietae
593 3058 671 3095 Sedis
687 3057 877 3098 Indulgentifi,
916 3058 1018 3088 enerali
1050 3057 1096 3088 vel
1110 3058 1237 3100 speciali,

178 3100 381 3139 cujuscumque
400 3099 519 3129 Tenoris
537 3097 679 3134 existeret,
695 3107 745 3137 per
757 3107 841 3137 quam
856 3098 936 3136 ipius
951 3096 1014 3126 Prae
1035 3095 1163 3128 ecessoris
1177 3096 1238 3127 Lit-

179 3147 265 3176 tcrae,
283 3138 303 3168 si
320 3138 398 3175 super
419 3137 476 3166 hoc
498 3136 639 3167 confedtae
658 3135 785 3173 fuissent,
803 3145 863 3165 non
885 3135 1040 3174 expressam
1058 3134 1101 3164 vel
1117 3135 1238 3167 totaliter

180 3187 240 3211 non
259 3177 406 3212 insertam,
424 3174 542 3206 effectus
563 3183 658 3208 earum
680 3174 808 3212 impediri
830 3173 933 3204 valeret
955 3172 1174 3211 quomodolibet
1189 3173 1236 3203 vel

179 3214 300 3252 differri,
319 3215 353 3245 &
371 3213 408 3242 de
428 3222 482 3251 qua
499 3213 631 3251 cujusque
649 3220 713 3246 toto
730 3220 828 3243 tenore
846 3211 973 3243 habenda
995 3211 1063 3242 esset
1083 3212 1112 3248 in
1134 3211 1236 3246 eisdem

182 3253 283 3287 Literis
296 3251 405 3283 mentio
418 3250 559 3289 specialis,

221 3291 277 3325 Sed
301 3290 321 3323 si
342 3288 585 3331 dietus-Ricardus

183 3329 321 3360 servandis
343 3328 457 3358 Statutis
475 3328 508 3357 &
521 3325 588 3356 Con

183 3375 329 3404 mentum,
346 3364 521 3402 dummodo,
540 3365 568 3393 in
582 3362 701 3394 absentia
714 3364 774 3402 sua,
792 3374 840 3401 per
853 3364 1069 3394 Procuratorem
1083 3365 1237 3404 ydoneum,

184 3408 218 3438 ὅ(
238 3415 304 3438 cum
322 3405 356 3437 ad
373 3403 526 3437 Ecclesiam
541 3401 628 3442 ipsam
639 3402 987 3441 accederet,corp0raliter
1000 3402 1066 3432 illud
1081 3402 1238 3445 praestaret,

224 3443 326 3475 nitius
346 3443 430 3474 etiam
455 3440 662 3478 Praedeceffor,
681 3449 763 3478 prout
779 3449 851 3477 erat,
868 3441 980 3470 irritum
994 3440 1118 3472 decrevit
1131 3441 1164 3471 ὃς
1179 3441 1239 3470 ina,-

184 3491 222 3514 ne
235 3504 245 3520 ,
269 3482 288 3512 si
309 3481 385 3511 secus
406 3479 479 3518 hiis,
500 3489 516 3509 a
536 3489 679 3517 quoquam
695 3502 705 3517 ,
729 3479 824 3518 quavis
844 3478 1035 3516 Auctoritate,
1058 3480 1173 3509 scienter
1195 3479 1238 3511 vei

182 3523 362 3560 ignoranter,
379 3526 573 3564 attemptatum
586 3516 675 3550 forsan
692 3525 748 3548 erat
759 3525 845 3555 tunc,
857 3516 903 3548 vel
916 3518 1093 3556 contingeret
1104 3516 1239 3557 imposte-

185 3568 249 3591 rum
265 3565 353 3588 attem
376 3565 441 3594 tari,

223 3597 275 3627 Ne
293 3567 386 3626 auteffn
423 3604 475 3633 pro
494 3604 530 3624 eo
549 3592 626 3632 quod
639 3593 716 3631 super
729 3593 888 3632 hujusinodi
903 3593 1045 3624 voluntate
1059 3594 1093 3625 ὃς
1107 3592 1239 3624 Conces-

186 3636 281 3673 fione,
296 3634 365 3665 dicti
381 3618 594 3664 13raedecessoris
606 3632 685 3675 obitu
698 3633 726 3661 su
747 3634 925 3676 erveniente,
943 3631 1118 3670 Apostolicae
1135 3632 1237 3662 Literae

186 3674 327 3705 confeetae
347 3682 406 3702 non
425 3671 552 3708 fuerunt,
567 3669 716 3708 praedictus
769 3671 876 3702 icardus
888 3670 1047 3701 Voluntatis
1061 3671 1094 3700 &
1110 3669 1240 3700 Conces-

188 3712 273 3743 sionis
294 3709 456 3742 earumdem
476 3708 647 3739 frustraretur
661 3708 782 3747 effeetu,
801 3708 936 3739 Volentes
948 3710 981 3740 &
997 3708 1164 3746 Apostolica
1183 3708 1244 3739 Au-

185 3751 316 3782 storitate
329 3749 522 3779 Decernentes
561 3746 618 3777 uod
630 3746 728 3776 eadem
742 3747 878 3777 Voluntas
894 3748 927 3778 ὃς
941 3746 1098 3777 Concessio
1107 3769 1115 3784 ‚
1133 3757 1147 3777 a
1163 3746 1239 3777 dieta

185 3788 231 3819 die
249 3788 412 3827 (videlicet)
429 3787 484 3816 xiv.
504 3784 547 3815 Ka
560 3808 567 3814 .
588 3784 705 3823 Augusti
742 3785 857 3822 perinde
877 3785 1025 3815 sortiantur
1037 3785 1188 3822 effectum,
1206 3794 1240 3815 ac

185 3828 206 3858 fi
226 3827 304 3863 super
324 3828 362 3857 cis
383 3825 452 3857 dieti
473 3823 684 3867 Praedecefforis
705 3807 806 3854 Eiterae
820 3823 871 3855 sub
884 3823 964 3861 ipsius
980 3823 1034 3855 diei
1050 3822 1127 3858 Data
1140 3823 1240 3854 confe-

186 3865 244 3896 61ae
257 3864 386 3911 fuissent,
402 3871 485 3902 prout
498 3862 618 3906 supernis
630 3869 768 3892 enarratur
777 3884 786 3899 ,
1019 3901 1028 3908 ἱ

182 3898 1239 3982 ει(ἓΐέἓᾷἓωξὲῗὲῗῗὲἒὶἑὲἔῗριῗΐέυὲῐῖιῗὲἒὲιῖ,ΡὲίἓεΧῖὲῗιὶἓῑῖἶῖἐ

183 3979 364 4022 Probationis
377 3978 582 4022 adminiculum
596 3985 748 4020 requiratur
757 3999 767 4013 ,
788 4015 793 4020 ¹
1110 4014 1115 4020 ⁹

226 4016 396 4049 Discrctioni
416 4025 472 4047 tuae
486 4026 534 4057 pei·
555 4015 721 4055 Apostolica
735 4014 844 4051 Scripta
858 4013 1029 4048 Mandemus
1042 4022 1187 4052 quatinus,
1202 4014 1242 4052 fi,

180 4055 245 4098 post
263 4054 497 4088 examinationem
509 4079 520 4093 ,
547 4054 673 4086 eundem
691 4053 850 4086 Ricardum
868 4052 903 4085 ad
925 4052 982 4087 hoc
1003 4051 1161 4088 Ydoneum
1184 4052 1240 4089 effe

591 3287 786 3354 [praesens'non
795 3287 870 3331 foret
881 3288 915 3318 ad
929 3287 1118 3333 praestandum
1134 3287 1170 3323 de
1184 3288 1238 3318 ob-

601 3325 776 3355 uetudinibus
792 3326 874 3363 ipsius
888 3326 1022 3356 Ecclesiae
1034 3326 1145 3357 solitum
1158 3326 1238 3365 Jura-

1422 2029 1471 2065 De
1493 2028 1631 2062 Licentia
1654 2024 1832 2062 Procedendi
1854 2030 1886 2061 in
1904 2028 1996 2073 causta
2009 2028 2175 2073 Scismatis.

1273 2113 1329 2168 R
1339 2113 1364 2146 E
1375 2112 1406 2147 X
1424 2112 1575 2150 omnibus,
1589 2110 1623 2144 ad
1638 2121 1727 2151 quos,
1742 2113 1802 2143 &c.
1818 2111 1952 2144 Salutem.

1387 2152 1484 2186 Sciatis
1494 2151 1572 2188 quod
1581 2172 1591 2188 ,
1610 2150 1646 2181 de
1662 2149 1760 2181 Gratia
1774 2150 1867 2182 nostra
1879 2150 2004 2191 speciali,
2023 2151 2057 2181 &
2071 2160 2124 2188 pro
2139 2161 2245 2184 matura
2258 2154 2328 2185 deli-

1269 2191 1412 2221 beratione
1431 2190 1465 2220 &
1484 2188 1587 2219 assensu
1608 2188 1733 2219 Concilii
1756 2188 1860 2227 nostri,
1879 2190 1909 2220 in
1932 2189 2058 2229 praesenti
2074 2189 2263 2223 Parliamento
2273 2204 2331 2223 rio-

1269 2228 1344 2267 stro,
1362 2226 1553 2261 concessimus
1569 2227 1603 2260 ὃς
1627 2226 1786 2260 Licentiam
1806 2227 1963 2266 Dedimus,
1986 2229 2138 2259 venerabili
2158 2230 2188 2260 in
2209 2230 2327 2263 Christo
2344 2249 2385 2273 An
2417 2255 2426 2272 ι

1270 2266 1362 2306 Patri,
1379 2264 1578 2334 Archiepigcopo
1596 2264 1785 2304 Cantuarienfi
1796 2288 1805 2303 ‚
1821 2267 1906 2296 totius
1927 2266 2038 2305 Angliae
2053 2266 2183 2307 Primati,
2199 2270 2233 2300 &
2249 2270 2329 2307 Apo-
2345 2288 2364 2311 R
2390 2268 2410 2309 '2
2431 2255 2458 2280 4'

1270 2305 1379 2340 stolicae
1405 2305 1483 2339 Sedis
1528 2311 1609 2343 egato
1623 2327 1633 2342 ,
1657 2314 1691 2335 ac
1707 2327 1717 2342 ,
1743 2303 1863 2335 Dilec'tis
1879 2305 1961 2335 nobis
1979 2307 2008 2334 in
2027 2304 2143 2336 Christo
2156 2328 2166 2344 ,
2192 2309 2280 2338 Priori
2298 2309 2329 2339 de
2346 2306 2391 2349 Par
2416 2305 2428 2348 '¹

1271 2343 1406 2383 Thetford
1418 2344 1452 2376 ὃς
1471 2344 1560 2374 Priori
1573 2342 1605 2375 de
1618 2342 1841 2382 Bermundeskye,
1860 2342 1940 2380 quod
1955 2343 2004 2381 ipsi
2015 2343 2261 2383 jurisdictionem,
2280 2347 2329 2377 sibi
2347 2363 2367 2387 R
2396 2343 2411 2386 '2
2434 2330 2463 2356 4*

1272 2393 1320 2422 per
1343 2382 1510 2416 Dominum
1523 2384 1659 2413 Summum
1674 2380 1833 2419 Pontificem
1866 2381 1945 2420 super
1959 2381 2044 2412 Locis
2057 2382 2091 2412 &
2106 2381 2235 2414 Personis
2250 2384 2331 2416 Reli-v
2372 2381 2376 2386 ’
2417 2381 2422 2387 ’

1272 2422 1363 2460 gionis
1383 2420 1500 2463 Ordinis
1521 2417 1712 2463 Cluniacenfis
1733 2420 1806 2451 infra
1828 2404 1963 2460 Regnum
1986 2419 2112 2450 nostrum
2132 2421 2243 2460 Angliae
2258 2433 2330 2456 conf
2345 2446 2371 2464 m
2386 2407 2423 2470 ¹4,

1272 2460 1395 2497 ceffiim,
1412 2460 1445 2491 &
1468 2468 1497 2489 in
1517 2457 1616 2489 Literis
1638 2457 1827 2496 Apostolicis,
1840 2459 1879 2489 eis
1901 2458 1968 2488 inde
1989 2459 2146 2496 confectis,
2161 2461 2268 2497 plenius
2282 2472 2331 2492 ex·
2376 2459 2381 2463 ”

1272 2498 1434 2538 pressamm,
1452 2496 1573 2534 plenarie
1586 2519 1595 2533 ‚
1614 2497 1688 2533 juxta
1707 2496 1856 2528 Tenorem
1879 2496 2036 2527 Literarum
2059 2497 2274 2538 praedietarum,
2292 2500 2334 2531 fa—

1273 2546 1338 2568 cere
1356 2536 1388 2566 &
1402 2544 1550 2565 excercere
1564 2535 1688 2572 valeant,
1706 2534 1822 2565 durante
1837 2534 1988 2574 Scismate,
2006 2544 2090 2572 prout
2104 2536 2204 2566 Abbas
2217 2537 2331 2568 Clunia-2

1272 2575 1349 2614 cenfis
1372 2576 1405 2605 δε
1421 2575 1498 2604 Prior
1513 2575 1666 2611 Caritatis,
1685 2573 1719 2604 &
1733 2581 1847 2613 uterque
1860 2583 1976 2611 eorum,
1993 2574 2088 2605 debite
2102 2575 2193 2606 facere
2205 2577 2239 2608 &
2255 2586 2333 2607 exer·

1273 2624 1337 2649 cere
1351 2612 1484 2647 deberent
1499 2612 1532 2643 ὃ(
1546 2611 1660 2643 deberet
1673 2611 1693 2641 si
1705 2611 1812 2642 Scisma
1827 2613 1856 2642 in
1870 2611 1993 2642 Ecclesia
2008 2621 2068 2642 non
2084 2613 2173 2651 foret;

1311 2652 1398 2685 Salvis
1420 2650 1528 2687 semper
1549 2649 1664 2687 Nobis,
1685 2650 1719 2681 &
1739 2650 1795 2680 aliis
1809 2650 1832 2680 F
1834 2649 2015 2681 undatoribus
2026 2650 2204 2682 Prioratuum
2222 2652 2256 2683 &
2270 2653 2332 2684 alia-

1273 2701 1338 2725 rum
1362 2688 1516 2723 Domuum
1535 2688 1757 2728 Religiosarum,
1775 2690 1834 2719 tam
1858 2689 2104 2729 Alienigenarum,
2121 2692 2207 2729 quam
2222 2688 2331 2731 Indige-

1273 2738 1390 2765 narum,
1408 2727 1476 2757 dieti
1493 2726 1624 2764 Ordinis,
1642 2726 1927 2764 Haereditationibus,
1947 2728 2205 2766 Advocationibus‚
2223 2730 2256 2759 &
2271 2731 2333 2767 qui-

1274 2767 1450 2805 buscumque
1470 2765 1526 2795 aliis
1543 2764 1658 2803 Juribus
1680 2764 1797 2804 nostris,
1813 2774 1846 2796 ac
1865 2765 1985 2797 aliorum
2008 2765 2199 2798 Fundatorum
2220 2767 2331 2799 Priora-

1275 2814 1356 2837 tuum
1369 2805 1402 2838 &
1416 2803 1570 2838 Domuum
1587 2802 1793 2843 praedictarum.

1312 2843 1345 2874 In
1359 2843 1451 2880 cujus,
1467 2841 1527 2871 &c.

1348 2879 1437 2912 Teste
1451 2879 1533 2920 Rege
1546 2879 1619 2917 apud
1635 2877 1909 2919 westmonasterium,
1925 2881 1999 2911 xxvi.
2015 2880 2059 2911 die
2074 2877 2265 2912 Novembris.

2344 2167 2419 2200 Ann.
2436 2167 2476 2199 D.

2366 2215 2451 2246 1390.

1689 2958 1743 2987 Per
1758 2957 1917 2987 Petitionem
1928 2960 1959 2989 in
1973 2955 2169 2987 Parliamento.

1275 3088 1324 3121 De
1340 3080 1506 3131 Judicibus
1524 3082 1766 3129 Appellationum
1782 3084 1814 3114 in
1829 3080 1920 3127 causti
1936 3083 2106 3116 Armorum
2123 3081 2325 3130 Affignandis.

1348 3169 1373 3199 E
1383 3168 1413 3199 X
1422 3190 1432 3206 ,

1377 3205 1582 3238 Venerabilibus
1601 3204 1727 3236 Patribus
1734 3228 1744 3242 ,

1313 3246 1426 3315 {oberto
1439 3244 1602 3282 Londoniae,
1621 3245 1655 3275 &
1670 3243 1798 3282 Johanni
1809 3242 1904 3283 Heres
1899 3243 1981 3274 Ordiae
1990 3265 1999 3282 2
2018 3242 2161 3283 EPlsCOPiS
2180 3253 2186 3271 ²
2344 3215 2474 3295 Agge?-

1343 3294 1376 3323 c,
2343 3298 2395 3321 An.
2415 3304 2456 3330 ¹4-

1277 3359 1429 3395 Carissimis
1448 3359 1604 3390 Avunculis
1622 3358 1688 3397 suis,
1831 3357 1954 3393 Joha'mi
1970 3358 2001 3387 de
2020 3356 2185 3396 Cffbehffl:
2344 3336 2437 3397 RIZid

1827 3393 1865 3427 Et
1885 3395 1990 3425 Thomae
2008 3397 2040 3425 de
2059 3397 2158 3435 Percy,
2346 3417 2382 3435 m,
2397 3417 2421 3435 2,
2439 3392 2445 3399 “

1275 3399 1402 3473 {ohaam
1420 3399 1600 3437 Aquitaniae,

1275 3444 1277 3446 ’
1304 3447 1314 3468 t
1333 3437 1437 3467 Thomae
1456 3434 1640 3475 Glaucestriae,

1275 3476 1407 3511 Ducibus
1424 3485 1429 3503 :
1467 3473 1612 3513 Necnon,

1276 3514 1395 3547 Dileclis
1413 3514 1445 3544 ὃς
1464 3511 1602 3542 Fidelibus
1617 3511 1684 3550 suis,

1278 3555 1321 3583 W
1320 3551 1424 3583 illielmo
1441 3554 1555 3587 Sarum,

1828 3433 1985 3470 Militibus,
2002 3433 2064 3471 Ac,

1827 3471 1949 3504 Dilectls
1963 3471 2028 3509 fibi,

1828 3508 1968 3548 Magistro
1983 3508 2110 3548 Johanm'
2127 3511 2252 3547 Barnet,

1828 3546 1866 3578 Et
1895 3546 1946 3577 Ma
1966 3549 2032 3578 istro
2059 3548 2171 3577 Ricardo
2193 3545 2330 3586 Rouhale„

1829 3585 1940 3624 Legum
1988 3585 2147 3624 nitoribus,

1277 3591 1315 3622 Et
1336 3591 1449 3620 Henrico
1465 3588 1689 3627 Northumbriae,
1830 3623 1954 3657 Salutem

1277 3628 1439 3660 comitibus
1458 3636 1464 3656 :

1317 3703 1507 3779 {edantianliggld
1513 3726 1742 3771 Constabularius
1755 3737 1849 3770 noster
1863 3736 1909 3768 An
1928 3737 1990 3775 liae,

1314 3780 1347 3812 In
1369 3780 1487 3820 quadarn
1508 3778 1601 3810 Causa
1615 3778 1650 3809 de
1664 3779 1697 3810 &
1711 3778 1789 3816 super
1805 3776 1899 3807 Armis
1930 3786 1947 3806 e
1961 3776 2069 3813 Azura,
2083 3784 2152 3806 cum
2166 3784 2220 3807 una
2236 3775 2330 3811 Benda

1276 3821 1547 3889 ἀᾷῙὲιιξτοῇὶιανᾶιυη
1562 3852 1586 3884 le
1600 3858 1676 3894 Scrop
1685 3853 1810 3884 Militem
1819 3876 1828 3892 ,
1847 3851 1960 3884 Partem
1968 3851 2112 3882 Aoricem
2125 3861 2161 3883 ex
2171 3862 2226 3887 una
2239 3861 2332 3893 parte,

1280 3898 1313 3929 ὃς
1328 3896 1471 3929 Robertum
1489 3893 1660 3932 Gros‘benour
1671 3915 1681 3931 ‚
1699 3892 1842 3929 Militem,
1858 3890 1972 3922 Partem
1987 3889 2199 3924 Defendentem
2214 3914 2225 3930 ,
2241 3900 2277 3923 ex
2296 3892 2333 3922 al-

1279 3945 1356 3979 tera,
1371 3936 1400 3981 in
1415 3932 1501 3963 Curia
1514 3931 1608 3962 nostra
1623 3930 1742 3963 Militari
1756 3929 1836 3962 mota
1849 3929 1884 3961 &
1897 3929 2055 3969 pendente,

1318 3970 1666 4052 &iignffiffiegssigmiam
1686 4006 1878 4052 Diffinitivam
1899 4014 1953 4045 pro
1967 4004 2049 4039 Parte
2061 4005 2129 4040 dieti
2145 4005 2283 4047 Ricardi,
2300 4006 2334 4039 &

1280 4059 1381 4084 contra
1394 4045 1507 4080 Partem
1520 4046 1588 4078 dlCU
1602 4046 1722 4083 Roberti
1735 4043 1854 4083 tulisset,
2292 4079 2337 4112 Ac
