2561 4251
190 441 316 508 lnrlcgffg
323 439 411 516 ²Riesigce'
425 476 497 514 apud
512 476 556 507 W
557 476 802 507 estmonasterium
817 499 827 515 ‚
845 475 980 507 vicesimo
995 476 1041 507 die
1055 474 1204 507 Februarii.

880 555 934 583 Per
949 553 1100 582 Concilium.

310 681 356 712 De
371 672 574 710 Proditoribus
592 678 678 722 Regis
698 678 849 710 Navarrae
868 675 1055 719 Aristandis.

12 769 83 802 Ann.
98 764 140 794 D.
157 762 270 821 REX
279 785 289 800 ,
305 760 409 791 dileeto
432 760 465 790 &
487 759 566 803 fideli.
580 760 644 797 suo,
663 760 791 804 Johanm'
802 759 1004 805 dehArundefla
1020 760 1208 805 Constabtila-

29 813 111 845 1379.
180 850 191 858 γ
223 803 271 845 'rio
284 801 316 830 δε
331 798 454 828 Custodi
475 798 567 842 Castri
590 798 722 843 &q-Villo'e
735 799 771 866 d‘te
783 799 1210 868 Clggbluirdillrlgnlsffiigfirffinniffi,

11 851 103 914 2¹⁶3?
145 838 814 923 -5⁸33‘ifrsfssssssssffnizzsssssnffislzsferiis.
1129 861 1139 877 ²

11 927 139 989 {morht--
192 913 468 983 {egmggffignziam
489 951 522 981 δε
543 949 740 980 Affeetionem
763 950 908 987 specialem
924 975 934 988 ,
961 960 1046 988 quam
1059 950 1092 981 ad
1110 950 1209 982 Perso-

13 982 60 1034 ρξ’
153 1001 221 1022 nam
240 991 369 1021 carissimi
392 988 604 1025 Consanguinei
626 988 715 1019 nostri
733 1012 742 1028 ,
768 988 866 1019 Karoli
888 992 965 1026 Regis
978 992 1123 1020 Navarrae
1137 992 1210 1029 geri-

154 1040 217 1060 mus
232 1031 264 1061 &
280 1030 429 1064 habemus,

193 1067 391 1098 Conceffimus
413 1066 446 1096 &
469 1065 626 1095 Licentiam
650 1064 792 1096 Dedimus
811 1064 942 1094 Karoloro
961 1066 992 1095 de
1004 1065 1080 1096 Bello
1097 1069 1209 1105 Monte,

156 1107 239 1144 ipsius
260 1104 470 1140 Consanguinei
490 1104 577 1133 nostri
598 1102 819 1141 Cousanguineo
834 1126 844 1141 ,
870 1104 949 1141 qubd
970 1104 1045 1134 idem
1062 1105 1209 1135 Kar-olonis

157 1145 351 1183 quoscumque
382 1142 539 1172 Proditores
560 1142 651 1172 eidem
675 1141 898 1179 Consanguineo
919 1143 1016 1173 nostro
1029 1167 1038 1180 ,
1062 1144 1131 1174 infra
1152 1143 1211 1175 Ca-

156 1184 246 1214 strum
269 1182 302 1212 &
325 1180 428 1211 Villam
450 1179 580 1218 praedieta
595 1190 627 1210 ac
643 1180 781 1210 Dominia
795 1180 914 1217 ejusdem
930 1181 1060 1211 inventos
1072 1182 1115 1212 seu
1131 1183 1210 1212 inve-

147 1221 295 1257 niendos,
316 1219 444 1249 Arestare
459 1243 468 1256 ,
494 1221 526 1250 &
549 1229 607 1256 quo
627 1219 746 1249 voluerit
762 1243 771 1256 ‚
790 1219 824 1248 sd
839 1219 969 1256 placitum
986 1220 1065 1256 iplius
1081 1220 1210 1250 Consim-

179 1260 254 1290 uinei
273 1258 360 1288 nostri
375 1281 384 1296 ,
404 1257 506 1287 ducere
520 1258 638 1294 poterit,
657 1258 712 1286 line
728 1258 875 1287 occalione
890 1258 935 1287 vel
951 1259 1143 1295 impedimeno
1156 1270 1210 1289 no-

157 1269 223 1336 ᾔῐὶ,
242 1297 289 1329 vel
313 1295 512 1326 Ministrorum
532 1304 579 1326 aut
593 1294 806 1325 Officiariorum
825 1294 987 1326 nostrorum
1004 1306 1210 1334 quorumcum—

180 1346 230 1366 ue·

158 1348 177 1375 q
198 1360 235 1405 E}
264 1374 330 1405 ideo
360 1374 442 1403 vobis
461 1371 632 1402 Mandamus
653 1372 732 1410 quod
754 1371 843 1410 ipsum
866 1371 1030 1402 Karolotrim
1049 1373 1206 1411 hujusmodi

158 1413 322 1444 Proditores
345 1411 448 1442 ibidem
469 1421 568 1447 capere
580 1434 588 1448 ,
613 1411 645 1440 ἃ
667 1411 766 1440 exinde
777 1435 786 1447 ,
809 1420 838 1439 ut
853 1410 1019 1448 praediffitum
1034 1411 1074 1441 est
1083 1434 1093 1449 ,
1108 1411 1212 1442 ducere

160 1453 323 1491 permittatis
339 1473 348 1488 ,
372 1460 431 1480 non
452 1449 580 1481 obstante
596 1450 675 1486 quod
689 1449 764 1478 dicta
778 1448 927 1486 Castrum,
947 1449 1037 1486 Villa,
1055 1451 1088 1480 &
1102 1449 1211 1480 Domi-

159 1492 204 1520 nia
231 1491 259 1519 in
281 1489 407 1519 manibus
429 1487 528 1517 nostris
542 1511 552 1524 ,
575 1487 624 1517 sub
648 1486 786 1517 Custodia
806 1486 913 1525 vestra,
931 1487 965 1517 ad
978 1497 1050 1525 opus
1063 1488 1212 1528 nostrum,

160 1530 237 1559 salvo
251 1526 433 1558 custodienda
445 1525 572 1555 existunt.

199 1566 309 1598 Damus
327 1573 424 1595 autem
445 1564 543 1601 vobis,
561 1564 593 1594 ὃς
608 1562 663 1592 aliis
676 1562 783 1601 Ligeis,
802 1562 940 1599 Subditis,
958 1564 991 1594 &
1005 1563 1146 1594 Fidelibus
1159 1575 1213 1596 no—

162 1605 224 1635 stris
244 1603 469 1642 quibuscumque
483 1624 493 1639 ,
515 1603 542 1630 in
557 1601 609 1630 hac
625 1610 715 1638 parte,
732 1601 850 1632 Tenore
864 1601 1059 1640 Praeseutiurn‚
1081 1604 1109 1633 in
1124 1603 1212 1634 Man-

161 1645 230 1674 datis
244 1641 324 1680 quod
338 1640 429 1672 eidem
441 1638 588 1676 Karoloto,
603 1640 631 1668 in
646 1639 796 1670 Praemiffis
808 1640 957 1679 faciendis,
972 1640 1131 1672 Coniilium
1140 1652 1213 1680 prae-

162 1683 247 1712 beatis
260 1682 292 1712 ὃς
308 1680 447 1710 Favorem
461 1686 546 1716 prout
559 1677 648 1711 decet.

198 1720 232 1750 In
244 1719 337 1757 cujus,
355 1719 416 1748 δίε.

234 1757 324 1788 Teste
334 1754 506 1795 Rege'apud
516 1754 822 1794 westmonasterium,
840 1755 975 1788 vicefimo
988 1756 1033 1788 die
1045 1757 1196 1789 Februarii.

869 1843 877 1852 ·
893 1836 946 1863 Per
961 1834 1111 1865 Concilium.

183 1967 246 2002 Pro
264 1966 381 1996 Simone
399 1959 543 2008 Archiepi
558 1972 621 2007 copo
647 1960 871 2004 Cantuarienst'‚
903 1963 939 1998 (ᾖν
963 1960 1032 1994 aliis
1051 1960 1088 1994 de
1105 1965 1193 1996 certis

489 2014 623 2044 Summis
640 2013 711 2056 Regi
725 2012 895 2043 Mneuasis.

18 2110 91 2142 Am,-
106 2104 155 2140 Β(
168 2095 291 2154 REX
304 2097 466 2145 Omnibus,
484 2095 518 2127 ad
533 2106 621 2135 quos,
639 2095 700 2127 &c.
719 2094 854 2126 Salutem.

17 2158 121 2216 Attii?-
148 2173 151 2176 ⁴
205 2136 506 2217 Cifftcixiusllfcieiigiiabilis
526 2172 606 2203 Pater
619 2196 628 2210 ,
651 2175 742 2216 §imon
763 2165 979 2217 Arrhiepiscopus
1001 2174 1220 2215 Cantuarienfis,

17 2231 46 2255 R,
67 2237 93 2254 2·
166 2215 252 2245 totius
277 2213 387 2252 Angliae
418 2211 524 2256 Primos
538 2233 547 2249 ‚
571 2211 673 2256 Nobis
695 2210 823 2241 Centum
844 2210 942 2254 Libras
961 2223 1014 2250 pro
1034 2213 1221 2253 Expeditione

17 2269 74 2294 Pa„-
95 2275 119 2292 ,η
166 2252 287 2282 Guerrae
299 2251 419 2287 nostrae,
437 2250 568 2295 libere&
581 2249 680 2295 sponte
695 2258 880 2287 mutuaverit,

19 2307 47 2332 R.
59 2313 83 2329 2.
93 2310 156 2339 μμ
204 2291 284 2329 Qias
298 2300 346 2328 per
361 2299 459 2319 manus
479 2288 620 2318 Williclmi
634 2288 666 2317 de
682 2286 865 2317 Walleworth
881 2289 914 2320 ὃς
925 2288 1066 2328 Johannis
1082 2290 1200 2330 Philipot
1209 2315 1219 2330 ,

18 2350 54 2370 m,
70 2342 115 2370 23·
152 2328 361 2369 *R‘eceptorum
377 2327 568 2358 Denariorum
583 2337 635 2365 pro
647 2326 767 2356 Guerris
780 2325 899 2365 nostris,
914 2329 1090 2367 recepimus,
1104 2368 1109 2374 ι

203 2367 273 2398 Nos
293 2366 410 2405 praefato
431 2364 629 2404 Archiepffcopo
648 2364 683 2395 de
703 2364 785 2395 distis
806 2364 933 2395 Centum
957 2366 1065 2405 Libris,
1084 2376 1152 2398 citra
1166 2368 1219 2398 Fe-

152 2405 240 2436 ⁴stum
262 2406 358 2436 Sanffi
378 2404 494 2434 Martini
513 2405 541 2433 in
564 2403 658 2441 ieme,
675 2404 808 2443 proximo
821 2403 964 2442 futurum,
981 2405 1160 2437 Solutionern
1172 2417 1222 2446 pei·

167 2454 219 2474 nos
235 2443 293 2474 fieri
307 2443 504 2473 Promittimus
519 2443 547 2471 in
563 2441 662 2472 Verbo
678 2442 775 2479 Regio
791 2442 824 2472 &
841 2442 918 2473 bons
930 2443 1002 2481 fide,

204 2482 242 2512 Et
255 2506 265 2520 ,
291 2490 320 2512 ut
342 2481 434 2511 eidem
454 2479 653 2520 Archiepifiopo
669 2502 678 2518 ‚
704 2480 740 2510 de
759 2479 878 2511 Summa
893 2482 1046 2521 praedietis,
1062 2485 1224 2522 promptius

166 2520 271 2552 satisfiat
284 2545 293 2558 ,
317 2518 517 2550 Concesfimus
530 2542 540 2557 ,
564 2529 617 2556 pro
638 2518 736 2548 Nobis
755 2520 788 2550 &
807 2518 978 2551 Haeredibus
999 2521 1099 2552 nostris
1114 2545 1123 2561 ‚
1142 2523 1222 2561 quod

166 2559 365 2590 Thesaurarius
388 2557 481 2587 noster
495 2582 504 2595 ,
531 2568 584 2595 pro
604 2566 733 2595 tempore
754 2556 887 2596 existens,
903 2568 1115 2597 competentem
1130 2562 1224 2601 Affig-

166 2599 311 2628 nationem
325 2620 334 2635 ,
358 2607 409 2634 pro
429 2596 566 2626 solutione
579 2619 589 2634 ‚
607 2596 664 2626 sive
684 2595 866 2626 satisfafflone
888 2597 1010 2636 ejusdem
1029 2598 1177 2638 Summae,
1194 2602 1223 2630 in

168 2636 239 2666 locis
253 2637 300 2666 ubi
317 2636 415 2665 melius
428 2634 558 2672 expedire
570 2634 687 2672 viderit,
705 2634 822 2671 praefato
838 2636 967 2674 Archicpi
980 2645 1036 2674 copo
1050 2638 1132 2668 faciat
1143 2662 1151 2676 ‚

206 2675 342 2704 Volentes
364 2675 396 2704 &
418 2674 611 2710 praecipientes
631 2673 712 2711 quod
735 2673 894 2711 hujusmodi
918 2675 954 2705 Ar
979 2677 1074 2714 giratio
1087 2699 1097 2714 ,
1117 2687 1166 2714 per
1180 2677 1224 2707 di-

168 2713 249 2743 etum
271 2713 487 2742 Thesaurarium
509 2710 634 2741 facienda
649 2734 659 2749 ,
686 2713 713 2741 in
735 2711 784 2741 suo
805 2713 909 2743 robore
933 2714 1088 2750 perseveret
1102 2738 1111 2752 ,
1127 2716 1161 2745 &
1178 2713 1224 2744 fir-

169 2760 252 2780 mum
266 2751 364 2780 locum
378 2750 492 2786 habeat,
510 2750 613 2786 absque
627 2749 826 2780 Revocatione
838 2751 882 2780 seu
898 2750 1151 2790 Contradietione,
1176 2763 1226 2790 per

170 2789 256 2824 Nos,
276 2789 322 2818 vel
339 2787 474 2817 Haeoedes
495 2787 622 2825 nostros,
641 2797 687 2817 aut
698 2787 805 2825 aliquos
819 2788 1000 2829 Officiarios,
1017 2791 1062 2821 seu
1078 2790 1228 2823 Ministros

170 2827 300 2863 nostros,
318 2827 346 2855 in
362 2825 487 2855 futurum
502 2825 652 2863 aliqualiter
667 2826 810 2856 faciendis,

208 2864 239 2895 In
253 2866 346 2902 cujus,
363 2865 425 2895 &cx

240 2903 330 2934 Teste
343 2902 425 2942 Rege
440 2901 514 2942 apud
528 2901 820 2933 Westmonasterium
829 2925 838 2940 ,
856 2903 932 2934 sexto
945 2904 991 2935 die
1009 2904 1115 2937 Martii.

737 2981 791 3009 Per
808 2979 911 3010 Billam
925 2980 1121 3021 Thestcarariae.

78 3079 86 3087 v
173 3059 193 3078 ¹¹²
213 3040 382 3088 Confimiles
397 3057 501 3087 Literas
514 3057 603 3096 Regis
617 3057 720 3087 babent
735 3055 892 3095 subscripti,
905 3057 941 3088 de
955 3058 1080 3090 Summis
1094 3059 1228 3099 subscrip-

124 3098 130 3104 '
368 3098 403 3127 tis
417 3097 447 3126 in
461 3096 553 3126 forma
566 3096 697 3134 praedici-a
712 3097 859 3134 mutuatisg
880 3096 1009 3128 videlicet
1018 3120 1028 3136 ,

176 3171 340 3203 Willielmus
354 3170 515 3211 Cicestrenfis
529 3172 668 3210 Episcopus
681 3173 716 3202 de
729 3170 857 3202 Centum
870 3172 970 3203 Libris.

175 3211 288 3241 Thomas
303 3209 441 3248 Episcopus
454 3213 544 3239 Exon.
562 3211 598 3240 de
612 3211 737 3240 Centum
754 3211 856 3241 Libris.

174 3249 318 3288 Johannes
333 3248 453 3277 Bathon.
473 3245 510 3281 (ἐν
525 3248 634 3278 Wellen.
651 3248 788 3286 Epiftopus
803 3249 839 3278 de
853 3248 981 3279 Centum
995 3250 1098 3280 Libris.

175 3291 309 3317 Hem-icus
325 3287 356 3315 de
370 3289 450 3323 Percy
467 3289 556 3314 Comes
570 3286 773 3315 Northumbriae
786 3286 821 3315 de
835 3287 962 3317 Centum
977 3289 1080 3321 Libris.

176 3327 324 3356 Riclourdus
338 3325 361 3355 le
378 3329 453 3362 Sirop
469 3323 648 3352 Cancellarius
662 3324 772 3358 Anglrae
787 3323 822 3353 de
837 3324 964 3356 Centum
980 3327 1080 3356 Libris.

177 3368 290 3401 Rogerus
305 3364 335 3392 de
352 3361 427 3392 Bello
440 3366 535 3398 Campo
554 3362 637 3390 Miles
653 3361 688 3391 de
701 3360 828 3392 Centum
843 3362 942 3392 Libris

164 3406 256 3433 ‹Prior
271 3403 365 3431 Sanffti
376 3400 509 3430 Swithim‘
524 3402 674 3437 wyntoniae
687 3400 724 3429 de
738 3399 866 3429 Centum
880 3400 995 3430 blarcis.

177 3444 256 3471 Prior
271 3439 418 3477 Hospitalis
440 3439 535 3468 Sanch
550 3438 690 3477 Johanriis
702 3436 859 3477 Jerusalem
881 3439 910 3468 in
930 3439 1030 3478 Anglia
1051 3440 1087 3471 de
1101 3440 1231 3473 Centum

216 3479 314 3508 Libris.
657 3489 662 3492 ·

177 3517 291 3547 Thomas
309 3519 397 3545 Comes
413 3516 587 3543 IVarrewicae
603 3514 638 3545 de
651 3514 779 3545 Centum
795 3515 896 3545 Libris.

178 3558 221 3585 W
222 3555 343 3584 illielmus
359 3555 496 3591 Episcopus
513 3554 597 3591 Wynt
635 3556 671 3581 'en
683 3563 705 3582 is
715 3554 751 3583 de
763 3553 891 3584 Centum
911 3554 1011 3584 Libris.

179 3593 341 3632 VVillielmrrs
354 3592 385 3620 de
397 3590 492 3629 Uffirrd
505 3563 642 3620 Commag
666 3590 737 3620 olciae
751 3592 787 3621 de
799 3590 925 3622 Centum
942 3593 1043 3623 Libris.

178 3633 265 3661 Gurdo
278 3634 309 3661 de
326 3635 412 3669 Bryon
428 3629 585 3659 Banerettus
597 3628 634 3658 de
648 3628 775 3659 Centum
794 3630 896 3661 Libris.

178 3671 291 3699 Thomas
305 3670 404 3700 Abbas
418 3669 449 3698 de
463 3667 540 3696 Hida
549 3691 558 3703 ⁷
577 3667 613 3697 de
628 3665 754 3698 Centum
771 3667 886 3698 Marcis.

179 3708 322 3746 Jolmmres
336 3705 476 3738 Sionehull
488 3707 520 3737 ὃς
534 3704 682 3743 Johannes
695 3706 861 3736 Frekenham
881 3707 917 3737 de
930 3707 1116 3747 Maydenstan
1133 3708 1168 3739 de
1182 3708 1235 3740 Vi-

238 3748 285 3776 inti
301 3747 401 3776 Libris.

181 3755 440 3814 Willielmuscroke
452 3784 488 3813 de
502 3782 615 3812 Decem
633 3781 734 3811 Libris.
783 3815 786 3818 ,

182 3821 326 3860 Johannes
338 3821 545 3861 Stormesworth
556 3821 591 3850 de
605 3819 763 3850 Welleford
779 3820 814 3851 <le
829 3821 1020 3861 Quadraginta
1036 3823 1153 3855 Marcis.

182 3859 325 3898 Jolmnnes
342 3861 442 3900 cheyne
457 3859 541 3890 Miles
557 3859 592 3888 de
607 3858 721 3889 Decem
740 3858 856 3888 Marcis.

182 3897 505 3937 Richardus-de-Adekyn
521 3898 556 3928 de
567 3897 755 3927 Wendovere
765 3897 802 3937 de
816 3897 929 3927 Decem
948 3897 1077 3929 Marcis.-

182 3936 327 3975 Johamies
342 3939 427 3966 Fevre
442 3937 478 3967 de
492 3936 702 3967 Whitecherch
715 3935 751 3965 de
764 3935 875 3971 Viginti
891 3935 1007 3966 Marcis.

184 3977 317 4005 Hem-icus
330 3977 428 4011 Ropere
440 3975 476 4004 de
491 3975 555 4005 Red
576 3984 614 4012 ng
628 3974 665 4004 de
677 3973 788 4010 Viginti
805 3974 906 4003 Libris.

185 4012 329 4050 Jolsawzes
344 4012 484 4041 Farnham
495 4012 531 4042 de
542 3984 608 4043 ded
629 4022 667 4052 ng
679 4012 715 4042 de
731 4012 845 4042 Decem
864 4012 978 4055 Libris..

184 4051 297 4120 'Phrugum
314 4049 450 4089 Episcopus
462 4049 588 4091 Rofflnfis
622 4062 638 4083 e
653 4052 865 4090 Quinquaginta
882 4049 999 4083 Marcrs.

165 4113 167 4119 .
204 4107 217 4115 Α
243 4100 293 4120 orn.
310 4091 367 4119 ΙΙΙ.
387 4091 420 4119 Ρ.
439 4091 499 4118 ΙΙΙ.

12 254 79 284 Anu.
89 249 129 280 D.
185 249 295 280 Damus
308 255 400 278 autem
416 245 548 276 univerfis
561 246 594 277 δε
608 247 720 284 singulis
733 246 889 286 Majoribus
899 270 907 284 ‚
916 247 1037 285 Ballivis‚
1047 246 1182 277 Ministris
1191 271 1200 284 ,
1239 246 1381 285 Johannes
1396 246 1494 278 Abbas
1507 250 1539 279 de
1552 249 1694 291 Waverley
1708 251 1744 281 de
1759 250 1868 290 Viginti
1884 251 1983 284 Libris.
2318 253 2445 287 Ann-D‚'

27 299 106 331 1379·
150 288 262 326 Ligeis,
281 288 298 306 ²*
318 285 455 320 Subditis,
474 286 508 316 ὃς
531 285 669 315 Fide-libus
691 285 791 316 nostris
798 308 808 323 ‚
826 286 943 316 Tenore
958 286 1156 327 praesentium,
1173 287 1201 314 in
1242 285 1398 323 Radulplms
1414 288 1552 327 Epffc'opus
1564 292 1661 318 Sarum
1673 290 1709 320 de
1723 289 1850 320 Centum
1866 290 1981 323 Marcis.
2338 301 2420 332 1379.

12 334 55 360 uc.
74 339 100 358 ,η
152 325 292 357 Mgmdatjs
309 323 384 362 quod
399 323 496 360 vobis,
514 324 541 352 in
557 323 718 361 praemissis,
737 324 915 355 intendentes
928 325 996 361 sint,
1016 323 1202 362 Relponden-
1242 323 1391 353 Richardus
1409 326 1509 355 Abbas
1522 328 1553 356 de
1566 329 1674 366 Redyng
1686 328 1721 358 de
1737 328 1951 366 Quinquaginta
1966 329 2070 360 Libris.
2314 335 2367 364 Ric.
2384 340 2410 361 2.-

12 375 22 386 .
33 370 98 395 vu,
152 375 210 402 tes,
229 365 261 395 ὃς
274 362 444 392 Auxiliantes
458 363 587 399 quotiens
601 364 635 393 ὃς
650 362 763 400 quando
776 373 826 401 per
839 373 890 395 vos
905 363 1020 400 fuerint,
1040 362 1120 399 super
1134 362 1203 400 hoc,
1242 361 1385 400 Gaffridus
1398 364 1498 393 Αἰγέω-
1509 365 1540 394 de
1553 368 1579 394 E
1575 366 1704 405 yvefham
1717 366 1877 403 de·Vigiuti
1892 367 1992 398 Libris.

12 416 70 434 ΗΟ.
154 401 312 442 praemuniti
327 409 361 429 ex
375 408 449 436 parte
463 400 565 430 nostra·
607 419 611 425 .
1242 400 1388 438 Johannes
1402 404 1516 432 Buttort
1531 403 1567 433 de
1583 405 1726 443 Weolegh
1739 404 1775 435 de
1789 405 1917 436 Centum
1932 406 2047 437 Marcis.

1243 437 1420 507 Deffinus'&
1434 441 1585 478 Capitulum
1604 442 1723 483 Ecclofiae
1738 443 1911 474 Cathedralis
1931 443 2100 486 cicestrienfis
2115 444 2151 477 de
2165 445 2295 479 Centum

1244 487 1398 545 Riclmilrrjbi’
1408 515 1530 546 Chaunce
1544 517 1580 547 de
1595 517 1741 549 Comitatu
1758 520 1891 551 Suffexiae
1906 521 1942 551 de
1957 520 2072 552 Decem
2089 522 2205 555 Marcis.

1245 553 1387 592 Johannes
1402 555 1502 583 Abhas
1517 555 1548 584 de
1562 555 1644 593 Osbne
1675 557 1711 586 de
1725 558 1827 596 Viginti
1844 559 1943 590 Libris.

1247 589 1411 621 lVillielmus
1423 595 1570 632 Latymere
1581 595 1617 623 de
1630 567 1776 626 domitam
1792 596 1930 627 Dorsetiae
1948 597 1983 628 de
1997 598 2109 636 Viginti
2122 599 2221 630 Libris.

1246 630 1389 668 Johamies
1402 634 1513 660 Morton
1527 632 1558 660 de
1571 632 1733 669 Potefg'rave
1753 634 1786 663 &
1801 637 1879 672 Hugo
1894 636 1926 664 de
1940 636 2128 676 Littelyngton
2148 640 2177 668 in
2191 637 2298 670 Comi÷

1285 678 1340 699 tatu
1357 669 1512 700 bedfordiae
1528 670 1563 700 de
1576 670 1702 700 Centum
1718 671 1827 702 Solidis.

1245 705 1391 744 Johannes
1406 707 1542 737 Wdevill
1554 708 1590 738 de
1604 708 1751 739 Comitatu
1767 710 1840 740 Buks
1853 710 1890 740 de
1903 710 2029 742 Centum
2043 712 2152 745 Solidis.

1248 745 1349 773 Abtas
1363 747 1394 773 de
1410 746 1662 784 Idbbournechapell
1672 747 1707 776 de
1723 747 1836 778 Decem
1851 749 1952 779 Libris.

1247 781 1390 819 Jolmrmes
1405 784 1602 822 Aylerbury-'de
1617 784 1766 816 Comitatu
1781 786 1854 816 Buks
1868 787 1904 816 de
1919 787 2028 824 Viginti
2044 789 2144 820 Libris.

1248 823 1336 888 Sirim?
1349 821 1421 865 (Jlerc
1434 823 1465 851 de
1478 825 1645 861 Lemyngton
1658 822 1695 853 de
1710 823 1857 855 Comitatu
1873 825 2116 864 Southamptoniae
2136 829 2171 860 de
2185 827 2299 861 Decem

1313 870 1318 888 l
1329 870 1385 889 'irls-
1843 871 1846 874 .

1251 899 1293 926 W
1292 896 1415 927 illielmus
1428 896 1546 928 clement
1560 899 1596 929 de
1610 898 1738 938 Stynecle
1752 901 1786 930 de
1802 901 1940 939 Qiinque
1956 899 2070 934 Marcis.

1250 935 1333 964 Probi
1347 939 1475 965 Homines
1486 937 1568 971 Villae
1587 938 1752 976 Gloucestriae
1768 940 1802 969 de
1817 940 2009 977 Quadraginta
2026 942 2128 972 Libris.

1249 973 1329 1003 Probi
1344 977 1468 1004 Homines
1484 978 1511 1004 V
1511 975 1566 1005 illae
1580 976 1735 1014 Bedfordiae
1748 977 1783 1007 de
1799 977 1906 1015 Viginti
1922 978 2022 1009 Libris.

1251 1014 1331 1041 Prior
1347 1015 1378 1042 de
1393 1012 1546 1044 Caldewell
1555 1014 1591 1045 de
1606 1014 1721 1045 Decem
1738 1015 1854 1046 Marcis.

1252 1050 1352 1080 Abbas
1368 1051 1543 1092 cirencestriae
1577 1053 1612 1082 de
1629 1053 1818 1093 Quadraginta
1832 1054 1934 1085 Libris.

1251 1091 1330 1118 Prior
1344 1090 1469 1128 Rqffenfis
1482 1090 1517 1120 de
1532 1075 1639 1130 Viginti
1652 1092 1753 1122 Libris.

1252 1128 1403 1167 Abbattffiz
1418 1130 1450 1158 de
1463 1128 1621 1170 Elvestowe
1634 1130 1670 1160 de
1682 1130 1796 1160 Decem
1813 1129 1914 1161 Libris.

1252 1165 1365 1195 Thomas
1380 1168 1492 1206 Adynet
1505 1167 1541 1197 de
1557 1167 1705 1199 Comitatu
1719 1168 1909 1200 Gloucestriae
1922 1168 1959 1200 de
1972 1169 2080 1210 Viginti
2096 1171 2198 1205 Libris.

1252 1204 1351 1233 Abbas
1361 1206 1393 1234 de
1407 1204 1576 1235 Malmesbur
1605 1207 1640 1236 de
1657 1208 1870 1247 Qinquaginta
1885 1207 2001 1239 Marcis.

1251 1243 1396 1280 Johannes
1412 1244 1550 1281 Broghton
1563 1217 1598 1275 ἂγε
1612 1245 1758 1276 Comitatu
1775 1246 1848 1276 Buks
1863 1245 1899 1276 de
1911 1245 2038 1278 Centum
2050 1248 2159 1280 Solidis.

1252 1281 1365 1311 Thomas
1379 1282 1469 1312 Salter
1481 1282 1516 1312 de
1531 1283 1663 1314 Bereford
1677 1284 1712 1314 de
1724 1283 1833 1323 Viginti
1851 1284 1950 1315 Libris.

1252 1319 1395 1356 Johiitmes
1408 1324 1516 1359 Curteys
1531 1322 1567 1352 de
1580 1322 1763 1362 Wymyuton
1776 1322 1811 1352 de
1827 1322 1935 1360 Viginti
1948 1324 2047 1354 Libris.

1252 1358 1396 1395 Johannes
1410 1362 1485 1398 Lucy
1498 1360 1534 1390 de
1549 1359 1699 1392 Comitatu
1715 1360 1905 1391 Gloucestriae
1920 1361 1956 1392 de
1970 1361 2078 1402 Viginti
2090 1363 2207 1396 Marcis.

1254 1398 1332 1425 Prior
1345 1398 1376 1426 de
1391 1397 1592 1427 Kenclleworth
1608 1400 1636 1429 in
1652 1398 1801 1429 Comitatu
1816 1399 1971 1430 Warwicoe
1984 1401 2019 1430 de
2035 1401 2143 1439 Viginti
2159 1404 2262 1437 Libris.

1254 1434 1354 1503 Alibobs
1367 1436 1405 1479 ,de
1425 1436 1500 1465 Bello
1520 1436 1573 1466 loco
1587 1437 1623 1468 de
1643 1437 1789 1468 Comitatu
1810 1437 2036 1478 Suthamptoniae
2057 1441 2094 1471 de
2111 1442 2306 1483 Quadraginta

1305 1484 1328 1502 ,Α
1353 1484 1393 1504 i'lS.

1255 1511 1367 1541 Thomas
1381 1514 1467 1543 Bocok
1478 1513 1513 1543 de
1527 1513 1672 1544 Staundon
1686 1513 1722 1543 de
1735 1514 1860 1553 Vinginti
1878 1513 1991 1546 Marcis.

1253 1549 1397 1587 Johasmes
1409 1554 1536 1589 sergeant
1552 1551 1589 1582 de
1607 1552 1739 1589 Aspedon
1754 1552 1790 1582 de
1805 1552 1920 1582 Decem
1936 1553 2038 1583 Libris.

1253 1588 1577 1659 Thiimiss'fflfflsldbgsses
1597 1592 1631 1622 δε
1649 1590 1793 1629 Jobannes
1811 1590 1910 1630 Olneye
1925 1591 1961 1621 de
1975 1591 2102 1624 Weston
2114 1594 2306 1630 Underwode

1311 1637 1327 1657 e
1374 1637 1453 1658 1⁰1ntl
1494 1639 1503 1658 i
1525 1639 1569 1658 ris.

1254 1666 1336 1695 Probi
1347 1653 1474 1696 HJmines
1488 1670 1516 1697 V
1517 1667 1572 1697 illae
1589 1667 1824 1706 Northamptoniae
1839 1666 1874 1698 de
1889 1667 2085 1707 Qadraginta
2100 1669 2201 1702 Libris.

1253 1703 1395 1742 Johannes
1408 1707 1479 1743 Fage
1491 1705 1527 1735 de
1541 1706 1662 1737 Roxton
1675 1706 1711 1736 de
1726 1705 1853 1737 Centum
1867 1706 1980 1737 Solidis.

1254 1743 1404 1773 Richardus
1418 1743 1549 1784 Bolleffore
1560 1744 1670 1775 Reetor
1683 1744 1816 1775 Ecclefiae
1830 1744 1865 1775 de
1881 1744 2052 1778 Norton‘&
2067 1746 2231 1779 lVillielmus
2243 1750 2308 1782 Dil-

1292 1781 1317 1811 le
1331 1782 1367 1812 de
1382 1781 1539 1813 Caldecote
1553 1783 1590 1813 de
1605 1783 1719 1814 Decem
1735 1783 1836 1813 Libris.

1257 1820 1276 1839 2*
1297 1822 1374 1854 Prior
1389 1821 1420 1851 de
1432 1825 1602 1852 Conventria
1617 1821 1653 1851 de
1667 1821 1774 1859 Viginti
1788 1821 1890 1852 Libris.

1255 1858 1338 1888 Probi
1350 1861 1477 1889 Homines
1492 1862 1519 1889 V
1521 1859 1574 1889 illae
1588 1858 1765 1899 cirencestriae
1780 1860 1815 1890 de
1830 1860 2023 1899 Qiadraginta
2037 1861 2150 1894 Marcis.

1252 1896 1369 1927 Thomas
1381 1900 1456 1937 Kays
1471 1897 1507 1928 de
1520 1902 1597 1928 Stow
1610 1899 1638 1928 in
1652 1897 1801 1928 Comitatu
1817 1897 2008 1930 Gloucestriae
2021 1900 2057 1930 de
2071 1901 2185 1933 Decem
2193 1902 2309 1936 Marcis.

1254 1936 1400 1981 Jolrannes
1414 1936 1582 1976 chappeman
1604 1936 1640 1968 de
1654 1935 1944 1976 Munchenhampton
1965 1939 2002 1968 de
2017 1939 2211 1978 Qadraginta
2229 1943 2311 1975 Mar-

1295 1986 1342 2006 cis.

1255 2013 1413 2052 Radulphus
1427 2016 1553 2055 Geddyng
1568 2015 1604 2046 de
1618 2014 1800 2054 Huntyndon
1813 2014 1849 2045 de
1864 2014 2060 2053 Quadraginta
2076 2016 2179 2048 Libris.

1259 2052 1419 2083 Willielmus
1434 2055 1526 2094 Smyth
1539 2055 1576 2085 de
1590 2054 1714 2094 Catesby
1727 2053 1762 2084 de
1776 2052 1884 2093 Viginti
1905 2053 2004 2084 Libris.

1252 2091 1395 2122 ⁴Gilbertus
1409 2097 1495 2123 Comes
1510 2093 1646 2130 d'Anegos
1659 2093 1694 2123 de
1708 2092 1835 2122 Centum
1851 2092 1953 2122 Libris.

1260 2132 1338 2160 Prior
1352 2133 1383 2161 de
1398 2131 1555 2162 Beroe-well
1566 2132 1602 2162 de
1616 2131 1728 2168 Viginti
1744 2131 1845 2161 Libris.

1260 2169 1410 2199 Richardus
1426 2169 1507 2200 Mold
1517 2170 1554 2200 de
1567 2170 1701 2209 Wendey
1716 2169 1752 2200 de
1767 2168 1894 2199 Centum
1909 2168 2019 2199 solidis.

1260 2207 1410 2237 Richardus
1425 2212 1503 2239 Prior
1517 2209 1552 2239 de
1567 2208 1675 2240 Bruton
1687 2207 1723 2238 de
1737 2207 1848 2247 Viginti
1863 2207 1965 2237 Libris.

1263 2246 1422 2276 Willielmus
1435 2247 1594 2277 Lobenham
1608 2248 1645 2278 de
1661 2246 1876 2277 Brikelesworth
1887 2245 1924 2276 de
1938 2246 2053 2277 Decem
2069 2247 2184 2280 Marcis.

1261 2284 1383 2323 Jacobus
1395 2287 1426 2315 de
1438 2285 1561 2325 Audeley
1575 2285 1610 2315 de
1622 2285 1752 2315 Centum
1767 2285 1869 2315 Libris.

1264 2323 1345 2353 Probi
1358 2326 1484 2354 Homines
1498 2327 1633 2354 Civitatis
1649 2325 1742 2353 Novae
1758 2327 1854 2353 Sarum
1866 2322 1901 2352 de
1916 2322 2045 2354 Centum
2062 2324 2165 2356 Libris.

1263 2365 1342 2391 Prior
1358 2362 1455 2402 christi
1468 2362 1589 2402 Ecclefiae
1604 2363 1635 2392 de
1650 2361 1800 2401 Twynham
1812 2361 1847 2392 de
1861 2361 1969 2399 Viginti
1984 2361 2084 2393 Libris.

1265 2400 1407 2439 Johanires
1421 2405 1519 2431 Sutton
1532 2404 1567 2432 de
1580 2400 1739 2439 Wydenho
1755 2399 1841 2430 Miles
1854 2399 1890 2429 de
1906 2399 2012 2439 Viginti
2028 2401 2127 2432 Libris.

1264 2439 1414 2469 Richardus
1429 2443 1525 2474 Sutton
1542 2438 1628 2469 Miles
1641 2438 1677 2469 de
1690 2438 1837 2469 Comitatu
1851 2437 1971 2482 Effexiae
1984 2438 2020 2468 de
2035 2440 2142 2479 Viginti
2159 2441 2272 2475 Marcis.

1265 2477 1408 2516 Johannes
1424 2478 1517 2518 Playce
1533 2477 1619 2508 Miles
1635 2478 1671 2507 de
1685 2477 1834 2508 Comitatu
1851 2476 1970 2506 Lflexiae
1983 2477 2019 2507 de
2036 2477 2145 2517 Viginti
2162 2480 2263 2511 Libris.

1265 2516 1408 2555 Johannes
1421 2516 1514 2547 Floure
1528 2516 1564 2547 de
1579 2516 1674 2548 Stowe
1688 2517 1716 2546 in
1729 2515 1877 2547 Comitatu
1891 2514 2080 2547 Gloucestriae
2096 2516 2131 2548 de
2146 2517 2261 2550 Decem
2269 2521 2320 2551 Li-

1303 2555 1367 2585 bris.
1822 2583 1824 2586 ,

1266 2597 1346 2623 Cives
1362 2597 1494 2623 Civitatis
1509 2595 1661 2633 Wyntoniae
1677 2592 1713 2623 de
1727 2590 1922 2630 Quadraginta
1940 2592 2041 2623 Libris.

1266 2632 1410 2670 Johannes
1425 2632 1528 2673 Grefley
1547 2632 1632 2662 Miles
1646 2632 1682 2662 de
1697 2630 1810 2661 Decem
1825 2630 1930 2661 Libris.

1266 2670 1410 2709 Johannes
1428 2670 1569 2710 Wynriche
1581 2670 1617 2700 de
1630 2668 1750 2701 Burford
1763 2669 1800 2699 de
1815 2668 1931 2700 Decem
1944 2669 2047 2700 Libris.

1267 2709 1367 2738 Abbas
1383 2710 1414 2738 de
1430 2712 1536 2739 Burton
1543 2709 1576 2749 fii
1594 2719 1622 2738 er
1635 2712 1764 2738 Trentam
1776 2707 1813 2737 de
1827 2707 1940 2745 Viginti
1953 2707 2070 2739 Marcis.

1268 2749 1346 2777 Prior
1360 2748 1391 2777 de
1407 2747 1554 2787 Dunstaple
1589 2758 1605 2778 e
1617 2747 1733 2777 Decem
1748 2745 1847 2776 Libris.

1269 2789 1395 2815 Vicarius
1410 2787 1441 2816 de
1457 2786 1565 2825 Horfi’le
1581 2798 1594 2816 e
1609 2785 1645 2816 de
1660 2784 1808 2815 Comitatu
1821 2783 1942 2815 Derbiae
1955 2784 1991 2815 de
2004 2785 2041 2815 Vi
2062 2786 2113 2816 inti
2129 2785 2244 2817 Marcis.

1269 2824 1490 2893 Pribzssl-'lomines
1505 2827 1533 2855 V
1533 2824 1557 2855 il
1564 2836 1587 2856 ae
1602 2825 1634 2854 de
1649 2823 1818 2854 Brendwode
1830 2823 1860 2852 in
1875 2821 2025 2853 Comitatu
2034 2794 2152 2854 {ffexiae
2164 2825 2199 2856 de
2206 2825 2321 2858 Decem

1336 2873 1345 2893 ι
1366 2873 1411 2894 ris.

1270 2901 1371 2931 Abbas
1384 2902 1416 2932 de
1431 2901 1458 2932 la
1472 2900 1547 2931 Dale
1562 2901 1599 2931 de
1612 2899 1761 2930 Comitatu
1774 2897 1892 2942 Derbiae
1904 2898 1941 2929 de
1957 2899 2097 2938 Qinque
2107 2899 2223 2932 Marcis.

1271 2940 1371 2970 Abbas
1384 2941 1416 2971 de
1433 2940 1540 2970 Wlbek
1555 2940 1590 2969 de
1605 2939 1744 2976 Qinque
1759 2936 1875 2966 Mareis.

1269 2979 1419 3009 Richardus
1432 2976 1576 3017 Hanne>son
1591 2976 1627 3007 de
1641 2976 1789 3006 Comitatu
1804 2975 2032 3015 Notyngharniae
2045 2976 2082 3007 de
2095 2977 2233 3017 Qinque
2243 2979 2324 3011 Mar-

1308 3028 1356 3048 cis.

1267 3055 1413 3094 Johannes
1427 3050 1513 3095 Leyre
1526 3053 1646 3085 Persona
1660 3052 1797 3084 Ecclesiae
1808 3051 1844 3083 de
1851 3051 1958 3091 Magna
1965 3052 2144 3092 Dodyngton
2157 3055 2193 3086 de
2209 3055 2324 3088 Decem

1308 3095 1423 3125 Marcis.

1270 3135 1385 3169 Rogerus
1398 3131 1527 3163 Keterich
1541 3130 1577 3160 de
1589 3128 1740 3160 Comitatu
1754 3128 1872 3159 Essexiae
1883 3128 1920 3159 de
1936 3130 2148 3171 Qinquaginta
2157 3131 2265 3163 Tribus
2275 3133 2327 3163 Li-

1308 3173 1379 3209 bris,
1397 3172 1451 3202 Sex
1466 3169 1564 3200 Solidis
1574 3192 1584 3207 ,
1602 3170 1634 3199 ὅτ
1648 3168 1730 3199 octo
1746 3167 1884 3198 Denariis.

1270 3212 1398 3240 Homines
1421 3211 1452 3239 de
1471 3205 1622 3245 Coggefhale
1643 3207 1679 3238 de
1700 3205 1850 3237 Comitatu
1872 3205 1992 3237 Effexiae
2013 3207 2049 3238 de
2062 3207 2256 3246 Quadraginta
2273 3209 2324 3239 Li-

1309 3250 1372 3279 bris.

2328 1821 2343 1837 ‘⁸
2355 1822 2423 1849 Vix,

2332 1869 2395 1886 212.

1271 3289 1402 3317 Henricus
1417 3290 1497 3316 Coton
1513 3283 1641 3314 Clericus
1656 3282 1692 3313 de
1705 3281 1857 3313 Comitatu
1872 3281 1990 3313 Derbiae
2004 3282 2039 3313 de
2054 3284 2091 3314 Vi
2113 3285 2160 3313 inti
2176 3284 2290 3314 Marcis.

1271 3326 1385 3355 Thomas
1400 3329 1544 3362 Fraunceys
1557 3322 1685 3352 Clericus
1699 3320 1734 3351 de
1749 3320 1896 3351 Comitatu
1911 3321 2028 3351 Derbiae
2042 3321 2077 3351 de
2123 3323 2201 3360 iginti
2222 3322 2324 3354 Libris.

1271 3364 1415 3402 Johannes
1429 3361 1559 3391 Foliambe
1573 3359 1608 3390 de
1622 3358 1773 3390 Comitatu
1787 3358 1903 3389 Derbioe
1918 3359 1954 3388 de
1968 3359 2076 3397 Viginti
2088 3359 2187 3389 Libris.

1271 3404 1402 3431 Henricus
1417 3402 1448 3431 de
1463 3397 1641 3438 Braylesford
1654 3397 1738 3428 Miles
1751 3398 1787 3427 de
1801 3397 1913 3428 Decem
1926 3396 2040 3427 Marcis.

1271 3440 1403 3470 Robertus
1419 3438 1510 3469 Molde
1525 3437 1634 3467 Rector
1650 3436 1786 3467 Ecclesiae
1800 3436 1836 3466 de
1850 3434 2028 3473 Braydessiale
2042 3434 2078 3464 de
2094 3435 2236 3474 Quinque
2243 3436 2323 3469 Mar-

1309 3489 1358 3509 cis.

1273 3517 1416 3555 Johannes
1430 3514 1493 3544 Bele
1508 3512 1617 3543 Rec‘tor
1631 3512 1765 3543 Ecciefiae
1779 3511 1814 3541 de
1828 3510 1991 3541 Macworth
2005 3511 2041 3541 de
2057 3510 2170 3542 Decem
2184 3513 2286 3544 Libris.

1274 3555 1356 3585 Probi
1372 3558 1497 3585 Homines
1512 3555 1538 3581 V
1541 3550 1594 3580 illae
1608 3551 1786 3587 Cantebrigiae
1800 3550 1835 3579 de
1851 3548 1979 3579 Centum
1996 3549 2111 3580 Marcis.
2170 3582 2173 3585 ,

1276 3594 1424 3623 Richardus
1439 3594 1527 3631 Lyons
1542 3589 1578 3618 de
1593 3588 1743 3619 Comitatu
1759 3587 1929 3631 Essexifede
1980 3587 2136 3632 uadraginta
2151 3588 2253 3619 Libris.

1274 3631 1419 3670 Johannes
1433 3628 1608 3660 Haukewode
1622 3627 1657 3658 de
1674 3626 1821 3657 Comitatu
1835 3625 1953 3655 Lssexiae
1989 3636 2005 3655 e
2020 3625 2132 3663 Viginti
2148 3627 2252 3658 Libris.

1277 3673 1356 3707 Hugo
1374 3671 1406 3699 de
1422 3665 1565 3708 Wylughby
1577 3665 1704 3695 Clericus
1720 3665 1755 3694 de
1769 3663 1958 3703 Qadraginta
1974 3663 2090 3694 Marcis.

1278 3711 1359 3738 Prior·
1371 3710 1403 3738 de
1416 3706 1553 3745 Repyndon
1567 3704 1603 3734 de
1618 3703 1731 3733 Decem
1747 3702 1848 3732 Libris.

1278 3749 1356 3776 Prior
1371 3748 1402 3776 de
1415 3746 1584 3780 Thurgarton
1597 3742 1632 3771 de
1648 3741 1763 3771 Decem
1778 3741 1878 3771 Libris.

1280 3784 1437 3823 Radulphus
1452 3781 1602 3812 Attewode
1616 3779 1652 3809 de
1667 3779 1812 3818 Hogliton
1826 3779 1862 3809 de
1873 3778 1987 3809 Decem
2007 3778 2108 3808 Libris.

1279 3823 1423 3862 Johannes
1436 3826 1548 3856 Samon,
1566 3817 1709 3856 Johannes
1724 3815 1927 3855 Crowefhawe,
1944 3818 1978 3849 &
1992 3816 2138 3855 Johannes
2159 3817 2191 3848 de
2210 3818 2334 3851 Plumtre

1318 3861 1354 3892 de
1366 3859 1556 3900 Notyngliam
1569 3857 1605 3886 de
1619 3853 1748 3886 Centum
1764 3855 1882 3886 Marcis
2051 3894 2056 3899 ι

1280 3899 1424 3938 Johannes
1439 3899 1567 3927 Dominus
1582 3894 1614 3923 de
1630 3894 1658 3922 la
1675 3896 1756 3923 Ware
1771 3894 1806 3923 de
1820 3893 1947 3923 Centum
1962 3891 2081 3923 Marcis.

1282 3937 1380 3967 Abbas
1396 3940 1490 3965 Beatae
1508 3936 1610 3962 Mariae
1623 3932 1743 3961 Eborum
1759 3932 1795 3961 de
1807 3931 1934 3962 Centum
1949 3930 2065 3961 Marcis.

1282 3980 1409 4006 Decimus
1423 3972 1460 4008 ὅ]
1477 3970 1629 4010 capitulum
1641 3970 1775 4001 Ecclesiae
1787 3968 1958 4000 Cathedralis
1966 3972 2063 4001 Sarum
2075 3969 2112 4002 de
2119 3969 2246 4005 Centum
2253 3971 2335 4003 Mar-

1319 4025 1367 4044 cis.

1284 4052 1385 4082 Abbas
1399 4051 1430 4081 de
1447 4045 1598 4087 Coggefhale
1611 4046 1646 4078 de
1659 4046 1770 4086 Viginti
1788 4046 1888 4078 Libris.

1779 4084 1805 4114 L
1822 4094 1839 4113 2
2275 4087 2340 4114 Pro-
