2561 4251
0 261 83 296 rann.
91 249 135 290 D.

1 309 67 373 81*ch
72 306 119 366 727.-

6 1089 82 1124 Ann.
93 1089 136 1121 D.

24 1138 110 1169 1377-

3 1172 56 1198 An.
79 1178 102 1196 1.

4 1213 34 1238 R.
55 1217 81 1234 2.

8 1245 96 1282 Claus.
115 1253 138 1271 i.

4 1288 32 1311 R.
53 1292 79 1310 2.
100 1292 139 1310 m.

8 1330 52 1358 3¹·
68 1320 94 1349 d.

15 2729 32 2747 ⁸
52 2731 121 2758 Vll.

17 2777 80 2804 ¹74·

17 3228 93 3261 Ann.
103 3225 144 3259 D.

14 3275 128 3334 Λὲἒῖῖ·

14 3367 54 3409 Eic
70 3365 129 3411 siu-

15 3426 80 3457 togr.

731 168 841 208 ET
923 163 1180 208 ACTA

184 259 423 335 d‹Dilc›{⁴·reshonnoure
438 291 476 328 &
490 290 666 332 Trespoiffant
681 295 804 331 Seigneur
816 291 840 322 le
854 294 911 333 Roy
927 290 1130 330 d'Angleterre.

149 377 233 431 ET
244 370 282 404 M
291 379 309 402 Ε
317 374 346 401 Μ
356 379 376 400 0
386 377 409 400 R
418 379 437 400 A
449 377 471 400 N
480 379 501 400 n
511 377 532 400 υ
544 377 571 400 Μ
589 367 663 409 quad
675 371 775 399 Litera
789 370 918 408 praediaa
928 374 1042 407 portata
1048 367 1125 407 fuit,
1143 371 1203 398 Do-

215 415 283 443 mino
297 407 397 449 nostro,
416 412 535 440 Domino.
546 409 662 438 Ricardo
676 411 741 445 Regi
758 408 885 446 Angliae,
904 407 976 446 apud
989 410 1146 437 Manerium
1169 408 1200 437 de

150 451 378 487 Hattongraunge
382 448 471 487 juxta
485 444 695 487 Houndeflowe,
710 454 759 484 per
774 446 906 486 quendam
924 447 1088 484 Pagettum,
1098 444 1130 484 st»
1149 446 1202 484 Jo-

148 489 271 521 hannem
284 485 377 519 Pieres
398 489 595 524 nominantem,
613 487 659 524 qui
688 485 797 522 ydioma
816 483 1001 521 Anglicanum
1020 484 1147 524 loquens·²
1162 484 1205 513 di-

146 530 219 558 dam
233 529 377 565 Literam‚
391 523 544 555 involutam
558 527 587 553 in
600 533 650 562 quo
670 533 714 551 am
728 524 825 561 Papira
839 523 907 552 nudo
916 545 926 561 ‚
942 522 1093 562 indorfizto,

188 603 240 643 A,
280 604 609 635 Taesnonuaez
649 607 706 630 ΕΤ
747 598 1075 631 TRESPUISSANT
1121 600 1206 632 Sai-

150 651 325 682 onmuz,
359 651 409 672 LE
436 639 519 669 RoY
551 638 920 678 D⁷ENGLETERRE,
961 647 1051 670 Mon
1083 648 1206 671 TRES-

150 688 382 713 Renovare
407 677 656 716 SEIGNEUR‚

186 758 278 789 Dicto
294 754 428 786 Domino
442 754 517 794 Regi
536 753 677 793 liberavit,
696 754 741 786 die
762 754 895 793 Veneris,
913 756 1047 793 proximo
1067 754 1132 792 post
1152 755 1205 786 Fe-

150 798 226 829 stum
239 793 444 833 Apostolorum
460 794 584 824 Simonis
598 793 738 833 &Judae,
758 793 846 824 Anno
860 794 1002 831 praesenti,
1021 795 1050 822 in
1065 794 1207 832 praesentia

151 836 367 871 Dominorum‚
387 831 530 862 Willielmi
552 833 583 862 de
603 831 707 861 Nevill
726 831 765 866 ὠ·
785 831 928 870 Johannis
941 831 1044 871 cheyne
1058 831 1205 872 Militum,

151 876 184 906 &
197 873 333 911 aliorum,
351 878 386 901 ex
400 880 477 909 patre
493 870 641 909 Ingelrami
655 872 768 900 Domini
782 870 813 899 de
826 873 916 909 Coucy.

499 997 548 1029 De
564 992 689 1028 Orando
701 1005 756 1041 pro
776 997 862 1041 Rege.

154 1082 287 1143 REX,
306 1080 465 1114 Venerabili
479 1085 508 1110 'in
525 1079 641 1110 Christo
650 1079 741 1115 Patri,
760 1083 786 1109 S.
800 1078 896 1110 eadem
909 1080 1008 1119 gratia,
1027 1081 1160 1120 Archippi
1171 1088 1210 1112 so-

223 1131 256 1160 po
270 1120 460 1160 Cantuarienfi
466 1142 475 1159 ,
493 1120 579 1151 totius
593 1118 706 1156 Angliae
720 1117 853 1156 primati,
868 1118 1000 1149 Salutem.

192 1160 271 1190 Cum

193 1183 377 1235 Decedente‚
398 1195 540 1227 carissimo
553 1194 686 1225 Domino
701 1195 735 1225 &
751 1194 816 1225 Avo
831 1195 946 1232 nostro,
968 1194 1101 1227 Domino
1112 1199 1146 1226 Ε,
1156 1208 1209 1228 nu-

154 1246 204 1277 per
216 1241 285 1274 Rege
302 1235 433 1273 Angliae,
450 1244 522 1264 onus
535 1233 693 1272 Regiminis
705 1233 738 1264 &
752 1233 845 1272 Regni
867 1234 901 1264 ὃς
925 1233 1028 1272 Populi
1044 1235 1209 1266 nostrorum

158 1275 341 1308 Miseratione
355 1273 465 1305 Divin&⁴
479 1272 691 1309 susceperimus,

193 1315 231 1346 Et
244 1314 358 1352 qualiter
371 1312 483 1343 Inimici
498 1311 585 1341 nostri
602 1309 745 1348 Franciae,
764 1311 797 1341 ὃς
808 1309 852 1339 alii
876 1311 1068 1350 quamplures,
1088 1311 1154 1342 Nos
1175 1313 1209 1342 &

154 1354 290 1393 Regnum
312 1351 443 1382 nostrum
462 1349 590 1388 Angliae,
609 1348 638 1377 in
659 1347 824 1378 Primordiis
849 1348 1011 1386 Regiminis
1026 1349 1111 1380 nostri
1125 1350 1210 1387 pluri-

151 1393 203 1423 bus
224 1392 311 1422 Locis
333 1389 431 1428 saepit‘n
449 1388 622 1425 invaserunt,
642 1385 721 1417 Mala
743 1388 934 1418 intollerabilia
949 1398 1155 1426 perpetratum,
1173 1390 1207 1419 &

152 1440 252 1469 praeter
266 1429 324 1459 hoc
339 1427 494 1459 Ecclesiam
510 1426 657 1462 Santram,
677 1426 895 1464 Populumque,
914 1427 946 1457 &
964 1427 1069 1463 Ligeos
1090 1427 1212 1465 nostros,

154 1469 190 1499 de
204 1468 250 1499 die
263 1468 290 1497 in
306 1467 383 1497 diem
393 1489 402 1503 ,
417 1467 444 1496 se
458 1474 554 1503 parant
568 1466 632 1496 totis
645 1465 748 1495 viribus
761 1464 919 1495 subvertere
932 1466 964 1495 &
978 1465 1137 1504 destruere,
1159 1476 1212 1496 no-

158 1507 218 1539 stris
234 1506 324 1537 oculis
335 1505 488 1542 intuentes,

190 1544 293 1576 Certos
304 1543 450 1583 Magnates
463 1544 497 1573 &
511 1543 577 1573 alios
591 1540 698 1572 Fideles
712 1539 825 1570 nostros
837 1540 915 1578 supra
930 1540 1013 1572 Mare
1026 1542 1059 1572 &
1075 1542 1137 1573 alias
1152 1552 1215 1573 cer-

153 1592 195 1616 tas
208 1591 296 1621 partes
302 1605 312 1621 ,
328 1581 365 1612 de
378 1581 495 1613 Affensu
509 1580 635 1611 Concilii
649 1578 756 1616 nostri,
774 1577 903 1609 destinari
923 1580 1163 1619 ordinaverimus,
1178 1581 1214 1613 ad

155 1621 298 1654 Malitiam
316 1621 350 1652 &
371 1620 549 1651 Proterviam
573 1619 695 1656 ipsorum
716 1616 856 1648 Hostium
872 1617 1035 1649 nostrorum
1049 1620 1213 1659 propulsan-

154 1661 226 1692 dum
242 1685 252 1700 ‚
278 1661 311 1691 δε
334 1657 368 1689 ad
387 1657 542 1689 Ecclesiam
565 1658 600 1689 &
620 1656 760 1695 Regnum
781 1656 915 1694 praedieta
930 1679 940 1695 ‚
966 1658 1109 1690 mediante
1128 1658 1213 1698 gratia

156 1699 233 1737 Dei,
251 1697 462 1736 protegendum
476 1697 510 1727 &
523 1695 699 1733 salvandum,

194 1737 306 1768 Verum
326 1737 408 1774 quia,
425 1735 460 1766 ad
481 1734 563 1765 Onus
584 1734 745 1774 Regiminis
759 1732 993 1772 supportandum,
1012 1736 1046 1766 &
1060 1734 1095 1765 ad
1110 1734 1215 1766 Eccle-

157 1777 224 1808 siam
237 1774 388 1813 sanet-am,
407 1774 441 1805 ὃς
454 1773 565 1804 clidium
581 1772 720 1809 Regnum
729 1795 738 1810 ,
756 1781 789 1802 ac
803 1772 904 1811 Ligeos
917 1772 1044 1811 nostros,
1064 1782 1216 1813 protegen-

157 1816 243 1853 dum,
257 1813 360 1852 absque
373 1813 540 1843 devotarum
556 1811 731 1842 Orationum
744 1809 908 1850 Suffragiis‚
928 1810 1011 1842 Vires
1024 1812 1131 1843 nostras
1154 1822 1217 1843 cer-

159 1856 259 1886 nimus·
269 1853 378 1890 penitus
395 1853 578 1889 impotentes,

197 1893 242 1922 Ac
262 1892 398 1928 sperantes
418 1889 536 1920 indubie
557 1888 655 1927 quod,
674 1889 800 1927 quanto,
818 1889 847 1918 in
866 1889 976 1926 magnis
997 1889 1030 1919 &
1054 1889 1217 1928 peragendis

159 1930 296 1970 Negotiis
309 1952 319 1966 ,
336 1928 466 1958 divinum
488 1927 648 1965 praesidium
665 1927 808 1957 instantius
827 1927 860 1957 &
883 1926 1012 1958 devotius
1034 1928 1217 1966 imploratur,

160 1971 242 2000 tanto
262 1968 365 1999 exinde
386 1966 534 1998 Successus
558 1967 713 2005 prosperior
735 1967 768 1997 &
790 1965 901 1996 felicior
914 1966 1062 2004 proveniat
1076 1968 1110 1999 ὃς
1123 1967 1219 2006 sequa-

159 2016 204 2039 tur

198 2032 330 2076 Vestram
350 2044 550 2075 paternitatem
570 2043 604 2074 δε
624 2042 821 2074 Devotionem
841 2042 1002 2073 affectuosis
1023 2044 1154 2083 precibus
1175 2054 1220 2075 re-

162 2086 299 2124 quirimus
313 2085 346 2115 δε
360 2092 506 2122 rogamus,
525 2082 654 2121 quatinus
668 2082 727 2112 tam
740 2080 891 2120 grandibus
909 2081 1061 2121 Periculis,
1079 2093 1143 2121 quae
1164 2082 1220 2114 Ec-

161 2123 254 2154 clesiae
276 2123 309 2153 δί
327 2122 433 2160 Regno
455 2121 596 2159 praediffls
615 2119 726 2151 oculata
748 2119 803 2150 fide
817 2119 902 2150 indies
917 2122 1028 2151 evenire
1042 2122 1220 2160 conspicitis,

161 2162 258 2192 debite
273 2159 470 2198 consideratis,
488 2158 686 2196 Suffraganeos
706 2158 829 2197 vestrm,
848 2167 881 2189 ac
904 2158 1081 2198 Religiosos,
1099 2161 1132 2191 &
1153 2160 1221 2191 alios

161 2199 297 2231 Subditos
318 2198 425 2229 vestros
448 2198 589 2228 universos
603 2220 613 2236 ,
637 2196 737 2228 vestrae
757 2197 941 2235 Provinciae,
966 2197 1000 2228 ad
1022 2198 1221 2229 Devotionem

162 2239 239 2269 suam
254 2246 316 2277 erga
330 2237 474 2267 summum
488 2236 600 2275 Regem
616 2235 801 2274 elevandum,
816 2245 852 2266 eo
874 2235 1030 2275 specialius,
1070 2238 1110 2267 υὸ
1131 2237 1220 2277 magis

162 2277 296 2308 sciveritis
311 2275 355 2306 vel
369 2276 509 2313 poteritis,
524 2276 601 2312 juxta
618 2274 844 2313 possibilitatem,
862 2274 937 2305 tanta
954 2274 1040 2306 Nece
1065 2284 1129 2306 itate
1154 2285 1221 2306 cau-

161 2316 252 2350 sante,
271 2314 406 2345 inducatis
416 2323 485 2344 cum
495 2313 621 2352 effetisu«,
640 2322 670 2343 ut
685 2313 733 2351 ipsi
748 2312 821 2350 apud
837 2312 1010 2344 Altissimum
1024 2314 1071 2347 (de
1085 2324 1143 2352 quo
1156 2324 1222 2345 om-

161 2355 204 2384 nis
227 2352 324 2384 Gratia
347 2352 488 2391 procedit)
510 2352 570 2383 tota
588 2352 691 2382 mentis
709 2350 885 2382 solicitudine
905 2352 1008 2383 Preces
1022 2353 1056 2384 &
1071 2352 1222 2384 Orationes

161 2391 341 2422 devotissime
354 2388 518 2428 effundant,
535 2392 570 2422 &
583 2390 693 2422 devotis
706 2389 856 2428 Precibus,
874 2392 908 2422 &
920 2390 1221 2430 Interceffionibus,ac

162 2429 392 2460 Proceffionibus
413 2429 446 2460 ὃς
468 2427 620 2460 Missarum
642 2428 893 2468 celebrationibus,
912 2429 946 2459 ad
968 2430 1085 2467 gratiam
1099 2429 1158 2460 Dei
1168 2431 1224 2461 im-

164 2468 351 2506 perandum,
369 2478 421 2505 pro
439 2466 554 2506 Nobis,
576 2469 610 2499 &
632 2467 710 2498 Statu
733 2466 885 2506 Ecclefiae,
903 2468 936 2499 δε
952 2467 1047 2507 Regni
1070 2469 1224 2506 praedieto-

166 2516 248 2545 rum,
266 2507 300 2538 &
314 2506 463 2545 specialiter
478 2517 530 2545 pro
542 2506 623 2536 dietis
640 2505 825 2543 Magnatibus
839 2506 873 2537 &
888 2506 1029 2537 Fidelibus
1043 2507 1161 2547 nostris,
1177 2509 1226 2546 qui

165 2555 289 2583 corpora
303 2545 347 2575 sua
357 2568 366 2583 ‚
385 2554 500 2583 propter
515 2545 705 2576 Salvationern
718 2544 851 2576 Ecclesiae
862 2544 994 2583 Sandhe,
1012 2555 1045 2576 ac
1057 2546 1172 2584 Regni,
1189 2547 1223 2577 &

164 2586 250 2614 totius
272 2583 375 2620 Populi
396 2583 614 2621 praedietorum,
634 2583 744 2614 diversis
766 2582 901 2614 Periculis
922 2593 1064 2622 exponere
1085 2594 1145 2615 non
1165 2586 1224 2615 evi—

164 2631 240 2659 tant,
259 2621 363 2652 assidue
383 2621 508 2652 insistant
526 2623 600 2660 apud
622 2622 737 2661 Deum,
755 2631 786 2653 ut
808 2622 865 2660 ipse
886 2622 966 2653 Deus
985 2622 1096 2654 Statum
1117 2623 1224 2662 nostri,

164 2659 375 2699 Eccleliaeque,
393 2662 426 2691 &
448 2660 543 2700 Regni
568 2661 769 2698 praedictorum
786 2661 948 2692 conservare
961 2660 1092 2699 dignetur
1111 2662 1225 2701 prospe-

166 2709 230 2728 rum
247 2700 279 2730 ὃς
294 2699 491 2737 tranquillum,
510 2699 627 2737 ipsisque
641 2700 663 2730 F
665 2699 779 2730 idelibus
793 2700 910 2738 nostris,
930 2702 959 2730 in
971 2702 1079 2731 affitibus
1095 2699 1225 2738 suis‚Ex-

165 2737 343 2804 peditizgnem
365 2738 477 2768 felicem
491 2760 501 2776 ,
528 2748 581 2776 pro
600 2739 619 2758 ³¹²
638 2738 683 2769 sua
702 2746 804 2776 magna
825 2738 1010 2769 misericordia
1026 2761 1036 2778 ‚
1070 2739 1172 2770 tribuat
1192 2740 1225 2770 &

168 2785 258 2805 conce
281 2784 315 2805 at.

202 2813 293 2844 Teste
306 2813 387 2852 Rege
399 2813 472 2850 apud
486 2813 777 2845 Westmonasterium
787 2839 797 2853 ,
816 2824 917 2854 quarto
930 2814 975 2845 die
988 2815 1170 2853 Septembris.

203 2888 341 2958 {Wstmile
364 2892 457 2920 Breve
477 2889 603 2928 dirigitur
628 2892 670 2920 A.
684 2889 884 2931 Archiepifiopo
900 2890 1019 2922 Eborum
1035 2891 1147 2931 Angliae
1163 2894 1227 2923 Pri-

167 2939 212 2958 ma
226 2941 245 2958 t.

201 3005 292 3037 Teste
310 3014 339 3038 ut
356 3006 443 3045 supra.

240 3134 410 3169 Indentura
428 3138 522 3169 Ducis
541 3139 699 3171 Britanniis
711 3164 720 3179 ,
741 3148 797 3184 pro
814 3141 946 3171 Servitia
961 3137 997 3171 de
1016 3141 1147 3173 Guerra.

235 3218 342 3260 EsTiz
362 3219 651 3260 ENDENTURE,

266 3258 324 3288 Fait
341 3266 466 3295 parentre
479 3259 574 3289 nostre
589 3260 724 3298 Seigneur
740 3258 764 3289 le
777 3263 831 3300 Roy
847 3260 971 3292 Richard
983 3261 1068 3292 d'une
1087 3262 1170 3301 Part,
1189 3263 1223 3294 ὃς

168 3295 317 3327 Monsieur
328 3296 428 3335 Johan
444 3299 505 3325 Duc
519 3297 551 3326 de
565 3300 715 3335 Bretasgne
726 3297 831 3328 d'autre
846 3300 913 3330 Part
922 3322 931 3337 ‚

205 3335 235 3365 T
244 3345 262 3366 Ε
272 3345 283 3364 s
294 3344 321 3366 Μ
332 3346 352 3365 o
364 3345 373 3364 1
383 3345 406 3365 G
416 3343 438 3364 N
450 3344 467 3364 Ε
487 3345 543 3372 que
563 3335 589 3365 le
608 3334 648 3366 dit
670 3340 733 3366 Duc
753 3335 794 3365 est
808 3336 945 3367 demorez
956 3337 1054 3368 devers
1068 3337 1165 3368 nostre
1186 3338 1227 3370 dit

167 3376 293 3409 Seigneur
308 3373 330 3402 le
342 3376 472 3412 Roy,pur
488 3373 542 3403 Lui
557 3373 641 3404 servir
656 3383 695 3404 un
711 3373 835 3442 (ἐξαιτεῖ
850 3375 917 3405 d'un
933 3376 1129 3413 An,ovesque
1138 3376 1224 3407 Dcux

168 3410 266 3441 Centz
279 3411 392 3442 Homes
405 3411 552 3448 d'Armes,
570 3412 603 3442 ὃς
621 3410 707 3443 Deux
770 3420 820 3442 ntz
833 3413 983 3451 Arch1ers,
1001 3423 1037 3444 en
1056 3424 1094 3444 un
1117 3414 1143 3444 V
1145 3416 1226 3454 oiage

165 3449 202 3479 de
218 3449 346 3488 Guerre,
365 3449 434 3487 q’est
449 3449 574 3480 ordenez
588 3461 603 3480 a
619 3450 697 3480 Faire
707 3448 945 3489 procheinement
959 3452 1002 3481 sut
1026 3452 1050 3482 la
1068 3451 1169 3489 Meer,
1189 3464 1225 3483 en

166 3488 192 3518 la
206 3487 286 3518 Corn
307 3489 399 3525 aignie
414 3487 454 3517 de
468 3486 616 3519 Monfieur
635 3488 749 3518 Thomas
768 3492 837 3518 Cont
858 3490 890 3519 de
911 3490 975 3520 Buk
990 3490 1108 3528 ngham,
1126 3490 1227 3521 Uncle

166 3526 220 3564 de,
234 3535 294 3594 ‚nod
319 3525 554 3594 edditVSeigneur‚
571 3526 598 3557 le
613 3527 741 3567 Roy,&
755 3526 913 3559 Constable
928 3528 947 3558 d
983 3528 1226 3568 ngleterre,Clie-

166 3574 261 3596 veram
297 3575 314 3595 u
348 3574 370 3595 it
414 3573 489 3602 iage,

205 3602 266 3632 Des
306 3611 378 3633 ueux
400 3601 515 3633 Homes
532 3601 664 3633 d’Armae
680 3604 787 3635 serront
801 3605 827 3635 le
840 3604 883 3636 dit
897 3604 967 3636 Duc
982 3604 1104 3636 Dousze
1117 3605 1227 3638 Chiva-

166 3640 217 3671 lers
232 3643 265 3673 ὃ(
309 3650 358 3672 ent
372 3648 574 3684 quatre—vyntz
590 3642 623 3672 &
637 3641 696 3679 sept
712 3642 861 3682 Esquiers‚

201 3679 399 3710 Comenceant
413 3680 439 3709 le
450 3679 492 3709 dit
506 3679 630 3715 Quarter
645 3680 670 3710 le
681 3681 745 3717 jour
755 3705 765 3719 ,
784 3691 840 3719 que
853 3683 879 3712 le
893 3681 935 3712 dit
952 3681 1022 3713 Duc
1042 3683 1112 3722 serra
1133 3692 1227 3715 venuz

166 3727 201 3748 au
216 3717 288 3749 Port
302 3718 375 3748 dela
390 3717 475 3747 Meer
489 3717 612 3755 ovesque
630 3717 655 3747 sa
676 3718 733 3749 dite
753 3719 901 3758 Retenue,
919 3729 966 3758 par
984 3720 1226 3753 comaundement

166 3754 202 3823 <lie
210 3757 311 3824 crliOsil’r'e
325 3757 366 3788 dit
382 3756 517 3796 Seigneur
531 3756 557 3786 le
570 3755 655 3795 Roy,
671 3757 745 3794 pres't
757 3768 809 3796 pur
825 3758 953 3796 eskipper
965 3769 1018 3796 pur
1029 3759 1085 3789 aler
1099 3770 1181 3791 avant
1190 3771 1226 3791 en

181 3803 198 3823 e
239 3804 249 3824 t
293 3807 315 3826 ia
339 3806 363 3826 e.

204 3828 242 3860 Et
255 3806 373 3871 prenffira
386 3834 412 3864 le
426 3834 467 3864 dit
482 3833 551 3864 Duc
564 3833 597 3864 &
612 3842 663 3870 pur
677 3833 762 3864 lui&
785 3844 837 3872 pur
859 3834 885 3865 sa
904 3834 962 3866 dite
980 3834 1112 3867 Retenue
1133 3836 1228 3875 Gages

166 3867 203 3898 de
218 3868 328 3902 Guerre
338 3873 538 3910 accustumez,
553 3873 586 3903 &
601 3882 654 3910 pur
671 3872 728 3902 Lui
740 3873 862 3904 ‘mesmes
876 3874 909 3905 &
925 3884 978 3912 pur
991 3874 1030 3905 ses
1042 3874 1115 3905 dites
1128 3875 1228 3906 Gentz

167 3906 297 3939 d'Armes
310 3911 404 3949 regard
418 3910 604 3942 accustumez
618 3911 651 3941 &
667 3909 780 3950 Demy,

190 3945 266 3989 ,Des
287 3957 379 3984 queux
400 3949 495 3989 Gages
516 3951 549 3980 &
568 3949 682 3988 Regard
703 3949 888 3981 accustumez
902 3950 920 3980 il
934 3950 1004 3982 serra
1019 3952 1117 3990 paiez,
1136 3961 1187 3989 pur
1202 3952 1229 3982 le

168 3984 209 4014 dit
225 3984 363 4023 Qarter,
381 3997 464 4019 avant
477 3989 502 4018 le
517 3997 771 4019 commencement
785 3988 823 4018 du
839 3988 880 4018 dit
894 3987 1004 4028 Viage‚
1024 3991 1056 4021 ὃς
1072 3990 1112 4020 du
1127 3991 1168 4020 dit
1179 3989 1231 4021 de-

166 4023 581 4103 ffianeffissi‘iziieaXiisa&sst{‡
595 4026 1017 4106 {Zyinaissiiiafflgss²2{2id'⁶¹¹
1029 4028 1102 4060 θῆτε
1124 4028 1230 4067 preste*

636 4076 645 4096 ι
671 4088 681 4105 ‚
822 4076 833 4096 r
862 4076 875 4096 r
950 4076 1002 4106 ez,

1282 250 1321 283 Et
1338 251 1377 282 s’il
1400 252 1516 297 aveigrie
1538 263 1593 291 que
1614 252 1640 283 le
1662 251 1704 284 dit
1726 251 1811 299 Duc,
1829 251 1953 321 ovesJue
1972 253 1998 284 sa
2012 253 2070 286 dite
2083 253 2231 299 Retenue,
2249 253 2298 287 de-
2313 265 2441 302 lgm-Da

1245 290 1535 368 m⁰52g315¹22322252
1549 289 1695 368 {aazia
1708 290 2004 369 ‘stersisse
2021 292 2300 364 iffuiavsaissg
2335 310 2422 356 ,1³⁷7-

1246 338 1379 397 {2180ssss
1385 391 1394 404 τ
1413 378 1464 405 pur
1479 367 1504 398 le
1518 353 1608 408 t’emps
1623 368 1680 406 q⁷ils
1695 376 1811 399 averont
1826 368 1964 399 demorez
1976 379 2011 400 en
2025 370 2051 400 le
2063 342 2178 402 Servilite
2192 371 2228 401 de
2240 380 2297 402 no·
2310 355 2362 379 ὡς’
2382 358 2408 378 ²·

1247 404 1303 436 stre
1314 405 1353 436 dit
1366 406 1502 443 Seigneur
1518 406 1543 436 le
1561 407 1646 450 Roy,
1663 413 1745 437 outre
1764 406 1790 437 le
1811 406 1852 437 dit
1873 406 2012 446 Qarter,
2028 408 2063 440 de
2082 409 2184 441 autielx
2202 409 2299 450 Gages

1249 445 1282 476 &
1295 443 1439 484 Regardes
1453 454 1539 475 come
1553 445 1652 475 dessuz
1665 445 1715 476 son
1730 445 1881 484 expressez.

1283 520 1339 552 EN
1358 520 1703 551 TESM01GNANCE
1723 520 1758 550 de
1781 522 1863 560 quele
1880 521 1964 554 chose
1983 521 2044 555 ala
2066 523 2158 556 Partie
2171 525 2206 557 de
2221 524 2299 557 ceste

1248 559 1410 591 Endenture
1422 582 1432 597 ,
1452 559 1619 590 demorante
1640 569 1701 591 vers
1722 559 1815 591 nostre
1836 560 1877 592 dit
1897 561 2032 601 Seigneur
2052 561 2078 593 le
2099 562 2189 604 Roy,
2212 563 2240 594 le
2258 565 2301 595 dit

1247 598 1318 629 Duc
1333 598 1368 629 ad
1384 608 1445 636 mys
1460 597 1509 628 son
1523 597 1593 628 Seal.

1286 636 1367 667 Don.
1380 647 1397 680 a
1412 635 1561 667 Loundres
1573 635 1599 667 le
1612 637 1647 665 ix.
1658 635 1728 680 jour
1743 635 1779 666 de
1792 635 1975 676 Septembre,
1993 638 2059 670 l'An
2078 638 2117 670 du
2137 639 2241 680 Regne
2262 639 2300 672 de

1248 675 1343 705 nostre
1358 675 1399 706 dit
1412 676 1547 715 Seigneur
1557 675 1584 705 le
1598 674 1666 714 Roy
1684 684 1794 713 primer.

1516 822 1565 853 De
1583 820 1684 867 Stgillo
1702 818 1852 853 Hibernia
1870 820 2024 854 mutando.

1253 904 1403 962 REX,
1421 904 1582 951 Venerabili
1602 906 1630 935 in
1652 903 1769 949 Christo
1788 905 1880 943 Patri,
1898 907 1931 935 R.
1953 906 2052 951 eadem
2066 908 2167 946 gratia,
2184 908 2302 939 Archie-
2319 920 2393 952 Ann-
2409 920 2442 951 D

1289 942 2304 1015 Cressam-'11²32:8023522330nssstsrfflrrar2⁸⁶¹¹¹
2348 947 2451 1000 1³⁷⁷?

1251 1018 1392 1064 Johannis
1407 1020 1564 1065 Jerusalem
1578 1022 1607 1064 in
1621 1006 1772 1058 s-libernia,
1790 1030 1878 1064 nuper
1893 1008 2074 1052 cancellario'
2082 1022 2182 1053 nostro
2196 1023 2304 1054 Hiber-
2320 1003 2402 1066 ἔπ’ὶι
2411 1021 2418 1027 ”

1250 1068 1323 1097 mae,
1342 1061 1422 1097 quod
1438 1060 1520 1091 vobis
1533 1059 1678 1098 Sigillum,
1696 1068 1755 1096 quo
1772 1058 1917 1089 Dominus
1931 1061 1967 1089 E.
1983 1070 2072 1098 nuper
2094 1064 2155 1091 Rex
2176 1061 2305 1101 Angliae,
2321 1060 2408 1113 Clau]
2429 1082 2455 1103 Γ

1252 1097 1332 1139 Avus
1350 1097 1445 1128 noster
1466 1098 1608 1136 utebatur,
1626 1098 1656 1127 in
1675 1097 1766 1127 Terra
1785 1097 1936 1135 praediea,
1953 1108 2007 1135 pro
2019 1098 2132 1130 Officio
2145 1100 2304 1140 praedicto,
2318 1119 2339 1142 R
2368 1124 2382 1142 2
2401 1124 2428 1142 m
2447 1097 2456 1107 ⁸

1252 1135 1370 1174 liberet,
2341 1164 2357 1180 0
2388 1138 2392 1142 '
2432 1136 2439 1142 ⁶

1291 1174 1382 1206 Vobis
1404 1174 1568 1205 mandamus
1588 1173 1668 1212 quod
1687 1173 1798 1204 dhstum
1818 1172 1945 1213 Sigillum
1964 1184 1979 1205 a
1992 1176 2109 1213 praefato
2123 1176 2222 1208 Priore
2235 1179 2307 1210 reci·
2322 1164 2335 1191 3
2362 1177 2368 1183 ⁴

1252 1213 1346 1252 piatis,
1364 1215 1397 1244 &
1420 1213 1712 1251 circumscriptionem
1730 1212 1821 1250 Sigilli
1840 1213 1926 1251 illius,
1944 1214 1974 1244 in
1997 1223 2120 1252 utroque
2141 1216 2224 1246 Folio
2238 1217 2310 1255 ejus-

1252 1252 1337 1289 dem,
1354 1253 1472 1291 mutari,
1490 1253 1542 1289 &2
1560 1251 1629 1282 loco
1652 1249 1797 1289 Edwardi,
1816 1252 1846 1280 in
1867 1252 1941 1282 dicta
1961 1253 2222 1292 circumscriptione
2235 1266 2308 1286 con-

1255 1291 1323 1319 tenti
1333 1314 1342 1327 ,
1359 1300 1470 1320 nomen
1482 1290 1614 1320 nostrum
1630 1289 1747 1319 Ricardi
1762 1290 1830 1327 poni
1845 1288 1965 1329 faciatis,

1290 1327 1328 1358 Et
1340 1328 1481 1359 Officium
1494 1328 1619 1358 vestrum
1634 1327 1800 1358 Cancellarii
1813 1337 1882 1358 cum
1897 1329 1977 1359 dieto
1990 1329 2263 1370 Sigillo,postquam
2272 1332 2310 1364 fic

1254 1367 1418 1396 cortesium
1432 1367 1530 1405 fuerit,
1548 1367 1653 1397 faciatis
1668 1367 1701 1397 ὃ(
1715 1368 1878 1397 excerceatis
1894 1376 1976 1405 prout
1991 1368 2081 1398 decet.

1256 1449 1268 1473 t
1292 1404 1383 1473 Tgste
1396 1405 1480 1443 Rege
1496 1405 1569 1443 apud
1583 1404 1888 1444 Westmonasterium,
1902 1406 2019 1437 decimo
2033 1407 2153 1445 septimo
2167 1407 2215 1439 die
2238 1409 2312 1448 Sep-

1269 1452 1314 1473 eni
1337 1453 1380 1473 ris.

1304 1584 1352 1615 De
1373 1580 1562 1616 Concordatis
1569 1580 1659 1628 fhper
1675 1581 1933 1674 Qessclffldinter
1948 1585 2036 1631 Percy
2061 1587 2097 1622 ζῇ·
2114 1586 2269 1632 Douglas,

1686 1640 1757 1676 pact
1795 1641 1834 1661 an
1857 1641 1888 1662 a.

1263 1715 1381 1786 RE}
1400 1715 1563 1784 Omnibug,
1580 1714 1615 1746 ad
1631 1724 1721 1754 quos,
1739 1714 1800 1746 διε.
1818 1713 1952 1746 Salutem.
2337 1736 2403 1768 Anu
2421 1735 2453 1766 D

1380 1764 1456 1786 cratis
1495 1765 1533 1785 uo
2407 1760 2412 1765 ·
2454 1759 2461 1766 ·

1296 1793 1376 1825 Cum
1389 1795 1459 1824 inter
1466 1765 1619 1831 §inceium
1635 1791 1885 1830 consanguineum
1901 1791 1934 1822 &
1949 1791 2073 1822 Fidelem
2089 1791 2322 1832 nostrum,Hen-
2337 1783 2445 1841 A,¹377·

1259 1835 1342 1862 ricum
1364 1833 1396 1862 de
1418 1834 1498 1866 Percy
1520 1830 1673 1861 Comitem
1693 1830 1916 1860 Northumbriae
1931 1853 1940 1868 ⁷
1957 1831 1991 1860 &
2007 1854 2017 1868 ,
2034 1830 2160 1861 Nobiles
2178 1833 2198 1852 *ἒ
2219 1833 2319 1871 Viros,
2363 1827 2387 1843 '¹'
2405 1823 2429 1843 ¹·

1261 1873 1305 1901 W
1305 1870 1442 1900 illielmum
1455 1873 1581 1899 Comitem
1595 1867 1714 1905 Douglas
1736 1869 1770 1899 &
1793 1868 1829 1898 de
1851 1868 1965 1906 Marre,
1983 1868 2185 1899 Archibaldum
2198 1871 2320 1909 Douglas
2335 1858 2364 1881 R·
2389 1863 2415 1881 2’

1260 1909 1425 1939 Dominum
1445 1908 1482 1939 de
1506 1908 1643 1946 Galway,
1661 1909 1693 1938 sc
1716 1906 1889 1943 Magistrum
1912 1907 2072 1945 Johannem
2088 1907 2181 1937 Pebles
2195 1908 2318 1940 cancei—
2336 1897 2401 1919 ³⁶⁰1·
2425 1901 2447 1919 ¹·

1259 1948 1359 1978 larium
1375 1948 1479 1978 Scotiae
1494 1946 1738 1977 Archidiaconum
1751 1945 1847 1976 Saneti
1869 1945 2009 1984 Andreae,
2026 1946 2246 1978 Concordatum
2270 1957 2320 1978 ex-
2336 1934 2364 1957 R.
2385 1940 2410 1958 ²·
2430 1939 2467 1960 m*

1260 1987 1323 2017 istat
1357 1986 1436 2025 quod
1454 1995 1507 2024 pro
1523 1984 1711 2024 Reparatione
1726 1983 1854 2014 facienda
1865 1983 1944 2022 super
1960 1985 2156 2024 Attempratis,
2176 1986 2256 2017 fastis
2274 1989 2319 2017 su-
2336 1978 2362 2023 ζ,
2376 2007 2432 2034 VH

1260 2035 1310 2064 per
1327 2009 1470 2056 lVlarcheis
1485 2024 1598 2063 Angliae
1611 2024 1644 2054 &
1656 2022 1779 2060 Scotiae,
1798 2022 1911 2060 quidam
1927 2022 1984 2052 dies
2000 2023 2026 2052 se
2041 2024 2148 2054 tenebit
2161 2025 2234 2062 apud
2250 2025 2320 2064 Lyl—
2436 2028 2442 2035 ‘

1262 2066 1386 2102 bottros,
1405 2064 1520 2094 decimo
1532 2062 1638 2093 octavo
1653 2061 1699 2091 die
1709 2059 1833 2099 Januarii
1846 2062 1983 2098 proximo
1996 2062 2112 2099 futuro,
2343 2054 2404 2081 ¹75·

1298 2102 1358 2133 Pro
1373 2113 1408 2134 eo
1422 2101 1502 2140 quod
1517 2099 1760 2139 praefatiComites
1774 2101 1857 2138 (inter
1873 2109 1943 2138 quos
1949 2100 2036 2142 didiae
2044 2100 2177 2140 Qerelae
2187 2101 2321 2140 existunt)

1263 2142 1297 2173 &
1321 2142 1492 2179 Atteniptata
1511 2139 1646 2180 praedieta
1667 2139 1729 2169 sunt
1748 2147 1864 2178 magna,
1883 2140 2059 2170 consideratis
2078 2140 2228 2179 grandibus
2251 2140 2325 2172 Mo-

1263 2182 1390 2211 tionibus
1403 2180 1574 2219 Regnorum
1590 2177 1794 2217 praedie'corum
1803 2199 1813 2216 ‚

1300 2219 1418 2251 Videtur
1432 2218 1581 2257 expediens
1595 2218 1705 2255 utrique
1718 2216 1810 2254 Parti,
1828 2215 1908 2254 quod
1925 2215 2049 2255 Majores
2063 2215 2187 2247 Domini
2207 2227 2323 2250 eorum-

1263 2255 1331 2287 dem
1356 2257 1525 2296 Regnorum
1547 2256 1581 2286 ad
1600 2256 1657 2287 dies
1679 2255 1712 2285 &
1732 2254 1830 2285 locum
1844 2254 1995 2292 praeditstos
2012 2255 2180 2294 deputentur
2193 2257 2226 2288 &
2242 2256 2325 2295 assig-

1262 2304 1365 2326 nentur
1391 2295 1546 2332 (videlicet)
1568 2305 1621 2333 pro
1640 2294 1748 2331 Regno
1768 2293 1898 2333 Angli-ae,
1916 2293 2068 2325 carissimus
2090 2295 2256 2325 Avunculus
2269 2305 2324 2326 no-

1262 2334 1333 2374 ster,
1350 2334 1498 2374 Johannes
1521 2337 1581 2363 Rex
1604 2331 1727 2372 Castellae
1751 2330 1790 2367 ό»
1816 2334 1941 2371 Legionis
1955 2355 1965 2372 ,
1982 2331 2053 2364 Dux
2076 2332 2246 2364 Lancastriae
2260 2355 2271 2372 ,
2289 2335 2323 2365 &

1262 2383 1316 2411 pro
1330 2382 1408 2411 parte
1423 2373 1530 2404 Scotiae
1543 2376 1631 2402 Comes
1647 2372 1679 2401 de
1692 2371 1816 2410 Carryk,

1302 2411 1345 2442 IT
1356 2420 1428 2451 ΕΜ,
1445 2411 1524 2450 quod
1546 2410 1616 2441 dieti
1636 2413 1750 2440 comites
1774 2408 1982 2439 Northumbriae
2003 2410 2036 2441 &
2052 2409 2193 2449 Douglar,
2212 2421 2246 2442 ac
2263 2413 2327 2441 Ar-

1264 2450 1420 2490 chibaldus,
1437 2451 1470 2481 &
1484 2449 1628 2489 Johannes
1644 2447 1754 2486 petales,
1768 2449 1827 2478 tam
1842 2449 1962 2479 nomine
1982 2449 2100 2488 nostro,
2119 2450 2206 2488 quam
2229 2451 2328 2480 nomi-

1264 2500 1317 2528 ne,
1334 2489 1455 2520 Nobilis
1466 2489 1622 2526 Principis,
1640 2486 1752 2516 Roberti
1768 2485 1976 2525 Consanguinei
1990 2487 2080 2517 nostri
2094 2489 2125 2518 de
2139 2491 2244 2527 Scotia‚
2258 2498 2326 2526 pro-

1265 2529 1396 2559 miserunt
1408 2527 1524 2558 fideliter
1536 2528 1571 2557 ad
1584 2525 1738 2556 tenendum
1754 2525 1788 2556 ὃ(
1801 2525 1902 2556 servari
1923 2525 2104 2564 faciendum,
2123 2527 2208 2565 usque
2229 2527 2263 2558 ad
2284 2526 2329 2557 cli-¹

1265 2568 1347 2598 <stum
1362 2566 1520 2597 Decimum
1534 2565 1671 2595 octavum
1687 2563 1765 2593 diem
1778 2563 1918 2602 januarii,
1937 2563 2059 2601 Magnas
2075 2565 2222 2604 Treugas,

1302 2605 1407 2642 Nuper
1429 2606 1518 2642 inter,
1537 2602 1709 2633 carissimum
1733 2601 1898 2632 Dominum
1921 2603 1955 2633 &
1977 2603 2076 2633 Avum
2090 2603 2241 2642 nostrum,
2266 2603 2327 2633 Ed-

1265 2645 1517 2712 pagiumxfflpe‘
1531 2645 1627 2680 Regem
1642 2639 1774 2679 Angliae‚
1791 2641 1824 2672 ὅ(
1839 2641 1944 2671 David
1953 2641 1986 2671 de
2000 2643 2088 2683 Bruys
2104 2641 2140 2673 de
2154 2642 2252 2673 Scotia
2260 2642 2328 2681 ‚de-

1280 2692 1316 2713 un
1348 2691 1380 2712 os
1415 2690 1494 2712 initas

1303 2720 1342 2750 Et·
1356 2704 1468 2749 Co’mites
1484 2705 1691 2749 Northumbriae
1705 2717 1739 2748 ὃς
1757 2715 1893 2756 Douglas,
1911 2727 1945 2748 ac
1961 2716 2150 2748 Archibaldus
2166 2719 2200 2750 ὃς
2215 2717 2328 2756 Johan-

1266 2769 1313 2788 nes
1329 2757 1439 2797 Pehles,
1453 2758 1619 2788 nominibus
1633 2755 1685 2786 suis
1699 2757 1837 2795 propriis,
1856 2756 2061 2795 promiserunt,
2079 2755 2196 2787 fideliter
2209 2757 2326 2788 &bons

1266 2797 1339 2835 fide,
1359 2806 1452 2828 tenere
1467 2797 1500 2828 &
1514 2795 1657 2826 observari
1671 2794 1765 2825 facere
1779 2794 1908 2834 Treugas
1922 2795 2086 2833 praedictas,
2102 2804 2169 2824 cum
2184 2796 2265 2824 omni
2286 2795 2329 2824 di-

1265 2836 1381 2904 ligenffia
1394 2836 1512 2904 maht}
1521 2833 1675 2873 specialiter
1687 2833 1717 2862 in
1732 2831 1835 2863 Bundis
1852 2834 1904 2863 suis
1918 2833 2060 2871 propriis,
2078 2832 2165 2871 usque
2182 2834 2217 2863 ad
2240 2833 2328 2864 finem

1270 2875 1345 2905 Men
1357 2884 1379 2905 is
1414 2884 1453 2904 rae
1474 2875 1482 2904 i
1516 2874 1524 2902 i

1306 2912 1351 2943 ΙΤ
1362 2884 1434 2951 1315,
1451 2896 1549 2950 quod',
1566 2910 1585 2940 si
1600 2909 1675 2940 dieta
1690 2907 1844 2939 Ordinatio
1863 2906 2051 2939 Personarum
2075 2908 2175 2939 Nobis
2194 2909 2228 2940 &
2249 2908 2330 2940 dieto

1268 2950 1491 2989 Consanguineo
1511 2949 1610 2979 nostro
1631 2948 1753 2985 Scotiae‚
1767 2957 1802 2977 ex
1824 2946 1881 2977 una
1900 2947 1934 2978 &
1954 2947 2038 2979 alteri
2059 2956 2157 2986 parte,
2174 2948 2328 2986 placuerit,

1267 2990 1355 3028 Nos,
1372 3000 1424 3028 pro
1447 2997 1524 3027 parte
1545 2986 1657 3023 nostra,
1676 2985 1789 3015 Abbati
1812 2985 1845 3014 de
1868 2984 1991 3024 Melros,
2008 2995 2058 3024 per
2080 2986 2188 3017 Literas
2201 2986 2328 3024 nostras,

1268 3030 1302 3060 &
1325 3028 1454 3067 praefatus
1466 3025 1705 3069 ,Consanguineus
1726 3023 1821 3055 noster
1841 3023 1878 3054 de
1900 3023 1998 3055 Scotia
2017 3023 2130 3054 Abbati
2143 3025 2175 3055 de
2186 3024 2329 3062 Kellowe,

1268 3077 1319 3105 per
1341 3068 1448 3098 Literas
1467 3065 1540 3103 sum,
1557 3066 1628 3094 inira
1647 3072 1740 3093 unum
1763 3061 1897 3093 Mensem
1916 3073 1932 3093 a
1954 3063 2017 3093 data
2030 3062 2230 3094 Confectionis
2242 3064 2326 3093 dietae

1269 3105 1446 3137 Concordiae
1454 3129 1464 3143 ,
1482 3101 1699 3134 certificabimus
1707 3124 1716 3140 ,

1309 3145 1379 3175 Nos

1306 3168 1451 3213 Praemiffa
1463 3180 1561 3211 omnia
1574 3180 1608 3210 &
1624 3177 1745 3218 singula,
1765 3185 1849 3216 prout
1862 3177 1984 3215 superius
1997 3179 2165 3216 recitantur,
2182 3187 2235 3215 pro
2250 3184 2312 3215 part

1267 3222 1364 3253 nostra
1381 3220 1545 3252 conservare
1557 3218 1700 3254 volentes,

1266 3289 1269 3291 .
1308 3261 1454 3290 Omnibus
1476 3256 1577 3287 nostris
1599 3256 1721 3286 Subditis
1743 3253 1861 3285 firmiter
1883 3253 2047 3285 Inhibemus
2069 3255 2105 3284 ne
2119 3255 2180 3292 quis
2196 3252 2312 3283 Malum

1269 3298 1451 3335 Molefflam,
1468 3296 1512 3327 vel
1527 3294 1661 3332 Injuriam
1676 3295 1775 3324 inferat
1796 3293 1959 3331 Dominus,
1976 3294 2090 3331 Terris,
2110 3293 2155 3322 vel
2176 3290 2329 3321 Poffeffio-

1265 3339 1349 3368 nibus
1364 3337 1435 3367 dieti
1448 3333 1661 3370 consanguinei
1676 3331 1765 3362 nostri
1777 3330 1901 3369 Scotiae,
1918 3332 1965 3361 vel
1979 3330 2083 3361 Incolis
2096 3329 2278 3367 earumdem,
2296 3331 2328 3359 in

1264 3376 1394 3406 personis
1414 3383 1459 3404 aut
1482 3372 1599 3409 Rebus,
1617 3379 1717 3401 contra
1737 3379 1867 3400 tenorem
1887 3369 2071 3406 Treugarum
2093 3367 2311 3406 supradicitarum
2330 3387 2332 3390 -

1267 3424 1332 3444 anre
1352 3413 1456 3451 lapsum
1476 3411 1546 3440 dieti
1569 3409 1690 3440 Decimi
1710 3409 1808 3439 offitavi
1829 3407 1884 3437 diei
1900 3407 2040 3446 januarii,
2063 3407 2113 3436 sub
2133 3407 2215 3436 omni
2235 3405 2311 3437 Poen

1268 3462 1333 3490 quae
1353 3451 1509 3488 competit²
1528 3456 1574 3478 aut
1596 3456 1759 3485 competere
1782 3446 1901 3484 poterit,
1919 3455 2020 3475 contra
2035 3455 2102 3483 eos,
2119 3444 2165 3476 vel
2178 3454 2262 3482 eum,
2281 3446 2330 3482 qui

1267 3491 1297 3520 in
1321 3491 1492 3521 contrarium
1514 3486 1674 3525 hujusmodi
1686 3485 1869 3522 Treugarum
1880 3485 1991 3514 duxerit
2005 3484 2051 3515 vel
2063 3485 2195 3514 duxerint
2208 3491 2330 3520 attemp-

1268 3529 1403 3599 tangatffls,
1410 3567 1515 3603 semper
1527 3564 1561 3594 &
1580 3564 1608 3593 in
1625 3563 1760 3593 omnibus
1774 3559 1904 3591 Articulis
1916 3559 2068 3592 observatis
2086 3558 2168 3590 dietis
2189 3559 2330 3598 Treugis,

1266 3605 1348 3645 alias,
1367 3615 1398 3636 ut
1413 3603 1579 3643 praedidtum
1594 3601 1654 3639 est,
1673 3601 1763 3638 initis,
1937 3637 1942 3642 .
2155 3637 2160 3642 ι
2310 3636 2316 3642 ι

1306 3645 1344 3676 Et
1368 3645 1450 3675 etiam
1473 3641 1585 3679 proviso
1608 3640 1689 3677 quod
1711 3637 1814 3668 eisdem
1834 3636 1976 3674 Treugis,
1993 3646 2043 3674 per
2062 3635 2202 3675 praerniffa
2215 3635 2261 3665 seu
2281 3635 2331 3666 ali-

1268 3683 1348 3722 quod
1364 3682 1550 3716 eorumdem,
1569 3678 1770 3715 Praejudicium
1784 3674 1898 3713 aliquod
1910 3675 2064 3706 nullatenus
2078 3682 2244 3714 generetur,

1303 3721 1343 3752 Et
1357 3722 1456 3756 etiarn,
1475 3718 1512 3756 si,
1529 3717 1646 3746 durante
1660 3715 1811 3746 Securitate
1826 3714 1909 3744 dietae
1930 3712 2121 3751 concordi-az,
2138 3712 2254 3751 aliquod
2277 3711 2333 3744 At·

1265 3767 1436 3798 temptatum
1454 3757 1499 3788 vel
1522 3755 1596 3786 Prisa
1618 3753 1782 3792 Bonorum,
1810 3761 1844 3782 ex
1863 3762 1917 3782 una
1937 3752 1983 3783 vel
2001 3752 2084 3782 altera
2106 3760 2199 3795 parte,
2221 3751 2332 3795 {adium

1269 3799 1314 3829 vel
1336 3797 1408 3828 sadia
1432 3795 1529 3832 fuerit,
1549 3793 1628 3830 quod
1650 3792 1716 3830 ipsi,
1734 3794 1783 3830 qui
1805 3790 1976 3829 Dampnurn
1998 3789 2065 3820 inde
2087 3789 2283 3828 sustinuerint,
2301 3790 2334 3819 li—

1268 3837 1337 3867 bere
1353 3835 1481 3874 prosequi
1496 3831 1601 3870 possint
1614 3830 1693 3861 Bona
1707 3830 1752 3861 sua
1764 3829 1865 3867 absque
1879 3828 2092 3867 Impedimento
2105 3828 2320 3866 cujuscumque,

1306 3875 1362 3913 Et,
1374 3874 1394 3904 si
1410 3883 1441 3904 ea
1454 3872 1580 3902 invenire
1594 3878 1745 3907 poterunt,
1762 3868 1858 3907 quiete
1871 3867 2077 3905 deliberentur,
2091 3866 2189 3905 aliquo
2199 3866 2245 3898 die
2253 3866 2335 3896 Μαῖ-

1271 3913 1345 3945 chiae
1361 3912 1515 3942 nullatenus
1527 3908 1676 3948 expectato
1685 3931 1694 3946 ‚

1308 3951 1363 3989 Et,
1383 3951 1401 3981 si
1424 3950 1503 3987 quis,
1521 3949 1551 3977 in
1568 3945 1765 3984 prosequendo
1783 3944 1862 3976 Bona
1880 3943 1942 3982 sua,
1966 3945 2095 3986 nequiter
2115 3943 2198 3975 fuerit
2218 3941 2337 3974 Interfe-

1272 3990 1351 4026 ἃυε,
1369 3988 1442 4027 ipse,
1460 3988 1507 4025 qui
1520 3987 1579 4015 hoc
1596 3985 1709 4023 fecerit,
1728 3983 1821 4014 Morti
1836 3983 1957 4013 tradetur
1970 3982 2074 4020 absque
2088 3982 2275 4013 Remiffione.

1312 4027 1453 4058 Volumus
1468 4034 1564 4055 tamen
1579 4023 1676 4061 quod,
1694 4025 1714 4054 si
1728 4022 1875 4061 praefatum
1892 4021 2073 4050 Avunculum
2095 4021 2230 4060 nostrum,
2269 4027 2335 4054 rop-

1272 4074 1315 4097 ter
1332 4065 1463 4104 Negotia
1476 4063 1571 4102 Regni
1583 4061 1672 4093 nostri
1686 4061 1817 4129 Aiilgliae,
1835 4060 1879 4092 vel
1893 4059 1983 4098 aliqua
2005 4059 2057 4091 alia
2081 4059 2337 4125 Legitimgimrenntztj-

1764 4107 1776 4136 3
2328 4114 2340 4131 ³
