2561 4251
5 2963 8 2966 ,
56 2940 108 2964 An.
123 2946 152 2972 4..

72 257 148 294 Arm.
159 262 199 293 D.
220 266 248 296 ci
283 261 327 294 vel
346 260 411 291 alias
429 258 602 298 Adversario
625 259 710 299 nostro
733 263 856 290 Franciae
871 261 1044 293 adhaerentes
1057 264 1215 302 extiterint,
1234 273 1287 295 oc-

92 304 176 342 1381.
221 288 408 340 cu'patorum,
425 298 527 336 absque
542 298 752 336 impedimento
766 299 874 338 nostri,
893 300 1110 331 Officiariorum
1125 302 1169 332 seu
1192 303 1284 336 Mini-

76 345 127 370 ιω.
145 352 171 369 2.
222 341 344 372 strorum
364 336 528 366 nostrorum
551 347 815 376 quorumcumque,
834 339 868 368 ad
891 339 1033 370 Usum&
1056 339 1217 371 Utilitatem
1241 344 1283 379 ip-

224 380 277 411 fius
296 374 457 414 Sandffimi
478 378 589 414 Patris,
609 375 642 406 &
659 375 878 414 Reparationum
895 377 1110 415 praedidtarum,
1130 379 1217 410 libere
1231 380 1283 411 dis-

225 425 332 457 ponere
353 415 440 445 valeat
462 415 489 444 in
509 414 633 452 Forma,
653 414 752 444 Nobis
771 416 800 444 in
819 414 902 445 dietis
927 416 1027 446 Literis
1044 416 1216 454 Apostolicis
1235 428 1283 450 ex-

225 454 360 494 pressata,
378 453 463 491 usque
484 453 518 483 ad
540 453 657 482 Festum
681 452 811 489 Paschae,
830 454 963 490 proximo
985 456 1174 494 praeteritum,
1199 465 1283 497 prout

223 496 252 524 in
264 492 379 524 diversis
393 491 494 523 Literis
507 490 610 522 nostris
625 490 805 528 Patentibus,
823 491 889 522 inde
907 493 1066 532 confetstis,
1082 494 1192 532 plenius
1212 505 1284 526 con-

235 540 327 562 inetur

223 541 233 563 t
258 555 382 608 Jamque
396 592 405 608 ,
428 568 548 599 dilectus
567 566 650 596 nobis
663 590 673 603 ,
698 566 837 606 Cosmatus
857 568 991 607 Gentilts,
1015 569 1096 607 ipsius
1112 570 1283 603 SancCtiffimi

224 608 314 639 Patris
330 607 496 646 Capelianus
508 606 543 635 &
559 604 725 642 Colle&or,
745 615 794 642 per
808 606 897 644 ipsum
914 608 942 637 in
967 607 1071 646 Regno
1091 610 1190 640 nostro
1212 621 1284 649 prae-

222 647 300 678 dieto
314 647 474 684 deputatus,
488 643 605 681 NobiS,
621 654 675 681 pro
689 643 771 674 Parte
783 644 903 681 ejusdem
916 646 1085 678 Sanffllsimi
1098 648 1201 688 Patris,
1223 650 1285 687 sup-

253 688 258 692 '
280 696 293 715 a
331 687 366 715 rit
379 692 409 714 ut

221 686 340 755 pliagren
360 706 611 752 Arc’hidiaconatus
632 721 675 750 W
676 721 798 760 eliensis,
817 721 1067 754 Archidiaconatus
1088 724 1285 756 Tauntonien-

222 763 272 800 fis,
291 770 359 792 cum
380 759 539 790 Praebenda
561 759 597 790 de
618 759 779 791 Milvertori
798 760 890 790 eidem
911 761 1161 793 Archidiaconatui
1178 773 1284 794 annexa

220 802 252 831 in
267 799 391 830 Ecclesia
404 798 559 835 Wellenli,
579 798 831 829 Archidiaconatus
844 798 993 829 Suffolciae
1007 801 1037 829 in
1054 800 1180 832 Ecclesia
1200 803 1285 833 Nor-

220 838 350 875 wicensi,
369 836 619 867 Archidiaconatus
640 836 740 874 Berks,
759 846 826 866 cum
849 836 974 867 Ecclesia
994 837 1030 867 de
1046 838 1284 879 NorthinOiton,

218 876 314 906 eidem
340 875 593 906 Archidiaconatui
611 883 733 911 annexa,
762 874 920 904 Praebenda
940 875 975 904 de
993 876 1158 908 Wodeford
1172 901 1182 916 ,
1207 879 1285 910 Prae-

219 914 313 945 benda
335 914 371 944 de
390 913 541 953 Heyword
563 915 593 943 in
612 912 735 943 Ecclesia
755 912 873 950 Sarum,
892 913 1049 944 Praebenda
1061 915 1096 944 de
1110 915 1284 957 Aylesbury,

221 952 380 984 Praebenda
395 953 430 983 de
446 952 617 988 Brampton,
636 952 669 982 &
684 950 838 981 Praebenda
849 951 886 981 de
906 951 1007 983 Sutton
1029 953 1062 984 &
1082 952 1284 995 Bukyngham,

220 993 250 1022 in
266 991 391 1022 Ecclesia
408 989 617 1027 Lincolniensi,
635 989 748 1020 fuissent
760 999 850 1028 nuper
864 1000 912 1028 per
927 991 1019 1022 didtos
1039 991 1200 1025 Cardinales
1222 994 1284 1026 Re-

220 1030 308 1061 belles
320 1028 438 1067 pacifice
453 1038 528 1059 occu
550 1029 601 1066 ati,
904 1068 909 1074 .

258 1067 386 1099 Velimus
408 1066 525 1097 Admini
553 1068 690 1096 rationem
711 1067 745 1098 &
768 1066 1000 1105 Occupationem
1014 1068 1184 1109 Fru&uum,
1202 1070 1282 1104 Red-

217 1107 342 1144 dituum,
361 1106 394 1137 &
409 1105 606 1136 Proventuum
620 1105 766 1135 diciorum
778 1106 1065 1138 Archidiaconatuum
1090 1109 1124 1140 ὃς
1146 1110 1281 1142 Praeben-

215 1145 332 1183 darum,
356 1145 390 1174 ad
412 1145 588 1175 Terminum
607 1144 689 1174 nobis
710 1144 878 1181 placabilem
893 1168 903 1184 ,
926 1146 1019 1177 eidem
1041 1145 1199 1180 Colleistori
1213 1175 1222 1189 ,
1246 1151 1280 1182 ad

215 1183 295 1214 usum
312 1183 456 1222 praediftae
470 1183 602 1213 Camerae
616 1182 812 1221 Apostolicae‚
829 1184 988 1214 concedere
999 1187 1137 1223 gratiose,

252 1222 320 1253 Nos
343 1222 558 1260 (Supplicationi
579 1221 722 1259 praedietae
741 1221 930 1252 favorabiliter
950 1223 1085 1261 inclinati)
1111 1224 1253 1257 Volumus
1268 1251 1278 1266 ,

213 1260 248 1291 &
260 1261 296 1291 de
311 1260 492 1291 Avisamento
508 1260 541 1290 &
555 1259 662 1290 affensu
676 1259 803 1290 Concilii
816 1259 905 1290 nostri
919 1261 1133 1301 Concedimus,
1146 1274 1195 1301 per
1209 1274 1280 1303 prae-

214 1299 318 1338 lentes,
342 1298 423 1337 quod
443 1298 574 1336 praefatus
593 1297 744 1328 Colleetor
764 1298 801 1328 de
821 1298 1000 1338 Fruci‘tubus,
1027 1301 1196 1333 Redditibus
1211 1328 1219 1341 ,
1245 1305 1278 1335 &

215 1338 415 1368 Proventubus
429 1338 563 1367 omnium
579 1338 613 1369 &
635 1336 812 1374 singulorum
832 1336 1059 1378 Beneficiorum,
1076 1340 1199 1378 superius
1219 1342 1279 1380 spe-

213 1376 410 1413 cificatorum,
431 1377 459 1405 in
481 1376 573 1406 forma
593 1375 744 1414 praedicsta,
762 1375 850 1406 libere
873 1375 1032 1414 Disponere
1051 1378 1158 1418 valeat,
1176 1389 1191 1409 a
1206 1389 1279 1411 tem-

213 1425 283 1453 pore
304 1415 477 1445 Rebellionis
506 1413 702 1445 Cardinalium
727 1413 954 1453 praedictorum,
988 1416 1073 1454 usque
1099 1417 1134 1447 ad
1155 1417 1277 1452 ,Festum

215 1454 357 1484 OmnIum
378 1453 549 1484 Sanu‘torum
564 1477 574 1490 ,
600 1454 735 1491 proximo
756 1452 883 1483 futurum
900 1477 909 1490 ,
941 1452 1044 1491 absque
1062 1454 1278 1492 Impedimento

212 1491 333 1531 Nostri,
358 1491 591 1529 Officiariorum,
616 1490 838 1529 Ministrorum,
863 1499 910 1522 aut
929 1491 1050 1523 aliorum
1071 1503 1278 1532 quorumcum÷

212 1540 404 1600 qufissservato
419 1578 515 1600 tamen
530 1567 647 1605 Nobis,
659 1568 706 1612 seu
720 1566 896 1605 Deputandis
911 1578 959 1606 per
974 1569 1060 1608 Nos,
1078 1570 1227 1610 Supervisu
1244 1574 1278 1605 ὃς

213 1608 403 1639 Ordinatione
422 1608 542 1649 ipsarum
563 1606 791 1644 Reparationum
807 1629 818 1646 ,
847 1616 913 1646 quas
931 1608 1012 1639 nullo
1031 1609 1124 1640 modo
1144 1611 1279 1644 volumus

214 1646 388 1686 praetermitti
401 1658 411 1685 3
799 1684 805 1689 ·
982 1685 993 1693 „
1087 1688 1091 1693 .

251 1685 402 1724 Qiocirca
416 1685 499 1715 vobis
511 1684 645 1715 omnibus
658 1684 693 1716 δε
707 1683 834 1723 lingulis,
852 1693 886 1715 ac
900 1684 1031 1716 vestrum
1046 1687 1180 1726 cuilibet,
1200 1688 1278 1720 Prae-

213 1725 335 1762 cipimus
356 1725 391 1756 &
412 1723 585 1754 Mandamus
606 1724 735 1760 quatinus
756 1723 906 1760 praefatum
923 1723 1074 1762 cosmatum
1088 1726 1124 1756 de
1138 1728 1277 1759 omnibus

213 1764 247 1796 &
262 1762 373 1801 singulis
388 1762 412 1793 F
413 1762 564 1800 ruCfflbus,
582 1760 773 1798 Redditibus,
791 1761 824 1792 &
847 1761 1036 1794 Proventibus
1056 1763 1201 1796 dictorum
1223 1766 1277 1798 Be-

213 1801 402 1838 neficiorum,
421 1800 524 1839 absque
537 1798 750 1837 impedimento
759 1798 869 1838 aliquo,
887 1800 974 1839 usque
985 1802 1019 1833 ad
1034 1803 1142 1834 dietum
1161 1804 1275 1836 Festum

213 1840 361 1871 Omnium
382 1839 571 1877 Sanetorum,
587 1837 660 1869 adeo
682 1837 770 1868 libere
789 1839 823 1869 &
845 1838 964 1876 pacifice
984 1850 1034 1878 per
1048 1842 1067 1861 ²*
1081 1842 1133 1880 Se,
1151 1844 1185 1874 ὃς
1207 1844 1274 1875 alios

213 1878 376 1917 Depiitatos
398 1878 461 1908 suos
477 1901 486 1916 ,
509 1877 543 1908 ad
565 1876 644 1907 usum
668 1875 801 1907 Camerae
824 1878 986 1917 Sandliffimi
1005 1881 1101 1910 Patris
1122 1881 1275 1922 praediciti,

213 1917 380 1955 disponere,
400 1916 527 1955 ipsosque
547 1915 685 1954 Fructus,
708 1914 866 1959 Redditus,
891 1918 925 1948 &
943 1917 1104 1950 Proventus
1123 1921 1274 1957 praedicstos

212 1956 352 1995 Exigere,
368 1955 495 1993 Levare,
511 1955 544 1986 &
567 1952 734 1992 Percipere,
751 1963 780 1983 in
799 1954 893 1986 forma
915 1956 1038 1993 superius
1058 1957 1192 1995 limitata,
1209 1960 1273 1990 abs-

210 2004 268 2034 que
289 1994 516 2025 contradifflone
536 1992 676 2032 qualibet,
694 1992 876 2032 permittatis,
895 1993 964 2025 ficut
984 1994 1054 2026 diffi
1077 1996 1148 2027 olim
1171 1997 1273 2029 Cardi-

209 2034 302 2072 nales,
319 2034 378 2072 jam
392 2032 544 2070 Rebelles,
563 2040 694 2069 tempore
706 2031 810 2060 Firmae
826 2031 923 2071 Pacis,
937 2034 1010 2063 inter
1024 2034 1094 2064 Nos
1108 2036 1141 2066 ὃς
1154 2037 1273 2067 Adver-

200 2072 311 2112 sarium
325 2070 442 2112 nostrum
454 2073 577 2101 Franciae
586 2094 596 2109 ,
609 2070 643 2101 δε
656 2077 720 2101 ante
733 2069 936 2101 Rebellionem
949 2071 1027 2103 suam
1040 2072 1186 2114 disponere
1201 2085 1273 2107 con-

222 2119 371 2142 ueverunt·

209 2111 227 2144 s
248 2148 287 2180 Et
304 2133 393 2187 ipsuin
413 2147 631 2185 Collee’torem,
647 2157 680 2177 ac
701 2147 860 2186 Deputatos
878 2147 941 2179 suos
961 2149 1130 2190 praedicstos,
1148 2151 1177 2182 in
1198 2161 1272 2191 prae-

211 2187 299 2218 misfis
309 2187 457 2224 faciendis,
476 2187 696 2224 manuteneatis,
712 2187 882 2224 protegatis,
899 2187 932 2217 &
946 2188 1113 2228 defendatis,
1131 2190 1272 2223 Mandato

210 2227 258 2257 seu
278 2226 422 2257 Mandatis
443 2226 589 2256 contrariis
601 2249 610 2263 ,
634 2234 684 2263 per
706 2223 778 2269 Nos·
796 2225 873 2263 prius
891 2225 970 2257 factis
982 2250 992 2266 ,
1015 2237 1076 2258 non
1096 2228 1271 2262 obstantibus

210 2265 438 2303 quibuscumque
446 2276 456 2302 3
1035 2304 1043 2311 .

248 2302 390 2334 Volumus
412 2311 508 2333 autem
529 2301 611 2340 quod
629 2301 693 2332 haec
717 2300 836 2339 praesens
854 2301 950 2332 nostra
971 2304 1091 2339 gratiosa
1113 2305 1271 2339 Conceffio

210 2342 310 2379 (quam
325 2342 423 2372 futuris
436 2342 612 2378 temporibus
626 2340 662 2370 ad
674 2340 918 2377 Consequentiam
931 2342 1001 2371 trahi
1019 2343 1165 2383 nolumus)
1188 2346 1274 2384 usque

208 2380 244 2410 ad
259 2379 429 2420 praedidtum
445 2380 560 2410 Festum
576 2379 721 2410 Omnium
737 2378 926 2418 Sanctorum,
943 2380 977 2412 ὃς
993 2391 1054 2412 non
1066 2382 1153 2423 ultra,
1165 2384 1272 2417 Robur

207 2421 335 2457 optineat
348 2418 506 2450 Firmitatis.

245 2456 280 2488 In
296 2457 375 2495 cujus
412 2457 474 2488 &c.
716 2480 723 2487 .
1126 2499 1131 2504 '

281 2495 370 2528 Teste
382 2479 467 2536 kege
479 2494 554 2534 apud
564 2492 871 2543 westmonasterium,
889 2496 997 2529 ostavo
1011 2497 1057 2529 die
1070 2497 1153 2530 Maii.

60 1851 77 1868 ⁸
99 1850 169 1879 VII-

61 1898 125 1926 204.

941 2576 995 2604 Per
1013 2574 1166 2605 Concilium.

237 2713 288 2744 De
304 2709 446 2755 potestate
462 2710 618 2744 trafbandi
636 2724 705 2745 cum
725 2712 909 2761 Principibus
923 2713 1124 2756 Alemanniae,
1142 2715 1234 2761 fhper

688 2762 784 2808 Lrgis.

207 2842 321 2902 REX
334 2868 343 2882 ,
369 2843 478 2875 dileetis
497 2845 531 2876 ὃς
552 2843 681 2875 fidelibus
700 2845 752 2875 suis
766 2868 776 2883 ,
801 2848 899 2875 Simoni
917 2844 949 2876 de
967 2847 1067 2888 Burley
1087 2847 1270 2889 Camerario,

281 2881 443 2921 Magistris,
462 2883 578 2913 Roherto
597 2883 739 2922 Braybrok
760 2884 919 2914 Licentiato
938 2886 966 2915 in
987 2886 1112 2926 Legibus
1149 2888 1270 2919 Waltero

207 2919 240 2950 de
254 2921 389 2951 Skirlawe
403 2921 598 2952 Decretorum
615 2920 760 2963 Dofitori,
779 2921 950 2953 Consiliariis
960 2923 1031 2963 suis,
1051 2910 1183 2956 Nich'olao
1193 2931 1270 2965 Dag-

205 2959 314 3028 ¹goolrth,
331 2960 365 2991 ὅτ.
380 2961 523 2991 Bernara'o
538 2963 599 2991 Van
612 2962 716 3000 Sedles,
734 2959 876 2992 Militibus
892 2960 1023 2994 Carnetae
1035 2963 1090 2995 suae
1107 2965 1268 3006 cariffimis‚

227 3007 240 3027 a
252 3007 338 3029 utem.

242 3036 339 3076 Cum,
357 3039 430 3068 inter
443 3037 575 3077 gloriosas
589 3037 769 3076 Reipublicae
781 3038 872 3069 Curas
885 3040 919 3071 δε
934 3037 1087 3079 Regalium
1107 3041 1270 3074 Solicitudi-

205 3084 279 3106 num
302 3076 421 3108 Fructus
442 3077 558 3116 uberes,
581 3077 714 3107 habeatur
735 3078 910 3115 praecipuum
931 3078 1093 3111 sublimium
1115 3082 1148 3113 &
1167 3091 1270 3120 poten-

206 3121 269 3144 tum
282 3113 451 3153 Principum
465 3114 516 3146 sibi
529 3115 662 3154 copulate
675 3114 820 3155 Praesidia,
839 3126 872 3147 ac
888 3126 956 3147 curn
968 3118 1069 3149 talibus
1081 3119 1214 3158 Ligarum
1236 3123 1269 3152 ὃς

207 3151 408 3183 Amicitiarum
420 3153 581 3190 specialium
592 3155 663 3185 inire
676 3153 814 3193 Foedera,
833 3165 882 3193 per
898 3165 970 3193 quos
990 3156 1181 3197 Principatus,
1202 3160 1270 3191 hinc

206 3189 291 3228 inde,
312 3190 429 3221 Amoris
449 3192 644 3222 indissolubilis
666 3202 739 3224 nexu
758 3193 924 3231 conjundti,
943 3194 1146 3233 insurgentibus
1167 3207 1201 3228 ex
1221 3199 1270 3228 ad—

208 3229 290 3259 verso
313 3227 471 3267 Resistere,
491 3231 524 3261 &
544 3230 581 3260 ab
597 3233 680 3261 omni
693 3231 893 3270 Oppreffionis
907 3232 1000 3272 clade,
1019 3234 1180 3267 coadunatis
1196 3237 1272 3268 Viri-

207 3265 282 3335 ¹³³3}
299 3276 432 3305 poterunt
448 3269 550 3298 mutuo
564 3268 591 3299 se
605 3271 693 3306 tueri,

284 3315 332 3340 os,

246 3342 391 3374 Praemissa
411 3338 633 3383 considerantes,
661 3355 695 3375 ac
714 3345 751 3376 de
769 3347 867 3378 vestris
884 3347 1036 3388 legalitate,
1053 3351 1212 3392 probitate,
1229 3354 1273 3384 in-

207 3380 325 3419 dustria,
344 3383 377 3413 &
392 3382 646 3422 circumspefflone
659 3384 784 3420 providis
796 3385 955 3423 plenissime
967 3388 1158 3427 confidentes,

248 3420 296 3450 Ad
314 3421 528 3458 Tractandum,
547 3420 807 3461 Conveniendum,
824 3423 1114 3458 &concordandum
1129 3438 1197 3459 cum
1209 3431 1273 3467 qui-

207 3458 386 3496 buscumque
403 3459 565 3498 Principibus
581 3459 773 3500 Alemanniae,
790 3462 876 3493 etiam
894 3462 971 3494 Sacri
994 3463 1108 3503 Imperii
1130 3466 1273 3499 Electori-

209 3497 279 3535 bus,
303 3497 381 3534 super
403 3497 628 3537 quibuscumque
647 3500 743 3539 Ligis,
764 3499 1082 3543 Confoederationibus,
1107 3505 1141 3536 &
1161 3505 1273 3538 Amici-

209 3536 268 3573 tiis,
286 3534 458 3573 Specialibus
492 3535 731 3578 Temporalibus,
749 3539 794 3570 vel
818 3539 977 3579 Perpetuis,
994 3541 1066 3572 inter
1087 3541 1173 3583 Nos,
1197 3545 1272 3576 Sub-

208 3573 283 3604 ditos
303 3573 430 3618 nostros,
448 3559 571 3618 liegna,
589 3576 623 3606 &
643 3576 781 3608 Dominia
801 3577 897 3609 nostra
916 3590 1123 3619 quaecumque,
1140 3592 1175 3612 ex
1197 3593 1270 3622 uua,

209 3623 242 3643 ac
266 3613 337 3656 ipsos
361 3612 520 3651 Ρηῃειρες,
543 3615 577 3646 &
598 3624 697 3646 eorum
719 3617 894 3656 quemlibet,
919 3617 1071 3657 Subditos,
1095 3620 1216 3659 Terras,
1235 3623 1269 3653 &

56 2857 134 2890 Ann.
150 2857 192 2889 D.

78 2897 164 2937 1381.

57 2979 86 3002 R.
109 2984 134 3002 2.

56 3017 146 3040 Franc.
160 3023 189 3050 4.

56 3055 190 3088 R.2.m.7.

209 3650 352 3682 Dominia
364 3651 409 3682 sua
423 3661 634 3691 quaecumque,
649 3654 683 3685 &
705 3664 806 3686 eorum
828 3655 994 3695 cujussibet,
1011 3667 1045 3688 ex
1066 3657 1149 3689 Parte
1170 3659 1270 3698 altera,
1288 3676 1292 3678 -

207 3690 335 3722 ineundis

249 3729 294 3759 Ac
308 3713 392 3759 eti’am
407 3728 443 3760 de
464 3728 576 3767 Modo,
594 3728 716 3769 Forma,
735 3731 918 3772 Qantitate,
935 3734 969 3764 &
989 3734 1131 3773 Qialitate
1151 3734 1270 3776 Auxilii,

209 3766 427 3806 Subventionis,
445 3768 490 3798 seii
510 3766 646 3806 Subsidii,
665 3768 731 3800 hinc
751 3769 833 3809 inde,
851 3781 981 3809 tempore
1004 3773 1186 3812 necessitatis²
1205 3785 1270 3806 mu-

208 3805 261 3834 tuo
278 3806 545 3844 ministrandorum,
578 3837 579 3840 ,

249 3841 285 3872 Et
299 3843 334 3874 de
347 3843 652 3882 ComunicationibuS,
671 3846 743 3876 inter
756 3846 902 3885 Stibditos,
921 3848 989 3878 hinc
1008 3848 1091 3887 inde,
1109 3851 1140 3880 in
1162 3850 1271 3882 Merci-

212 3881 316 3910 moniis
330 3883 363 3912 &
376 3884 432 3913 aliis
445 3883 559 3922 Licitis,
578 3884 674 3914 secure
689 3885 721 3915 &
737 3884 915 3915 fraternaliter
929 3886 1078 3925 faciendis,

249 3917 379 3949 Necnon
397 3921 477 3958 super
497 3922 633 3952 omnibus
652 3923 685 3952 &
705 3922 816 3961 singulis
840 3924 988 3963 Articulis,
1007 3934 1270 3964 quantumcumque

209 3954 386 3994 specialibus,
402 3961 450 3995 qui
464 3960 563 3999 Ligas,
581 3960 863 3999 Confoederationes,
882 3962 927 3992 seu
942 3963 1106 4001 Amicitias,
1122 3967 1191 3995 inter
1201 3966 1270 3997 Nos

209 3993 244 4024 &
261 3994 409 4031 praedictos
422 3995 584 4037 Principes,
602 4009 636 4029 ac
658 4009 757 4029 eorum
778 4000 950 4038 quemlibet,
965 4002 1132 4040 firmandas,
1151 4014 1272 4036 concer-

210 4041 278 4061 nere
294 4041 425 4069 poterunt
435 4037 643 4073 quovismodo,
660 4047 726 4068 cum
745 4048 847 4069 corum
866 4038 1074 4079 incidentibus,
1092 4040 1270 4083 Emergenti-

211 4070 277 4109 bus,
296 4069 546 4111 Dependentibus,
561 4076 595 4108 &
609 4074 770 4114 Conncxis,

1340 172 1820 227 PUBLI‘C'A..
2314 206 2393 246 119

1340 262 1405 307 ‚Ac
1424 267 1539 304 omnia,
1557 278 1620 306 quae
1640 269 1679 300 sic
1699 270 1853 310 Traaata,
1873 272 2044 314 Conventa,
2061 272 2096 307 δε
2118 271 2300 310 Concordata
2321 281 2383 312 sue*-
2399 280 2473 311 Ami.
2487 277 2532 313 D.

1323 311 1396 345 rint,
1415 313 1484 334 cum
1499 308 1580 350 omni
1591 307 1761 348 Securitate,
1779 310 1873 353 debita
1887 313 1919 342 ὅ(
1934 312 2068 353 honesta,
2087 317 2115 345 in
2138 316 2195 346 hoc
2217 318 2296 357 casu,
2314 319 2384 349 No-
2418 322 2501 358 1381.

1323 350 1401 371 mine
1422 342 1520 372 nostro
1542 345 1742 385 Firmandum,
1763 349 1999 388 conlimilemque
2019 353 2222 393 Securitatem,
2240 365 2292 393 pro
2312 357 2383 387 No·
2398 361 2450 387 Ric.
2469 369 2496 389 τι.

1322 378 1431 455 Esau&
1454 380 1588 414 Nomine
1609 384 1724 424 nostro,
1743 386 1918 426 Petendum,
1937 388 2151 431 Stipulandum,
2171 393 2204 424 ὃς
2227 394 2385 433 Recipien-

1358 454 1577 495 Jurandumque
1597 461 1626 489 in
1648 461 1784 493 Animam
1805 463 1932 495 nostram
1955 467 2034 504 quod
2058 468 2190 499 Trac‘lata
2205 493 2215 508 ,
2243 469 2383 502 Conven-

1324 500 1365 531 ta,
1385 496 1417 525 &
1431 494 1613 538 Concordata
1627 500 1732 529 ibidem
1748 502 1819 532 Rata
1841 504 2008 535 habebiriiuS
2030 506 2062 536 ὃς
2081 506 2186 545 Grata,
2205 518 2260 539 nec
2279 510 2383 548 aliquid

1322 534 1536 577 procurabimus
1558 536 1602 565 vel
1626 537 1758 569 faciemus
1779 549 1827 577 per
1850 545 1926 579 quod
1941 543 2072 574 Trattata
2085 547 2118 575 ὃ(
2135 545 2317 578 concordata
2329 549 2384 579 hu⁴

1318 570 1443 614 jusmodi
1457 571 1573 603 Effe&u
1588 574 1684 606 debito
1698 577 1818 608 frustrari
1830 589 1979 620 poterunt,
1995 582 2039 613 seu
2055 584 2274 621 quomodolibet
2292 587 2385 625 impe⁴

1322 607 1393 645 diri,

1360 647 1406 691 Ac
1428 647 1626 686 Juramentum
1649 653 1796 684 consimile
1817 655 1852 685 ab
1874 657 1975 686 eisdem
1999 657 2196 698 Principibus,
2223 662 2257 692 ὃς
2279 671 2381 693 eorum

1322 686 1479 755 {uolibeth
1494 688 1538 719 seu
1559 689 1707 727 Deputatis
1728 693 1912 733 eorumdem,
1936 695 2114 736 Petendum,
2133 698 2328 739 Exigendum,
2346 702 2380 732 &

1353 733 1459 761 ecipien
1483 736 1529 756 um
1541 749 1550 764 ,

1361 760 1527 804 Creteraquc
1541 766 1637 810 omnia
1651 767 1685 797 ὃ(
1699 768 1800 807 singula
1816 770 2002 811 Faciendum,
2022 772 2253 813 Excercendum,
2273 776 2306 807 &
2322 776 2381 806 Ex*

1322 799 1509 845 pediendum,
1534 813 1598 841 quae
1618 813 1646 833 in
1669 805 1817 837 Praemillis
1840 810 1872 838 ὃς
1894 810 1967 839 circa
1989 818 2020 840 ea
2041 814 2188 843 neceisaria
2206 815 2310 845 fuerint
2333 816 2378 846 seu

1321 839 1539 884 quomodolibet
1561 852 1721 881 oportuna,
1744 855 1777 875 ac
1797 856 1862 884 quae
1882 847 2006 886 Qalitas
2028 850 2060 880 ὃς
2084 851 2195 881 Natura
2218 853 2379 889 hujusmodi

1323 874 1445 913 Negotii
1459 887 1570 917 CXigunt
1586 881 1619 911 ὅ(
1640 884 1800 921 requirunt,
1820 882 1853 914 &
1875 896 1938 922 qua:
1957 888 2065 918 nosmet
2087 889 2178 919 facere
2195 891 2336 927 pollemus
2358 892 2379 921 fi

1322 915 1499 951 personaliter
1514 918 1719 958 interessemus,
1738 923 1821 952 etiam
1838 923 1856 952 si
1871 925 1931 953 talia
1945 924 2038 956 forent
2052 936 2116 964 quae
2132 927 2303 959 Mandatum
2321 931 2379 959 eiti-

1321 961 1392 991 gunt
1407 964 1669 994 quantumcumque
1682 958 1813 998 speciale,

1362 990 1436 1031 Vos,
1455 994 1606 1033 Qatuor,
1625 995 1715 1035 Tres,
1735 998 1768 1028 ὃς
1786 999 1868 1029 Duos
1880 999 2025 1039 vestrsim,
2045 1002 2158 1032 nostros
2173 1014 2270 1041 veros,
2289 1006 2379 1043 legiti-

1322 1039 1404 1074 moS,
1422 1032 1639 1064 &indubitatos
1655 1034 1873 1075 Procuratores,
1892 1038 2088 1077 Negotiorum
2110 1041 2261 1081 Gestores⁷
2284 1043 2378 1073 Com-

1321 1069 1476 1109 missarios,
1495 1070 1667 1109 Deputatos‚
1685 1074 1718 1104 &
1738 1074 1874 1105 Nuncios
1891 1077 2037 1117 speciales,
2056 1079 2203 1118 Facimus,
2225 1081 2379 1120 (ji-camus,

1319 1105 1508 1147 ordinamus,
1527 1111 1560 1141 &
1575 1110 1782 1143 Constituimus
1797 1124 1846 1151 per
1859 1113 2023 1155 Praesentes,

1354 1145 1569 1186 promittentes,
1589 1151 1616 1179 in
1632 1150 1730 1181 Verbo
1745 1151 1859 1190 Regio,
1879 1153 1947 1183 Nos
1961 1154 2068 1186 Ratum
2083 1156 2115 1186 ὃ(
2131 1156 2254 1188 Gratum
2276 1168 2376 1195 perpe-

1318 1186 1372 1230 tuo
1384 1185 1526 1216 habituros
1541 1189 1559 1207 *Ε
1574 1189 1709 1226 quicquid
1724 1200 1774 1227 per
1795 1191 1873 1228 vos,
1890 1192 2037 1232 Qatuor,
2056 1194 2147 1233 Tres,
2165 1197 2199 1226 ὃς
2220 1196 2303 1226 Duos
2324 1208 2375 1228 ve·
2390 1202 2404 1216 ³
2418 1199 2484 1230 vit,

1318 1221 1427 1261 strum,
1446 1225 1572 1263 Acium,
1591 1226 1732 1265 Gestum,
1751 1228 1795 1259 seu
1812 1228 1999 1262 Procuratum
2014 1233 2098 1263 fuerit
2112 1235 2140 1263 in
2156 1233 2321 1273 Praemiffi,
2340 1237 2373 1268 ὃς
2394 1249 2456 1275 305.

1318 1261 1427 1300 singulis
1447 1262 1681 1304 Praemiffomm,
1699 1267 1756 1296 aliis
1776 1267 1918 1299 Mandatis
1939 1270 1984 1300 seu
2005 1270 2209 1302 procuratoriis
2232 1272 2331 1303 nostris
2345 1275 2375 1305 in

1317 1299 1367 1329 suo
1381 1300 1583 1332 nichilominus
1598 1302 1721 1334 Robore
1736 1305 1879 1336 duraturis

1353 1337 1421 1382 Dat.
1441 1340 1469 1368 in
1492 1338 1598 1383 Palatio
1621 1342 1718 1373 nostro
1738 1343 1863 1374 Westm.
1882 1345 1933 1376 sub
1952 1345 2052 1387 Magni
2073 1347 2159 1387 Sigilli
2173 1349 2262 1380 nostri
2276 1349 2375 1381 Testiz

1316 1384 1418 1407 monio
1427 1400 1436 1414 ,
1454 1378 1568 1410 decimo
1583 1380 1628 1410 die
1640 1380 1747 1412 Mentis
1760 1381 1842 1413 Maii.

1970 1464 2022 1491 Per
2039 1462 2120 1500 ipfitm
2138 1467 2242 1501 Regem.

1353 1575 1403 1610 De
1418 1578 1554 1622 Monstro
1571 1583 1740 1614 Hominum
1760 1582 1804 1615 ad
1822 1586 1924 1617 Arma
1940 1596 1994 1631 pro
2014 1589 2050 1619 V
2048 1589 2125 1632 ingio
2142 1590 2325 1635 Portngaliae.

1371 1662 1447 1701 EX,
1466 1664 1574 1696 diieciis
1589 1667 1623 1697 sc
1638 1666 1766 1698 fideiibus
1781 1667 1848 1707 suis,
1867 1649 1995 1706 ἵππω·
2007 1671 2176 1707 Kemwode,
2194 1671 2322 1710 Johanm·
2341 1675 2372 1704 de
2386 1681 2461 1713 Am,
2477 1678 2518 1715 D,

1387 1701 1416 1731 la
1434 1705 1529 1744 Haye,
1549 1708 1677 1734 Martino
1689 1706 1720 1736 de
1731 1709 1854 1745 Ferrers,
1872 1708 1987 1739 Roberto
2000 1708 2079 1738 Crull
2090 1707 2225 1749 Clerico,
2242 1712 2275 1743 &
2295 1715 2336 1742 W
2336 1713 2372 1743 il-

1313 1736 1399 1769 lielmo
1411 1741 1442 1770 de
1457 1743 1617 1781 Lokyngton
1630 1742 1765 1783 Clerico,
1783 1745 1917 1777 Salutem.
2388 1731 2441 1788 Ali}
2447 1723 2493 1797 {1-

1352 1777 1451 1809 Sciatis
1461 1781 1540 1817 quod
1556 1782 1639 1826 Nos,
2385 1803 2415 1826 R.
2434 1809 2459 1826 2.

1350 1815 1400 1847 De
1413 1817 1543 1850 fidelitate
1555 1822 1587 1851 ὃς
1602 1820 1858 1858 circumspectione
1871 1822 1968 1853 vestris
1980 1824 2089 1862 plenius
2105 1824 2296 1865 confidentes,
2385 1841 2470 1865 Franc.
2488 1840 2519 1873 4g

1351 1854 1560 1895 Affignavimus
1578 1858 1639 1890 Vos
1656 1883 1666 1898 ,
1698 1860 1830 1898 Quatuor
1843 1884 1853 1900 ,
1876 1860 1949 1892 Tres
1964 1885 1973 1900 ,
1998 1864 2032 1894 &
2054 1863 2136 1893 Duos
2157 1864 2283 1895 vestrum
2299 1890 2308 1903 ,
2333 1867 2367 1897 ad
2382 1880 2447 1903 R.2.
2463 1886 2501 1906 m,

1313 1891 1482 1926 Monstrum
1501 1896 1666 1928 Hominum
1688 1899 1721 1928 ad
1745 1899 1851 1937 Arma,
1878 1899 2080 1937 Armatorum,
2099 1903 2132 1932 δε
2154 1902 2367 1940 Sagittariorum
2383 1924 2411 1948 9,

1312 1931 1491 1965 existentium
1512 1934 1692 1974 Retinentia,
1715 1937 1845 1968 carissimi
1864 1938 2006 1969 Avunculi
2028 1939 2133 1977 nostri,
2161 1942 2299 1971 Edmundi
2320 1947 2370 1973 Co-

1313 1973 1386 2000 mitis
1400 1974 1594 2012 Cantabrigiae,
1606 1985 1639 2006 ac
1654 1975 1771 2006 aliorum
1785 1976 1981 2007 Dominorum
1996 1978 2028 2008 ὃ(
2042 1978 2180 2009 fidelium
2194 1981 2369 2022 nostrorum,

1312 2009 1342 2038 in
1355 2009 1533 2050 Obsequium
1547 2013 1675 2044 nostrum
1690 2014 1724 2044 ad
1745 2013 1839 2046 Partes
1858 2015 2028 2053 Portugaliae
2050 2017 2298 2057 profet‘turorum,
2317 2020 2371 2050 Su-

1311 2049 1531 2089 pervidendum,
1550 2053 1584 2082 &
1597 2052 1630 2082 ad
1646 2054 1745 2082 omnia
1758 2053 1825 2092 alia,
1843 2054 1872 2084 in
1885 2054 1937 2085 hac
1951 2064 2028 2093 parte
2051 2065 2104 2093 pro
2126 2055 2224 2087 Nobis
2244 2059 2368 2090 neceffa·

1310 2087 1348 2116 ria
1383 2087 1545 2120 faciendum
1560 2092 1593 2121 &
1609 2090 1807 2130 Explendum,

1349 2109 1388 2156 sit
1400 2126 1434 2157 ad
1449 2127 1581 2159 Nomina
1596 2130 1751 2168 hujusmodi
1763 2130 1927 2162 Hominum
1942 2131 1976 2162 ad
1992 2131 2095 2171 Arma,
2114 2131 2316 2172 Armatorum,
2333 2136 2366 2166 &

1311 2162 1542 2206 Sagittariorum,
1568 2169 1624 2198 un‘a
1644 2178 1712 2199 cum
1733 2168 1922 2208 Defefflbus,
1949 2170 1968 2200 fi
1985 2172 2034 2208 qui
2055 2171 2172 2210 fuerint,
2198 2173 2227 2202 in
2249 2172 2366 2211 Scriptis

1312 2204 1479 2240 ponendum
1495 2206 1528 2236 &
1543 2207 1746 2246 redigendum,
1763 2209 1796 2239 &
1809 2208 2026 2239 Thesaurarium
2040 2210 2073 2241 &
2088 2209 2209 2241 Barones
2228 2211 2367 2243 Scaccarii

1312 2241 1400 2272 nostri
1415 2243 1480 2274 inde
1495 2244 1552 2274 fine
1566 2245 1698 2276 dilatione
1713 2245 1939 2284 certificandum,

1349 2279 1387 2312 Et
1402 2281 1469 2313 ideo
1484 2283 1566 2314 vobis
1580 2284 1751 2315 Mandamus
1767 2285 1847 2323 quod
1862 2286 1936 2316 circa
1950 2284 2095 2316 Praemiffa
2107 2287 2253 2326 diligenter
2269 2287 2366 2321 luten-

1311 2317 1379 2349 datis
1388 2343 1397 2358 ,
1415 2320 1448 2351 &
1462 2331 1493 2351 ea
1507 2322 1611 2352 faciatis
1625 2324 1658 2354 &
1671 2325 1847 2361 exequamini
1862 2325 1890 2353 in
1902 2324 1994 2355 forma
2009 2326 2158 2363 praediffita3

1348 2357 1459 2390 Damus
1475 2368 1569 2391 autem
1586 2362 1716 2392 universis
1734 2363 1767 2393 ὅς
1785 2362 1896 2398 singulis
1923 2361 2081 2402 Capitaneis
2094 2388 2104 2400 ,
2135 2364 2309 2396 Hominibus
2329 2360 2365 2397 ad

1311 2394 1415 2436 Arma,
1433 2396 1574 2437 Armatis,
1589 2400 1621 2430 ὅς
1640 2400 1802 2439 Sagittariis,
1821 2401 1853 2431 δε
1872 2402 2004 2432 omnibus
2017 2402 2074 2432 aliis
2089 2402 2229 2434 Fidelibus
2243 2405 2276 2435 ὃς
2289 2404 2364 2434 Sub⁴

1310 2434 1373 2465 ditis
1386 2436 1500 2474 nostris,
1518 2437 1635 2468 Tenore
1648 2438 1831 2469 Praesentium
1841 2462 1850 2477 ,
1868 2439 1983 2471 firmiter
1998 2442 2027 2470 in
2044 2440 2199 2479 Mandatis,
2218 2442 2298 2480 quod
2310 2453 2363 2473 vo-

1311 2473 1372 2511 bis,
1390 2476 1423 2505 &
1448 2476 1563 2506 cuilibet
1583 2476 1727 2514 vestrum,
1752 2479 1780 2507 iri
1803 2477 1953 2508 Praemiffis
1971 2479 2103 2509 faciendis
2124 2480 2157 2510 ὅ(
2178 2480 2363 2518 exequendis,

1310 2511 1489 2544 Intendentes
1508 2515 1561 2544 sint
1578 2515 1612 2545 ὃς
1635 2515 1823 2553 Obedientes,
1840 2518 1970 2554 quotiens
1986 2519 2018 2548 ὅ(
2035 2518 2147 2555 quando
2170 2528 2219 2556 per
2232 2529 2301 2557 vos,
2318 2519 2364 2550 vel

1310 2560 1360 2619 pei
1371 2551 1492 2594 aliquem
1502 2552 1636 2622 gcestrsim
1645 2577 1654 2592 ,
1669 2554 1747 2594 super
1761 2555 1818 2585 hoc
1832 2555 1953 2593 requisiti
1967 2555 2069 2587 fuerint
2082 2565 2115 2587 ex
2129 2566 2205 2596 parte
2218 2557 2323 2588 nostrai

1361 2599 1379 2619 n
1391 2600 1426 2619 cu
1439 2600 1468 2620 us
1538 2602 1564 2622 c.

1383 2600 1568 2669 Tejste'Rege
1579 2630 1652 2668 apud
1665 2630 1972 2671 westmonasterium,
1989 2631 2163 2664 duodecimo
2176 2633 2222 2664 die
2238 2633 2319 2664 Maii.

2017 2712 2070 2739 Per
2083 2708 2234 2740 Concilium.

1349 2836 1398 2867 De
1415 2831 1556 2876 potestate
1569 2832 1762 2867 contrahendi
1777 2834 1931 2880 Sponfhlia
1948 2837 1984 2872 ᾧ*
2003 2836 2245 2868 Matrimonium
2260 2844 2330 2867 cum

1616 2885 1721 2915 Sorore
1739 2886 1823 2929 Regis
1838 2885 2051 2916 Romanorum.

1310 2962 1426 3023 REX
1441 2966 1601 3005 Omnibus,
1618 2967 1651 2998 ad
1667 2977 1757 3005 qum,
1774 2969 1835 2999 &c.
1854 2967 1988 2999 Salutem.
2130 3002 2133 3003 ⁷
2166 3007 2171 3012 .
2212 3003 2214 3005 ‚
2380 2967 2454 2998 Ann.
2468 2966 2507 3000 D,

1406 3005 1481 3037 Inter
1503 3014 1602 3035 caetera
1616 3029 1625 3043 ,
1652 3015 1717 3044 quae
1736 3005 1907 3046 Regnorum
1930 3007 2106 3044 aliorumque
2125 3006 2337 3045 Principatuutn
2352 3027 2362 3045 ,
2398 3009 2483 3048 1381.

1303 3043 1372 3082 Jure
1394 3044 1563 3075 successorio
1582 3043 1728 3081 Sanguinis
1746 3044 1921 3083 delatorum,
1936 3044 2046 3076 felicius
2066 3044 2176 3075 firmarit
2197 3046 2364 3084 Regimina,
2378 3051 2430 3074 An.
2444 3059 2473 3083 4.

1308 3081 1349 3112 est
1372 3083 1594 3120 Principantium
1613 3082 1771 3121 hujusmodi
1792 3083 1882 3113 Prolis
1903 3084 2100 3122 Foecuriditas,
2118 3094 2152 3114 ex
2172 3083 2364 3127 Matrimonio
2378 3090 2407 3113 R»
2428 3092 2452 3112 2.

1309 3121 1437 3160 legitimo
1452 3122 1594 3160 derivata,
1613 3131 1662 3159 per
1683 3132 1767 3159 quam
1778 3145 1787 3159 ,
1806 3122 1920 3152 exclufis
1934 3122 2041 3152 nedt‘im
2057 3121 2216 3158 Extraneis,
2238 3122 2275 3165 set
2292 3121 2363 3166 C0¹t
2379 3124 2483 3152 Ibidem.

1310 3160 1464 3191 lateralibus
1481 3159 1530 3189 suis
1552 3160 1585 3190 δε
1607 3160 1741 3197 legitimis
1761 3160 1946 3199 Haeredibus,
1962 3160 2188 3191 Succeffionibus
2206 3160 2365 3198 hujusmodi

1309 3199 1413 3229 direrstfi
1429 3197 1516 3228 Linea
1531 3197 1704 3229 deferuntur.

1348 3237 1424 3268 Haec
1445 3238 1538 3274 iraque
1556 3236 1643 3274 dum,
1662 3236 1787 3268 discursis
1807 3236 1896 3269 Annis
1918 3236 2073 3277 Puerilibus
2087 3258 2097 3275 ,
2128 3237 2157 3280 in
2179 3235 2279 3274 quibus
2294 3235 2363 3275 Jura

1311 3276 1405 3315 Regni
1425 3275 1608 3313 suscepimus,
1632 3276 1665 3306 δε
1687 3276 1721 3306 ad
1740 3276 1841 3307 Annos
1863 3275 2018 3307 Pubertatis
2043 3274 2292 3318 pervcnimt:S,-se
2312 3285 2367 3305 no⁴

1311 3315 1375 3345 strae
1388 3313 1612 3345 conliderationis
1628 3316 1750 3345 examini
1766 3315 1961 3353 praesentarunt
1998 3314 2033 3344 de
2046 3313 2171 3344 habenda
2186 3313 2267 3342 nobis
2282 3311 2366 3357 Con⁴

1309 3354 1410 3385 thorali
1432 3352 1590 3390 condigna,
1610 3362 1673 3390 quae
1693 3353 1766 3384 soret
1789 3353 1893 3383 divinae
1914 3354 1947 3383 ὃς
1969 3337 2099 3395 liumanae
2123 3350 2241 3397 Domus
2263 3350 2369 3395 Socia,

1309 3402 1343 3423 ac
1359 3390 1544 3423 Successionis
1557 3389 1714 3428 hujusmodi
1730 3392 1927 3430 propagarit-a,
1946 3400 2075 3428 cepimus
2082 3389 2193 3433 solicite
2205 3398 2336 3428 cogitare.

1348 3430 1400 3468 Et,
1418 3429 1486 3460 dum
1504 3429 1555 3466 ad,
1574 3428 1779 3460 serenissimam
1801 3429 1976 3465 Dominam,
1996 3427 2158 3471 Dominam
2173 3431 2306 3471 Annam,
2326 3427 2363 3458 11-

1309 3468 1462 3499 lustrisiimi
1478 3467 1614 3504 Principis
1627 3467 1660 3498 ὃς
1677 3469 1776 3499 Fratris
1788 3466 1876 3498 nostri
1898 3466 2046 3503 cariffimi,
2065 3465 2191 3509 Domini
2213 3467 2364 3505 chnrelai,

1311 3507 1370 3538 Dei
1385 3506 1485 3547 gratici,
1502 3509 1678 3535 Romanorum
1691 3506 1728 3541 &⁴
1742 3506 1875 3536 Bohemiae
1889 3507 1966 3542 Regis
1980 3509 2097 3548 Sororem
2109 3505 2235 3534 inclitam
2245 3528 2255 3543 ,
2266 3505 2366 3536 oculos

1309 3546 1411 3576 nostrae
1430 3544 1659 3575 considerationis
1678 3544 1846 3581 direximus,
1865 3543 1969 3580 placuit
1989 3542 2105 3580 Nobis,
2123 3543 2231 3586 nedum·
2250 3550 2366 3586 proprer

1310 3585 1393 3623 ipsius
1405 3583 1611 3619 Nobilitatem,
1629 3583 1666 3613 set
1682 3591 1794 3620 propter
1808 3582 1923 3611 Famam
1944 3581 2091 3612 celebrem
2114 3581 2247 3625 bonitatis
2268 3584 2367 3625 ipsius,

1309 3623 1408 3653 nostris
1429 3622 1549 3652 Auribus
1571 3620 1744 3659 instillatam,
1771 3630 1838 3651 cum
1858 3620 1930 3658 ipsa,
1955 3630 2012 3658 prae
2032 3628 2156 3655 caeteris,
2174 3618 2280 3649 ltoedus
2300 3628 2368 3651 inire

1309 3660 1445 3699 Coniugii
1461 3659 1635 3698 Conjugale,
2181 3697 2185 3701 .
2348 3694 2354 3703 Ἴ,

1348 3700 1456 3734 Unde,
1471 3698 1541 3728 cuin
1550 3720 1560 3736 ,
1579 3698 1642 3734 post
1655 3697 1762 3735 aliquos
1778 3696 1942 3734 Traetatus,
1960 3696 2038 3734 super
2050 3696 2109 3727 hoc
2123 3695 2247 3733 habitos,
2267 3692 2370 3728 Nobi-

1310 3739 1378 3769 biles
1392 3740 1426 3769 ὃ(
1440 3736 1560 3766 lllustres
1574 3735 1653 3773 Viri,
1670 3735 1811 3774 Domini,
1828 3734 2003 3774 Przimiflaus
2017 3738 2085 3765 Dux
2100 3734 2241 3773 Toschinen
2253 3738 2367 3773 rs,con-

1308 3777 1390 3807 radus
1415 3780 1507 3814 Creyer
1532 3773 1668 3813 Magister
1687 3774 1802 3811 Curiae,
1820 3775 1854 3804 ὃ(
1871 3776 1967 3803 Petrus
1980 3775 2012 3803 de
2028 3773 2214 3809 lVartemberg
2270 3773 2367 3818 agistci‘

1308 3813 1557 3851 Camerae,¹iplius
1572 3812 1743 3843 Sereniffimi
1758 3813 1858 3842 Fratris
1870 3812 1972 3849 nostri,
1988 3811 2022 3841 ad
2037 3811 2163 3841 nostram
2186 3810 2368 3843 Praesentiam

1310 3853 1471 3884 Londoniae
1486 3851 1672 3888 declinarent,
1686 3850 1722 3881 de
1735 3850 1808 3880 dic‘ta
1823 3850 1968 3881 Parentela
1983 3850 2194 3893 contrahenda,
2209 3859 2241 3880 ac
2255 3849 2369 3894 decer·

1309 3894 1342 3922 tis
1364 3892 1420 3921 aliis
1443 3890 1594 3928 Ligarum,
1614 3889 1830 3927 Amicitiarum,
1846 3890 1890 3919 seu
1915 3888 2213 3919 Confoederationum
2239 3888 2375 3920 Articulis

1307 3931 1397 3961 extitit
1411 3928 1518 3958 ibidem
1532 3930 1636 3958 mutuo
1649 3925 1888 3965 concordatum,

1381 3968 1416 3996 os
1432 3977 1466 3996 ue

1346 3968 1519 4035 §vgien’tes
1532 4005 1645 4042 omnia,
1661 4004 1766 4035 ibidem
1780 4003 1956 4042 Praelocuta,
1974 4001 2136 4043 condicta,
2154 4004 2188 4035 &
2203 4001 2399 4034 concorda-³
2409 4010 2477 4042 vn,

1309 4053 1337 4078 ta
1349 4043 1531 4074 effectualiter
1543 4044 1661 4081 exequi,
1680 4051 1710 4073 ut
1723 4043 1877 4080 debemus,
2061 4082 2065 4086 ι
2223 4081 2226 4085 ι
2252 4080 2256 4085 .
2325 4079 2328 4082 y
2379 4052 2443 4086 304⁴

1348 4082 1393 4114 Ac
1414 4082 1450 4112 de
1473 4082 1625 4121 legalitate,
1644 4080 1793 4119 industria,
1811 4082 1845 4113 ὃ(
1869 4079 2125 4118 εὶῐευωΐρεέὶιοηε
2147 4077 2387 4147 ρῐονιάἓοεῖἰιιιξὲ
