2561 4251
43 366 60 382 ι
71 366 139 393 v11.

45 413 111 439 494-

50 1389 178 1422 AnnD.

76 1430 161 1468 1386.

49 1473 101 1496 Ari.
118 1478 143 1501 9.

48 1512 78 1536 R.
101 1518 126 1534 2.

50 1549 112 1573 Par.
133 1554 159 1578 9.

50 1632 87 1650 m.
108 1632 152 1658 3¹-

55 2421 187 2453 Ann.D.

74 2461 161 2501 1386.

53 2505 106 2529 An.
120 2510 148 2535 9.

52 2544 82 2568 R.
104 2550 129 2567 2.

53 2583 142 2607 franc.
161 2589 188 2615 9.

53 2621 163 2646 R.2.m.

67 3378 81 3395 ³⁸
100 3380 168 3407 VlI.

66 3426 130 3453 495·

68 3581 118 3605 An.
140 3590 166 3613 9.

69 3619 98 3643 R.
121 3627 143 3643 2.

70 3658 110 3680 Ex
128 3656 198 3691 Orig.

69 3692 130 3719 Pel-¹.

195 144 271 182 192

213 261 228 281 e
1219 279 1224 284 ι

191 262 210 282 n
232 276 268 320 Iit
281 290 345 321 auffi
361 289 396 319 de
412 287 528 324 Doner,
548 286 708 323 Ordeiner,
721 285 754 315 &
769 282 952 326 Constituer,
972 290 1024 319 pur
1037 279 1136 324 nostre·
1150 279 1256 317 Parne,

193 328 416 358 Conservatotirs
429 325 476 354 des
491 325 551 354 ditz
562 325 593 354 T
597 326 683 355 rienes
696 334 735 353 ou
753 320 938 364 Abstinences
947 344 956 356 ,
976 327 1056 350 tantz
1070 319 1102 349 ὅτ
1117 327 1191 349 tteux
1205 327 1257 348 co-

193 376 241 396 rne
256 368 349 396 mestit
361 365 444 400 serra,
462 373 519 392 oue
533 364 552 382 *²
568 363 642 400 plein
657 362 741 391 Poair
756 360 791 389 de
813 360 839 388 le
860 359 939 389 Parte
960 358 1115 402 Redrescer
1137 357 1170 387 ὃς
1193 355 1256 386 Re-

192 414 270 442 parer
290 406 442 438 dnement,
461 401 480 430 si
500 403 572 432 riens
593 411 610 439 y
630 401 681 430 soit
702 405 856 434 attemptez
878 396 1039 441 (que'Dieu
1053 395 1184 431 defende)
1208 403 1257 433 par

195 443 290 472 nostre
304 442 394 471 Partie
407 449 545 470 encontre
560 440 598 468 les
612 440 671 468 ditz
684 437 804 468 Trieues
817 446 857 465 ou
874 435 1061 465 Abstinences
1070 457 1079 471 ,

233 481 270 510 Et
286 479 478 515 generalment
492 478 529 508 de
542 478 636 513 Faire,
653 486 704 513 pur
719 474 826 512 Nous,
843 474 876 504 &
890 483 926 504 en
946 473 1040 504 nostre
1062 472 1174 510 Noun,
1191 479 1258 501 tou-

195 528 235 548 tes
256 527 343 548 autres
363 517 473 547 Choses
495 525 551 554 que
571 525 598 544 as
618 515 678 544 ditz
699 513 820 543 Trieues
841 522 882 543 ou
907 512 1094 543 Abstinences
1107 511 1144 554 de
1158 519 1258 549 guerre

194 557 301 587 serront
315 566 353 586 ou
369 562 488 593 purront
503 554 572 584 estre
586 552 762 590 expedientes
781 553 814 581 &
836 551 1023 589 covenables,
1041 550 1180 580 comblen
1201 557 1257 585 qne

193 595 275 625 celles
291 605 326 624 en
341 595 497 632 requierent
514 591 704 622 Mandement
719 590 789 628 pluis
802 590 931 629 especial3
1111 627 1116 632 1

233 632 447 669 Promettantz,
463 641 498 660 en
521 631 599 660 bone
624 630 691 669 foy,
710 630 789 658 avoir
811 628 966 666 Agreable,
981 628 1015 658 ὃς
1040 627 1133 657 Tenir
1153 625 1256 655 Ferme

193 671 227 701 &
244 671 358 701 Estable
370 680 430 700 tout
444 680 479 699 ce
494 678 549 706 que
562 679 609 706 par
623 677 682 698 noz
701 667 761 697 ditz
783 666 943 704 Mellages,
961 666 1029 706 Sys,
1048 665 1153 703 Cynk,
1175 664 1258 702 Qia-

192 718 252 747 tre,
272 719 309 740 ou
329 709 412 738 Deux¹
434 708 470 738 de
490 717 543 737 eux
561 708 630 738 serra
652 706 733 744 Fau,
748 706 869 744 Tretee,
886 705 1037 742 Accorde,
1057 703 1172 743 Promys
1188 725 1198 741 ,
1223 703 1256 733 &

194 748 369 779 Covenance
381 757 417 776 en
431 745 507 776 ceste
523 745 622 776 Partie.
776 753 778 756 ’

228 786 271 816 En
287 785 516 824 Tesmoignance
528 784 564 813 de
579 784 660 821 quele
674 782 772 813 Chose
786 792 814 813 as
826 782 913 814 cestes
927 791 986 814 noz
1001 781 1111 813 Lettrcs
1125 779 1257 812 Patentes

192 835 280 857 avons
293 825 341 855 fait
355 833 456 854 mettre
471 822 568 853 nostre
582 822 682 853 Grand
698 822 769 852 Seal.

230 901 312 933 Don.
328 911 344 932 a
359 900 454 932 nostre
466 899 563 940 Paleys
576 898 613 931 de
629 899 737 939 Wstm.
756 897 816 934 &c.
835 905 866 928 ut
877 899 967 938 supra.

668 979 723 1007 Per
738 975 820 1017 ipsum
834 978 928 1013 Regem
943 973 980 1010 ό
996 972 1150 1004 Concilium.

252 1056 278 1086 E
296 1055 371 1087 Ror
391 1066 407 1086 a
419 1062 489 1086 touz
505 1064 595 1092 ceux,
613 1051 674 1089 ὠς.
693 1052 817 1092 utsupra
829 1051 909 1093 astque
923 1051 977 1087 ibi,
990 1059 1066 1081 entre
1081 1050 1257 1086 Nous‚noz

271 1095 435 1131 Roialmes,
462 1094 607 1130 Subgiez,
632 1091 670 1127 όν
691 1100 756 1122 tunc
772 1091 829 1132 fic,
852 1092 937 1122 d'une
959 1090 1039 1128 Part,
1057 1091 1091 1121 &
1110 1086 1196 1128 nostre
1215 1088 1257 1118 dit

199 1133 371 1202 Affersaire
381 1134 422 1190 ‘ses
434 1132 542 1200 {ubgiz
552 1132 658 1162 d'autre
671 1130 738 1161 Part
750 1154 760 1169 ,
776 1132 810 1162 ὃς
820 1130 913 1169 jusqes
923 1139 939 1160 a
952 1129 997 1160 tiel
1013 1137 1114 1166 temps.

269 1182 316 1202 on.
335 1182 365 1202 ut
380 1182 441 1208 ,αρτ
459 1194 464 1199 .

321 1300 377 1330 Pro
396 1298 489 1328 Leone
506 1299 581 1343 Rege
601 1299 743 1329 Ermem'ae
762 1295 798 1328 de
814 1298 985 1328 Annuitate
1003 1295 1138 1340 concessa.

202 1382 319 1439 REX
334 1382 496 1419 Omnibus,
511 1381 544 1412 ad
561 1391 649 1420 quos,
664 1382 725 1413 &e
743 1380 877 1412 Salutem.

204 1491 207 1493 .
234 1460 286 1490 Ob
298 1420 507 1490 δέξνξτὲἒῐῗῌῆ
530 1458 606 1495 Dei,
625 1459 657 1489 &
676 1458 799 1488 sublimis
820 1456 917 1496 statim,
938 1456 1053 1487 Illustris
1067 1457 1205 1496 Principis
1227 1458 1261 1489 &

198 1498 408 1538 Coiiffingtiinei
431 1497 519 1527 nostri
542 1497 690 1535 cariffimi,
706 1499 805 1526 Leonis
826 1499 903 1533 Regis
921 1497 1077 1535 Ermeniae,
1095 1498 1142 1535 qui
1159 1497 1263 1535 Regali
1285 1509 1288 1516 ¹

202 1538 369 1568 Diademate
383 1536 531 1566 decoratur

161 1592 186 1608 τ.
239 1576 452 1606 Coiilideraiites
470 1559 549 1612 quoti
568 1573 644 1604 idem
669 1571 904 1609 consanguineus
921 1572 1032 1611 noster,
1052 1583 1086 1604 ex
1099 1573 1265 1604 Tolerantia

201 1615 313 1645 Summi
338 1615 441 1652 Regis,
459 1614 475 1642 Ξι
495 1612 599 1652 Regno
618 1611 686 1650 suo,
705 1622 754 1650 per
769 1611 827 1641 Dei
842 1611 977 1643 Inimicos
990 1622 1072 1650 atque
1086 1612 1165 1650 suos,
1182 1614 1265 1643 mira-

200 1654 290 1684 biliter
307 1652 348 1683 est
363 1652 514 1690 Expulsus,
682 1665 688 1670 ·

239 1691 428 1728 Volentesque
450 1691 498 1720 sibi
517 1691 545 1719 in
568 1689 682 1728 aliquo,
700 1698 734 1719 ex
754 1689 806 1719 hac
830 1688 929 1726 causa,
947 1697 1032 1727 prout
1053 1688 1143 1720 Statui
1165 1689 1265 1721 nostro

201 1731 355 1768 competit,
374 1729 538 1765 subvenire,

237 1768 266 1799 C
275 1782 293 1798 υ
304 1777 325 1798 N
335 1778 351 1798 c
362 1778 378 1798 E
388 1777 399 1797 s
411 1778 422 1797 s
433 1776 443 1796 1
452 1775 479 1797 M
488 1776 508 1796 U
520 1776 532 1796 s
553 1766 646 1796 eidem
670 1765 889 1805 Consanguineo
911 1765 1012 1797 nostro
1033 1766 1070 1796 M
1080 1776 1089 1796 1
1099 1775 1120 1797 L
1130 1776 1151 1797 L
1161 1777 1179 1798 E
1203 1768 1228 1798 L
1238 1778 1265 1798 1-

202 1817 302 1838 BRAS
326 1806 457 1836 Monetae
477 1804 581 1835 nostrae
606 1805 732 1842 Anglie,
750 1804 946 1841 percipiendas
968 1805 1079 1844 lingulis
1103 1807 1192 1836 Annis
1230 1808 1263 1837 ad

202 1846 362 1883 Recepram
379 1844 516 1874 Scaccarii
533 1842 634 1879 nostri,
652 1844 689 1873 de
701 1843 848 1873 Thesauro
864 1843 982 1880 nostro,
1000 1844 1034 1874 ad
1050 1843 1129 1874 Festa
1152 1831 1265 1876 Paschae

203 1885 235 1916 ἃ
251 1885 345 1913 Sancti
362 1882 528 1919 Michaelis,
548 1892 597 1920 per
611 1881 747 1919 AEquales
759 1880 924 1921 Portiones,
943 1883 1105 1921 quousque,
1123 1893 1191 1914 cum
1206 1884 1264 1916 Dei

199 1923 352 1961 adjutorio,
370 1921 552 1959 Recuperare
567 1921 668 1958 poterit
685 1920 822 1959 Regnum
838 1920 917 1951 suum
933 1921 962 1951 su
984 1921 1138 1962 radic'tum3

242 1961 271 1992 Si
293 1962 352 1999 quis
370 1963 440 1990 vero
459 1964 559 1990 contra
576 1959 650 1989 hanc
669 1958 896 1990 Conceffionem
916 1964 967 1990 nol
983 1970 1042 1990 ram
1058 1961 1197 2000 quicquid
1222 1963 1265 1994 fe-

203 2001 274 2030 cerit
292 1999 338 2030 vel
356 1999 577 2038 attemptaverit,
593 2006 639 2028 aut
657 1997 760 2028 eisdem
779 2000 999 2037 contravenerit,
1026 1998 1266 2034 Maledifflonem

201 2038 259 2069 Dei
267 2039 328 2106 ,I&
347 2036 611 2107 Sanetichdwardi,
627 2045 711 2074 atque
729 2035 873 2067 Nostram
892 2037 920 2068 se
935 2039 1047 2069 noverit
1058 2039 1243 2072 incursurum.

293 2087 311 2105 n
325 2085 404 2110 cuius
473 2086 500 2106 c.

216 2114 326 2161 „Teste
340 2100 423 2154 Rege
438 2114 510 2153 apud
525 2113 648 2154 Castrum
659 2116 737 2153 Regis
750 2115 782 2145 de
797 2114 958 2156 Windesor,
977 2118 1060 2148 tertio
1075 2116 1120 2149 die
1143 2117 1265 2152 Februa-

199 2165 241 2185 ru.

891 2196 946 2224 Per
960 2193 1041 2233 ipsum
1053 2197 1157 2234 Regem.

243 2337 293 2370 De
312 2333 452 2379 Potestas.-
470 2334 637 2369 Traflandi
654 2338 685 2367 in
703 2334 844 2368 Partibus
862 2334 898 2369 de
917 2338 1015 2384 Civres
1028 2340 1065 2377 6*
1087 2337 1213 2373 Rhodes.

205 2420 322 2476 REX
335 2421 499 2459 Omnibus,
517 2421 552 2451 ad
567 2432 656 2460 quos,
673 2422 734 2453 &c.
753 2420 888 2459 Salutem.

301 2459 400 2491 Sciatis
413 2460 493 2498 quod
509 2460 576 2490 Nos
586 2483 596 2499 ,

236 2496 285 2528 De
303 2498 454 2537 fidelitate,
479 2498 749 2537 circunispefflone,
778 2499 812 2530 &
835 2498 986 2536 industria,
1008 2499 1105 2532 dilesti
1128 2502 1211 2532 nobis
1234 2503 1263 2532 in

202 2534 337 2574 Christo,
355 2536 496 2574 Johannis
507 2537 538 2565 de
555 2538 729 2575 Radrngton,
745 2536 850 2568 Prioris
862 2538 1015 2576 Hospitalis
1037 2539 1134 2571 saneti
1153 2540 1265 2580 Johan—

202 2575 244 2604 nis
257 2574 409 2612 Jerullilem
424 2576 452 2604 in
466 2575 583 2614 Anglia‚
599 2577 701 2612 intime
716 2575 907 2615 confidentes,

239 2612 463 2651 Affignavimus,
482 2613 631 2651 Fecimus,
649 2614 683 2643 &
696 2613 905 2645 Constituimus
921 2615 1010 2652 ipsum
1027 2615 1158 2648 Priorem
1174 2616 1264 2648 Nun-

202 2651 281 2681 cium
301 2653 334 2681 &
356 2651 583 2680 Ambaslatorem
598 2651 727 2682 nostrum
741 2652 886 2688 specialem
896 2677 905 2691 ,
921 2653 955 2683 ad
971 2664 1046 2700 cerya
1061 2655 1188 2694 Negotia
1210 2666 1264 2687 no-

204 2689 276 2727 stra,
295 2689 369 2719 unde
390 2689 477 2726 ipsum
501 2691 696 2725 oneravimus,
715 2692 747 2720 &
768 2700 831 2727 quae
851 2692 901 2721 sibi
921 2693 1096 2729 exposuimus
1117 2703 1264 2733 oretenuS‚

203 2729 232 2758 in
254 2729 376 2766 partibus
397 2728 433 2758 de
458 2726 558 2763 Cipres
580 2728 613 2757 &
638 2728 737 2757 Rodcs
759 2729 792 2758 ὃς
806 2729 862 2758 aliis
878 2731 1027 2769 Regnis&
1041 2731 1211 2764 Civitatibus
1233 2735 1263 2764 in

203 2768 327 2806 partibus
339 2766 558 2803 Transmarinis,
572 2765 811 2808 *prosequendum
826 2769 860 2798 &
877 2768 1108 2807 Expediendum,

242 2804 350 2835 Dantes
371 2804 463 2834 cidem
487 2803 576 2833 Priori
600 2805 725 2842 plenam,
741 2804 862 2835 Tenore
885 2806 1082 2845 Pmesentium,
1101 2809 1265 2840 Auctorita-

206 2853 264 2874 tem
284 2844 316 2874 δε
335 2842 506 2873 potestatem
525 2843 559 2873 ad
578 2843 794 2880 Traftandum,
813 2846 931 2875 nomine
949 2844 1065 2884 nostro,
1089 2857 1158 2877 cum
1178 2848 1267 2887 Regi-

202 2882 273 2917 bus,
298 2882 330 2911 &
352 2881 501 2921 Dominis,
524 2891 558 2911 ac
577 2881 790 2912 Praeiideiitibus
807 2881 931 2914 Partium
953 2884 1170 2923 praedic‘tarum,
1187 2882 1266 2925 super

204 2919 340 2958 Negotiis
360 2919 516 2957 praedietis,
540 2921 574 2951 &
596 2920 677 2957 inde,
698 2920 775 2957 juxta
797 2921 972 2952 voluntatem
994 2922 1120 2953 nostram
1140 2924 1207 2963 sibi,
1234 2934 1265 2956 ut

207 2958 405 2997 praemittitur,
423 2959 598 2996 intimatam,
617 2957 820 2988 Paciscendum
836 2960 870 2991 &
886 2960 1150 3000 Cmrcordandum,

244 2995 445 3026 Promittentes
466 2995 534 3025 Nos
555 2997 691 3026 veraciter
715 2996 822 3027 Ratum
843 2999 876 3028 &
889 2998 1014 3029 Gratum
1029 2999 1172 3031 habituros
1185 3003 1267 3040 quic—

208 3033 275 3071 quid
291 3034 358 3063 idem
376 3036 454 3063 Prior
467 3035 496 3063 in
510 3034 718 3072 Praemiffis,ad
731 3034 932 3068 Commodum
944 3038 977 3069 ὃς
990 3037 1147 3070 Honorem
1162 3040 1268 3079 nostra,

208 3072 316 3102 duxerit
329 3072 498 3102 faciendum.

245 3109 280 3141 In
294 3111 388 3148 cujus,
404 3111 464 3141 &c

248 3148 339 3179 Teste
352 3148 435 3188 Rege
447 3149 520 3187 apud
534 3149 807 3190 westmonasterium,
827 3151 941 3191 Qinto
955 3152 1000 3184 die
1014 3154 1163 3186 Februarii.

619 3229 672 3256 Per
686 3230 812 3257 Literam
828 3229 903 3268 ipfius
917 3233 993 3268 Regis
1008 3231 1040 3260 de
1052 3235 1164 3270 Signeto.

261 3360 288 3387 *τ
313 3366 406 3407 Super
424 3364 458 3396 V
458 3366 535 3410 iagio
556 3363 674 3410 lspaniae
686 3391 696 3406 ‚
720 3367 756 3402 ρξ’·
766 3363 811 3446 je
827 3365 1048 3400 Con-ditionibus
1064 3366 1224 3402 Concordia

665 3424 764 3459 Caplen
787 3426 822 3449 15.

69 3500 186 3532 Annff)
218 3494 386 3557 GEs-re
406 3496 693 3535 Ennaton-une,

93 3542 175 3578 1386.
313 3534 336 3563 F

248 3574 251 3577 -
338 3544 398 3564 Αῐτ
416 3545 542 3573 pare-ntre
560 3536 656 3566 nostre
671 3536 860 3569 Tresredoute
877 3539 910 3569 ὃς
928 3540 1101 3579 Soveraigne
1124 3540 1271 3579 Seigneur,

217 3572 339 3615 Rschard
350 3595 359 3610 ,
381 3583 428 3609 par
453 3574 477 3603 la
497 3573 594 3604 Gracc
612 3575 647 3605 de
664 3574 740 3605 Dieu
753 3601 762 3613 ,
788 3580 842 3617 Roy
862 3578 1050 3615 d'Engleter-re
1067 3579 1106 3615 <ly
1121 3581 1154 3610 de
1169 3582 1271 3608 France

218 3608 250 3637 &
267 3610 404 3647 Seigneur
420 3611 557 3649 d'Irland,
575 3614 659 3643 d'une
679 3613 760 3649 Part,
778 3616 828 3652 &,
848 3616 865 3645 li
886 3618 1003 3652 puililtnt
1022 3618 1139 3657 Prince,
1155 3617 1272 3656 Johan,

217 3656 263 3682 par
283 3649 388 3679 mesine
406 3651 429 3679 la
448 3650 560 3688 Grae,
579 3655 633 3688 Ro)y
648 3653 679 3680 de
695 3651 802 3692 Castille
815 3653 851 3688 ὠ
864 3655 896 3684 de
909 3658 985 3686 Leon
999 3657 1031 3687 &
1046 3656 1116 3687 Duc
1137 3655 1172 3686 de
1195 3655 1272 3686 Lan-

216 3684 319 3730 castre,
339 3688 387 3717 son
405 3688 518 3726 Uncle,
538 3690 641 3719 d'autre
660 3690 741 3729 Part,
1052 3705 1055 3707 ·
1214 3689 1230 3699 κ

254 3723 274 3751 Ἰ
294 3734 512 3756 izmiolchE
534 3737 604 3765 que,

253 3759 348 3791 Come
368 3765 392 3793 le
409 3765 449 3795 dit
466 3765 559 3802 Johan
580 3766 657 3796 soieit
673 3767 797 3806 disposez
815 3768 911 3808 d'aler,
930 3771 1053 3809 ovesque
1069 3771 1173 3802 certein
1190 3769 1273 3801 Poair

217 3796 253 3826 de
272 3798 368 3829 Gcntz
387 3803 515 3833 d'Armes
531 3804 564 3833 &
583 3804 732 3834 d'Archcrs
744 3829 753 3843 ,
780 3816 841 3836 vers
860 3808 898 3837 les
919 3807 1085 3840 Rovaumes
1101 3809 1137 3840 de
1155 3808 1272 3840 Castille

219 3835 252 3865 &
268 3836 301 3864 de
323 3837 419 3876 Leon,
439 3851 489 3877 pur
508 3842 545 3870 les
562 3841 740 3879 Conquester
757 3853 813 3874 ove
832 3845 893 3875 l’eid
914 3847 949 3877 de
970 3844 1065 3886 Dieu,

253 3872 300 3916 'Le
320 3874 386 3915 Roy
401 3878 493 3914 johan
513 3880 544 3909 ad
565 3880 729 3919 Gramma,
748 3891 802 3919 que
821 3893 856 3912 en
874 3883 929 3914 Cas
949 3896 1003 3922 que
1015 3896 1126 3916 aucune
1139 3885 1274 3916 Accorde

218 3909 269 3940 soit
285 3910 378 3955 ‚Par-ies
393 3925 408 3943 a
427 3917 496 3947 estre
518 3918 565 3948 fait
578 3928 655 3949 entre
668 3919 701 3949 Li
720 3921 756 3950 ὃς
771 3921 821 3950 son
836 3923 1010 3962 Adverfhzre
1022 3924 1198 3963 d'Espaigne‚
1217 3934 1274 3962 que

219 3948 246 3978 le
263 3949 303 3979 dit
319 3949 388 3993 'Roy
403 3953 496 3995 johan
515 3966 549 3986 ne
567 3955 691 3987 Prendra
707 3968 742 3988 ne
762 3958 912 3990 Affirmera
927 3963 1002 3991 nulle
1014 3963 1136 3993 accorde
1149 3962 1273 4000 ovesque

220 3986 271 4016 son
295 3987 335 4018 dit
355 3989 539 4036 Adverlaire,
568 3994 666 4033 lessant
685 4006 718 4026 au
736 3996 776 4027 dit
794 3997 956 4029 Adveruire
974 4002 997 4030 la
1016 4001 1134 4031 Corone
1150 3999 1273 4038 d'Espai-

216 4033 274 4064 gne
291 4035 326 4056 ne
344 4037 450 4059 aucune
469 4030 611 4063 Romume
628 4034 755 4074 d’icelle,
780 4035 800 4065 fi
818 4037 924 4067 mesine
938 4038 1119 4071 l'Adversaire
1135 4048 1173 4069 ne
1188 4048 1274 4078 gran-

1269 234 1332 269 *tre
1349 239 1390 269 dit
1409 240 1545 271 Seioneur
1563 242 1589 271 le
1606 241 1676 284 pr
1696 242 1732 271 de
1749 241 1786 271 les
1804 241 1892 272 Deux

644 108 1456 168 CONVENTIONES,
1515 117 1906 170 LITERAE,

44 213 174 282 Ann8.6D.
190 223 276 243 corne
297 214 316 244 fi
337 213 424 247 Nous
444 212 481 242 les
503 209 620 240 euffiens
641 209 738 240 donez
758 209 792 239 &
812 207 860 238 fait
875 217 910 237 en
924 205 1019 236 nostre
1033 212 1137 242 propre
1156 202 1257 233 Patso-

65 262 98 292 13
145 274 152 280 .

42 292 95 320 Ric.
116 301 142 318 2.

1294 210 1322 231 te
1340 201 1546 238 expreffement
1565 213 1614 240 par
1631 202 1670 233 ses
1690 203 1819 240 Lettres,
1836 205 1870 235 &

1885 200 2070 272 scgeoblidge
2081 205 2118 237 de
2128 205 2248 246 satisfyer
2261 213 2277 235 a
2289 214 2356 235 nos-
2372 203 2447 234 Ann.
2463 202 2506 237 D.
2540 194 2543 197 Ι
2559 236 2561 240 Α

1579 279 1585 283 ἱ
1952 252 2001 273 nrt.
2013 243 2110 275 Milles
2123 245 2256 276 Doubles
2269 242 2356 283 d'Or,
2394 243 2479 283 1386.

1452 265 1513 310 seiz
1534 280 1641 310 ostertz
1658 289 1694 310 en
1712 279 1810 310 Noun
1825 279 1863 309 du
1879 279 1921 311 dit
1936 280 2115 322 Adversaire,
2133 294 2151 314 a
2164 294 2198 314 ce
2211 293 2267 321 que
2281 292 2356 313 mes-
2373 284 2426 311 Ric.
2443 293 2471 312 2.

1291 325 1338 345 me
1357 316 1452 347 nostre
1469 317 1604 357 Seigneur
1621 317 1647 347 16
1664 317 1730 356 Roy
1748 317 1788 348 est
1807 318 1961 358 certifyez,
1979 328 2020 349 ou
2037 320 2073 354 de
2091 331 2263 360 queconque
2277 331 2356 352 autre

1290 353 1430 394 Somme,
1447 356 1551 387 offerte
1568 367 1583 387 a
1604 355 1710 386 mesme
1729 355 1823 386 nostre
1842 356 1978 396 Seigneur
1995 356 2022 387 le
2039 357 2108 398 Roy
2125 360 2161 391 de
2181 371 2210 391 ar
2223 360 2355 391 l'Adver-

1288 392 1355 423 saire
1372 395 1513 432 avantdit,
1532 405 1585 433 pur
1604 395 1641 425 les
1660 394 1806 438 Damages·
1820 393 1887 425 faitz
1899 406 1933 426 au
1947 395 2099 434 Royaume
2114 371 2306 438 d’Eliagieterre
2321 399 2356 431 &

1289 440 1304 460 a
1322 431 1346 461 la
1364 431 1461 464 Navie
1479 433 1588 464 d’icelle
1607 444 1654 471 par
1673 434 1711 463 les
1729 433 1906 471 Elpaignols:

1327 469 1365 500 Et
1383 480 1438 508 que
1457 471 1598 502 Alliances
1617 472 1798 510 perpetuelles
1815 471 1904 503 lbient
1921 480 2000 503 entre
2015 472 2042 503 le
2058 472 2100 504 dit
2118 473 2300 516 Adverffiire,
2315 476 2356 507 ses

1289 505 1406 547 Herses,
1430 511 1463 541 ὃς
1482 509 1681 548 Successours,
1705 511 1884 550 Royaumes,
1912 511 2018 542 Terres
2031 534 2041 549 ,
2066 513 2100 542 &
2118 512 2298 555 Seignuries‚
2318 517 2353 547 &

1288 545 1386 576 nostre
1401 547 1443 578 dit
1460 548 1595 587 Seigneur
1613 549 1638 578 le
1657 549 1742 588 Roy,
1767 549 1805 579 ses
1824 549 1944 587 Heires,
1961 551 1996 581 &
2014 550 2214 590 Succeffours,
2237 552 2355 594 Royau—

1290 594 1366 623 me5,
1386 585 1508 624 Terres,
1528 589 1560 617 &
1581 587 1757 626 Seignuries,
1774 587 1868 618 selonc
1883 588 1908 618 la
1925 589 2021 619 forme
2039 589 2088 619 des
2107 590 2246 620 Alliances
2260 601 2276 621 a
2287 603 2355 636 pre-

1288 622 1346 691 sent
1370 623 1446 654 faites
1473 634 1552 656 entre
1578 625 1672 656 nostre
1693 625 1734 657 dit
1756 625 1891 665 Seigneur
1911 626 1937 657 le
1960 626 2029 667 Roy
2053 629 2091 659 ὃς,
2113 628 2140 658 16
2158 628 2199 659 dit
2217 628 2286 671 Roy
2300 630 2355 671 Jo·

1310 672 1360 692 an:
1907 688 1910 690 .

1329 701 1366 731 Et
1383 701 1466 739 aussi,
1485 712 1521 732 en
1540 702 1595 733 Cas
1610 702 1648 732 du
1665 702 1707 733 dit
1725 701 1862 741 Accord',
1881 702 1950 733 serra
1965 704 1993 734 16
2009 703 2052 734 dit
2070 705 2140 743 Roy
2152 706 2247 745 Johan
2266 713 2354 738 tenuz

1287 741 1324 772 de
1342 739 1465 778 Repaier
1487 752 1503 772 a
1522 741 1620 771 nostre
1639 741 1680 772 dit
1697 741 1834 780 Seigneur
1851 742 1878 771 le
1896 741 1965 781 Roy
1979 765 1990 779 ,
2015 751 2055 773 ou
2075 753 2092 773 a
2108 744 2149 774 ses
2166 745 2268 776 Heires
2318 745 2357 778 lec

1290 780 1374 823 Vynt¹
1388 778 1484 809 Milies
1504 779 1623 818 Marcz,
1641 790 1656 810 a
1675 780 1692 810 li
1711 779 1910 820 aprestez,par
1927 780 2022 810 nostre
2036 780 2077 811 dit
2091 781 2227 820 Seigneur
2241 784 2267 815 le
2274 768 2356 824 stoy,

1289 829 1325 849 en
1351 818 1395 849 eid
1421 818 1457 848 de
1476 817 1500 848 sa
1518 817 1669 857 Conquest
1687 819 1809 849 avantdit
1822 841 1832 855 ,
1860 828 1894 848 au
1914 818 2033 856 plustost
2053 819 2101 857 q‘il
2117 820 2145 850 le
2164 830 2247 858 purra
2265 824 2356 854 bone-

1290 866 1369 888 ment
1395 856 1462 887 faire
1476 880 1486 895 ,
1520 859 1553 889 &
1579 868 1613 887 au
1636 858 1726 889 meins
1749 858 1836 888 Trois
1858 857 1920 888 Ans
1937 858 2089 895 procheins
2105 867 2184 896 apres
2200 869 2236 890 ce
2253 871 2309 900 que
2329 863 2356 893 le

1289 897 1330 927 dit
1350 894 1467 926 Accord
1485 895 1536 926 soit
1555 895 1611 926 fait.

1324 934 1373 965 EN
1392 934 1666 964 TsssMotGNANcE
1687 934 1723 965 de
1748 934 1829 973 quele
1848 935 1934 967 chose
1951 945 1966 966 a
1985 935 2010 965 la
2027 937 2115 975 patrie
2134 935 2170 966 de
2191 936 2269 968 ceste
2286 938 2354 969 EN—

1289 981 1477 1010 DENTURE,
1505 973 1654 1003 demorant
1672 973 1772 1004 devers
1789 973 1884 1005 nostre
1901 974 1943 1005 dit
1961 974 2096 1014 Seigneur
2113 975 2140 1005 le
2158 975 2246 1016 Roy,
2270 977 2298 1008 16
2314 977 2356 1010 dit

1290 1011 1359 1052 Roy
1373 1011 1470 1050 Johan
1487 1011 1521 1041 ad
1540 1011 1587 1042 fait
1605 1019 1707 1043 mettre
1725 1012 1776 1043 son
1792 1011 1880 1045 Prive
1897 1012 1968 1044 Seal.

1288 287 1304 307 a
1321 277 1340 307 li
1358 287 1435 308 autre

1326 1088 1409 1119 Don.
1434 1099 1452 1119 a
1473 1088 1638 1129 Wstmonsi.
1665 1089 1692 1120 le
1709 1090 1757 1120 vii.
1772 1090 1838 1128 jour
1850 1090 1887 1120 de
1900 1090 2037 1130 Feverer,
2051 1090 2118 1122 l’An
2141 1091 2180 1123 du
2198 1092 2299 1133 Regne
2318 1093 2356 1125 de

1289 1127 1386 1159 nostre
1399 1127 1441 1158 dit
1455 1127 1590 1167 Seigneur
1604 1130 1630 1159 le
1646 1127 1716 1168 Roy
1728 1128 1856 1159 Richard
1869 1128 2032 1160 Noefisme.

1327 1208 1368 1235 Le
1390 1209 1474 1234 xxvi.
1487 1207 1552 1242 >jour
1571 1205 1602 1234 de
1626 1208 1713 1245 May,
1725 1204 1816 1244 l’An,
1834 1203 1894 1241 &c.
1914 1209 1972 1236 xiii.
1992 1206 2017 1237 le
2036 1210 2110 1247 Reus,
2127 1218 2147 1236 a
2163 1208 2356 1250 Wstmonfler,

1291 1243 1416 1284 esteantz
1429 1244 1551 1283 illoeques
1559 1268 1567 1281 .,

1329 1283 1372 1313 Le
1387 1281 1457 1312 Duc
1471 1283 1507 1312 de
1524 1282 1647 1322 Guyene
1659 1281 1697 1318 &⁶
1712 1283 1744 1313 de
1756 1282 1924 1322 Lancastre,

1330 1321 1373 1351 Le
1390 1321 1460 1351 Duc
1475 1320 1664 1361 d’Everwyk,

1330 1359 1375 1389 Le
1392 1358 1461 1390 Duc
1476 1359 1513 1390 de
1528 1359 1718 1398 Gloucestre,

1332 1397 1499 1435 L’Evesque
1511 1398 1546 1429 de
1560 1398 1732 1438 VVyncestre
1745 1397 1915 1438 chancellor,

1330 1436 1495 1475 L'Evesque
1507 1437 1544 1467 de
1556 1436 1635 1468 Seint
1650 1436 1746 1467 David
1759 1437 1898 1476 Treforer,

1329 1474 1466 1515 Monfieur
1476 1475 1570 1513 Johan
1588 1475 1738 1506 Devereux
1751 1476 1908 1515 Senelchal,

1336 1512 1471 1560 Monfieur
1484 1514 1615 1544 Thomas
1630 1513 1722 1554 Percy
1734 1514 2018 1554 Southchamberlain,

1335 1551 1379 1581 Le
1392 1553 1451 1582 bite
1464 1552 1499 1583 de
1518 1552 1636 1591 Lovell,

1334 1590 1472 1630 Monsieur
1491 1590 1618 1621 Richard
1632 1591 1658 1621 le
1671 1591 1779 1629 Scrop‚

1336 1631 1377 1657 Et
1400 1628 1536 1668 Monfieur
1558 1628 1685 1660 Richard
1708 1629 1857 1668 Aderbury
1879 1628 1991 1670 debrusb
2012 1630 2036 1660 Ie
2053 1630 2113 1661 Seel
2123 1633 2247 1671 pendant
2261 1645 2280 1663 a
2295 1633 2358 1674 ceste

1298 1666 1323 1696 E
1334 1676 1356 1708 n
1366 1676 1388 1697 D
1397 1677 1415 1698 E
1425 1676 1447 1697 N
1456 1676 1479 1697 τ
1487 1675 1510 1697 υ
1522 1676 1543 1697 R
1555 1676 1572 1697 ε
1582 1691 1591 1704 ,
1609 1667 1736 1697 veullant
1749 1678 1800 1712 que
1810 1667 1835 1698 le
1849 1669 1892 1700 dit
1905 1673 1966 1699 Duc
1980 1669 2012 1699 de
2026 1672 2134 1708 Guyene
2139 1671 2196 1710 fin't
2208 1679 2359 1703 outrement

1297 1705 1456 1745 deschargez
1471 1707 1504 1736 de
1515 1705 1693 1744 l’Obligation
1699 1704 1812 1745 fitisdite
1820 1731 1830 1744 ,
1839 1715 1897 1745 par
1911 1706 1988 1747 cause
1997 1718 2049 1747 que
2061 1709 2085 1738 le
2097 1711 2153 1748 Ray
2171 1710 2242 1740 dona
2263 1715 2361 1748 Congie

1297 1755 1332 1774 au
1356 1745 1396 1773 dit
1419 1748 1496 1782 Duc,
1511 1752 1565 1784 par
1589 1748 1702 1774 Lettres
1721 1746 1753 1775 de
1772 1747 1858 1775 Prive
1880 1745 1940 1776 Seel
1946 1769 1955 1784 ,
1968 1754 2022 1785 pur
2045 1750 2140 1776 Treter
2159 1747 2197 1783 ᾤ’
2220 1751 2360 1780 Accorder

1297 1794 1361 1852 obsec
1375 1782 1570 1853 l'AdaeglerJaZre
1581 1782 1761 1823 d’Espaigne,
1772 1783 1867 1825 ficome
1879 1783 1904 1814 le
1917 1787 1974 1824 Roy
1987 1782 2072 1825 nostre
2094 1789 2220 1825 Seigneur
2240 1789 2361 1819 Recorda

1296 1834 1305 1851 t
1327 1833 1400 1863 oeqes
1483 1832 1528 1852 ouc
1549 1845 1555 1853 .

2007 1902 2035 1942 J.
2052 1901 2205 1942 Prophete.

1573 2029 1620 2062 De
1637 2026 1827 2062 Liberatione
1845 2029 1962 2078 Magni
1980 2022 2095 2078 Sigilli.x

1298 2114 1661 2176 MEMORANDJJM
1696 2113 1892 2160 uodDominus
1906 2118 1967 2147 Rex
1983 2115 2100 2156 nuper,>
2142 2157 2148 2163 ι
2318 2157 2324 2164 .

1415 2154 1507 2184 Volens
1521 2157 1668 2185 Dominum
1722 2153 1859 2185 ichaelem
1876 2154 1912 2185 de
1927 2155 1951 2186 la
1966 2154 2055 2194 Pole,
2073 2157 2202 2185 Comitem
2215 2153 2357 2195 Suffblctae.

2377 2118 2454 2152 'Ann-
2469 2119 2519 2159 Dg,

1530 2192 1534 2196 .
1708 2195 1711 2198 ,
1813 2196 1828 2201 ..
1954 2197 1959 2201 .
2019 2197 2034 2201 ..
2400 2159 2484 2200 1386-

1297 2193 1492 2223 Cancellarium
1506 2192 1604 2232 suum,
1623 2192 1678 2222 unax
1702 2203 1759 2222 cum
1779 2192 1840 2222 alus
1860 2192 2047 2232 Commrffitrns
2061 2192 2137 2233 suis,
2160 2192 2253 2233 versus
2266 2201 2362 2233 partes
2378 2203 2431 2227 An.
2444 2208 2474 2234 9.
2523 2207 2528 2212 ·

1295 2231 1521 2271 Transmarinas,
1532 2231 1614 2271 Jiaeper
1635 2229 1793 2271 quibusdam
1811 2232 1903 2262 arduis
1924 2235 2068 2270 Negotiis,
2095 2233 2196 2263 dicium
2214 2235 2362 2263 Dominum
2377 2242 2408 2267 R.
2426 2247 2453 2265 2.

1296 2273 1394 2308 Regem
1415 2270 1608 2309 tangentibus,
1633 2269 1690 2300 und
1712 2280 1769 2300 cum
1788 2269 1976 2310 Commiffariis
1996 2271 2156 2303 Adversarii
2175 2271 2214 2302 sui
2234 2270 2362 2304 Franciae
2377 2275 2465 2312 Claus.
2480 2279 2511 2311 9]

1296 2311 1475 2339 Tractatum
1491 2308 1640 2349 destinare,
2122 2337 2142 2357 5
2377 2319 2406 2343 R.
2431 2325 2457 2342 2.
2473 2323 2512 2351 m:

1333 2348 1491 2378 Mandavit
1512 2359 1579 2378 nono
1599 2348 1640 2377 die
1663 2347 1820 2388 Februarii,
1839 2351 1927 2379 Anno
1944 2347 2090 2389 presenti,
2102 2355 2153 2388 per
2168 2351 2268 2380 *Breve
2277 2347 2360 2389 ficum
2378 2362 2424 2383 12.
2436 2353 2463 2383 d.

1296 2387 1327 2416 de
1342 2389 1480 2426 Privato,
1498 2388 1581 2417 eidem
1596 2386 1761 2416 Cancellario
1767 2385 1818 2425 suo
1829 2387 1904 2427 quod
1914 2391 2048 2426 Magnum
2061 2387 2184 2426 Sigillum
2205 2387 2282 2427 ipfius
2296 2391 2362 2418 -Do-

1299 2429 1366 2455 mini
1387 2429 1464 2463 Regis
1480 2449 1490 2464 ,
1514 2429 1543 2456 in
1566 2424 1690 2465 Custodia
1705 2424 1820 2464 praefati
1839 2425 2002 2456 cancellarii
2024 2426 2138 2467 existens
2177 2425 2304 2466 Johanni
2325 2426 2363 2457 de

1296 2464 1445 2494 Waltham
1469 2464 1673 2494 Archidiacono
1691 2464 1903 2507 Richemondiae,
1919 2463 2069 2497 Richardo
2091 2465 2127 2496 de
2141 2450 2286 2496 havenser
2299 2467 2364 2495 Ar-

1297 2502 1450 2532 chidiacono
1462 2501 1630 2540 Lincolniae,
1648 2501 1687 2537 ὁ·
1699 2502 1829 2534 Thomae
1849 2503 1886 2534 de
1905 2502 2110 2544 Newenharn,
2127 2503 2236 2535 clericis
2255 2502 2366 2534 Cancel-

1296 2541 1374 2571 lariae
1388 2541 1464 2581 ipsius
1479 2544 1557 2579 Regis
1571 2540 1716 2570 liberaret:
2142 2547 2146 2549 “

1337 2580 1355 2599 *
1377 2581 1457 2618 Cujus
1471 2580 1605 2610 Mandati
1612 2586 1752 2618 pretextu
1764 2580 1834 2610 idem
1849 2580 2030 2611 cancellarius
2043 2582 2144 2610 dilium
2167 2583 2302 2618 Magnum
2319 2583 2364 2610 Si-
2378 2589 2394 2605 ἐ
2409 2590 2479 2618 νῙῙ,

1294 2617 1388 2655 gillam
1404 2622 1430 2657 ip
1441 2628 1482 2647 ius
1497 2621 1609 2648 Domini
1623 2621 1718 2655 Regis,
1735 2620 1764 2647 in
1776 2618 1896 2659 quadam
1912 2619 2009 2656 Bagd,
2022 2618 2075 2658 fich
2091 2618 2181 2655 Sigillo
2196 2619 2272 2658 ipsius
2289 2621 2364 2648 Can-
2375 2629 2444 2664 49⁶·

1299 2655 1399 2687 cellarii
1424 2656 1537 2695 gnata,
1554 2655 1682 2696 inclufiam
1696 2679 1706 2695 ,
1720 2654 1797 2695 infra
1816 2658 1986 2696 Hospitium,
2006 2657 2171 2688 Venerabilis
2191 2659 2302 2694 Patris,
2320 2656 2362 2688 E-

1298 2697 1405 2741 piscopi
1423 2695 1587 2735 Wigorniae
1605 2694 1670 2734 (ubi
1682 2695 1821 2738 praefatus
1837 2694 2020 2726 cancellarius
2037 2694 2245 2736 hospitabatur)
2263 2694 2366 2726 libera-

1298 2741 1346 2764 vit
1361 2745 1369 2763 .-

1334 2772 1395 2812 Qi
1411 2773 1517 2813 quidem
1530 2772 1692 2812 Johannes,
1716 2773 1873 2812 Ricardus,
1899 2771 1937 2807 (φ
1952 2772 2084 2804 Thomas
2098 2772 2259 2812 praediaum
2279 2775 2365 2811 Mag-

1298 2821 1362 2840 num
1387 2811 1506 2849 Sigillum
1530 2823 1547 2840 a
1569 2810 1686 2850 praefato
1712 2811 1878 2841 Cancellario
1896 2811 1992 2841 ibidem
2006 2836 2016 2850 ,
2048 2815 2077 2842 in
2091 2811 2236 2851 praesentia
2251 2810 2366 2842 aliorum

1299 2849 1456 2879 clericorum
1475 2851 1507 2880 de
1525 2850 1696 2880 Cancellaria
1708 2851 1989 2888 pra-dieta,‚v1·rtute
2009 2850 2146 2890 cujusdam
2162 2849 2275 2880 alterius
2294 2853 2366 2880 Bre-

1299 2891 1362 2925 vis,
1374 2888 1427 2926 sub
1447 2891 1567 2918 Privato
1585 2888 1676 2926 sigillo
1695 2888 1808 2929 eisdem,
1823 2888 1967 2927 Johanni,
1986 2888 2134 2926 Ricardo,
2159 2886 2197 2923 (ὢν
2214 2888 2363 2925 Thomae,

1294 2933 1344 2963 per
1358 2926 1507 2963 praefatum
1525 2929 1672 2956 Dominum
1686 2929 1782 2964 Regem
1793 2931 1831 2956 mi
1848 2937 1874 2965 t,
1892 2925 1930 2962 (θ’
1945 2931 1974 2956 in
1986 2927 2094 2956 Filaciis
2107 2924 2280 2956 Cancellariae
2289 2934 2365 2964 prae-

1302 2965 1380 2993 dic‘lae
1399 2965 1432 2994 de
1452 2965 1497 2995 hoc
1516 2969 1604 2996 Anno
1621 2964 1756 3006 refidentis
1767 2989 1777 3004 ,
1792 2976 1821 2995 eo
1839 2977 1879 2994 em
1895 2976 1962 2994 nono
1980 2965 2023 2994 die
2040 2964 2198 3002 Februarii,
2215 2966 2368 3002 receperunt

1300 3001 1492 3040 custodiendum
1510 3007 1539 3033 in
1554 3003 1678 3043 absentia
1695 3003 1772 3042 ipfius
1791 3002 1970 3034 Cancellarii:

1337 3043 1380 3070 Et
1392 3041 1556 3080 postmodum
1572 3065 1582 3079 ,
1604 3043 1699 3071 decimo
1717 3043 1759 3071 die
1776 3041 1918 3071 Februarii
1935 3064 1946 3079 ,
1972 3047 2071 3070 extunc
2083 3038 2209 3079 proximo
2222 3040 2365 3082 sequenti,

1299 3079 1395 3117 iidem,
1416 3080 1577 3119 JohanneS,
1603 3079 1758 3118 Ricardus,
1782 3078 1819 3114 &
1839 3079 1987 3116 Thomas,
2013 3083 2042 3108 in
2061 3083 2170 3116 Magna
2189 3078 2271 3108 Aula
2286 3077 2363 3118 infra

1301 3117 1442 3147 Palatium
1458 3117 1748 3156 lVestmonasteriense,
1766 3120 1796 3146 in
1813 3117 1864 3147 loco
1878 3125 1926 3155 pro
1938 3116 2109 3147 cancellaria
2117 3118 2253 3155 praedic‘i'a
2269 3124 2366 3147 tenen-

1300 3155 1337 3184 da
1351 3156 1469 3193 conficeto
1501 3160 1608 3193 Bagam
1624 3156 1700 3186 illam
1718 3159 1833 3194 aperiri,
1851 3153 1888 3190 ὀ·
1904 3154 2024 3194 Sigillum
2040 3155 2112 3186 illud
2125 3155 2162 3186 ab
2181 3156 2270 3185 eadem
2284 3159 2365 3193 Baga

1301 3195 1428 3231 extrahi,
1454 3179 1492 3229 ὧ
1511 3198 1632 3232 Carras,
1653 3197 1766 3224 Literas
1784 3196 1930 3232 Parentes,
1960 3193 1998 3230 &-
2015 3197 2122 3224 Brevia
2140 3205 2198 3224 cum
2216 3195 2302 3224 eodem
2320 3197 2364 3224 Si-

1297 3231 1393 3268 gillari
1404 3233 1546 3272 fecerunt,-
1577 3232 1615 3268 &
1630 3232 1670 3272 fic
1691 3239 1807 3271 extunc,
1825 3233 1936 3272 diversis
1959 3232 2064 3262 viribus
2085 3231 2123 3267 ῤ’
2143 3232 2218 3270 locis,
2234 3244 2288 3271 ea,
2303 3243 2365 3273 quae

1293 3268 1411 3308 fuerunt
1416 3270 1568 3338 sigillanda
1577 3293 1586 3309 ,
1599 3274 1629 3300 in
1642 3272 1834 3308 expeditionem
1847 3269 1885 3305 &-
1899 3271 2118 3301 deliberationem
2132 3269 2364 3311 Prosequentium,

1302 3309 1376 3337 modo
1384 3308 1415 3348 fi’
1428 3313 1466 3339 ito
1482 3307 1519 3343 όν
1527 3309 1625 3349 forme}
1640 3309 1750 3347 debita,
1769 3321 1825 3340 cum
1839 3309 1928 3346 sigillo
1935 3311 2066 3348 praediclo
2074 3332 2085 3349 ,
2105 3308 2184 3350 usque
2208 3312 2236 3338 V
2236 3308 2366 3349 icefimum

1302 3348 1432 3377 offavum
1449 3347 1519 3378 diem
1542 3351 1670 3387 Martii,
1694 3355 1794 3379 extunc
1810 3348 1937 3388 proximi
1955 3348 2135 3390 sequentem,
2152 3346 2272 3389 figillar'i
2291 3346 2368 3388 fece-

1304 3393 1369 3414 runt
1377 3397 1387 3414 .'

1338 3423 1405 3463 §Quo
1419 3425 1461 3455 die
1474 3425 1570 3465 iidem,
1587 3426 1748 3465 johannes,
1766 3425 1922 3461 Ricardus,
1941 3424 1980 3459 &
2001 3424 2152 3464 Thomas,
2171 3427 2305 3462 Magnum
2323 3426 2368 3454 Si-

1299 3462 1398 3500 gillum
1406 3464 1583 3503 praediclum,
1601 3469 1630 3494 in
1645 3465 1726 3502 Baga*
1737 3463 1886 3503 predicta,
1896 3463 1950 3501 sub
1964 3463 2062 3501 Sigillis
2069 3463 2264 3504 fiiisfignata',
2281 3461 2368 3501 inclu-

1297 3499 1361 3540 sum
1370 3525 1379 3540 ,
1387 3509 1527 3540 pretextu
1543 3502 1678 3541 cujusdam
1690 3506 1792 3541 Brevis
1806 3504 1838 3532 de
1854 3504 1971 3531 Privato
1987 3501 2078 3540 Sigillo
2090 3505 2126 3532 eis
2135 3510 2184 3539 per
2199 3501 2300 3531 dietum
2307 3502 2368 3530 Do-

1304 3543 1405 3569 minum
1419 3543 1516 3577 Regem
1529 3542 1642 3579 direlli,
1659 3541 1697 3576 ό
1711 3545 1741 3571 in
1757 3540 1865 3570 Filaciis
1881 3540 2056 3570 Cancellariae
2064 3540 2205 3579 praedietae
2226 3539 2257 3568 de
2280 3541 2367 3572 Anno

1298 3578 1425 3617 praefi’nti
1433 3580 1560 3619 fimiliter
1573 3579 1728 3620 refia'entis,
1745 3579 1829 3609 eidem
1844 3578 2010 3609 Cancellario
2027 3579 2085 3619 (qui
2099 3585 2164 3608 tunc
2178 3578 2261 3608 rediit
2272 3587 2292 3605 a
2298 3583 2368 3614 par-

1303 3616 1375 3645 tibus
1384 3618 1534 3655 praedz‘c‘lis)
1549 3617 1718 3654 libera¹runt5

1339 3654 1399 3694 3,Ξηὶ
1414 3657 1518 3696 quidem
1535 3656 1717 3686 Cancellarius
1729 3657 1832 3686 dietum
1849 3660 1985 3693 Magnum
2000 3655 2135 3693 Sigillum,
2152 3657 2182 3684 in
2196 3655 2277 3690 Baga
2292 3658 2366 3689 prae-

1304 3693 1393 3731 dieh,
1411 3696 1490 3734 usque
1504 3693 1657 3733 Hospitium
1664 3693 1746 3733 suum
1754 3693 1839 3732 ficum
1851 3694 1951 3733 deferri
1959 3694 2030 3734 jecit
2039 3706 2049 3725 ;
2070 3692 2192 3733 Officium
2205 3689 2368 3722 Cancellarii

1303 3739 1420 3771 extunc,
1433 3740 1514 3771 prout
1529 3737 1608 3763 moris
1623 3732 1676 3773 est,
1692 3733 1777 3764 indies
1790 3735 1940 3764 exercendo.

2107 3844 2123 3855 ⁴
2384 3813 2511 3846 Ann.D.‘

1326 3877 1375 3909 De
1394 3876 1520 3921 Treugis
1538 3873 1706 3921 capiendis,
1727 3875 1818 3921 causa
1832 3875 1994 3908 Trafiams
2013 3874 2100 3906 Pacis
2117 3882 2185 3903 cum
2202 3873 2344 3904 Francia.
2381 3853 2478 3926 2138?
2477 3876 2485 3882 '

1745 3932 1756 3942 ⁶
2381 3935 2409 3957 R.
2439 3939 2466 3958 2,

2380 3972 2468 3996 Franc.
2484 3969 2515 4001 9ss

2383 4011 2411 4033 R.
2429 4015 2455 4033 2.
2476 4015 2513 4034 m.

2274 4079 2372 4110 Come
2385 4053 2430 4081 23·

1361 3966 1388 4034 El
1406 3966 1478 3998 Rov
1498 3978 1514 3998 a
1527 3975 1599 3998 touz
1614 3978 1704 4009 ceux,
1721 3969 1771 4009 qui
1785 3963 1873 4000 cestes
1887 3965 2025 4006 presentes
2041 3965 2151 3997 Lettres
2165 3974 2301 4005 verrom,
2319 3965 2370 3996 Sa-

1391 4014 1437 4035 UZ.

1342 4041 1444 4075 Savoir
1456 4043 1559 4074 faisons
1574 4054 1648 4083 que,
