2561 4251
48 290 125 322 Anu·
142 289 183 322 D·
200 297 345 335 (quorum
358 296 475 329 alterum
491 297 636 340 vestrim,
654 311 706 333 vos
720 304 826 341 praefati
840 304 985 344 Johannes
1004 312 1112 339 Barnet
1131 313 1165 342 &
1191 312 1260 342 Tho·
1299 313 1383 344 Filius

71 338 157 368 1400·
201 346 264 374 ma,
283 346 372 366 unum
395 336 451 366 esle
466 337 626 382 Volumus)
653 339 867 374 Committimus
890 345 976 376 Vices
997 347 1102 378 nostras
1118 371 1128 385 ,
1142 350 1185 392 ¹&
1201 351 1261 387 ple·
1303 352 1431 383 Clementi
1446 359 1593 395 Antipapae
1608 369 1622 388 a
1637 358 1684 389 diu
1699 362 1825 398 nequiter
1844 363 2024 404 inhaerendo,

50 373 114 397 Hm·
129 379 158 405 4-
200 384 268 404 nam
283 374 400 404 Tenore
414 374 595 407 Praesentium
611 377 780 410 Potestatem
794 404 803 419 ,
829 393 862 412 ac
886 382 1058 415 Mandatum
1074 385 1208 426 speciale,
1225 389 1259 419 ad

198 412 399 456 Audiendum,
415 412 660 451 Cognoscendum
670 440 681 455 ‚
698 418 731 448 &
746 418 963 452 Procedendum
979 423 1009 452 in
1025 421 1113 454 Causa
1128 425 1259 463 Appella-
1293 427 1385 458 eidem
1403 429 1543 470 Episcopo
1559 434 1734 466 Nannetenii
1749 458 1759 473 ,
1786 445 1917 476 tanquam
1940 440 2165 474 Administi-atori
2186 446 2270 476 ἀὶξῒιε
2292 446 2348 477 Ec-

33 2021 111 2053 Ann.
122 2020 165 2052 D.

54 2070 141 2099 ¹400-

31 2104 85 2127 Aa.
103 2109 128 2128 1.

26 2148 145 2205 ibidfl‘m.

26 2878 46 2898 ¹*
72 2880 160 2907 v111.

25 2927 106 2986 Αἰῗὲἷ
117 2953 158 2985 D.

45 3002 130 3031 1400.

26 3037 81 3060 An.
98 3043 120 3060 1.

20 3112 111 3139 Franc.
132 3119 154 3136 1.

19 3151 54 3174 H.
72 3157 101 3183 4.
119 3157 155 3178 m.

742 219 852 261 ET
962 223 1222 269 ACTA

209 451 293 480 tionis
307 450 468 488 hujusmodi
478 475 487 490 ,

235 487 288 527 Et,
306 489 437 521 Articulo
451 490 571 528 ejusdem
586 492 788 530 Appellationis
801 493 882 526 finito
895 519 905 535 ,
921 497 955 527 ad
975 496 1189 530 procedendum
1215 502 1257 532 ul—

198 527 282 570 terius
299 528 328 558 in
346 527 435 559 Causa
448 529 478 558 in
492 528 544 561 hac
559 540 635 568 parte
653 531 804 569 Principali
814 555 824 571 ,
843 542 926 571 prout
946 535 1095 567 distaverit
1115 538 1190 569 ordo
1201 539 1256 577 Ju-

204 574 399 642 nsIpsamque,
417 614 485 649 cum
499 605 804 650 suis'Emergentibus,
824 608 1057 656 Dependentibus
1068 636 1078 650 ,
1100 612 1255 657 incidenti-

197 642 266 679 bus,
283 643 317 673 &
347 641 493 673 Connexis
519 644 685 682 quibuscum
709 656 765 685 ue,
790 647 943 679 secundum
967 650 1042 687 Juris
1067 654 1254 692 exigentiam,

197 679 435 719 Discutiendum,
453 681 487 711 ὃς
506 682 605 712 debito
619 656 954 725 FineqTerminandum,

235 718 272 749 Et
288 719 374 749 etiam
389 719 422 749 ad
439 717 539 750 Testes
558 721 769 762 quoscumque,
793 734 841 761 per
861 733 1007 763 utramque
1031 726 1154 758 Partium
1181 739 1253 767 prae—

195 756 352 794 elidiatum,
371 758 400 786 in
415 756 491 789 dieta
506 758 594 790 Causa
609 759 826 800 Appellationis,
845 761 890 793 seu
909 764 938 793 in
954 764 1087 801 Negotio
1109 766 1253 806 Principa-

194 795 232 831 li,
249 805 347 825 coram
368 796 451 826 vobis
464 796 630 834 judicialiter
652 800 850 835 producendos
864 823 873 836 ,
898 801 917 832 fi
931 801 957 832 se
971 802 1050 833 Dolo
1071 804 1114 834 vel
1128 805 1252 844 Fraude,

194 832 276 863 Odio
290 841 335 863 aut
350 833 476 870 Favore,
491 835 534 866 seu
544 836 607 866 alias
621 837 720 874 injuste
733 837 1045 877 subtraxerint,veritati
1053 841 1250 874 testimonium

194 871 355 909 perhibere,
374 882 444 902 cum
460 873 559 904 Poenae
579 875 612 904 δε
627 874 750 905 Muietae
769 876 932 915 alteriusque
954 880 1116 917 temporalis
1138 880 1250 914 Cobet-

193 911 277 941 tionis
289 910 438 947 cujussibet
457 911 612 950 Potestate,
632 912 891 954 Compellendum3

234 947 270 979 Et
286 948 352 979 ideo
369 949 460 979 Vobis
471 972 481 987 ,
499 950 635 989 Septem,
653 951 726 989 Sex,
745 952 884 992 Qinque
898 976 908 992 ,
928 953 1075 993 Quatuor,
1091 957 1125 987 &
1140 957 1249 989 Tribus

192 985 331 1017 Vestrfim
348 986 491 1025 (quorum
507 988 624 1019 alterum
638 989 780 1028 vestrum,
799 1001 850 1021 vos
864 993 1128 1061 praefatiaJohannes
1142 998 1249 1026 Barnet

192 1026 228 1057 &
240 1024 359 1061 Thoma‚
378 1034 469 1055 unum
483 1024 539 1056 effe
554 1026 711 1065 Volumus)
733 1027 904 1060 Mandamus
919 1033 977 1068 quo
1016 1033 1092 1063 circa
1104 1032 1248 1065 Praemiffa

192 1063 338 1133 gilditgenter
351 1062 520 1103 Intendatis,
537 1066 571 1097 ὃ(
586 1076 618 1097 ea
639 1065 761 1098 faciatias
781 1068 814 1099 ὃς
829 1071 1006 1108 exequamini
1020 1071 1050 1101 in
1068 1070 1159 1103 forma
1176 1082 1248 1110 prae-

214 1112 223 1132 i
254 1112 283 1132 a‘

232 1124 370 1170 Voiumus
381 1141 464 1171 etiam
479 1141 574 1180 quod,
592 1142 610 1172 fi
625 1142 740 1182 aliquis,
756 1143 800 1174 vel
815 1143 898 1183 aliqui
913 1144 1069 1185 Vestrfim,
1088 1148 1243 1180 inchoave-

193 1179 266 1216 rint,
283 1178 328 1209 vel
342 1178 531 1218 inchoaverit,
548 1181 700 1218 procedere
715 1183 743 1211 in
761 1182 927 1222 Praemiffis,
946 1185 1011 1215 alius
1027 1207 1036 1223 ,
1060 1186 1104 1216 vel
1127 1187 1172 1217 alii
1188 1187 1247 1218 Ve-

193 1216 301 1255 strum,
318 1217 404 1248 libere
417 1218 570 1255 procedere
584 1220 690 1258 valeat,
707 1220 741 1251 ὅ(
755 1220 861 1252 valeant
877 1223 904 1251 in
918 1223 1041 1262 eisdem,
1056 1224 1121 1254 licet
1142 1224 1248 1256 Incho—

193 1264 270 1286 antes
282 1255 424 1293 absenteS,
442 1255 582 1287 Inchoans
595 1258 691 1289 absens
704 1282 713 1296 ,
748 1260 865 1298 fuerint,
883 1260 927 1290 vel
949 1260 1045 1300 fuerit,
1063 1263 1149 1293 etiam
1167 1265 1246 1295 nullo

197 1294 403 1332 impedimento
419 1294 551 1332 legitimo
565 1296 696 1334 impediti
709 1297 754 1327 vel
769 1299 934 1337 impeditus,

232 1333 343 1363 Damus
360 1340 452 1363 autem
473 1332 692 1365 Constabulario
714 1335 747 1366 &
772 1335 938 1367 Marescallo
963 1336 1061 1367 nostris
1080 1338 1177 1369 Cviriae
1193 1350 1246 1369 no-

193 1371 257 1402 strae
270 1371 433 1410 praedi&ae,
450 1372 484 1403 &
497 1383 597 1403 eorum
611 1373 692 1404 Loca
710 1375 866 1405 tenentibus
877 1398 886 1413 ,
901 1385 934 1405 ac
951 1376 1079 1406 univerlis
1094 1378 1126 1407 ὃς
1135 1378 1248 1414 singulis

193 1409 364 1446 Officiariis,
384 1409 818 1453 Ministris„Ligeis,Stibditis,
838 1414 871 1444 δε
887 1413 1029 1444 Fidelibus
1047 1415 1246 1453 nostris,quo-

192 1458 256 1479 rum
273 1447 399 1487 interest,
417 1448 531 1480 Tenore
541 1449 746 1489 Praefentium,
763 1449 878 1481 firmiter
897 1453 926 1481 in
944 1451 1085 1482 Mandatis
1100 1454 1178 1491 quod
1190 1454 1247 1483 Vo-

193 1487 235 1517 bis
249 1487 382 1525 Septem,
401 1486 472 1526 Sex,
492 1489 648 1527 Quinque,
661 1488 792 1527 Qiatuor
809 1511 818 1527 ,
841 1490 874 1520 &
891 1489 996 1520 Tribus
1011 1490 1138 1521 vestrum
1157 1492 1166 1527 (
1175 1503 1247 1530 quo-

192 1534 255 1556 rum
276 1526 394 1555 alterum
419 1526 565 1565 vestrfim,
582 1537 633 1557 vos
655 1527 762 1565 praefati
782 1527 926 1566 Johannes
949 1532 1056 1558 Barnet
1084 1530 1116 1560 ὅ(
1129 1530 1246 1568 Thoma‚

192 1574 282 1594 unum
304 1564 360 1594 esse
374 1563 524 1601 volumus)
546 1566 576 1595 in
591 1564 737 1603 praemiffis
756 1565 888 1596 faciendis
902 1567 934 1596 &
951 1576 1000 1597 exe
1023 1568 1118 1598 ueiidis
1133 1591 1143 1607 ,
1166 1578 1246 1606 prout

188 1602 225 1633 ad
240 1602 310 1640 ipsos
323 1604 460 1641 pertinet,
482 1603 663 1634 Intendeiites
685 1603 753 1640 sint,
764 1603 990 1648 Respondentes,
1002 1578 1187 1638 glonsuientes
1196 1608 1246 1646 ,&

190 1641 360 1672 Auxiliantes
373 1663 382 1679 ,
401 1642 434 1672 &
453 1641 548 1672 vestris
569 1640 710 1673 Mandatis
727 1641 902 1673 Obedientes
915 1652 997 1681 prout
1011 1644 1099 1675 decet⁴

223 1679 257 1710 In
271 1681 351 1710 cu'us
384 1680 446 1710 &c.

261 1689 456 1756 Tejste’Rege
480 1717 554 1757 apud
572 1717 957 1758 Westmonasterium,'xxiij
966 1720 1012 1751 die
1030 1721 1177 1753 Februarii.

739 1797 793 1825 Per
811 1799 906 1827 Breve
925 1798 957 1827 de
977 1799 1096 1828 Privato
1113 1798 1213 1837 Sigillo.

404 1922 463 1953 Pro
487 1915 668 1952 Hominibus
684 1917 768 1951 Villae
782 1916 818 1951 de
835 1917 1037 1962 Cirencestria.

253 2003 318 2036 EX
335 2003 500 2043 Omnibus,
520 2003 554 2034 ad
568 2013 658 2042 quos,
677 2003 737 2035 ὅτε.
755 2002 891 2034 Salutem.

187 2011 252 2076 R
292 2043 391 2074 Sciatis
411 2042 509 2081 quod,

225 2082 273 2113 De
283 2081 380 2112 Gratia
395 2080 487 2111 nostra
499 2080 607 2150 sppciali
615 2081 648 2112 &
655 2090 708 2119 pro
714 2080 795 2111 bono
801 2080 834 2111 &
842 2080 970 2111 laudabili
980 2091 1013 2112 ac
1027 2083 1146 2120 gratuito
1153 2082 1247 2115 Servi-

187 2123 247 2160 tio,
264 2120 342 2161 quod
356 2119 499 2150 Homines
542 2119 597 2149 illae
611 2119 647 2150 de
661 2118 848 2149 Cirencestria
862 2119 962 2158 nobis,
981 2121 1011 2150 in
1019 2121 1167 2157 resistendo
1177 2122 1244 2154 Ma—

188 2160 256 2190 litiae
269 2159 376 2190 Thomae
392 2168 478 2198 nuper
493 2161 603 2187 Comitis
617 2159 748 2195 Kantiae,
766 2158 798 2188 δε
810 2156 952 2196 Johannis
966 2168 1054 2196 nuper
1068 2163 1176 2190 Comitis
1192 2165 1243 2191 Sa-

189 2209 265 2236 rum,
282 2198 317 2228 &
330 2198 449 2228 aliorum
466 2195 647 2227 Proditorum
659 2197 694 2228 &
710 2195 873 2227 Rebellium
886 2195 1067 2240 nostrorum,
1076 2208 1164 2238 nuper
1171 2209 1242 2230 con-

188 2245 230 2267 tra
244 2236 313 2267 Nos
327 2237 359 2266 &
375 2234 524 2266 Coronam
542 2234 700 2273 Nostram,
718 2244 753 2265 ac
767 2242 865 2265 contra
885 2234 1066 2273 Ligeantiam
1085 2236 1159 2267 suam
1175 2248 1242 2276 pro-

186 2275 288 2306 ditorie
305 2274 533 2311 insurgentium,
552 2273 768 2311 impenderunt,
903 2312 908 2317 ³
943 2312 949 2318 ·
1068 2314 1074 2318 Ι
1100 2314 1104 2319 .

222 2313 424 2344 Diimiius
443 2313 477 2344 &
497 2310 588 2343 Con
601 2319 802 2342 csssstMus
822 2310 964 2349 praedietis
982 2311 1160 2345 Hominibus
1174 2325 1240 2346 om-

182 2352 229 2383 nia
242 2351 319 2382 Bona
335 2353 368 2383 &
385 2350 507 2388 Catalla,
528 2360 591 2388 quae
606 2350 718 2381 fuerunt
739 2349 940 2394 praediCtorurn
963 2360 1052 2389 nuper
1066 2350 1240 2393 Comitum,

182 2392 218 2422 &
239 2391 357 2421 aliorum
380 2389 559 2420 Proditotum
576 2411 585 2426 ,
613 2389 686 2426 apud
706 2388 811 2418 Villam
830 2388 1013 2433 praedictam,
1037 2397 1165 2428 tempore
1182 2402 1239 2436 quo

181 2429 269 2459 iidem
289 2438 378 2466 nuper
404 2427 536 2458 Comites
562 2436 597 2457 ac
618 2427 663 2457 alii
693 2426 855 2457 Proditores
878 2426 1008 2464 praedidii
1031 2437 1079 2465 per
1098 2428 1242 2461 Homines

182 2467 334 2505 praedictos
350 2466 469 2497 Arestati
482 2466 650 2504 extiterunt,
666 2465 797 2503 inventa,
814 2465 843 2494 in
878 2475 1043 2496 uorumcum
1065 2477 1098 2497 ue
1108 2466 1242 2500 Manibus

182 2506 284 2537 fuerint
303 2505 402 2543 (Auro
416 2505 449 2535 &
469 2503 601 2541 Argento
617 2505 644 2533 in
660 2502 771 2541 Massa,
788 2503 821 2533 &
841 2475 1032 2548 lVlonetagac
1045 2476 1123 2549 Zlafis
1136 2506 1172 2538 de
1180 2508 1241 2538 Au-

181 2554 216 2576 ro
225 2566 235 2582 ,
253 2553 365 2574 necnon
381 2542 457 2574 Vafis
472 2542 618 2581 Argenteis
632 2542 665 2572 &
674 2541 841 2579 Deauratis‚
855 2552 888 2572 ac
903 2541 1048 2580 Jocalibus
1059 2545 1238 2583 quibuscum-

179 2592 235 2623 que
249 2581 400 2619 Exceptis)
418 2581 556 2612 Habenda
573 2580 676 2611 eisdem
692 2579 871 2610 Hominibus
884 2580 921 2610 de
934 2580 1023 2611 Dono
1038 2581 1145 2613 nostro.

216 2620 346 2690 lnTCeliiies
353 2621 441 2699 ’Κῗὲἑ
458 2657 531 2697 apud
550 2656 827 2698 Wstmonasterium,
845 2657 940 2696 xxviij.
959 2657 1005 2688 die
1014 2658 1167 2690 Februarii.

929 2736 983 2763 Per
1000 2735 1081 2774 ipsum
1098 2738 1203 2774 Regem.

471 2861 491 2879 *
517 2862 576 2893 Pro
601 2859 737 2905 Epistopo
760 2859 948 2902 Nannetenfi.

181 2947 266 3002 RE
277 2946 307 2979 X
326 2944 465 2983 Custodi,
481 2943 656 2982 Capitaneo,
675 2942 802 2981 Ballivis,
815 2943 933 2982 Juratis,
947 2954 979 2974 ac
999 2943 1056 2975 aliis
1075 2944 1239 2978 Habitanti-

257 2987 308 3017 bus
323 2983 476 3015 Insularum
492 2983 650 3014 nostrarum
668 2981 703 3012 de
721 2982 828 3022 jeresey
850 2983 883 3013 δε
905 2982 1044 3023 Gerncsey
1060 3006 1070 3022 ,
1094 2985 1143 3022 qui
1159 2995 1235 3017 nunc

182 3025 244 3056 sunt
283 3024 328 3055 vel
342 3024 390 3061 qui
404 3032 456 3060 pro
474 3030 606 3059 ternpore
621 3021 738 3064 fuerint,
758 3021 889 3066 Salutem.
914 3062 917 3065 Ι

219 3047 301 3094 Ciam
316 3062 461 3092 Dominus
482 3059 616 3090 Summus
632 3059 766 3089 Pontifex
792 3057 948 3098 Bonifacms
966 3061 1040 3097 Papa
1066 3060 1235 3099 modernus,

178 3111 227 3139 per
241 3102 349 3132 Literas
360 3100 417 3130 suas
430 3097 563 3135 Bullatas,
583 3097 782 3141 Venerabilem
802 3096 932 3141 Patrem,
952 3100 1065 3142 Petrum
1082 3098 1236 3141 Episcopum

178 3138 380 3177 Nannetenfi’m
395 3160 404 3176 ,
433 3137 525 3167 Sacrae
543 3136 721 3173 Theologiae
746 3134 920 3172 Magistrum
935 3158 944 3173 ,
969 3135 1236 3167 Admmistratorem

178 3177 309 3208 Ecclesiae
325 3175 565 3211 Constanciensis,
582 3175 611 3204 in
633 3174 728 3205 Infulis
747 3173 886 3211 praedietis
905 3174 1068 3218 dumtaxat,
1096 3175 1130 3205 ad
1145 3174 1234 3206 Bene—

176 3217 311 3256 placitum
326 3215 406 3246 suum
415 3236 425 3252 ‚
443 3213 477 3243 &
490 3213 526 3243 de
540 3212 670 3243 Fratrum
678 3212 790 3243 suorum
806 3211 936 3254 Consilio
951 3235 960 3249 ,
982 3213 1079 3256 fecerit
1095 3214 1127 3243 ὃ(
1146 3214 1235 3251 depu-

174 3255 272 3325 tcav‘ffii‘
280 3277 289 3293 ⁷
305 3253 413 3321 Ciuffii‘?
421 3251 601 3328 ’asseffiffissi
609 3249 1233 3326 a&13<33‚‘{‚¹}¹3¹312¹si‘,552‘}”?¹¹3„¹5i¹s¹53m¹²525153s

174 3302 355 3368 Inqssisanfigi
369 3330 398 3359 in
411 3313 611 3365 'spiritualibus
625 3326 745 3364 plenarie
761 3327 989 3365 committendo,

210 3369 257 3400 Ut
274 3368 395 3399 Cleruni
414 3367 447 3397 &
464 3364 607 3403 Populum
618 3365 759 3395 dictarum
775 3363 926 3395 Insularum
940 3388 950 3402 ‚
976 3375 1009 3394 ac
1024 3365 1090 3403 Jura
1108 3366 1232 3403 praefatae

172 3407 304 3440 Ecclefiae
321 3403 548 3437 Constancienfis
576 3404 606 3433 in
631 3403 737 3434 eisdem
760 3402 855 3433 Infulis
869 3425 886 3446 ,η
903 3402 957 3433 suae
979 3402 1064 3434 Curae
1081 3405 1231 3448 commiffa

171 3445 360 3484 spiritualiter,
375 3445 452 3481 quta
466 3442 560 3473 datam
573 3452 588 3471 a
603 3440 671 3471 Deo
684 3441 736 3471 fibi
754 3440 936 3485 Prudentiam
958 3440 1052 3485 Regat
1070 3464 1079 3480 ,
1107 3442 1229 3482 dirigat,

171 3486 206 3516 &
220 3491 399 3521 augmentet,
417 3491 450 3512 ac
468 3480 504 3511 de
513 3480 682 3518 Fructibus,
699 3479 905 3517 Proventibus,
921 3479 1106 3524 Redditibus,
1123 3481 1230 3512 &Ob-

172 3522 353 3554 ventionibus
367 3520 506 3551 dictarum
530 3518 681 3548 Insularum
694 3542 704 3556 ,
731 3517 766 3548 ad
782 3517 913 3548 Mensam
928 3517 1122 3562 Episcopalem
1146 3518 1230 3550 Con-

173 3560 354 3593 stancienscm
369 3557 573 3596 speetantibus,
590 3556 703 3587 ordinet
723 3555 757 3586 &
774 3556 899 3594 disponat
910 3578 920 3594 ,
944 3556 1058 3597 illosque
1077 3567 1107 3601 in
1122 3556 1182 3601 suos
1194 3560 1229 3590 &

173 3597 399 3631 constanciensis
414 3595 547 3627 Ecclesiae
560 3594 618 3625 usus
630 3602 796 3625 convertere
810 3594 914 3633 valeat,
939 3603 1022 3639 prout
1034 3605 1094 3639 veri
1109 3594 1228 3640 Episco-

174 3641 205 3679 pi
220 3635 464 3672 constanciensis,
482 3635 530 3673 qui
551 3643 604 3671 pro
618 3641 745 3671 tempore
758 3632 886 3671 fuerunt,
903 3633 940 3663 de
961 3633 1013 3663 illis
1031 3634 1228 3666 rationabiliter

177 3678 308 3709 ordinare
325 3675 357 3706 &
375 3673 422 3704 dis
436 3682 523 3703 onere
533 3671 702 3709 debuerunt,
792 3710 797 3715 ι
1015 3711 1020 3715 η
1035 3710 1043 3716 .
1123 3711 1129 3716 -

209 3715 386 3747 Alienatione
420 3711 605 3741 mmobilium
621 3732 632 3747 ,
663 3710 697 3741 &
717 3708 1224 3755 Preciosorum‘MobiliiimReJusdem

170 3753 307 3786 Ecclefiae
321 3749 562 3787 Constanciensis,
576 3747 670 3778 eidem
679 3747 820 3785 Episcopo
835 3749 945 3785 penitus
960 3747 1126 3792 Interdieta,
1142 3758 1224 3787 prout

170 3803 222 3832 per
235 3793 340 3823 Literas
354 3788 517 3827 praedictas,
533 3788 563 3817 in
579 3785 666 3817 Curia
681 3785 774 3816 nostra
787 3784 924 3824 ostensas,
943 3786 1024 3824 plene
1037 3786 1141 3825 liquet,

206 3831 459 3899 ggsgeveoemiam
476 3863 533 3893 Dei
548 3885 558 3901 ,
582 3863 616 3893 ὃ(
635 3863 665 3892 in
679 3861 791 3892 Sandiae
807 3861 942 3892 Ecclefiae
963 3862 1173 3906 roborationem
1189 3864 1223 3896 &

168 3908 370 3939 fulcimentum
379 3928 390 3943 ,
408 3914 440 3934 ac
455 3902 630 3933 Divinorum
640 3900 825 3931 Servitiorum
837 3900 871 3930 &
882 3900 1000 3930 aliorum
1013 3899 1129 3931 Piorum
1142 3901 1224 3940 Ope-

169 3956 233 3977 rum
247 3946 454 3974 incrementum
468 3963 478 3979 ,
502 3941 531 3970 in
545 3938 676 3971 Ecclesiis
690 3938 830 3969 <iustarum
847 3937 1000 3969 Insularum
1012 3961 1022 3976 ,
1047 3939 1082 3970 de
1101 3947 1222 3980 caetero‚

167 3985 236 4015 Deo
250 3983 352 4019 dante,
368 3979 535 4018 peramplius
554 3976 801 4020 manutenendum,
812 3999 822 4014 ,
846 3977 972 4006 volentes
986 3987 1035 4014 ea,
1058 3987 1121 4021 quae
1146 3978 1225 4022 Salu-

168 4032 227 4053 tem
239 4022 273 4052 &
286 4018 506 4050 Correctionem
524 4017 694 4048 Animarum
715 4013 897 4045 Subditorum
911 4014 1088 4054 nostrorum,
1113 4016 1220 4048 ibidem

169 4058 408 4092 commorantium
424 4078 434 4094 ,
451 4056 618 4093 respiciunt,
637 4063 800 4092 procurare,
817 4053 850 4083 &
865 4051 1003 4097 salubriter
1021 4063 1222 4093 promovere„

206 4098 243 4130 Et
259 4096 407 4135 praesertim
427 4103 481 4131 pro
480 4103 532 4162 Veo
547 4092 629 4132 quod
650 4091 806 4130 Episcopus
825 4089 1068 4131 Constanciensoe,
1089 4101 1221 4133 tanquam

240 4139 314 4168 Tam.
331 4135 390 4166 111.
411 4135 443 4163 P.
462 4134 477 4162 1
505 4154 512 4161 .

1306 229 1765 279 PUBLICA.
2285 261 2362 300 179

1396 315 1585 358 Proditionis,
1609 319 1788 352 Scismaticus
1809 323 1898 355 existit
1912 347 1922 363 ,
1948 326 1986 356 illi
2000 327 2171 360 Proditionis
2194 331 2355 372 Alumpno,
2380 333 2505 367 Ann.D.

2393 382 2478 411 1400.

1337 389 1385 421 De
1399 392 1496 424 Gratia
1520 396 1613 427 nostra
1638 397 1746 434 speciali
1761 398 1961 432 Conceffimus
1975 425 1985 440 ,
2008 405 2197 436 &licentiam
2220 407 2351 440 dedimus
2371 416 2434 439 Hm.
2453 423 2481 448 ψ.

1294 465 1384 496 cleliae
1400 467 1671 511 Coniiancieiilisoin
1687 473 1780 504 Infulis
1793 477 1936 512 praediffis
1952 501 1961 516 ,
1985 482 2063 518 quod
2080 482 2135 519 ipse
2148 486 2263 522 onmia,
2283 495 2347 522 quae

1296 502 1331 533 ad
1344 504 1571 543 Jurisditstionem
1587 510 1786 548 Episcopalem
1804 515 1833 544 in
1851 515 1954 545 eisdem
1971 515 2081 556 Infulis,
2104 521 2133 549 in
2157 520 2348 558 Spiritualibus

1293 541 1452 586 dumtaxat,
1472 548 1550 576 mere
1564 550 1703 585 pertinent
1726 552 1758 582 ὃς
1782 562 1976 592 concernunt,
1993 556 2098 595 libere,
2115 559 2148 589 ὃς
2170 560 2270 598 absque
2286 561 2346 592 Ini-

1292 580 1458 617 pedimento
1475 584 1570 621 aliquo
1584 585 1676 616 facere
1692 589 1824 620 valeat&
1841 600 2003 630 excercere,

1330 617 1368 648 Et
1380 619 1446 651 ideo
1459 623 1557 661 vobis,
1574 625 1608 655 &
1624 625 1739 656 cuilibet
1754 626 1896 667 vestrfim,
1914 630 1962 660 sub
1978 633 2058 668 gravi
2077 631 2271 672 Indignatione
2293 647 2347 668 no-

1292 654 1361 694 stra,
1381 657 1558 696 Injungimus
1573 663 1605 693 &
1625 662 1796 695 Mandanius
1810 667 1889 703 quod
1911 668 2002 699 eidem
2025 669 2164 710 Episcopo
2178 695 2188 710 ,
2213 682 2345 712 tanquam

1292 692 1399 725 Curato
1411 697 1445 727 ὃ(
1462 698 1689 731 Administratori
1705 703 1788 733 dietae
1802 704 1938 736 Ecclesiae
1957 706 2182 740 Conitzncienfii
2196 711 2223 740 in
2240 712 2345 744 eisdem

1291 730 1384 775 Infulis
1393 736 1449 779 ,in
1463 736 1653 774 Spiritualibus
1669 740 1826 780 dumtaxat,
1843 744 1871 772 in
1878 745 2013 775 omnibus
2022 769 2031 784 ,
2046 747 2342 788 Jurifflidiionenispe-

1290 770 1388 815 etalem
1408 773 1511 805 ibidem
1528 777 1557 805 in
1574 776 1764 814 Spiritualibus
1779 783 1856 810 mere
1872 785 2126 824 concernent.bus,
2137 789 2342 826 pareatis,obe-

1290 807 1385 847 diatis,
1402 812 1434 841 ὃς
1451 813 1598 844 intendatis
1616 825 1699 852 prout
1714 817 1813 856 decet,

1327 845 1444 879 Proviso
1459 850 1566 889 semper
1584 854 1662 891 quod
1681 855 1757 885 idem
1775 856 1993 889 Administrat‘or
2010 861 2115 900 aliquos
2139 862 2252 894 Primos
2273 864 2297 895 F
2299 876 2343 896 ru-

1292 884 1370 929 Ctus,
1390 886 1540 930 Decimas,
1558 890 1771 932 Impositiones,
1789 895 1832 925 seu
1848 895 2045 928 Praestationes
2060 899 2094 930 de
2116 901 2251 938 aliquibus
2274 903 2343 934 Per-

1289 922 1377 962 sonis,
1395 935 1425 955 in
1439 927 1541 958 eisdem
1558 927 1655 960 Infulis
1670 930 1858 971 Beneficiatis‚
1876 934 1920 964 seu
1939 936 1975 965 de
1992 937 2127 975 aliquibus
2148 939 2280 971 Eccleiiis
2294 942 2340 972 seu

1288 960 1449 1004 Beneficiis,
1466 967 1497 996 in
1512 966 1615 997 eisdem
1631 967 1727 999 Infulis
1741 970 1775 1000 de
1791 979 1895 1002 caetero
1917 976 2050 1005 vacaturis
2061 998 2070 1013 ,
2097 976 2194 1007 colore
2218 979 2342 1010 Praesen-

1289 1006 1381 1038 tium,
1399 1012 1459 1032 non
1477 1005 1567 1043 exigat
1581 1006 1626 1036 seu
1647 1009 1799 1046 precipiat,
1817 1011 1849 1039 ὃς
1867 1011 1946 1047 quod
1960 1013 2060 1050 aliquas
2075 1013 2343 1085 Extorliones,()?-

1286 1038 1452 1078 preffiones,
1470 1041 1515 1073 seu
1532 1043 1667 1082 Dampna
1682 1045 1794 1083 Populo
1809 1047 1905 1078 nostro
1922 1050 2029 1080 ibidem
2044 1062 2104 1082 non
2124 1052 2226 1092 faciat,
2242 1055 2287 1086 seu
2313 1067 2342 1087 a-

1287 1085 1352 1106 cere
1364 1079 1510 1115 praesumat
1525 1084 1624 1120 quovis
1640 1083 1737 1114 modo.

1324 1113 1358 1145 In
1375 1117 1470 1156 cujus,
1487 1120 1548 1151 δίς.

1358 1153 1446 1186 Teste
1463 1155 1545 1198 Rege
1561 1159 1634 1197 apud
1649 1158 1924 1201 Wstmonasterium,
1941 1165 2035 1202 primo
2048 1166 2092 1197 die
2109 1166 2215 1198 Martii.

1487 1294 1546 1324 Pro
1566 1294 1604 1325 G.
1630 1292 1666 1325 de
1684 1293 1847 1328 Dnnbarre
1867 1298 1980 1328 comite
1998 1298 2159 1331 Marchiae.

1285 1374 1423 1430 REX,
1442 1386 1490 1414 per
1507 1376 1612 1407 Literas
1630 1377 1686 1409 suas
1701 1378 1844 1418 Parentes,
1864 1381 1946 1420 usque
1968 1382 2085 1413 Festum
2107 1383 2221 1416 Paschae
2243 1389 2340 1423 proxi·
2358 1391 2433 1422 Ann.
2446 1390 2490 1423 D.

1359 1416 1411 1444 mo
1427 1415 1553 1445 futurum
1566 1416 1723 1455 duraturaS,
1742 1418 1855 1456 suscepit
1878 1420 1908 1449 in
1932 1420 2035 1450 salvu'n
2058 1423 2091 1453 &
2114 1422 2242 1454 securum
2257 1425 2338 1456 Con·
2377 1439 2466 1468 1400.

1284 1449 1403 1481 diic‘tum
1418 1453 1515 1491 suum,
1533 1463 1565 1483 ac
1582 1455 1610 1484 in
1628 1454 1842 1487 pimenionem
1853 1480 1862 1494 ,
1877 1458 2063 1497 Tuitionem,
2083 1462 2117 1491 &
2134 1461 2336 1495 Defensionem
2355 1472 2408 1496 An.
2427 1479 2451 1496 i.

1284 1488 1341 1519 suas*
1359 1491 1500 1528 speciales,
1519 1495 1656 1530 Georgium
1671 1494 1703 1522 de
1723 1496 1869 1525 Dunbarre
1889 1495 2039 1527 Comitem
2056 1498 2194 1529 Marchie
2218 1501 2339 1542 Scotiae,
2357 1511 2391 1533 H.
2406 1518 2436 1542 4.

1284 1537 1317 1557 ac
1333 1526 1460 1559 Centum
1478 1530 1610 1561 Personas
1623 1531 1753 1570 Equites,
1772 1534 1921 1573 videlicet,
1948 1534 2073 1573 Milites,
2092 1537 2256 1577 Armigeros
2268 1564 2277 1579 ,
2304 1544 2337 1572 δε
2355 1550 2423 1572 Scor.
2445 1555 2468 1573 i.

1285 1565 1350 1595 alios
1364 1568 1393 1596 in
1411 1565 1558 1598 Comitiva
1571 1569 1633 1606 sua,
1651 1572 1681 1599 iii
1705 1570 1839 1610 Regnum
1863 1572 1953 1610 Regis
1974 1574 2086 1611 Angliae
2108 1578 2265 1617 veniendo,
2281 1580 2337 1610 ibi·
2356 1587 2390 1610 H.
2408 1593 2439 1618 4.

1284 1605 1352 1634 dem
1370 1605 1524 1645 morando,
1541 1608 1574 1637 δε
1590 1608 1689 1637 exinde
1703 1610 1736 1639 ad
1746 1619 1849 1677 ἔπιες
1869 1610 1925 1641 suas
1948 1615 2072 1649 proprias
2094 1614 2252 1655 redeundo,
2269 1627 2342 1649 nec—
2357 1630 2395 1649 m.
2417 1630 2459 1648 iz.

1285 1652 1345 1672 non
1360 1642 1535 1683 Servientes,
1554 1644 1729 1685 Familiares,
1774 1658 1844 1685 quos
1857 1671 1867 1686 ,
1886 1649 1943 1679 Res
1958 1674 1967 1688 ,
1991 1651 2023 1681 δι’,
2044 1651 2178 1682 Hernefia
2198 1653 2244 1684 sua
2260 1666 2337 1694 quae-

1286 1689 1354 1711 cum
1378 1692 1429 1718 ue,

1323 1691 1439 1750 Prgviso
1452 1720 1561 1759 semper
1573 1722 1652 1760 quod
1667 1722 1798 1754 Persona:
1806 1724 1949 1762 praedi&ae
1958 1726 2052 1765 Regi,
2069 1736 2114 1758 aut
2129 1728 2211 1759 alicui
2229 1729 2338 1769 Ligeo-

1285 1766 1348 1787 rum
1365 1757 1474 1789 suorum
1520 1760 1687 1798 Dampnum
1710 1762 1755 1792 vel
1775 1761 1907 1799 Iniuriam
1928 1765 2040 1794 interim
2064 1775 2124 1796 non
2147 1767 2282 1808 inferant,
2302 1773 2336 1803 &

1285 1795 1364 1832 quod
1380 1795 1464 1836 Regis
1477 1782 1652 1837 Proditores,
1672 1799 1690 1818 *³
1710 1800 1755 1830 vel
1769 1800 1877 1832 Gentes
1890 1802 2084 1842 Ab'udicatae,
2103 1805 2147 1835 vel
2162 1814 2238 1838 extra
2256 1808 2338 1847 Reg-
2355 1808 2465 1838 *VIII-

1286 1843 1356 1863 num
1373 1834 1463 1870 Regis
1478 1836 1646 1873 praedietum
1664 1836 1788 1868 Bannitae
1804 1849 1861 1869 non
1877 1842 1930 1869 exii
1945 1849 2000 1871 ant.
2361 1857 2423 1885 ¹32·

1321 1872 1408 1903 Teste
1424 1873 1502 1914 Rege
1515 1876 1587 1913 apud
1603 1879 1760 1906 Manerzum
1771 1878 1804 1907 de
1817 1878 1933 1908 Eltham
1941 1901 1951 1917 ,
1967 1880 2073 1911 octavo
2087 1880 2134 1911 die
2148 1881 2257 1915 Martii.

1760 1955 1814 1984 Per
1830 1953 1933 1984 Billam
1950 1956 1982 1985 de
1997 1958 2115 1987 Privato
2133 1958 2232 1997 sigilla.

1318 2027 1467 2068 Confimiles
1484 2031 1598 2060 Literas
1622 2032 1834 2069 RegIsPatentes
1853 2031 1885 2061 de
1896 2031 1976 2069 salvo
2000 2034 2138 2065 Condus‘lu
2153 2058 2162 2074 ,
2186 2036 2264 2078 afflue
2287 2043 2337 2070 Fe-

1276 2063 1351 2104 stum
1369 2069 1545 2098 Nativitatis
1563 2070 1658 2098 Sanffl
1673 2069 1815 2108 Johnnnis
1833 2070 1964 2110 Baptistae
1975 2073 2098 2109 proximi)
2107 2074 2238 2113 futurum
2256 2079 2338 2109 dura-

1283 2111 1380 2144 turas,
1398 2105 1481 2136 habet
1499 2108 1569 2137 idem
1586 2107 1732 2146 Georgius
1744 2107 1797 2147 Jub
1812 2109 1903 2138 eadem
1921 2112 2011 2140 Data.

1743 2187 1798 2215 Per
1816 2184 1921 2216 Billam
1939 2187 1971 2217 de
1988 2189 2108 2219 Privato
2126 2190 2224 2229 sigillo.

1433 2320 1482 2352 De
1499 2321 1691 2352 Sacramenta
1707 2318 1896 2366 Adverfiirii
1915 2323 2002 2369 Regis
2022 2325 2193 2371 recipiendo.

1282 2402 1424 2458 REX,
1451 2402 1612 2434 Venerabili
1634 2404 1664 2435 i'n
1687 2403 1806 2435 Christo
1827 2404 1902 2436 Patri
1925 2406 2049 2438 Waltero
2064 2432 2074 2447 ,
2097 2409 2196 2442 eadem
2226 2413 2332 2452 gratia,
2349 2410 2422 2444 Ann.
2437 2411 2480 2444 D.

1360 2445 1387 2471 E
1405 2441 1483 2479 iscopo
1502 2441 1688 2482 Dunolmenfi,
1706 2443 1848 2474 cariffimo
1864 2443 2087 2487 Consanguineo
2108 2449 2156 2479 suo
2174 2449 2280 2480 Thomae
2299 2453 2331 2482 de
2375 2459 2460 2489 1400.

1277 2482 1360 2514 Percr
1427 2481 1488 2510 miti
1504 2481 1805 2520 Wygorniae,dile6to
1820 2483 1854 2513 ὅς
1872 2483 1946 2513 iideii
1962 2484 2049 2515 Militi
2065 2486 2164 2518 nostro
2185 2488 2330 2520 Willielmo
2348 2492 2389 2516 Aa
2422 2499 2446 2518 ι.

1278 2519 1310 2548 de
1328 2521 1421 2548 Heron
1442 2518 1575 2549 Domino
1588 2519 1624 2549 de
1639 2519 1751 2557 Say,&
1765 2520 1871 2551 dilecto
1879 2520 1995 2553 Clerico
2008 2524 2105 2555 nostro
2120 2525 2330 2558 RichardoHol-
2348 2532 2381 2555 H.
2405 2539 2433 2563 4·

1280 2569 1321 2587 me
1335 2556 1488 2588 Canonico
1504 2556 1637 2588 Ecclefiae
1653 2557 1824 2589 Cathedralis
1839 2559 1911 2590 beati
1927 2560 2002 2590 Petri
2016 2561 2162 2602 Eborum,
2182 2565 2314 2598 Salutem.
2346 2570 2431 2593 Franc.
2456 2576 2480 2595 1·

1318 2595 1416 2626 Sciatis
1432 2595 1511 2633 qubd
1525 2596 1610 2633 Nos,
1927 2636 1932 2640 Ι
2348 2609 2382 2632 H.
2399 2615 2426 2640 4.
2439 2614 2477 2633 m.

1318 2633 1367 2664 De
1382 2634 1404 2664 F
1406 2633 1524 2664 idelitate
1537 2635 1669 2672 probata,
1686 2644 1719 2665 ac
1734 2635 1991 2673 circumspectione
2004 2659 2014 2675 ,
2038 2638 2071 2668 &
2086 2638 2218 2673 industria
2238 2643 2335 2674 vestris
2350 2651 2359 2669 ¹
2370 2652 2390 2669 1-

1279 2672 1423 2710 ptovidis,
1441 2672 1553 2710 plenam
1566 2673 1600 2702 &
1613 2672 1729 2703 solidam
1747 2672 1880 2704 fiduciam
1895 2683 2083 2714 reportanteS,

1317 2710 1542 2748 Constituimus,
1561 2710 1769 2748 Deputavimus
1782 2734 1792 2749 ,
1810 2713 1843 2743 ὃς
1866 2712 2078 2749 Affignavimus
2108 2715 2167 2746 Vos
2184 2718 2335 2759 Quamm,

1280 2749 1372 2787 Tres,
1392 2750 1423 2781 ὃ(
1442 2748 1524 2779 Duos
1540 2748 1666 2780 vestrum
1689 2752 1832 2787 (quorum
1849 2750 1968 2781 alterum
1995 2752 2122 2783 vestrfim
2146 2765 2196 2785 vos
2217 2758 2333 2795 prefati

1280 2788 1398 2825 Epilc‘opi
1413 2787 1450 2822 όν
1465 2791 1554 2817 Comes
1573 2798 1662 2818 unum
1675 2787 1730 2818 effe
1745 2788 1894 2826 volumus)
1915 2790 1971 2819 tam
1987 2790 2021 2821 ad
2043 2791 2255 2825 Sacramentum
2269 2800 2332 2826 Ka-

1281 2825 1331 2855 roli
1345 2825 1511 2863 Adversarii
1524 2825 1606 2864 nostri
1624 2829 1764 2864 Franciae,
1782 2836 1866 2864 quam
1882 2827 1916 2857 ad
1924 2827 2102 2860 Sacramenta
2120 2830 2332 2874 Donii'norum,

1281 2864 1518 2902 Officiariorum,
1533 2874 1566 2895 ac
1582 2864 1701 2895 aliorum
1717 2864 1901 2895 Subditorum
1916 2865 2029 2896 suorum
2038 2889 2048 2905 ,

1319 2901 1371 2933 Per
1385 2912 1454 2941 vos,
1461 2903 1569 2971 sinThac
1584 2911 1679 2942 parte,
1696 2903 1795 2933 nostro
1808 2903 1956 2942 Nomine,
1975 2903 2241 2948 Requirendorum,

1355 2941 1413 2971 uod
1429 2942 1437 2970 i
1470 2954 1478 2970 i
1526 2951 1623 2977 reugas

1316 2941 1393 3010 &er
1408 2951 1641 3017 Aiiibasfiatores}
1660 2977 1895 3018 commissarios,
1911 2980 1944 3010 ὃς
1965 2980 2121 3019 Deputatos
2144 2983 2266 3016 Domini
2281 2990 2332 3018 Ri-

1278 3017 1371 3047 chardz'
1396 3027 1484 3054 nuper
1507 3020 1584 3055 Regis
1603 3017 1715 3053 Angliae
1729 3017 1850 3048 Secundi
1874 3018 1936 3055 post
1957 3018 2157 3058 Conquestum
2208 3026 2241 3056 &
2259 3027 2333 3057 Am-
2347 3040 2363 3055 ρ
2388 3042 2472 3070 VIII·

1278 3056 1443 3093 basiatores,
1462 3054 1695 3094 Commiffarios,
1706 3057 1739 3087 &
1748 3055 1906 3094 Deputatos
1916 3057 2031 3097 praesati
2047 3045 2216 3100 Adversririi
2228 3064 2329 3104 nostri,
2371 3087 2382 3104 ι
2391 3088 2401 3098 ,
2409 3088 2435 3115 Ξ,

1277 3094 1381 3124 ultimo
1397 3102 1490 3131 captas
1505 3095 1539 3125 &
1554 3093 1692 3137 firmatas,
1815 3135 1820 3139 ,
1871 3133 1876 3138 ⁴
2390 3099 2402 3115 ³

1314 3131 1347 3162 In
1364 3133 1499 3162 omnibus
1512 3133 1546 3164 &
1563 3132 1673 3171 singulis
1687 3133 1738 3163 suis
1758 3132 1907 3171 Articulis,
1925 3143 1977 3171 pro
1995 3144 2071 3172 parte
2082 3136 2145 3174 sua,
2163 3137 2281 3170 firmiter
2293 3141 2327 3172 δε

1276 3171 1471 3201 inviolabiliter
1487 3171 1623 3201 tenebunt
1646 3171 1679 3201 &
1702 3171 1887 3202 observabunt
1904 3193 1914 3210 ‚
1940 3171 2099 3204 Petendum
2120 3177 2154 3206 ὃ(
2172 3176 2327 3216 Recipien-

1273 3209 1343 3239 dum

1310 3233 1440 3278 Ne'cnon
1454 3246 1487 3277 ad
1504 3247 1609 3277 Literas
1620 3247 1852 3286 Testimoniales,
1871 3247 1968 3286 Sigillo
1982 3249 2089 3286 praefati
2105 3250 2259 3284 Adversarii
2269 3265 2323 3285 no-

1274 3285 1344 3323 stri,
1370 3285 1546 3315 Sacramenta
1567 3285 1699 3322 praedicta
1723 3286 1916 3316 Testificantes
1929 3308 1940 3324 ,
1966 3287 2087 3318 similiter
2110 3289 2267 3322 Petendum
2289 3295 2323 3325 &

1273 3323 1450 3362 Exigendum
1466 3345 1475 3361 ,
1499 3324 1533 3354 δε
1552 3324 1636 3354 vobis
1652 3325 1784 3363 Qatuor
1798 3347 1807 3362 ,
1829 3325 1954 3362 Tribus,
1981 3325 2033 3356 vel.
2049 3326 2170 3358 Duobus
2195 3330 2321 3361 vestrsim

1273 3362 1282 3399 (
1293 3371 1412 3399 quorum
1427 3361 1540 3391 alterum
1554 3361 1680 3392 vestrum
1696 3373 1747 3393 vos
1758 3361 1872 3402 praefati
1884 3363 2006 3402 Epifiope
2023 3365 2057 3396 ὃ(
2067 3369 2158 3396 Comes
2170 3376 2259 3399 unum
2268 3370 2323 3401 elle

1270 3400 1418 3435 volumus)
1442 3399 1604 3430 immediate
1618 3423 1628 3438 ,
1651 3399 1716 3438 post
1738 3400 1934 3432 Praestationes
1963 3403 2132 3434 eorumdem
2158 3404 2323 3439 Sacramen-

1269 3446 1381 3475 torum‚
1400 3438 1506 3469 liberari
1522 3437 1706 3476 faciendum,
1982 3478 1987 3483 ἡ

1305 3476 1341 3507 Et
1352 3476 1385 3506 ad
1408 3477 1505 3506 omnia
1523 3476 1573 3507 alia
1588 3499 1598 3514 ,
1623 3479 1652 3507 in
1672 3477 1730 3508 hoc
1762 3476 1833 3507 Casu
1856 3477 2005 3509 necessaria
2032 3478 2077 3508 seu
2099 3482 2319 3517 quomodolibet

1269 3524 1426 3552 oportuna,
1446 3514 1619 3545 faciendum
1635 3517 1668 3547 ὅ(
1685 3515 1905 3559 Exequendum,
2075 3556 2080 3560 ι

1304 3553 1340 3583 Et
1362 3552 1429 3583 ideo
1452 3553 1533 3582 vobis
1555 3552 1724 3583 Mandamus
1745 3553 1825 3592 quod
1840 3576 1849 3591 ,
1876 3563 1951 3597 circa
1975 3553 2120 3598 Praemissa
2142 3556 2268 3590 facienda
2281 3561 2316 3592 ὃς

1264 3591 1442 3630 exequenda,
1458 3590 1552 3621 Partes
1567 3591 1685 3629 vestras,
1701 3601 1771 3622 cum
1791 3593 1872 3622 omni
1888 3591 2031 3631 diligentia
2052 3595 2086 3624 &
2108 3595 2253 3635 efficacia,
2269 3599 2318 3630 ad—

1267 3630 1383 3660 hibeatis
1399 3629 1517 3660 solicitas
1527 3631 1562 3660 ὃς
1574 3629 1720 3668 discretas,

1302 3668 1385 3705 Nos,
1402 3668 1435 3699 &
1447 3666 1616 3698 Concilium
1629 3667 1775 3704 nostrum,
1793 3666 1829 3697 de
1842 3668 1975 3698 omnibus
1988 3669 2022 3700 &
2044 3669 2171 3709 smgulis,
2188 3682 2250 3709 quae
2265 3684 2315 3712 per

1264 3716 1331 3743 vos,
1343 3706 1533 3745 &equorum
1549 3706 1608 3736 διε.
1629 3706 1700 3737 Aeta
1710 3728 1719 3744 ,
1738 3704 1907 3743 Gesta,sive
1922 3706 2070 3737 Procurata
2087 3710 2188 3740 fuerint
2197 3712 2225 3741 in
2235 3711 2313 3743 Prae-

1263 3745 1366 3782 miffis,
1384 3743 1581 3781 certificantes,
1598 3753 1631 3773 ac
1649 3746 1676 3773 in
1689 3743 1812 3781 Scriptis·
1821 3745 1903 3781 plene
1922 3745 1954 3775 ὃ(
1968 3745 2092 3782 expresse
2106 3747 2274 3783 redigentes.

1299 3783 1365 3813 Dat.
1383 3783 1411 3811 in
1431 3780 1539 3811 Palatio
1556 3780 1643 3821 nostro
1659 3780 1765 3822 Westm.
1784 3781 1835 3812 sub
1850 3781 1951 3821 Magni
1966 3783 2054 3821 sigilli
2067 3785 2153 3816 nostri
2160 3785 2313 3820 Testimo-

1261 3822 1328 3861 nio,
1346 3821 1463 3851 decimo
1475 3819 1521 3851 die
1535 3819 1644 3851 Martii.

1937 3897 1990 3926 Per
2007 3895 2089 3936 ipsum
2105 3899 2208 3937 Regem.

2278 4143 2323 4175 De
