2561 4251
208 67 291 108 124.
635 39 1444 91 CONVENTIONES,
1516 41 1906 95 LITERAE,

58 137 184 169 Arm-'D-
202 142 260 172 ritis
273 140 320 171 vel
334 140 482 177 sciveritis,
501 137 587 167 ctiam
603 136 621 166 si
636 144 767 174 oporteat
783 134 874 165 Manu
888 134 972 171 forti,
991 140 1124 168 tanquam
1147 127 1279 172 Rebelli-
1314 124 1434 162 tatibus,
1452 124 1571 169 Burgis,
1590 126 1672 157 Villis
1696 125 1878 157 Mercatoriis
1893 152 1903 166 ,
1925 130 1959 160 ὃς
1973 129 2029 160 allis
2045 128 2149 166 Loci«,
2168 127 2237 159 infra
2252 127 2387 167 Regnum
2404 123 2479 156 Am,
2491 126 2559 165 ΒΑΜ

78 179 163 217 1381.
201 181 255 209 bui
276 182 310 211 &
333 179 456 209 Inimicis
478 176 594 213 nostris,
620 177 654 206 ὃς
675 175 762 204 totius
781 173 877 212 Regni
897 172 1005 209 nostri,
1033 168 1210 213 Relistendi,
1240 167 1274 197 &
1318 163 1449 193 nostrum
1467 165 1596 203 Angliae,
1849 203 1854 208 ⁵
1975 205 1980 210 .
2181 207 2184 211 ι
2222 207 2226 210 .
2424 166 2510 209 333¹·
2526 203 2534 206 ἢ
2555 168 2561 203 {

57 220 108 245 Ric.
130 227 155 248 2.
205 219 363 255 quemlibet
384 218 524 253 ipsorum,
539 215 616 249 juxra
636 213 761 251 ipsorum
786 211 935 241 Demerita
957 211 991 240 &
1008 208 1203 238 Discretiones
1224 213 1275 235 ve·
1356 201 1395 232 Et
1416 202 1497 246 quud
1517 203 1592 232 nulla
1612 202 1689 246 Aera
1708 202 1828 240 Terrae,
1846 213 1877 232 iri
1891 202 2085 247 comitatibus
2098 206 2258 244 praedictis,
2278 215 2344 243 quae
2357 206 2387 242 in
2403 208 2457 232 Κισ-
2475 214 2505 233 2.
2520 214 2559 246 x.⁵

205 257 289 294 stras,
310 253 465 290 Puniendi,
483 254 517 283 &
535 252 754 282 Insurrectiones
766 251 800 281 &
813 249 1009 279 Turbationes
1030 247 1235 285 quascumque,
1253 242 1275 272 si
1319 239 1471 278 Bondagio
1492 241 1538 271 vel
1556 241 1681 283 Servitio
1701 249 1811 285 tenetur
1826 264 1836 278 ,
1854 242 1935 288 “ssffffls
1949 252 2035 279 quam
2049 245 2084 274 ad
2100 246 2232 283 Qiatuor
2250 244 2389 274 Denarios

205 305 271 334 qua:
287 293 392 324 ibidem
408 290 500 329 (quod
515 291 595 327 absit)
612 290 679 320 fiant
716 287 885 319 Pacificandi
900 287 933 317 &
951 285 1090 323 Sedandi,
1319 279 1468 310 haberetur
1482 301 1493 318 ‚
1519 280 1552 310 &
1566 303 1577 318 ,
1602 282 1622 309 h
1642 288 1698 318 qua
1710 289 1806 309 minus
1817 287 1899 311 antea
1911 288 1988 310 tenta
2000 281 2112 322 fuiffet,
2124 284 2315 322 imposterum
2327 292 2388 313 non

246 333 284 363 Et
299 332 395 362 omnia
410 330 461 360 alia
477 329 608 359 Faciendi
624 330 658 359 ὃς
672 314 855 364 exequendi,
868 334 933 362 quie
948 323 1206 367 Conservationem
1220 320 1277 368 P3-
1319 317 1501 357 exaltaretur,
2097 338 2100 341 .

205 373 246 403 cis
261 370 364 400 nostrae
377 371 411 400 &
427 369 564 406 Qiietcm
581 367 685 404 Populi
701 364 790 395 nostri
805 373 979 394 conceriiere
999 371 1149 402 poterunt,
1167 370 1197 391 in
1220 360 1275 390 Li-
1359 356 1429 387 Nos
1443 366 1558 395 tamen,

208 411 293 441 vitate
308 410 341 439 δε
355 407 502 438 Suburbiis
516 406 685 444 supradictis.

246 446 279 477 In
295 447 390 484 cujus,
407 446 469 476 &c.
944 480 961 485 ..

280 483 372 515 Teste
388 484 472 523 Rege
484 481 557 521 apud
570 481 721 513 Waltham
734 480 809 512 xxiii.
827 479 873 511 die
883 479 971 519 Junii.

1358 393 1418 438 Pro
1448 405 1484 426 eo
1515 394 1597 434 qubd
1618 395 1707 427 dietae
1732 395 1839 426 Liteiae
1861 394 1899 426 de
1920 392 2010 426 Curia
2033 395 2144 436 nostra,
2162 399 2266 438 absque
2279 399 2388 431 matura

1320 431 1538 465 Deliberatione
1550 456 1561 472 ,
1585 435 1618 465 &
1633 435 1776 473 indebite,
1793 434 1977 472 emanarunt,
1998 435 2200 472 perpendentes
2214 438 2389 470 Conceffio-

1321 481 1392 501 nem
1400 472 1559 503 Literaruru
1576 473 1778 511 praedictarum
1795 475 1823 503 in
1831 473 1919 504 nostri
1930 474 1963 504 &
1972 471 2102 503 Coronae
2116 474 2219 506 nostrae
2228 479 2389 508 maximum

1322 509 1524 548 Praejudiciurn
1538 534 1548 549 ,
1572 522 1606 542 ac
1627 513 1687 543 tam
1701 514 1731 543 in
1747 511 1867 550 Nostri,
1887 513 1921 543 &
1937 511 2141 550 Praelatorum,
2159 512 2334 555 Procerum,
2353 518 2389 548 ὃ(

1323 547 1496 586 Magnarum
1510 550 1580 580 dieti
1595 550 1693 589 Regni
1707 551 1813 590 nostri,
1832 551 1919 589 quam
1933 550 2124 582 sacrosanctae
2137 550 2270 584 Ecclefiae
2288 554 2390 594 Angli-

1323 596 1404 617 cariae
1429 587 1693 619 Exhaeredationem
1707 613 1717 626 ,
1741 599 1859 620 necnon
1884 589 2077 628 Dispendium
2104 590 2139 620 &
2159 589 2389 625 Incommodum

1323 624 1504 663 Reipublicae
1517 626 1633 658 tendere
1645 627 1811 665 manifeste,

1362 664 1463 696 Dietas
1476 666 1600 703 Lireras,
1617 666 1652 697 &
1665 660 1803 703 quicquid
1819 664 1922 696 exinde
1933 664 2017 696 fuerit
2032 663 2211 698 subsecutum
2228 690 2238 706 ,
2262 668 2300 700 de
2316 669 2388 702 Avi-

1321 703 1449 734 samento
1465 703 1592 735 Concilii
1606 703 1710 743 nostri,
1727 703 1849 734 Tenore
1861 703 2386 745 Praesentium,Revocavimus‚Cas-

1320 741 1457 782 favimus,
1476 742 1667 781 Irritavimus‚
1685 743 1720 774 &
1734 742 1952 774 Adnullavimus
1986 743 2021 773 ὃς
2038 743 2074 773 de
2088 743 2167 775 fadlzo
2180 745 2367 778 Revocamus

1322 779 1490 820 cassamus,
1507 781 1670 819 Irritamus‚
1688 782 1723 812 &
1735 781 1847 820 penitus
1861 764 2061 827 Adnulfamus,
2136 813 2140 817 ,
2373 770 2400 797 ”

1360 819 1505 851 Nolentes
1519 820 1601 859 qued
1614 821 1650 851 ali
1691 822 1728 858 is,
1747 821 1940 857 cujuscunque
1953 819 2048 850 Status
2063 818 2109 850 seu
2124 819 2308 853 Conditionis
2323 823 2389 855 fue-

1321 858 1639 929 ‘itSdLiizegtiioebnssafiie
1681 858 1855 890 ommodum
1867 858 1982 897 aliquod
1996 858 2033 889 de
2046 858 2186 897 praediCtis
2199 861 2300 893 Literis
2314 872 2390 901 quo·

1323 907 1354 928 m
1395 908 1434 929 oi
1474 907 1532 929 ta
1585 906 1698 928 teure
1739 906 1792 928 rtet

1362 936 1503 968 Volumus
1520 938 1599 967 enim
1623 938 1656 968 &
1680 907 1848 968 Iffintio’nis
1865 936 1972 968 nostrae
1983 935 2171 968 existietalem
2185 934 2318 969 Gratiam
2332 939 2389 970 sin-

1342 975 1392 1005 ulis
1403 975 1527 1006 Subditis
1541 974 1659 1012 nostris,
1677 977 1807 1014 quamvis
1819 977 1974 1006 enormiter
1993 985 2095 1007 contra
2109 976 2288 1014 Ligeantiam
2309 977 2387 1011 suam

1333 1014 1521 1051 orisfecerint,
1540 1014 1578 1044 de
1592 1014 1776 1045 Avisamento
1789 1014 1845 1044 sani
1859 1013 1980 1045 Consilii
1994 1014 2103 1052 nostri,
2120 1015 2312 1053 imposterum
2330 1017 2386 1047 im-

1322 1053 1415 1090 partiri
1430 1063 1495 1091 quae
1510 1052 1579 1083 Deo
1594 1052 1752 1091 placabilis,
1769 1053 1907 1090 nobisque
1920 1054 1954 1084 ὅ(
1968 1052 2079 1091 Regno
2091 1053 2191 1085 nostro
2203 1054 2276 1085 utilis
2291 1054 2388 1093 fuerit,

1321 1092 1356 1122 ὃς
1379 1092 1453 1122 unde
1472 1091 1566 1122 fideles
1587 1091 1700 1122 Subditi
1721 1090 1808 1122 nostri
1829 1092 1998 1128 reputabunt
2012 1093 2212 1124 rationabiliter
2223 1093 2250 1124 se
2263 1103 2388 1125 conteu-

898 560 953 588 Per
970 555 1052 596 ipJum
1065 556 1170 593 Regem.

332 638 503 670 consimiles
519 636 625 669 Literae
639 636 800 674 diriguntur
815 635 986 674 subscriptis3
1004 632 1155 670 videlicet,

244 716 370 756 Majori',
388 716 449 748 &c.
470 714 554 747 Villae
569 714 606 746 de
620 712 795 754 Kyngeston
809 712 890 752 super
905 711 993 750 Hull,
1011 710 1072 742 δίε.

275 859 325 892 De
340 856 560 892 Proclamando
579 854 663 903 quod
677 856 794 887 Nativi
809 855 846 891 (ῥ’
864 852 933 885 Alii
948 854 1087 885 Tenentes
1094 851 1217 896 faciant

443 904 671 952 consuetudines
687 906 724 942 Θ
741 904 879 936 Servitia
896 913 949 934 con
962 910 1043 933 ueta.
1234 899 1239 905 ’

58 1013 136 1083 Αηη8.
150 1013 194 1044 D.
211 1007 346 1065 REX,
364 1005 472 1038 dilectis
487 1007 520 1038 &
534 1005 662 1037 fidelibus
675 1004 744 1041 suiS‚

81 1061 114 1092 13
142 1062 166 1082 1.

57 1095 110 1119 An.
130 1102 158 1127 4.
215 1084 378 1122 lVillielmo,
396 1087 511 1114 Domino
526 1083 558 1112 de
578 1082 725 1123 Bardoffe,
767 1078 888 1117 Philippo
903 1081 1031 1117 Spencer,

765 1118 881 1148 Roberto
897 1120 962 1146 Roas
970 1141 979 1153 ,

58 1135 88 1158 R.
111 1140 136 1157 2.
214 1125 344 1162 Roberto,
362 1126 477 1152 Domino
491 1122 522 1151 de
541 1120 704 1160 l‘Vylughby‚
890 1159 893 1162 .
1321 1139 1366 1160 tos

57 1168 145 1205 ‘mus'
163 1179 191 1205 4·
214 1161 359 1208 Johanmj,
378 1164 494 1207 Domino
507 1161 538 1189 de
553 1160 581 1190 la
595 1163 710 1198 Warre,
765 1156 893 1195 J⁰h⁶m¹¹
909 1154 998 1194 Creffy
1005 1177 1015 1192 ’
1359 1152 1396 1199 fit
1417 1168 1479 1200 haec
1500 1168 1636 1199 omnibus
1651 1192 1661 1207 ,
1687 1178 1812 1207 quorum
1825 1168 1959 1208 interest,
1976 1167 2180 1201 Innotescimus
2193 1179 2244 1208 per
2260 1170 2388 1202 Praesen-

58 1212 89 1235 R.
110 1216 135 1235 2.
154 1217 190 1234 m.
212 1199 356 1238 Johanm,
378 1203 494 1229 Domino
509 1199 541 1229 de
557 1198 672 1237 Wlles,
766 1195 880 1225 Roberto
893 1194 924 1223 de
937 1194 1028 1231 Leek,
1322 1215 1363 1238 tes
1373 1218 1379 1223 ,

58 1255 108 1281 42.
131 1246 150 1274 d

768 1233 927 1270 Militibus,

761 1276 861 1302 Simoni
874 1274 982 1311 Symeon
990 1293 1000 1309 ,

762 1310 892 1350 Johanm'
909 1312 1028 1346 nger,

763 1349 893 1388 Johanni
907 1347 990 1387 Buffy
998 1371 1008 1386 ,

767 1389 811 1418 W
809 1386 916 1417 illielmo
932 1390 1051 1427 Spayne,

765 1426 873 1456 Thomae
886 1426 918 1455 de
929 1425 957 1454 la
972 1423 1106 1461 Launde,

766 1465 803 1495 Et
826 1465 941 1494 Ricardo
964 1465 996 1493 de
1017 1462 1108 1503 Wlby
1123 1460 1160 1493 de
1172 1460 1278 1493 Kirke-

805 1512 875 1541 ton,
894 1503 1027 1534 Salutem.

149 1267 156 1275 ‚
212 1239 332 1278 Philippo
346 1239 378 1268 de
394 1241 504 1274 Darcy,

211 1278 353 1316 Radulpho
367 1277 399 1307 de
413 1275 605 1315 Crombmnell,

214 1319 257 1348 W
255 1316 363 1347 illielmo
378 1317 411 1345 de
425 1314 572 1356 PVylughby
581 1337 592 1354 ,

211 1356 340 1396 Johanm'
354 1355 387 1385 de
398 1353 547 1392 Toutheby,

215 1398 258 1426 W
255 1394 362 1424 illielmo
378 1394 408 1423 de
422 1393 551 1430 Fraunk,

214 1432 362 1466 lVillielmo
376 1434 408 1462 de
422 1431 535 1472 Belesby
543 1454 554 1469 ,

213 1471 359 1503 Anketillo
376 1469 503 1510 Malory,

216 1511 340 1542 Waltero
356 1510 544 1550 Petwardyn‚

217 1553 260 1582 W
259 1549 368 1582 illiclmo
383 1552 547 1588 Marmytm,

1360 1245 1472 1277 Damus
1484 1254 1595 1284 autem,
1612 1247 1671 1277 tam
1686 1246 1819 1278 universis
1839 1246 1873 1278 &
1888 1246 1998 1287 singulis
2011 1246 2168 1286 Dominis,
2186 1245 2389 1288 Magnatibus,

1321 1284 1356 1315 &
1378 1285 1435 1316 aliis
1456 1285 1597 1316 Fidelibus
1642 1285 1756 1324 Ligeis,
1773 1286 1807 1316 &
1820 1285 1946 1317 Subditis
1958 1285 2076 1324 nostris,
2093 1287 2183 1324 quarn
2196 1285 2387 1319 vicecomiti-

1323 1323 1391 1369 bus,
1406 1324 1439 1355 &
1451 1324 1509 1355 aliis
1525 1309 1665 1354 Minifftris
1680 1323 1799 1362 nostris,
1817 1323 1985 1368 Comitatus
2003 1324 2125 1368 Effexiae
2135 1349 2146 1363 ,
2171 1323 2292 1356 Tenore
2308 1325 2390 1357 Prae-

1321 1361 1457 1406 sentium,
1475 1362 1592 1393 firmiter
1608 1364 1638 1394 in
1653 1362 1811 1401 Mandatis,
1830 1363 1909 1401 quod
1924 1365 1975 1404 ipii
1989 1365 2136 1401 praesentes
2151 1362 2257 1394 Literas
2269 1362 2390 1403 nostras,

1321 1411 1350 1431 in
1363 1402 1474 1442 lingulis
1488 1400 1677 1440 Civitatibus,
1696 1401 1751 1432 Bur
1771 1403 1808 1440 is,
1826 1403 1860 1434 ὃς
1875 1402 1932 1433 aliis
1948 1401 2043 1440 Villis,
2058 1402 2092 1433 &
2108 1401 2196 1433 Locis
2210 1425 2221 1441 ‚
2239 1403 2268 1433 in
2283 1401 2390 1434 Comi-

1321 1447 1386 1509 {²2¹2
1395 1440 1749 1511 resistentiam
1765 1441 2157 1518 eibssztssseffasseisra
2167 1441 2391 1518 saetae
2406 1437 2515 1515 3:3¹¹*

1343 1518 1348 1522 .
1389 1504 1399 1516 ¹
1731 1502 1741 1519 2
2376 1498 2391 1505 -
2468 1499 2476 1506 ι

1323 1524 1397 1548 ciant

1362 1542 1492 1587 Ul'terius
1506 1555 1635 1588 distriffie
1655 1556 1855 1595 Praecipiendo
1869 1556 1950 1595 qubd
1965 1566 2068 1588 omnes
2083 1558 2117 1589 ὅτ,
2132 1557 2246 1602 singuli,
2263 1559 2322 1590 tam
2336 1558 2391 1589 Li-

1323 1595 1400 1634 beri,
1419 1595 1507 1633 quiim
1523 1595 1646 1634 Nativi,
1661 1595 1775 1634 Opera,
1794 1594 2039 1635 eonsuetudines,
2057 1597 2091 1627 &
2103 1596 2239 1634 Servitia,
2259 1607 2325 1636 quae
2339 1598 2391 1636 ipsi

1325 1634 1424 1664 Nobis
1443 1643 1475 1664 ac
1494 1634 1553 1665 aliis
1572 1633 1709 1665 Dominis
1729 1634 1780 1664 suis
1801 1634 1896 1665 facere
1908 1634 2030 1672 deberit,
2049 1636 2083 1666 &
2097 1645 2163 1666 ante
2176 1635 2393 1668 Turbationem

1325 1672 1494 1711 praedistam
1512 1672 1605 1703 facere
1624 1672 1834 1704 consueverunt
1845 1695 1856 1710 ,
1871 1672 1974 1711 absque
1989 1671 2241 1712 Contradierione,
2259 1684 2394 1706 murmu-

1325 1722 1374 1782 ἓξ,
1393 1711 1575 1750 Resistentia,
1593 1710 1639 1743 seu
1661 1709 1825 1743 difficultate
1844 1711 1946 1743 saciant
1962 1710 2096 1751 aliquali,
2120 1721 2206 1751 prout
2225 1721 2306 1744 antea
2319 1712 2394 1745 sole-

1361 1759 1480 1834 ‘fii’fiiper
1501 1787 1663 1821 Inhibendo
1685 1789 1788 1834 eisdem
1809 1790 1847 1820 ne
1868 1788 1918 1834 ipsi
1941 1787 2039 1828 Opera
2051 1811 2062 1828 ,
2086 1787 2313 1823 Consuetudines
2327 1816 2337 1830 ,
2354 1791 2391 1824 &

1327 1828 1445 1860 Servitia
1460 1829 1505 1859 sua
1521 1829 1676 1866 praediCta,
1693 1828 1751 1859 istis
1763 1828 1980 1860 Turbationum
1996 1829 2189 1866 temporibus,
2207 1830 2294 1868 magis
2308 1830 2392 1861 solito

1327 1868 1483 1906 retrahant,
1498 1868 1544 1899 seu
1560 1867 1661 1898 Nobis
1673 1876 1721 1899 aut
1735 1867 1877 1905 praedietis
1891 1866 2030 1898 Dominis
2045 1867 2097 1897 suis
2112 1866 2205 1898 facere
2218 1867 2276 1898 ullo
2289 1869 2392 1900 colore

1328 1906 1469 1938 retardent
1485 1929 1495 1944 ,
1521 1916 1575 1937 nec
1599 1907 1690 1945 aliqua
1712 1906 1763 1936 alia
1776 1905 1933 1936 Libertates
1944 1906 2001 1937 sive
2013 1905 2161 1945 Privilegia
2175 1907 2304 1944 exigant,
2321 1916 2393 1938 ven-

1327 1946 1442 1984 dicent,
1459 1945 1516 1976 sive
1536 1944 1676 1983 clament,
1697 1945 1783 1983 quarn
1803 1953 1867 1975 ante
1887 1945 2099 1976 Turbationem
2122 1944 2288 1982 praedictam
2309 1946 2396 1977 ratio-

1328 1984 1457 2016 nabiliter
1478 1984 1636 2014 habuerunt
1650 2006 1660 2021 ,
1686 1984 1720 2014 &
1739 1983 1820 2022 quod
1839 1982 1887 2020 ipsi
1902 2007 1912 2021 ,
1936 1984 1985 2021 qui
2006 1982 2152 2021 praedictas
2167 1982 2274 2014 Literas
2287 1983 2396 2016 nostras

1329 2021 1562 2054 Manumiffionis
1581 2024 1615 2054 ὅτ.
1638 2022 1853 2053 Pardonationis
1875 2032 1960 2061 penes
1979 2021 2005 2052 se
2027 2022 2131 2052 habent
2149 2021 2194 2052 seu
2211 2020 2396 2062 custodiunt,

1328 2072 1374 2093 ms
1387 2061 1478 2092 statim
1495 2071 1579 2099 penes
1593 2061 1663 2092 Nos
1680 2062 1713 2092 &
1738 2060 1908 2092 Concilium
1921 2059 2051 2091 nostrum
2064 2060 2190 2092 deferant
2203 2061 2237 2093 δι’
2248 2060 2392 2093 restituant

1329 2099 1536 2138 cancellandas,
1554 2100 1604 2131 sub
1619 2099 1688 2131 Fide
1700 2100 1733 2131 &
1749 2099 1897 2138 Ligeantia
1911 2100 2013 2137 quibus
2026 2099 2110 2130 nobis
2130 2107 2277 2138 tenentur,
2295 2100 2328 2131 &
2342 2098 2394 2130 sub

1329 2139 1353 2171 F
1354 2138 1520 2210 olrlisfaQura
1529 2139 1665 2208 {emnium
1680 2148 1745 2177 quae
1757 2139 1841 2169 nobis
1855 2138 2016 2169 forisfacere
2029 2146 2163 2177 poterunt
2178 2138 2207 2168 in
2222 2137 2360 2170 futurum.

1417 2188 1453 2208 cu
1464 2187 1494 2207 us
1565 2187 1592 2208 c.
2120 2187 2126 2192 ·

1403 2188 1493 2248 Teite
1503 2201 1590 2256 ’Rege
1603 2215 1678 2255 apud
1691 2214 1910 2247 Chelmersford
1918 2237 1928 2254 ,
1946 2214 2082 2247 Secundo
2095 2213 2143 2246 die
2154 2213 2235 2255 Julii.

259 1627 432 1660 Mandanius
450 1625 560 1663 Vobis,
585 1623 618 1654 &
639 1621 754 1653 cuilibet
773 1609 900 1652 v'estrsim
917 1644 926 1658 ,
953 1617 1068 1663 firmiter
1086 1618 1282 1657 injungentes,

218 1668 300 1707 qubd
314 1667 425 1703 statim,
443 1665 505 1696 visis
521 1663 717 1701 praesentibus,
736 1669 914 1698 quacumque
933 1658 1119 1689 Excusatione
1141 1656 1283 1693 cessante,

217 1709 248 1738 in
261 1706 384 1743 Singulis
400 1705 585 1740 Civitatibus,
605 1701 715 1739 Burgis‚
735 1699 814 1730 Villis
838 1698 1037 1735 Mercatoriis,
1056 1698 1089 1728 &
1108 1696 1166 1726 aliis
1186 1694 1283 1739 Villis,

217 1747 252 1777 &
276 1742 384 1783 Locis,
417 1745 445 1774 in
467 1742 615 1773 Comitatu
639 1738 799 1769 Lincolniae
815 1761 824 1774 ,
851 1738 884 1767 &
909 1734 1281 1780 quibuscumque-partibus

216 1783 360 1822 ejusdem,
386 1782 444 1812 tam
465 1781 538 1811 infra
562 1779 736 1815 ubertates,
757 1777 844 1814 quam
863 1783 956 1812 extra,
979 1776 1029 1805 ubi
1049 1773 1200 1817 expediens
1219 1772 1282 1817 sore

215 1822 338 1854 videritis
366 1821 399 1851 &
420 1820 531 1851 necesse
545 1842 554 1857 ,
587 1827 620 1848 ex
643 1824 720 1855 parte
741 1813 835 1845 nostra
855 1814 970 1851 publice
991 1812 1283 1855 proclamari'faciatis

215 1861 297 1899 quod
313 1868 413 1890 ornnes
428 1860 461 1891 &
477 1857 573 1898 singuli
588 1856 753 1891 Tenenrm,
771 1854 831 1883 tam
853 1853 952 1895 Liberi
989 1852 1076 1889 quam
1097 1850 1219 1895 Nativi,
1237 1849 1283 1879 O·

215 1910 296 1938 pera,
321 1897 564 1932 Consuetudines,
589 1896 623 1926 &
648 1893 782 1929 Servitia,
809 1901 872 1930 quae
891 1892 939 1929 ipli
960 1874 1097 1920 Dominis
1117 1890 1168 1921 suis
1190 1889 1283 1932 facere

218 1938 340 1976 debent,
358 1938 391 1968 δε
413 1937 449 1966 ab
467 1937 601 1974 antiquo,
628 1940 693 1963 ante
711 1931 943 1968 Turbationem,
960 1931 989 1959 iri
1003 1928 1117 1960 diversis
1129 1926 1285 1958 Comitan-

218 1978 271 2008 bus
286 1977 380 2015 Regni
394 1974 482 2005 nostri
498 1973 609 2013 Angliae
618 1973 677 2010 jam
699 1979 843 2005 exortam,
863 1969 956 1999 facere
977 1968 1204 2005 consueverunt,
1221 1967 1282 2010 abs-

217 2026 275 2054 que
295 2014 549 2051 Contradic'tione,
570 2011 740 2047 Murmure,
758 2007 946 2045 Resistentia,
963 2007 1009 2038 seu
1032 2006 1212 2037 Difficultatc
1235 2005 1285 2036 ali-

218 2054 295 2094 quali
307 2054 425 2091 faciant,
442 2061 527 2091 prout
542 2051 622 2082 antea
635 2049 777 2092 solebant,
792 2086 797 2092 ¹
864 2087 869 2092 ι
915 2087 919 2091 1
1131 2081 1137 2091 ι,

257 2092 295 2123 Et
309 2093 438 2127 ulterius,
457 2101 490 2121 ex
504 2099 580 2129 parte
595 2088 703 2126 nostra,
720 2086 848 2117 distriste
863 2084 1008 2116 inhibeatis
1024 2080 1104 2124 quod
1119 2084 1205 2116 iidem
1221 2079 1286 2114 ‘fe-

218 2140 332 2170 nentes,
350 2131 448 2161 Liberi
462 2138 508 2160 aut
523 2129 642 2165 Nativi,
660 2127 705 2157 seu
718 2126 763 2157 alii
780 2127 972 2163 quicumque,
991 2124 1105 2163 Opera,
1122 2123 1285 2154 Consuetu-

217 2170 312 2210 dines,
327 2179 373 2200 aut
393 2169 511 2199 Servitia
535 2168 579 2198 sua
600 2165 752 2207 praedicta,
778 2164 835 2195 istis
857 2164 1070 2195 Turbationum
1091 2163 1283 2202 temporibus,

216 2210 306 2248 magis
329 2209 411 2239 solito
432 2207 589 2244 retrahant,
608 2206 654 2236 seu
673 2215 703 2235 ea
726 2203 866 2242 praedietis
888 2199 1024 2232 Dominis
1048 2201 1099 2233 suis
1113 2202 1207 2232 facere
1223 2201 1283 2232 ullo

65 2255 81 2270 ⁸
103 2254 172 2281 VH.
217 2249 316 2280 colore
336 2248 354 2266 ²*
375 2245 528 2283 retardent,
547 2254 601 2275 nec
617 2244 709 2281 aliqua
729 2242 779 2272 alia
803 2242 958 2272 Libertates
978 2241 1035 2271 sive
1057 2240 1205 2279 Privilegia
1225 2241 1284 2284 exi-

217 2283 833 2356 em>effere‘sussuritssss
847 2279 1284 2356 gesseramus&
2022 2291 2170 2334 siff,
2183 2293 2290 2332 Regem.

216 2335 475 2396 'suebnfoaristiadtura’
485 2360 630 2392 Omnium
647 2369 711 2398 quae
734 2358 835 2389 Nobis
853 2357 1014 2389 forisfacere
1035 2365 1166 2397 poterunt
1186 2342 1283 2387 in⁷fu—
1367 2372 1539 2404 Confimssss
1559 2371 1625 2405 Lite
1627 2381 1665 2404 ηε
1685 2370 1768 2404 fa&
1785 2371 1820 2404 &
1839 2370 1931 2402 miffae
1949 2369 2011 2402 sum
2031 2379 2081 2410 per
2092 2369 2214 2412 fingulos
2227 2366 2396 2402 comitam

232 2413 315 2434 urum

218 2413 229 2436 t
256 2442 293 2472 Et
315 2425 417 2471 dmnes
438 2439 500 2470 illos
516 2462 524 2477 ‚
553 2448 625 2477 quos
645 2437 710 2476 post
736 2435 996 2467 proclamationem
1023 2434 1057 2466 &
1078 2434 1283 2466 Inhibitionem

216 2480 362 2519 praedictas
379 2479 533 2509 contrarios
547 2477 708 2507 inveneritis
720 2476 764 2506 seu
781 2475 911 2511 rebelles,
932 2473 1065 2504 Aresteris
1087 2476 1121 2506 ὃ(
1143 2474 1284 2513 Capiatis,

217 2520 252 2551 &
273 2519 345 2556 ipsos
368 2517 488 2547 Prisonis
510 2515 610 2546 nostris
635 2514 825 2552 Mancipetis,
843 2514 870 2543 in
886 2513 988 2543 eisdem
1006 2522 1164 2543 moraturos
1178 2523 1285 2551 quous-

220 2567 276 2595 que
292 2557 328 2586 de
343 2565 443 2586 eorum
458 2554 612 2585 Punitione
625 2554 702 2584 aliter
716 2553 875 2583 duxerimus
888 2551 1134 2589 demandandum
1154 2552 1187 2583 &
1207 2552 1283 2589 hoc,

221 2596 291 2626 sicut
309 2594 394 2628 Nos,
416 2594 447 2623 ἃ
462 2593 616 2623 Honorem
632 2592 760 2622 nostrum
773 2617 780 2630 ‚
795 2593 828 2622 δε
843 2591 1036 2622 Salvationcm
1048 2589 1162 2628 Jurium
1186 2590 1284 2630 Regni

219 2633 308 2666 nostri
323 2633 451 2668 diligitis,
469 2631 624 2661 nullatenus
638 2632 781 2660 omittatis.

257 2671 348 2704 Teste
362 2670 444 2712 Rege
458 2669 531 2708 apud
544 2669 701 2709 Haveryng
716 2677 781 2699 ante
794 2667 903 2705 Boure,
922 2667 1067 2698 tricesimo
1078 2667 1123 2698 die
1135 2667 1223 2707 Junii.

1329 2411 1450 2451 Angliae.

1377 2558 1435 2590 Pro
1465 2556 1543 2601 Rege
1567 2552 1691 2598 Castellae
1705 2580 1716 2597 ‚
1749 2562 1854 2586 contra
1879 2554 2024 2587 Fic‘liones
2045 2555 2083 2591 ὠ·
2108 2552 2349 2598 Dtffamationes

1750 2602 1988 2649 Inficrgentinm.

1336 2698 1465 2758 REX
1491 2699 1640 2732 Universis
1662 2699 1696 2731 &
1717 2694 1828 2738 singulis
1848 2696 2092 2737 Archiepiscopis,
2110 2695 2172 2728 &c.
2189 2694 2224 2727 ad
2237 2703 2311 2734 quos
2324 2703 2397 2734 prae-
2416 2698 2490 2731 Ann,
2499 2699 2546 2732 D,

1416 2740 1502 2771 sentes
1519 2740 1621 2770 Literae
1634 2739 1828 2777 pervenerint,
1846 2736 1970 2768 Salutem
2435 2739 2520 2778 1381.

1368 2777 1484 2809 Rumor
1505 2777 1618 2809 infestus
1663 2778 1713 2816 qui
1733 2775 1796 2807 Cor
1818 2775 1950 2821 nostrum
1963 2776 2034 2820 ultra
2048 2773 2170 2804 modum
2181 2771 2300 2804 artedeat
2312 2781 2396 2817 atque
2414 2783 2465 2806 An.
2481 2786 2509 2813 5,

1331 2801 1774 2894 seiestzaffaffisiza
1788 2811 2395 2891 iesslffgfffflsssffizlsszssffifaffissssffl

1332 2891 1428 2932 Regni
1444 2890 1549 2931 nostri,
1567 2902 1667 2924 contra
1681 2893 1856 2931 Ligeantiam
1874 2891 1951 2922 suain
1973 2892 2008 2922 &
2021 2890 2128 2921 Pacem
2141 2886 2285 2926 nostram,
2303 2887 2395 2920 rebel-
2413 2902 2449 2922 m.
2471 2901 2516 2930 34.

218 2956 221 2957 γ
1274 2944 1276 2946 ·
1331 2930 1387 2961 lice
1402 2932 1589 2972 insurgentes,
1606 2932 1777 2962 horribiliter
1789 2929 1881 2967 faeta,
2253 2931 2256 2935 “
2316 2965 2322 2970 ·

216 2975 271 3007 De
304 2974 500 3004 Revocatione
534 2969 740 3016 quarumdam
777 2972 956 3003 Literarum
981 2970 1224 3014 Manumiffionis
1245 2976 1282 3010 0}-
1346 3008 1351 3013 ²
1370 2967 1404 3013 ln
1419 2980 1474 3009 qua
1487 2970 1603 3014 quidem
1616 2970 1796 3000 Turbatione
1809 2965 1979 3012 iidernlnsu
2014 2975 2110 3009 entes,
2126 2963 2396 3010 tanquam.Diabo-

262 3018 491 3053 Par-donationis
508 3045 518 3061 ‚
543 3019 682 3064 seviente
706 3015 792 3052 Plebe
810 3045 819 3061 ,
847 3021 1065 3052 Communitati
1089 3022 1183 3068 Regni
1200 3023 1283 3069 Ang.
1332 3007 1381 3076 l¹lci¹
1396 3009 1651 3078 cffidlelltessrgssti,
1668 3003 2395 3075 ῃξάωὲἱῐιέοῐῃῑξὲἓιίῗὸήέωὲἆξᾶῥξὲἓοαὶ-ἓὲ’ἐξ

215 3111 220 3113 .
266 3067 471 3114 “mceffzrum.
1332 3056 1459 3122 ῗρίῖωπῗ
1470 3054 2012 3122 ἓΜεΙίἰίᾶἛξξεςέιῗέῃῑε,’σξτίῐῖῑωυῐη
2035 3052 2221 3126 Rvifnculuni
2241 3063 2396 3119 r’iostrurn:

1332 3123 1492 3162 Johannem
1507 3126 1602 3160 Regem
1613 3121 1736 3193 ngdlae
1751 3121 1789 3156 &⁶
1802 3123 1929 3159 Legionis
1942 3120 2060 3151 Ducem
2076 3119 2267 3157 Lancastnae‚
2285 3128 2319 3150 ac
2333 3127 2398 3150 cer—

1333 3171 1378 3191 tos
1397 3162 1464 3192 alios
1484 3161 1620 3192 Praelatos
1693 3159 1803 3190 Fideles
1821 3158 1934 3189 nostros
1945 3181 1956 3197 ‚
1980 3158 2017 3189 de
2036 3157 2130 3196 Culpa
2142 3157 2317 3188 Infidelitatis
2329 3165 2398 3195 erga

1333 3199 1402 3229 Nos
1415 3200 1448 3230 &
1464 3199 1574 3230 dietum
1596 3200 1733 3239 Regnum
1755 3197 1885 3229 nostrum
1899 3201 2029 3235 nequiter
2040 3198 2075 3229 ὃς
2089 3197 2188 3236 inique
2196 3195 2398 3234 diffamantes,

1331 3237 1526 3275 fingentesque
1539 3262 1549 3276 ,
1573 3238 1645 3276 ipsos
1666 3237 1839 3276 Insurgentes
1852 3259 1861 3276 ,
1880 3236 2017 3275 praedicta
2031 3235 2110 3266 Mala
2123 3239 2163 3265 ex>
2174 3234 2270 3266 nostrii
2285 3233 2399 3265 Volun-

1333 3285 1388 3307 tare
1403 3277 1518 3315 fecisse,
1535 3286 1566 3308 ut
1579 3277 1616 3308 lic
1631 3276 1835 3307 Crudelitatem
1848 3276 1944 3314 suam,
1963 3285 2011 3313 per
2025 3273 2099 3312 ipsos
2112 3275 2273 3312 inceptam,
2291 3282 2397 3304 θορο-

1334 3315 1394 3346 lore
1415 3316 1523 3346 cautius
1545 3317 1644 3354 exequi
1668 3316 1779 3354 possent
1792 3339 1802 3354 ,
1825 3314 1919 3345 eidem
1940 3312 2095 3345 Avunculo
2117 3311 2216 3342 nostro
2230 3311 2397 3353 quamplura

1332 3353 1471 3386 Enormia
1492 3353 1569 3386 Maia
1587 3356 1621 3387 δε
1646 3354 1780 3393 Dampna
1797 3352 2006 3383 'inaestimabilia
2020 3357 2039 3390 ,‘
2054 3361 2104 3389 per
2124 3350 2258 3382 Incendia
2279 3351 2314 3383 &
2333 3349 2398 3381 alias

1334 3393 1569 3432 Destrudtiones,
1587 3393 1739 3424 crudeliter
1752 3392 1923 3429 intulerunt,
1947 3392 1977 3420 in
1996 3389 2088 3434 nostri
2106 3390 2140 3421 &
2156 3389 2237 3428 ipsius
2252 3387 2396 3420 Avunculi

1333 3431 1423 3462 nostri
1436 3442 1469 3462 ac
1477 3431 1626 3471 Sanguinis
1640 3432 1731 3463 nostri
1745 3431 1830 3470 Regii
1838 3430 1999 3467 Regiaeque
2008 3427 2169 3473 Maiestatis
2177 3428 2211 3460 &
2222 3428 2308 3472 totius
2315 3426 2394 3466 Reg-

1333 3471 1362 3500 ni
1377 3471 1535 3501 maximum
1547 3471 1670 3502 dedecus
1685 3471 1719 3501 &
1733 3469 1942 3508 opprobrium,
1956 3467 2033 3499 unde
2047 3476 2109 3498 non
2123 3474 2268 3498 immerito
2279 3473 2396 3497 contur-

912 2755 965 2782 Per
977 2751 1059 2792 iinaem
1073 2755 1178 2792 Regem.

258 2835 428 2867 Consimilia
444 2835 542 2866 Brevia
555 2833 712 2874 diriguntur
728 2831 901 2870 subscriptis,
919 2831 980 2862 &c.

67 3168 144 3199 Αῃῃ,
161 3166 201 3197 D,
215 3165 281 3219 R
292 3161 317 3193 E
328 3160 358 3192 X
386 3161 550 3198 Omnibus,
567 3161 602 3192 ad
617 3171 706 3201 qum,
724 3162 786 3193 &c.
806 3162 940 3194 Salutem.

89 3208 172 3245 1331,
324 3200 406 3232 Licet
418 3210 524 3239 nuper,
544 3201 572 3230 in
586 3201 766 3231 Turbatione
782 3201 952 3239 detestabili,
970 3211 1019 3240 per
1033 3200 1170 3240 quosdam
1179 3199 1286 3236 Ligeos

67 3250 118 3273 Aa.
140 3255 165 3280 5.
222 3239 256 3270 δί
272 3238 408 3270 Subditos
423 3238 553 3276 nostros,
570 3248 670 3270 contra
684 3238 787 3269 Pacem
800 3240 926 3270 nostram
939 3241 1125 3279 insurgentes,
1144 3239 1286 3269 horribili-

68 3290 97 3311 R.
121 3294 146 3310 2.
225 3286 264 3308 ter
278 3277 368 3315 faeta,
383 3286 468 3309 certae
484 3277 586 3308 Literae
602 3276 706 3307 nostrae
720 3277 867 3316 Parentes,
885 3279 918 3309 ad
933 3279 1057 3317 ipsorum
1078 3278 1285 3317 insurgentium

68 3326 124 3349 Par.
152 3332 178 3357 5,
225 3315 388 3347 Instantiam
405 3317 616 3354 importunam,
635 3316 717 3345 faeta:
733 3316 862 3354 fuissent,
880 3320 1072 3354 continentes,

68 3364 96 3386 R.
114 3371 127 3387 τ,
152 3367 176 3397 p.
261 3355 355 3394 Qud
377 3355 447 3386 Nos
468 3354 610 3385 universos
632 3353 736 3393 Ligeos
755 3355 788 3385 ὃ(
809 3355 943 3386 Subdiros
957 3357 1086 3394 nostros,
1103 3353 1287 3385 Communes

74 3407 141 3427 Lm.
158 3407 202 3437 33,
224 3393 257 3424 δε
272 3395 355 3432 alios,
375 3403 523 3425 certorum
537 3393 740 3423 Comitatuum
756 3393 853 3428 Regni
870 3394 977 3431 nostri,
995 3394 1231 3430 Manumisimus,
1251 3395 1285 3424 ὅ(

221 3432 296 3470 ipsos
311 3433 343 3463 ὃς
359 3442 460 3463 eorum
475 3432 632 3470 quemlibet
644 3432 680 3461 ab
693 3432 776 3462 omni
790 3431 936 3471 Bondagio
954 3435 986 3464 &
1012 3433 1135 3464 Servitio
1157 3432 1287 3462 exuimus

220 3472 256 3502 &
277 3472 387 3509 quietos
406 3471 525 3502 fecimus
540 3495 549 3507 ,
576 3480 610 3500 ac
630 3471 714 3500 etiarn
736 3469 816 3507 quod
839 3470 1063 3502 Pardonavimus
1075 3470 1178 3502 eisdem
1193 3469 1286 3508 Ligeis

221 3510 254 3539 ὅ(
266 3509 390 3540 Subditis
401 3508 501 3538 nostris
515 3508 695 3539 omnimodas
709 3508 927 3540 Insurretstiones
935 3533 945 3548 ‚
955 3521 1002 3548 per
1018 3510 1089 3548 ipsos
1097 3517 1201 3539 ⁴contra
1216 3508 1285 3539 Nos

219 3548 307 3579 faetas
340 3548 497 3585 equitando
519 3549 553 3579 ὅτ,
573 3547 669 3578 eundo
692 3557 742 3584 per
764 3546 868 3577 diversa
886 3548 984 3585 Loca,
1002 3550 1031 3578 in
1048 3549 1154 3585 Regno
1166 3547 1284 3585 nostro,

221 3596 290 3616 cum
313 3571 491 3616 Hominibus
510 3585 632 3616 Armatis
647 3608 657 3623 ,
682 3585 834 3622 Sagittariis
848 3609 858 3624 ,
883 3588 916 3618 &
932 3588 1006 3625 aliis,
1024 3586 1063 3618 Vi
1076 3584 1198 3623 armatii,
1215 3595 1285 3616 cum

219 3623 340 3654 ,vexillis
352 3625 385 3656 ὅτ.
400 3623 578 3655 Pennucellis
593 3624 757 3660 displicatis,

262 3664 306 3693 Ac
327 3664 411 3693 etiam
431 3661 612 3692 omnimodas
633 3662 812 3692 Pi'oditiones
827 3685 836 3699 ,
859 3662 1000 3701 Fdonias,
1019 3660 1280 3701 Transgreffiones‚

222 3699 257 3728 ἃ
271 3700 467 3738 Extorliones,
486 3710 534 3738 per
549 3700 621 3738 ipsos
635 3701 680 3730 vel
695 3700 819 3739 aliquem
833 3702 960 3739 ipsorum
983 3703 1226 3741 qualitercumque
1247 3701 1287 3732 fa-

224 3737 282 3766 cias
300 3739 353 3768 sive
367 3748 549 3776 perpetratas,

263 3775 307 3805 Ac
332 3778 415 3806 etiam
435 3777 611 3815 Utlagariam
632 3778 666 3808 δε
687 3776 867 3814 Utlagarias,
886 3777 905 3807 si
919 3787 990 3817 qua,
1006 3778 1052 3808 vel
1066 3777 1085 3808 si
1100 3786 1182 3815 quae,
1199 3777 1229 3806 in
1244 3778 1287 3815 ip-

225 3810 284 3849 sOS,
302 3813 346 3844 seu
368 3815 488 3852 aliquem
509 3816 631 3853 ipsorum
646 3839 655 3852 ,
679 3814 783 3845 fuerint
798 3837 808 3852 ,
833 3815 878 3845 vel
891 3815 992 3855 fuerit,
1009 3817 1062 3847 hiis
1075 3815 1287 3853 occasionibus,

226 3852 401 3889 promulgata
415 3875 424 3889 ,
449 3853 494 3883 vel
518 3853 703 3891 promulgatae
714 3877 724 3890 ,
748 3853 782 3883 ὅ(
796 3852 909 3883 firmam
929 3854 1035 3885 Pacem
1055 3853 1183 3885 nostram
1198 3854 1236 3883 eis
1251 3854 1286 3884 δε

224 3897 327 3917 eorum
344 3890 456 3920 cuilibet
470 3891 536 3921 iride
551 3891 742 3922 concessimus
753 3913 763 3929 ,
1054 3901 1061 3907 ·

261 3923 408 3968 Qiodque
427 3928 569 3959 voluimus
582 3954 591 3967 ,
617 3928 697 3967 quod
712 3929 816 3967 iidem,
841 3929 921 3968 Ligei
937 3930 970 3961 δε
983 3930 1097 3962 Subditi
1111 3929 1215 3967 nostri,
1235 3928 1286 3959 Li-

220 3963 279 3994 beri
304 3963 393 3996 effent
405 3965 439 3996 ad
461 3965 626 3999 Emendum
639 3968 674 4000 ὃς
692 3966 880 3999 vendendum
891 3992 901 4007 ,
919 3969 950 4000 in
962 3969 1189 4009 quibuscumque
1203 3966 1286 4002 Civi-

1333 3509 1434 3539 bamur
1449 3510 1483 3540 &
1496 3511 1620 3540 nimium
1634 3508 1837 3539 condolemus:

1370 3548 1449 3586 Qia
1461 3550 1533 3578 verb
1544 3545 1895 3588 praefatum'Avunculum
1911 3545 2059 3584 nostrum,
2077 3544 2232 3584 qui'nobis
2252 3543 2312 3574 tarn
2327 3551 2396 3579 pro-

1332 3586 1454 3624 pinquus
1467 3585 1575 3623 existit,
1591 3585 1690 3616 Nobis
1702 3587 1736 3616 &
1747 3585 1829 3615 dieto
1843 3584 1952 3623 Regno
1964 3583 2065 3614 nostro
2079 3583 2259 3620 probavimus
2272 3582 2305 3612 &
2321 3580 2395 3624 sem-

1333 3633 1384 3661 per
1397 3626 1530 3655 novimus
1544 3624 1625 3655 fuisse
1637 3625 1670 3655 &
1684 3623 1742 3654 esse
1753 3623 1880 3654 Fidelem
1891 3645 1901 3660 ,
1916 3632 1950 3653 ac
1964 3621 2058 3652 Status
2069 3623 2103 3654 &
2114 3621 2244 3651 Honoris
2257 3617 2344 3662 nostri
2358 3619 2394 3649 &

1332 3663 1414 3699 ipsius
1440 3662 1539 3699 Regni
1562 3663 1740 3700 praecipuum
1765 3661 1932 3692 Zelatorem
1945 3685 1955 3698 ,
1980 3661 2107 3690 nolentes
2131 3657 2211 3696 quiid
2234 3657 2396 3700 huiusmodi

1332 3701 1394 3730 falsa
1417 3700 1590 3731 Diffamatio
1603 3724 1612 3738 ,
1631 3700 1681 3730 sibi
1702 3711 1750 3738 per
1763 3700 1894 3738 praefatos
1910 3698 2088 3736 insurgentes
2101 3697 2199 3734 inique
2213 3695 2247 3725 δε
2263 3695 2398 3727 malivole

1333 3738 1371 3768 fic
1388 3740 1535 3777 impolita,
1553 3740 1701 3778 praevaleat
1715 3739 1868 3776 aliqualiter
1881 3738 2008 3774 veritati,

1373 3777 1466 3808 Vobis
1484 3779 1518 3809 ὅ(
1539 3778 1655 3809 cuilibet
1675 3775 1804 3808 vestrsi‘m
1819 3800 1828 3814 ,
1846 3776 1928 3814 super
1942 3770 2210 3816 Ligmntiavestra,
2226 3771 2258 3802 &
2272 3771 2324 3815 sub
2338 3772 2397 3803 Fo-

1334 3815 1475 3846 risficrura
1495 3817 1627 3846 omniurn
1648 3826 1712 3854 quae
1731 3816 1813 3847 nobis
1828 3814 1990 3845 forisfacere
2006 3819 2152 3853 poteritis,
2169 3809 2343 3853 InJungimus
2359 3813 2394 3844 δε

1335 3853 1508 3884 Mandamus
1523 3855 1652 3892 quatinus
1668 3853 1759 3890 ipsum
1776 3852 1962 3884 Avunculum
1974 3849 2156 3892 nostrum,in
2172 3857 2249 3887 cujus
2263 3848 2395 3892 fidelitate

1332 3891 1392 3922 satis
1413 3891 1531 3930 probata
1550 3893 1650 3928 intime
1671 3892 1842 3923 confidimus
1857 3913 1866 3928 ,
1891 3890 1978 3931 nobis·
1989 3888 2023 3918 &
2037 3886 2118 3930 dicto
2131 3885 2238 3925 Regno
2251 3887 2397 3926 Fidelem,

1332 3931 1368 3959 ab
1381 3931 1516 3961 omnibus
1533 3928 1703 3961 Defeetibus
1719 3927 1889 3964 Praemiffis,
1908 3927 1957 3956 fibi
1971 3924 2124 3962 impositis,
2141 3923 2330 3956 Innocentem
2346 3935 2397 3962 pe—

1330 3969 1408 4000 nitus
1427 3968 1461 4001 &
1479 3967 1648 4001 Immunem
1668 3976 1826 4008 reputantes
1845 3966 1880 3998 &
1897 3971 2074 4002 acceptantes
2089 3985 2100 4002 ‚
2124 3963 2219 3995 eidem
2239 3963 2396 4032 Avfflo

2387 4023 2401 4041 ὃ
