2561 4251
0 267 1 271 Ἰ
15 228 55 261 D.
73 229 184 260 minum

4 276 29 306 7.

13 316 38 344 3.

0 2307 49 2343 vr,

624 141 658 183 E
727 141 1084 185 TACTA

254 228 384 268 Regem,
402 227 436 259 &
450 226 589 258 Illustrem
603 227 768 259 Dominum
782 227 961 266 Leonelum,
978 238 1030 269 pro
1047 239 1129 260 com·-

72 267 217 304 plemento
231 267 408 306 Sponsalium
423 266 456 296 δε
477 264 657 307 Matrimonii
674 266 849 306 hujusmodi,
868 267 1022 298 Annuente
1044 267 1130 299 Sum-

73 315 125 335 mo
140 306 255 346 Regum
269 305 350 344 Rege
359 327 367 342 ,
383 304 501 335 Tenore
515 305 693 342 praelentium
707 304 837 336 duximus
850 305 1034 344 elleigendos,

112 344 242 383 Eisdem,
257 345 290 375 δι
302 344 411 382 utrique
430 352 531 373 eorum
547 344 576 373 in
588 343 728 381 solidum,
744 343 950 383 concedentes,
969 354 1002 375 ac
1018 345 1131 382 dantes,

74 382 107 413 &
122 384 332 414 committentes
346 381 544 412 omnimodam
559 382 782 419 Audtoriratem,
801 381 940 421 Bayliam,
958 384 992 413 &
1004 381 1132 412 Potesta-

75 429 134 450 tem
149 422 201 459 ipsa
216 420 355 458 Sponsalia
369 420 403 451 &
417 418 637 450 Matrimonium
651 419 805 458 trathandi,
820 421 948 459 jurandi,
965 420 998 450 &
1018 419 1133 451 firman-

76 459 106 525 {li
119 459 168 489 sub
190 459 366 497 infrascriptis
383 457 499 495 Modis,
515 458 549 489 &
570 457 836 497 Conventionibus,
854 460 888 490 &
909 459 1038 496 Formis,
1054 459 1132 490 vide-

90 506 143 528 icet

114 520 321 566 IsiPRIMis
338 559 348 572 ,
373 534 531 565 Offerimus
552 534 586 564 &
609 533 807 564 Promittimus
821 558 831 572 ,
854 543 907 573 pro
927 534 1009 566 Dore
1029 534 1134 565 nostrae

182 573 261 604 Filiae
275 574 432 611 praedictae,
449 573 571 603 Terram
592 571 715 602 nostram
735 572 973 611 Pedemontium,
990 584 1076 612 quam
1093 582 1134 604 te-

78 621 156 649 miis;
173 611 323 651 videlicet,
641 648 645 653 ,

118 649 274 682 Civitatem
291 651 391 689 Albae,
409 659 479 680 cum
492 648 685 691 Pertinentiis,
704 649 737 680 &
752 657 815 680 toto
835 650 891 688 ejus
904 650 1080 687 Territorio,

117 688 222 719 Villam
237 689 394 726 Claraschi,
412 698 479 719 cum
495 687 686 725 Pertinentiis,
704 689 737 718 ὃς
753 696 815 718 toto
834 691 889 725 ejus
903 688 1082 724 Territorio‚

116 725 223 758 Villam
238 727 348 758 Montis
362 727 436 764 vici,
453 735 522 756 cum
537 726 727 764 Pertinentiis,
743 727 776 757 ὅ(
797 735 861 757 toto
877 727 932 762 ejus
945 725 1120 763 Territorio,

116 764 270 842 {Villam
285 765 394 804 Cunei,
411 774 480 795 cum
493 764 688 803 Pertinentiis,
705 765 738 796 δε
755 773 818 796 toto
833 765 891 803 ejus
905 764 1080 802 Territorio,

157 814 201 834 uae
217 813 361 842 tenemus,

119 841 251 880 Exceptis
266 851 360 873 tamen
374 841 455 872 Villis
467 842 501 872 &
518 840 624 872 Castris
638 840 774 878 Centalli,
790 841 823 872 &
833 840 923 871 Carru
932 863 942 878 ,
960 849 1028 870 cum
1041 847 1135 869 mrum

82 878 279 919 pertinentiis,
294 882 327 912 &
342 880 519 918 Territoriis,
537 889 602 918 quas
614 879 782 909 donavimus
819 878 871 908 Ma
892 878 979 909 nifico
995 877 1139 916 Domino,

82 917 225 949 Pandulfo
238 918 274 949 de
290 918 470 957 Mallatestis,
489 919 576 949 Socio
589 917 703 959 nostre,
721 918 754 947 &
768 900 876 948 C’onsci
889 918 973 955 iario,

120 957 237 987 Tamen
252 966 449 988 contentamur
467 955 546 994 quod
559 956 615 993 iple
632 955 777 985 Dominus
791 955 942 986 Pandulfus
961 955 998 985 de
1018 954 1078 994 ipsis
1100 954 1141 984 fa-

83 996 140 1026 ciat
155 996 234 1036 ipsis,
250 995 386 1026 Domino
403 994 582 1032 Leonelo,&
598 992 722 1023 Violanti
737 993 842 1024 nostrae
856 994 948 1032 Filiae,
966 994 994 1024 id
1012 993 1090 1032 quod
1104 992 1140 1024 ad

86 1034 205 1072 praeiens
219 1034 287 1064 facit
299 1035 389 1064 nobis.

125 1072 224 1110 Qarn
237 1072 351 1112 quidem
365 1072 503 1108 Terram,
521 1069 642 1101 dandam
657 1070 685 1099 in
707 1069 835 1109 Dotem,
853 1079 885 1101 ut
903 1070 997 1110 supra,
1015 1080 1067 1100 nos
1086 1080 1141 1100 vo—

87 1109 181 1141 lumus
195 1111 286 1141 facere
299 1112 424 1146 bonam,
444 1109 528 1146 usque
542 1108 576 1139 ad
598 1108 791 1139 Valimentum
804 1110 911 1147 Viginti
931 1110 1063 1148 Qatuor
1079 1108 1142 1138 Mi·-

87 1149 158 1179 lium
179 1148 363 1180 Florenorurn
384 1149 526 1178 bonorum
549 1145 584 1177 de
603 1146 760 1186 Florentia,
784 1148 814 1177 in
835 1148 997 1186 Reditibus,
1016 1147 1142 1185 quolibet

88 1187 193 1226 Anno,

129 1225 185 1264 Et,
203 1225 289 1263 ultra,
304 1224 395 1256 eidem
409 1224 474 1255 dare
493 1223 643 1254 offerimus
662 1223 796 1253 Florenos
811 1224 1024 1263 Quinquaginta
1047 1223 1144 1262 Milia,

90 1264 183 1294 bonos
195 1263 230 1295 de
244 1264 385 1294 Florentia
394 1286 403 1302 ,
420 1262 528 1293 dandos
542 1263 573 1292 &
582 1261 801 1300 consignandos,
819 1265 873 1294 live
888 1264 1026 1294 voluerint
1039 1264 1067 1292 in
1077 1262 1144 1292 Me-

90 1302 224 1340 diolano,
240 1303 296 1334 five
308 1303 336 1332 in
351 1299 489 1339 Caleffio,
506 1301 560 1330 ssve
576 1301 604 1330 in
619 1300 782 1339 Londiniis,

130 1340 185 1371 Vel
206 1341 271 1371 dare
291 1349 394 1371 tantam
409 1340 500 1370 alliam
520 1338 670 1369 Monetam
688 1339 774 1377 Auri,
792 1349 854 1378 quie
875 1339 1042 1379 aequivalleit
1062 1338 1143 1369 dic'tis

92 1378 217 1410 Florenis
232 1379 352 1419 Qinqu
370 1379 444 1408 <⁷inta
459 1377 595 1414 Milibus;

130 1417 184 1455 Et,
202 1417 222 1447 si
239 1428 299 1448 non
314 1427 352 1455 po
377 1424 397 1447 it
408 1415 465 1446 fieri
475 1440 484 1454 ‚
499 1425 552 1456 pro
565 1415 647 1446 dietis
660 1415 785 1446 Florenis
793 1416 1003 1455 Qiinquagirita
1018 1415 1146 1452 Milibus,

94 1465 290 1487 contentamur
303 1455 381 1494 quod
396 1455 562 1492 arbitrium,
577 1454 749 1493 percipiendi
765 1455 798 1484 &
818 1456 1030 1493 componendi,
1049 1465 1063 1484 a
1081 1454 1101 1484 F
1104 1456 1146 1483 10-

94 1495 165 1525 renis
187 1495 395 1563 Qipquaginta
409 1492 526 1522 Milibus
547 1492 640 1531 supra,
661 1492 690 1522 sit
706 1494 733 1522 in
748 1491 854 1523 illustre
868 1493 999 1522 Domino

95 1532 214 1564 Comite
260 1531 416 1569 erifordiae,
436 1530 662 1561 Conestabilario
675 1529 802 1569 Angliae,
821 1531 854 1561 &
868 1532 897 1561 in
914 1531 1072 1570 Magnifice
1083 1529 1147 1560 Do—

95 1573 176 1602 mino
187 1571 315 1610 Johanne
329 1570 365 1600 de
379 1569 506 1606 Pepulis,
526 1567 710 1598 Consciliario
724 1567 832 1599 nostro.

130 1610 185 1649 Et,
203 1609 223 1640 fi
238 1610 311 1640 forte
325 1608 381 1645 ipse
406 1606 550 1637 Dominus
568 1606 678 1636 Comes
698 1605 873 1637 Herifordiae
893 1607 959 1638 esser
980 1608 1090 1644 absens,
1109 1606 1145 1637 fic

94 1649 174 1686 quod
188 1649 220 1677 iis
233 1646 364 1687 superesse
379 1655 439 1676 non
453 1644 554 1683 poffit,
571 1644 734 1682 hujusmodi
755 1646 909 1677 Arbitrium
932 1647 963 1677 sit
986 1648 1013 1676 iii
1033 1646 1146 1676 strenuo

96 1686 190 1716 Milite
204 1686 338 1716 Domino
351 1683 501 1715 Nicholao
514 1683 550 1713 de
568 1682 711 1721 Camnro,
726 1684 772 1714 vel
786 1685 815 1713 in
831 1695 890 1715 uno
903 1684 968 1715 allio
981 1686 1079 1722 (quem
1088 1684 1147 1715 vel-

93 1725 152 1755 lent
166 1724 219 1764 ipse
235 1724 380 1755 Dominus
485 1721 550 1752 Rex
562 1723 596 1753 &
611 1721 665 1759 ipse
678 1721 823 1752 Dominus
838 1723 991 1760 Leonelus)
1007 1724 1039 1754 &
1059 1724 1086 1752 in
1105 1724 1146 1760 ip-

94 1763 125 1793 so
146 1762 281 1793 Domino
293 1762 424 1801 Johanne
437 1760 473 1792 de
487 1760 616 1798 Pepuiis3
634 1760 678 1790 vel
690 1760 709 1790 si
724 1761 780 1798 ipse
792 1760 937 1791 Dominus
948 1761 1090 1801 johannes
1104 1762 1145 1798 ip-

95 1801 129 1831 sis
140 1801 274 1839 superesse
289 1811 353 1831 non
361 1800 446 1840 possit
453 1822 463 1838 ,
483 1801 512 1829 in
524 1809 583 1830 uno
595 1798 660 1828 allio
674 1808 724 1838 per
736 1809 788 1829 nos
799 1800 951 1837 elligendo.

131 1839 165 1869 In
180 1840 242 1871 casu
255 1842 325 1870 vero
341 1849 401 1877 quo
415 1837 543 1876 praefatus
556 1837 701 1868 Dominus
780 1836 847 1868 Rex
862 1839 895 1869 &
910 1838 1053 1869 Dominus
1069 1838 1147 1869 Leo-

93 1877 172 1908 nelus
184 1878 276 1917 potitis
288 1885 514 1908 contentarentur
528 1877 649 1914 recipere
662 1876 798 1914 majorem
813 1876 931 1908 Sumam
944 1877 1079 1907 Pecuniae
1088 1901 1097 1915 ,
1114 1878 1147 1908 &-

93 1915 236 1947 dimittere
249 1916 370 1946 Terram
379 1938 390 1954 ,
408 1916 441 1946 &
454 1916 552 1945 omnia
563 1914 622 1945 allia
635 1914 727 1953 saeta,
746 1914 903 1953 offerimus,
922 1926 973 1953 pro
989 1915 1070 1946 Dore
1084 1915 1148 1951 (sci-

92 1954 170 1992 licet)
188 1954 291 1985 nostrae
306 1954 400 1992 Filiae,
414 1953 534 1984 ducenta
547 1955 615 1992 quin
636 1955 747 1990 uaginta
765 1952 845 1983 Milia
852 1953 1037 1985 Florenorum
1053 1955 1148 1984 bono-

97 2003 162 2024 rum
176 1993 212 2024 de
227 1993 379 2031 Florentia,
397 2001 428 2023 ut
441 1992 535 2030 supra,
554 2002 611 2022 con
624 1991 814 2030 ignandorum
824 1993 911 2023 etiarn
925 1993 953 2022 in
966 2002 1150 2031 quocumque

95 2031 255 2063 maluerunt
273 2032 406 2061 locorum
427 2030 628 2069 praedidiorum
643 2052 653 2068 ,
677 2030 710 2060 &
730 2030 820 2060 modo
841 2039 900 2070 quo
918 2030 1011 2068 supra,
1038 2031 1071 2061 δε
1089 2031 1152 2062 haec

97 2071 211 2109 omnia,
226 2069 285 2109 ipfis
300 2069 435 2100 Domino
449 2069 479 2099 R
515 2080 532 2100 e
635 2069 668 2099 &
683 2068 818 2099 Domino
837 2069 968 2100 Leonelo
989 2069 1154 2100 facientibus

98 2109 199 2146 nobis,
214 2109 247 2140 &
261 2108 345 2139 (116196
357 2107 460 2138 nostrae
468 2078 561 2145 Feffiae’
579 2108 700 2144 bonam,
719 2106 837 2138 validam
846 2129 856 2145 ,
871 2107 904 2138 &
915 2107 1091 2148 solempnem
1100 2108 1152 2138 Se-

99 2148 249 2178 curitatem
263 2147 299 2177 de
332 2146 446 2178 raedista
458 2146 597 2184 Pecunia,
616 2146 772 2175 occaxione
784 2145 871 2176 diCtae
891 2145 994 2185 Dotis,
1012 2153 1096 2186 prout
1110 2147 1153 2177 iri-

100 2186 290 2217 formavimus
322 2185 407 2223 16103,
425 2184 591 2214 Dominum
605 2182 722 2214 Petrum
736 2183 769 2214 &
783 2183 943 2224 Speronum
952 2209 962 2222 ,

139 2224 264 2263 ITEM,
289 2225 318 2254 in
340 2233 526 2262 quocumque
544 2221 668 2253 Casuum
688 2221 891 2261 praedidmrum
904 2247 914 2260 ,
939 2222 1072 2254 volumus
1092 2223 1157 2254 dare

102 2263 202 2294 Filiam
216 2263 341 2294 nostram
355 2261 537 2300 praedicitam,
555 2262 629 2292 bene
643 2269 786 2300 paratam,
802 2262 836 2292 &
855 2260 1004 2300 furnitam,
1022 2263 1156 2292 omnibus

102 2302 303 2340 Apparatibus,
318 2301 507 2338 Indumentis,
521 2299 681 2339 Jocalibus,
701 2301 716 2315 *
732 2300 766 2331 &
782 2298 978 2337 Ornamentis,
996 2300 1157 2339 magnifice,

105 2342 138 2372 &
154 2340 372 2409 hoporabiliter,
389 2339 426 2370 de
442 2338 612 2370 Mediolano
626 2338 672 2371 vel
684 2337 768 2379 Papia
780 2337 865 2377 usque
879 2338 1020 2378 Calesium
1029 2361 1039 2377 ,
1056 2338 1156 2370 nostris

104 2388 139 2410 ex
160 2389 193 2410 en
206 2389 236 2410 is.

140 2389 207 2456 ἵζε,
225 2427 277 2457 pro
289 2418 349 2457 ipfis
365 2417 557 2456 Sponsalibus,
575 2416 609 2447 &
625 2415 831 2453 Matrimonio,
850 2415 950 2447 nostro
971 2415 1107 2454 nomine,
1125 2415 1159 2445 &

106 2455 192 2486 didiae
214 2455 317 2486 nostrae
340 2456 434 2493 Filiae,
452 2456 487 2486 de
508 2455 663 2495 praedietiS,
681 2455 837 2494 paciscendi
854 2456 887 2486 &
909 2454 1093 2492 promittendi
1110 2454 1160 2484 sub

107 2494 284 2532 obligatione
305 2494 473 2530 Bonorum,
489 2503 538 2532 ac,
555 2494 590 2524 ab
610 2493 671 2532 ipsis
696 2493 829 2523 Domino
852 2492 948 2532 Rege,
966 2493 999 2523 &
1021 2493 1108 2531 Filio,
1126 2493 1160 2523 &

106 2542 230 2603 ἓξηέᾳυε
245 2543 362 2571 eorum,
379 2532 530 2572 recipiendi
551 2541 670 2563 omnem
692 2530 929 2569 Promissionem,
943 2531 1160 2570 Juramentum,

175 2581 353 2609 ecuritatem,

142 2610 180 2640 Et
200 2611 264 2640 haec
284 2611 381 2640 omnia
396 2633 406 2648 ,
428 2619 497 2640 cum
511 2609 644 2640 omnibus
672 2608 783 2647 Pastis,
801 2607 1068 2646 Conventionibus,
1092 2607 1164 2639 Pro-

107 2649 299 2687 miffionibus,
317 2648 564 2685 obligationibus,
581 2648 616 2678 de
636 2648 738 2687 quibus
759 2648 797 2678 eis
815 2647 1064 2684 procuratoribus,
1090 2647 1163 2677 Am-

110 2688 316 2725 baffiatoribus,
335 2687 368 2717 &
385 2687 511 2718 Nunciis
530 2686 646 2724 nostris,
663 2686 709 2717 vel
729 2686 806 2716 alteri
824 2696 942 2724 eorum,
965 2686 1106 2715 videbitur
1127 2687 1160 2716 &

109 2727 261 2794 plalcuerit,
278 2726 370 2762 2etiam
389 2726 409 2755 fi
433 2726 504 2756 tallia
523 2725 616 2755 forent
636 2735 699 2764 quae
721 2723 893 2755 Mandatum
913 2725 1085 2762 requirerent
1102 2723 1164 2762 spe-

109 2775 153 2796 cla
164 2774 188 2794 C.

147 2803 193 2834 Ac
209 2801 421 2838 Promittentes,
439 2811 486 2840 per
502 2800 627 2831 nostram
643 2799 759 2838 Fidem,
775 2801 808 2831 &
831 2801 880 2830 sub
894 2799 1077 2839 Obligatione
1097 2809 1164 2830 orn-

111 2842 192 2872 nium
204 2840 367 2870 nostrorum
382 2839 544 2876 Bonorum,
561 2839 662 2868 habere
676 2837 749 2868 Rata
767 2839 800 2868 &
815 2838 925 2876 Firma,
942 2840 975 2870 &
997 2838 1166 2869 inviolabili-

111 2890 152 2911 ter
167 2879 313 2910 observare
324 2879 423 2908 onmia
438 2878 471 2908 &
485 2877 673 2915 singula,quae
688 2875 736 2915 ipsi
750 2875 839 2906 nostri
853 2876 1168 2914 Ambaffiatores,Pro·

112 2927 269 2955 curatores,
294 2918 327 2947 ὃς
347 2915 473 2952 Nuncii,
496 2916 541 2945 vel
559 2915 625 2946 alter
649 2923 768 2951 eorum,
787 2915 817 2944 in
842 2913 1009 2953 Praemiffis,
1032 2916 1065 2946 &
1090 2916 1166 2947 circa

112 2956 274 2992 Praemiffa,
291 2965 324 2986 ac
340 2955 370 2985 in
393 2954 519 2985 Conexis
539 2954 573 2985 &
594 2953 829 2991 Dependentibus
848 2953 883 2984 ab
903 2953 1021 2991 eisdem,
1040 2954 1168 2986 duxerint

114 2995 249 3027 facienda.

153 3073 187 3104 In
207 3083 327 3112 quorum
343 3072 476 3102 omnium
494 3069 729 3107 Testimonium,
746 3069 794 3100 has
825 3068 953 3099 Patentes
974 3069 1093 3102 Litteras
1113 3069 1171 3101 fieri

114 3111 258 3150 juffimus,
274 3112 307 3142 &
322 3111 472 3150 registrari,
489 3119 522 3141 ac
535 3108 625 3140 nostri
640 3108 729 3148 sigilli
743 3107 891 3146 apensione
905 3108 1017 3139 muniri.

154 3186 224 3217 Dat.
242 3186 357 3223 Papiae,
372 3185 460 3216 Anno
480 3186 650 3222 Millefimo,
666 3184 885 3216 Trecentesimo
917 3185 1094 3224 sexagesimo
1115 3184 1175 3224 sep-

121 3226 214 3263 timo,
230 3223 276 3254 die
291 3224 408 3267 decimo
421 3234 505 3267 nono.
513 3224 618 3255 Mensis
629 3224 769 3267 Januarii,
786 3223 883 3267 quinta
891 3208 1063 3255 lndifflone.

162 3263 199 3294 Et
214 3261 374 3301 generaliter
388 3260 525 3299 faciendi,
541 3264 575 3293 δε
589 3261 736 3292 exercendi
752 3271 851 3293 omnia
864 3262 897 3293 &
913 3262 1015 3301 fingula
1030 3263 1058 3292 in
1073 3262 1174 3301 praedi-

125 3300 356 3371 &isgigecelaffiriffi
373 3300 405 3331 δε
419 3308 560 3340 oportuna
569 3322 578 3339 ,
597 3308 682 3338 prout
695 3301 751 3339 eis,
766 3300 800 3331 ὅ(
815 3300 932 3332 cuilibet
944 3310 1047 3332 eorum
1068 3301 1175 3333 videbi-

124 3348 168 3371 tur
272 3346 369 3369 cuerit.

160 3377 200 3408 Et
212 3349 267 3416 6ἓο
282 3376 487 3415 Franciscolus,
504 3376 591 3408 Filius
600 3376 704 3415 Jacobi
719 3375 755 3407 de
771 3374 884 3407 Casuno
932 3376 1066 3409 Publicus
1083 3377 1178 3418 Impe-

124 3416 182 3447 riali
205 3415 381 3446 AuCtoritate
400 3415 538 3446 Notarius
559 3414 794 3452 Mediolanenfis,
816 3415 874 3444 hoc
895 3399 1049 3446 bublicum
1071 3415 1178 3446 Exem-

123 3455 205 3496 plum
225 3453 394 3483 Litterarum
412 3454 650 3493 suprascriptarum
708 3451 903 3495 Impoffitione
925 3454 1016 3484 michi
1033 3453 1107 3485 faeta
1128 3465 1178 3494 per

125 3492 273 3532 praefatos,
290 3490 455 3535 Dominum
469 3492 584 3523 Petrum
602 3491 639 3523 de
660 3477 956 3535 Mandelo-Militem,
973 3492 1007 3523 δε
1020 3492 1181 3532 Speronum

127 3532 163 3562 de
186 3530 383 3566 Concoretio‚
400 3529 635 3569 Ambaffiatores,
652 3529 804 3568 Nuncros,
823 3529 857 3560 &
877 3528 1074 3561 Procuratores
1109 3540 1182 3568 prae-

128 3569 177 3600 fati
190 3566 342 3608 Magnifici
356 3566 481 3598 Domini
517 3568 641 3599 Domini
659 3567 834 3605 Mediolani,
853 3567 889 3598 ab
908 3570 1051 3600 autentico
1098 3570 1138 3598 or'
1160 3570 1184 3599 i-

129 3608 184 3639 nali
205 3607 372 3650 Litterarum
390 3591 602 3650 praedigtarum,
621 3606 720 3650 sigillo
742 3607 859 3644 proprio
874 3606 1012 3649 ‚pendenti
1033 3577 1184 3646 Magniffci

129 3645 253 3677 Domini
268 3643 424 3675 Mediolani
438 3644 543 3682 praefati
557 3652 694 3683 munitas,
710 3644 775 3675 mei
785 3644 899 3683 propria
914 3655 999 3676 manu
1014 3645 1130 3676 fideliter
1138 3655 1186 3676 ex-

132 3685 216 3723 traxi,
241 3684 275 3714 &
292 3682 465 3726 exemplavi,
483 3682 628 3720 ipsumque
648 3681 739 3712 Exem
759 3682 821 3711 lum
840 3682 991 3719 diligenter
1011 3685 1044 3715 ὃ(
1066 3684 1187 3722 legaliter

131 3722 262 3754 ascultavi
275 3731 343 3753 curn
356 3730 498 3752 autentico
514 3718 654 3759 Originali
672 3729 691 3759 p
751 3721 756 3726 '

133 3769 206 3794 tum-

177 3797 214 3828 Et
227 3799 291 3836 quia
304 3799 401 3830 inveni
416 3798 523 3829 easdem
537 3796 594 3828 esse
615 3795 787 3834 concordes,
804 3794 839 3825 de
858 3795 980 3833 ipsorum
1002 3797 1193 3829 Ambaffiato-

141 3846 207 3867 rum
221 3837 255 3867 &
266 3836 451 3868 Nunciorum
464 3835 612 3873 mandato,
630 3835 724 3873 Signo
738 3844 804 3864 meo
819 3832 909 3864 sollito
922 3835 1042 3874 signavi,
1059 3837 1088 3867 in
1095 3837 1194 3868 Testi-

142 3875 274 3905 monium
288 3874 322 3905 &
334 3875 439 3906 Robur
455 3874 662 3914 praemifforum
677 3873 711 3905 &
725 3871 842 3910 Fidem,

179 3911 219 3943 Et
233 3911 325 3942 addidi
336 3913 365 3943 in
377 3913 477 3953 ultima
490 3913 580 3945 Linea
593 3912 733 3950 praesentis
752 3908 884 3948 Exempli
908 3910 964 3947 (ό
976 3911 1139 3950 generaliter
1142 3913 1196 3953 fa-

144 3951 228 3982 ciendi
247 3948 286 3983 ῤ’
299 3952 454 3991 exercendi,
469 3955 558 3983 omnia
580 3950 618 3986 &⁴
633 3949 760 3992 singula,
782 3951 811 3978 in
866 3949 967 3979 aeds'ffls
991 3950 1132 3990 neceffaria
1156 3950 1195 3987 ό·

143 3996 272 4028 oportuna
279 3995 381 4056 ,ἔνθα
395 3993 448 4029 eis,
465 3989 504 4025 ὠ·
519 3989 625 4020 cuilibet
637 4000 743 4026 eorum,
759 3987 824 4017 vide
841 3990 898 4017 itur
917 3987 956 4024 ό·
970 3988 1114 4027 placuerit)
1132 3999 1196 4030 quae

147 4026 285 4097 verbzabge
296 4027 496 4096 Igeblantffi&
505 4038 572 4069 quae
583 4028 675 4061 michi
691 4027 819 4082 Not-ario
829 4025 970 4066 praedicto
980 4027 1120 4060 constant.

760 3720 811 3751 <eto
830 3719 1002 3751 Litterarum
1023 3723 1078 3760 jam
1098 3722 1190 3753 dieta—

1182 142 1213 183 P
1250 142 1293 183 U
1335 143 1367 183 B
1405 144 1438 185 L
1475 144 1491 184 1
1531 146 1568 186 C
1607 149 1660 186 A.
2170 163 2247 200 129

2245 230 2382 265 [91001λί

2218 272 2229 276 ”
2274 271 2359 310 1366,

2245 310 2313 337 Echi,
2335 318 2362 347 3²

1440 318 1546 349 Liri-ra
1572 319 1652 363 Papae
1683 316 1954 351 Commendator·ia‚

1172 398 1346 455 URbanus
1361 399 1530 438 Episcopus,
1548 400 1650 432 Servus
1665 401 1818 432 Servorum
1835 401 1910 440 Dei,
1930 402 2036 433 dileCro
2050 404 2135 440 Filio,
2151 402 2229 433 Wil-
2244 405 2299 431 An.
2314 409 2362 439 41»

1238 438 1343 480 ‚lielmo
1357 438 1393 467 de
1409 438 1575 478 Wykham,
1593 440 1808 471 Archidiacono
1825 440 2032 479 Lincoinienli,
2054 441 2185 472 carissimi
2195 442 2224 471 in
2245 444 2275 468 Ε.
2299 449 2326 476 3-

1173 472 1289 506 Christo
1309 475 1369 506 Filii
1390 476 1478 506 nostri
1499 476 1628 508 Edwardi
1646 501 1655 516 ,
1680 478 1767 517 Regis
1789 479 1900 519 Angliae
1920 479 2033 510 illustris
2055 480 2223 518 Secretario,
2246 482 2284 505 Ee
2300 480 2360 512 dne

1173 511 1297 544 Salutem
1311 513 1344 543 &
1361 513 1555 552 Apostolicam
1570 515 1812 547 Benedictionem.
2244 524 2311 554 togr„

1195 551 1255 594 ⁸Ex
1278 552 1448 583 Litterarum
1471 553 1584 583 scientia
1598 577 1608 591 ‚
1630 554 1663 584 &
1684 554 1845 585 Nobilitate
1866 555 2000 593 Generis,
2019 556 2096 594 super
2118 558 2235 596 quibus,

1173 589 1291 621 dilectus
1305 590 1406 631 Filius,
1427 591 1580 621 Alexander
1601 592 1637 621 de
1656 592 1788 632 Nevy'ie,
1807 594 2033 625 Areliidiaconus
2057 594 2235 633 Cornubiae,

1175 628 1203 657 in
1219 627 1345 658 Ecclelizi
1359 628 1517 666 Exonensi,
1535 630 1606 668 apud
1622 640 1673 660 nos
1688 630 1892 670 fidedignorum
1908 633 2125 663 commendatur
2138 633 2234 663 Testi-

1178 667 1298 704 monio,
1315 676 1348 696 ac
1367 666 1512 696 venustate
1526 669 1559 699 ὃς
1583 668 1792 698 mansuetudine
1813 669 1952 707 Morum,
1968 681 2038 709 quos
2057 673 2085 701 in
2105 680 2142 701 eo
2162 681 2235 701 con*

1177 703 1329 742 speximus,
1345 704 1380 734 ad
1393 705 1576 736 dilectionem
1592 707 1648 743 ejus
1662 706 1768 745 alleffi,
1783 716 1906 746 eumque
1918 709 2050 740 habentes
2065 709 2235 748 singulariter

1176 750 1328 779 acceptum
1344 743 1376 772 &
1391 751 1518 782 gratum,

1214 779 1308 823 Ipsum
1323 803 1333 818 ,
1357 779 1497 810 carissimis
1516 783 1546 811 iii
1566 780 1683 812 Christo
1709 782 1783 813 Filiis
1806 783 1921 819 nostris,
1939 783 2081 816 Edwardo
2106 785 2182 826 Regi
2200 786 2234 818 &

1178 817 1316 856 Philippae
1332 818 1454 855 Reginae
1469 819 1581 858 Angliae
1595 819 1748 851 illustribus
1762 821 1939 853 affeetuofius
1953 824 2198 855 commendamus

1200 856 1341 900 ‘ideoque
1362 855 1575 887 Discretionem
1595 866 1672 888 tuam
1693 869 1827 897 rogamus
1849 862 1970 899 attente,
1988 863 2132 900 quatinus,
2151 872 2237 901 penes

1178 893 1270 938 diebos
1286 894 1398 933 Regem
1413 895 1446 925 &
1460 894 1601 938 Reginam
1611 918 1620 933 ,
1635 896 1744 936 eidem,
1763 899 1792 928 in
1806 899 1886 928 omni
1901 899 2011 930 honore
2026 901 2060 932 &
2073 900 2234 931 commodo

1179 932 1246 970 suis,
1264 932 1365 963 affistas
1381 933 1536 964 Favoribus
1554 935 1586 964 &
1604 935 1720 965 Auxiliis
1731 937 1884 973 oportunis⁴

1201 970 1285 1014 'Dan
1303 971 1375 1010 apud
1389 970 1525 1002 Montem
1538 972 1716 1003 Pessulanum
1725 996 1734 1011 ,
1752 973 1948 1011 Magalonensi
1960 975 2116 1014 Diocoele,
2130 976 2238 1008 duode-

1180 1018 1260 1040 cimo
1279 1008 1400 1040 Kalend.
1416 1009 1577 1049 Februarii,
1593 1010 1783 1044 Pontificatfis
1795 1013 1884 1043 nostri
1898 1014 1985 1045 Anno
1998 1015 2122 1054 Quinte.

1811 1092 1976 1121 Marioczus.

1312 1212 1338 1238 *θ
1363 1215 1564 1260 Manneaprio
1589 1215 1712 1246 Comitis
1734 1211 1882 1260 Dalphini
1903 1214 2101 1249 d'AlverniA.
2256 1222 2276 1242 ²¹¹
2295 1224 2345 1251 νῐε

1185 1295 1337 1357 BEraut,
1361 1296 1460 1328 Conte
1479 1297 1603 1337 Dalpliin
1624 1298 1820 1339 d'Auvergne,
1846 1299 1879 1330 &
1902 1299 1962 1330 Sire
1985 1300 2020 1330 de
2045 1299 2204 1338 Marcueil,
2221 1270 2381 1330 6511411011

1256 1344 1318 1364 tous
1330 1335 1426 1373 ceulz,
1445 1338 1493 1374 qui
1508 1347 1554 1367 ces
1570 1338 1679 1367 Lettres
1693 1347 1824 1376 verront,
1841 1338 1928 1368 Salut.
2277 1337 2359 1374 1367-

1221 1371 1349 1403 Comme
1362 1373 1502 1404 Treshaut
1517 1377 1550 1406 ὃς
1562 1374 1687 1405 Puiffint
1703 1375 1822 1414 Prince,
1838 1376 1986 1406 Monsieur
2000 1375 2133 1415 Edwart,
2151 1386 2199 1414 par
2212 1376 2237 1407 la
2252 1381 2306 1404 An.
2320 1385 2367 1410 412

1186 1410 1282 1441 Gracc
1297 1418 1331 1442 cie
1348 1411 1442 1449 Dieu‚
1461 1412 1527 1452 Roy
1539 1413 1745 1452 d'Englcterre,
1758 1414 1892 1453 Seigneur
1907 1414 2045 1444 d’hlande
2065 1417 2098 1446 &
2119 1416 2238 1454 d'Aqui-
2254 1418 2283 1442 Ε.
2306 1423 2332 1449 3-

1186 1450 1297 1487 taigne,
1312 1449 1348 1480 de
1362 1460 1442 1488 grace
1455 1451 1585 1489 especial,
1603 1451 1663 1481 eust
1679 1452 1774 1482 donne
1790 1452 1915 1483 Licencc
1930 1454 1962 1483 &
1978 1451 2094 1482 Convie
2115 1464 2149 1491 a,
2167 1463 2238 1483 mon
2256 1457 2291 1479 Ex
2309 1454 2367 1479 At!-

1188 1487 1330 1531 Trescher
1349 1489 1500 1527 Seigneur,
1527 1490 1674 1520 Monfieur
1696 1490 1720 1519 16
1741 1490 1807 1521 Duc
1831 1491 1866 1520 de
1888 1490 2022 1520 Bourbon
2049 1476 2197 1529 Tlostaige
2214 1492 2316 1528 1611131*-

1187 1526 1228 1556 dit
1246 1526 1313 1565 Roy
1328 1525 1536 1566 d’Engleterre,
1553 1537 1601 1566 par
1619 1528 1645 1558 la
1659 1526 1770 1558 Menne
1783 1529 1922 1566 comprise
1936 1538 1972 1558 en
1985 1529 2010 1558 la
2024 1514 2111 1567 ῥεια,
2125 1530 2161 1559 de
2182 1530 2240 1561 s’en

1187 1565 1251 1595 aller
1265 1575 1300 1595 en
1319 1565 1425 1596 France
1441 1566 1474 1596 ὅ(
1489 1567 1610 1604 ailleurs,

1225 1603 1278 1634 Par
1294 1603 1365 1634 celle
1379 1603 1534 1634 condicion
1549 1614 1604 1642 quc
1622 1604 1639 1634 il
1652 1604 1722 1643 soit,
1741 1604 1810 1635 ensa
1824 1614 1925 1641 propre
1934 1604 2095 1643 Personne,
2114 1604 2241 1636 Retour-

1188 1652 1242 1680 iie,
1261 1652 1296 1671 en
1312 1643 1336 1673 la
1351 1641 1419 1672 Cite
1432 1642 1467 1672 de
1485 1642 1631 1680 Londres,
1648 1642 1751 1673 dedens
1765 1643 1791 1673 la
1805 1642 1990 1673 Purificacion
2012 1644 2107 1674 nostre
2123 1643 2239 1682 Datne,

1188 1680 1325 1749 prochein
1339 1689 1442 1711 venant
1452 1704 1461 1718 ,
1474 1680 1530 1711 lors
1545 1691 1580 1711 eri
1595 1691 1633 1711 un
1648 1681 1696 1711 Ari
1711 1681 1840 1719 ensuant,
1860 1691 1894 1711 en
1911 1681 1941 1710 so
1976 1690 2081 1712 metant
2102 1681 2187 1712 illoec
2203 1692 2240 1713 en

1203 1718 1316 1758 {ostage
1331 1719 1428 1749 devers
1442 1720 1467 1749 16
1478 1719 1520 1750 dit
1533 1719 1601 1759 Roy
1617 1719 1825 1759 d'Engleterre,
1842 1720 1875 1750 δε
1891 1720 1928 1749 ses
1973 1721 2044 1757 oirs,
2060 1730 2096 1750 en
2110 1719 2240 1751 l'estat&

1188 1757 1334 1788 condition
1349 1767 1404 1795 que
1419 1758 1438 1788 il
1454 1757 1536 1788 estoit
1549 1768 1583 1788 au
1593 1757 1665 1796 Jour
1679 1759 1718 1789 du
1734 1758 1775 1789 dit
1788 1758 1921 1795 Congie,
1939 1757 1996 1788 sans
2018 1759 2101 1796 partir
2113 1757 2242 1797 d'iiloec,

1185 1797 1284 1836 jusque
1307 1807 1322 1826 a
1335 1796 1609 1833 l’Acompliffement
1630 1796 1678 1826 des
1699 1796 1811 1834 choses,
1827 1806 1898 1834 pour
1920 1796 2058 1835 lesquelles
2078 1796 2098 1826 il
2119 1797 2190 1827 tient
2205 1798 2240 1828 ὃς

1187 1837 1250 1868 doit
1263 1835 1333 1865 tenir
1347 1833 1373 1864 le
1387 1834 1429 1864 dit
1443 1834 1590 1874 Hostage,

1226 1874 1270 1904 Le
1284 1872 1348 1911 quel
1362 1870 1471 1902 Ternie
1484 1873 1503 1903 il
1518 1883 1532 1903 a
1547 1873 1613 1911 pleu
1627 1884 1660 1911 a,
1677 1883 1747 1904 mon
1761 1871 1804 1904 dit
1819 1873 1972 1913 Seigneur,
1987 1873 2014 1904 le
2029 1873 2097 1913 Roy
2108 1873 2251 1914 d’Engle-'

1187 1921 1257 1944 terre
1272 1911 1475 1950 Prolonguier,

1228 1951 1276 1981 De
1290 1952 1312 1980 la
1328 1950 1408 1980 Feste
1419 1951 1455 1980 de
1469 1951 1493 1980 la
1513 1949 1570 1980 dite
1584 1949 1773 1980 Purificacion
1797 1949 1894 1980 nostre
1913 1949 2023 1988 Dame,
2040 1949 2178 1990 prochein
2193 1960 2244 1988 ve-⁴

1189 2000 1274 2059 ¹¹²¹&
1284 1987 2002 2066 ³¹‘issqssssZi‘iAEZfsssffitsserlssiiffSZ'piissfssssijicfissss
2014 1989 2157 2058 ῗῖἳέῗὲἧ
2175 2037 2242 2066 ρω-

1192 2051 1282 2100 chain²
1290 2075 1367 2105 apres
1378 2065 1499 2096 ensuiant
1504 2088 1515 2103 ,
1874 2049 1884 2066 ³

1231 2105 1328 2136 Parmi
1342 2114 1393 2143 ce,
1411 2115 1467 2142 que
1486 2104 1511 2135 le
1530 2103 1570 2134 dit
1591 2103 1740 2135 Monsieur
1759 2103 1786 2134 le
1804 2103 1873 2135 Duc
1888 2103 1950 2134 doit
1967 2103 2073 2135 baillier
2094 2104 2193 2136 autelle
2209 2106 2244 2137 &

1194 2143 1344 2175 semblable
1356 2142 1497 2181 Caution,
1514 2142 1620 2174 sicome
1631 2143 1650 2173 il
1665 2144 1742 2174 avoit
1761 2152 1810 2182 par
1824 2150 1907 2174 avant
1921 2143 2052 2182 donnee,
2069 2142 2105 2174 de
2116 2143 2245 2181 Retour-·¹

1193 2193 1243 2214 ner
1257 2193 1296 2212 ou
1310 2183 1351 2213 dit
1362 2181 1505 2221 Hostage.

1231 2221 1287 2259 Et,
1305 2231 1376 2259 pour
1389 2231 1422 2252 ce
1437 2231 1492 2259 que
1508 2219 1563 2250 lors
1578 2219 1665 2251 Nous
1680 2219 1798 2251 feusmes
1818 2219 1944 2260 Plesges,
1957 2229 2030 2260 pour
2050 2220 2077 2251 le
2095 2221 2136 2252 dit
2153 2220 2246 2252 Mon-'

1196 2260 1264 2290 fleur
1280 2260 1307 2289 le
1321 2259 1390 2290 Duc
1399 2282 1408 2298 ,
1426 2268 1526 2290 envers
1541 2258 1566 2288 le
1580 2259 1620 2288 dit
1636 2258 1703 2298 Roy
1715 2258 1905 2298 d’Engleterre
1914 2282 1923 2297 ,
1941 2259 2047 2290 sicome
2059 2259 2126 2298 plux
2145 2269 2161 2290 a
2173 2259 2249 2299 plain

1196 2298 1238 2330 est
1252 2307 1378 2329 contenu
1392 2307 1428 2328 en
1440 2306 1499 2328 noz
1513 2306 1601 2327 autres
1618 2297 1742 2336 Lettres,
1758 2298 1801 2327 sur
1815 2307 1849 2328 ce
1861 2297 1993 2328 donnees.

1235 2337 1333 2368 Encoi·
1349 2336 1373 2366 le
1385 2337 1425 2367 dit
1437 2335 1585 2366 Monsieur
1599 2335 1625 2365 le
1639 2335 1706 2366 Duc
1716 2346 1811 2366 nousa
1826 2337 1884 2374 prie
1896 2336 1929 2366 &
1941 2337 2049 2376 requis,
2069 2346 2140 2376 que,
2155 2347 2170 2366 a
2185 2346 2249 2376 pre-w

1199 2377 1276 2414 sent,
1296 2385 1368 2415 pour
1381 2375 1406 2404 le
1418 2373 1460 2405 dit
1472 2373 1731 2412 Prolonguement,
1748 2384 1820 2404 nous
1839 2373 1967 2405 veullons
1987 2375 2058 2406 estre
2078 2376 2128 2406 son
2152 2375 2248 2414 Plesge

1198 2424 1294 2446 envers
1306 2415 1332 2444 16
1342 2413 1382 2444 dit
1396 2412 1466 2453 Roy
1477 2411 1682 2451 d'Engleterre,

1236 2453 1264 2483 A
1280 2453 1305 2483 la
1321 2452 1410 2490 quelle
1421 2451 1523 2488 chose,
1540 2461 1578 2481 ne
1590 2461 1606 2482 a
1620 2451 1686 2490 plux
1702 2458 1795 2490 grant,
1813 2461 1884 2481 nous
1898 2461 1933 2482 ne
1946 2451 1965 2481 li
1981 2450 2144 2482 vouldrions
2156 2451 2251 2489 faillir,

1236 2491 1295 2521 Pur
1308 2491 1392 2530 quoi,
1409 2490 1445 2520 de
1459 2489 1553 2520 nostre
1564 2491 1668 2520 certain
1685 2489 1809 2526 science,
1826 2490 1859 2531 ὃς
1873 2490 1998 2529 agreable
2012 2490 2160 2528 voulente,
2180 2500 2252 2520 nous

1199 2530 1333 2569 Plesgons
1348 2529 1380 2559 &
1397 2528 1549 2566 FianconS,
1567 2528 1600 2559 ὅ(
1614 2527 1771 2558 Devenons
1792 2527 1899 2567 Pieiges
1917 2530 1950 2559 ὃς
1971 2528 2134 2566 Fianceurs,
2153 2538 2252 2558 envers

1199 2570 1226 2600 le
1241 2569 1281 2599 dit
1295 2568 1362 2607 Roy
1373 2565 1577 2606 d'Engleterre,
1596 2568 1630 2597 &
1643 2565 1681 2596 ses
1696 2565 1802 2604 l-loirs,
1822 2576 1892 2605 que,
1912 2566 2010 2596 durant
2022 2566 2047 2596 le
2061 2567 2101 2597 dit
2113 2576 2206 2604 temps
2213 2567 2252 2597 du

1200 2605 1498 2645 Prolonguement,le
1509 2605 1549 2634 dit
1559 2602 1705 2635 Monsieur
1716 2604 1741 2634 le
1754 2604 1823 2634 Duc
1836 2604 1862 2635 se
1875 2614 1986 2642 portora
1997 2605 2030 2636 &
2043 2604 2141 2635 tendra
2152 2605 2254 2644 loyaux

1202 2645 1331 2683 Hostage
1345 2644 1384 2674 du
1396 2644 1437 2674 dit
1453 2643 1521 2682 Roy
1533 2642 1739 2681 d'Engleterre,
1756 2643 1788 2674 &
1804 2643 1840 2673 de
1855 2642 1894 2673 ses
1909 2643 2012 2681 Hori-s,
2029 2653 2065 2673 en
2086 2652 2176 2674 tontes
2191 2643 2254 2674 Pla-

1203 2694 1248 2716 ces
1260 2684 1292 2714 &
1309 2683 1396 2721 Liex,
1411 2683 1444 2713 ὃς
1457 2691 1505 2721 par
1517 2681 1620 2712 devant
1634 2691 1697 2712 tous
1712 2681 1860 2720 Seignurs,
1876 2683 1909 2714 &
1926 2681 2096 2720 Personnes,

1238 2721 1291 2753 Ne
1305 2731 1341 2751 ne
1354 2720 1379 2750 se
1392 2720 1528 2758 Armera,
1548 2729 1585 2749 ne
1600 2720 1700 2750 Armes
1715 2730 1751 2749 ne
1763 2728 1888 2758 portera,
1906 2729 1941 2749 ne
1952 2720 2026 2757 dira,
2044 2730 2080 2749 iie
2093 2719 2167 2759 fera,
2184 2720 2255 2750 taisi-

1203 2761 1331 2792 blement
1345 2768 1381 2789 ne
1402 2758 1623 2796 expreffement,
1640 2768 1750 2788 aucune
1769 2758 1872 2797 chose,
1889 2759 1938 2797 qui
1954 2768 2034 2795 porra
2049 2758 2200 2796 Touriier,
2217 2769 2255 2789 en

1204 2799 1412 2836 Dessionneur,
1427 2797 1565 2835 Vitupre,
1582 2807 1620 2827 ou
1638 2796 1785 2834 Prejudice
1804 2796 1843 2827 du
1856 2797 1897 2827 dit
1913 2796 1962 2826 Ro
1994 2796 2200 2835 d'Engleterre,
2217 2797 2258 2826 ses

1204 2838 1310 2875 Hoirs,
1325 2837 1444 2873 Terres,
1464 2835 1548 2873 Paiis,
1566 2836 1599 2867 &
1617 2835 1705 2872 Liex,
1722 2845 1758 2865 ne
1773 2835 1890 2874 Subgies
1903 2845 1957 2873 que
1969 2843 2110 2873 conques,
2127 2843 2188 2866 tant
2206 2835 2257 2865 de-

1204 2887 1237 2908 ca
1251 2877 1275 2906 la
1291 2875 1376 2913 Mer,
1391 2884 1476 2906 come
1490 2874 1558 2904 dela.

1242 2914 1296 2953 Et,
1332 2914 1392 2951 lux,
1410 2910 1809 2950 Prometons&Creancons,
1829 2921 1884 2949 que
1899 2921 1970 2941 nous
1981 2911 2074 2941 ferons
2087 2919 2149 2942 tout
2164 2910 2260 2941 nostre

1207 2954 1278 2995 loyal
1300 2924 1408 2983 ffovoir
1429 2953 1462 2983 &
1488 2951 1642 2991 diligence,
1661 2960 1709 2986 par
1734 2959 1826 2980 toutes
1842 2951 1881 2979 les
1906 2948 2043 2987 Mennes,
2069 2959 2126 2987 que
2149 2950 2215 2979 faire
2234 2950 2262 2979 le

1209 3002 1365 3033 pourrons,
1383 2991 1418 3020 de
1436 2990 1536 3020 Parole
1556 2991 1588 3020 ὅ(
1605 2989 1640 3018 de
1656 2988 1732 3026 Fuit,
1755 2988 1811 3018 sans
1831 2987 1924 3018 fraude
1942 2997 1979 3017 ne
1998 2987 2055 3018 sans
2079 2988 2136 3018 mal
2157 2989 2260 3024 enom,

1210 3042 1282 3070 que,
1298 3030 1403 3060 cessant
1418 3037 1482 3058 tout
1492 3027 1565 3066 juste
1579 3028 1611 3058 &
1625 3027 1695 3066 loyal
1711 3026 1824 3057 Effoine
1843 3027 1893 3064 (ou
1915 3026 1935 3056 si
1957 3034 2015 3056 tant
2037 3025 2123 3062 feust,
2140 3026 2197 3065 qu’i
2224 3036 2264 3056 ne

1209 3070 1281 3101 feust
1297 3064 1490 3106 Rechangies,
1508 3076 1554 3103 par
1569 3066 1595 3095 le
1609 3064 1671 3095 Gre
1685 3065 1718 3095 &
1737 3064 1878 3095 Voulente
1897 3065 1934 3094 du
1951 3064 1992 3095 dit
2007 3063 2075 3103 Roy
2088 3063 2266 3103 d'Engleter-

1211 3119 1259 3147 re,
1275 3117 1313 3138 ou
1328 3106 1415 3138 deascs
1430 3105 1528 3140 l-loirs)
1549 3105 1574 3135 le
1585 3104 1625 3134 dit
1642 3102 1790 3133 Monfieur
1805 3103 1831 3133 16
1846 3102 1915 3133 Duc
1930 3102 2082 3134 Revendra
2095 3104 2128 3134 &
2138 3102 2265 3133 Retour-

1212 3158 1279 3178 nera
1298 3147 1380 3177 arrier
1401 3155 1437 3174 en
1453 3144 1478 3173 la
1490 3143 1546 3173 dite
1568 3142 1635 3172 Cite
1657 3141 1693 3171 de
1715 3141 1861 3179 Londres,
1879 3141 1912 3171 &
1933 3141 2016 3171 illoec
2041 3141 2067 3171 se
2095 3140 2211 3170 mestera
2228 3150 2267 3170 en

1211 3185 1340 3224 Hostage
1349 3207 1358 3222 ,
1373 3182 1477 3214 dedens
1489 3182 1514 3212 le
1524 3181 1565 3211 dit
1579 3180 1688 3211 Terme
1700 3179 1735 3209 de
1747 3179 1863 3218 Pasques
1875 3179 2028 3217 prochaine
2041 3187 2159 3215 venant,
2178 3188 2212 3208 en
2226 3187 2268 3209 un.

1217 3225 1262 3255 An
1274 3234 1289 3254 a
1311 3233 1352 3253 res
1364 3221 1506 3260 ensuiant,
1523 3220 1587 3251 sanz
1600 3219 1683 3258 partit
1698 3217 1817 3256 dilloec,
1832 3219 1941 3257 jusques
1959 3228 1975 3248 a
1988 3215 2267 3255 l’Acornpliffement

1213 3263 1261 3294 des
1271 3273 1288 3293 c
1310 3261 1368 3291 oses
1379 3259 1531 3290 desusdites.

1252 3301 1290 3333 Et
1305 3307 1397 3330 toutes
1411 3308 1456 3328 ces
1471 3296 1579 3327 Choses
1593 3304 1663 3326 nous
1675 3294 1846 3326 Prometons
1860 3295 1893 3325 &
1907 3294 2087 3333 Creancons,

1215 3341 1292 3380 Foy,
1317 3337 1466 3369 Serement
1483 3337 1516 3368 &
1538 3334 1698 3372 Honneur,
1716 3333 1842 3373 Garder,
1859 3333 2024 3371 Enteriner,
2041 3333 2074 3363 ὃ(

1215 3379 1273 3410 sans
1288 3377 1348 3407 dire
1361 3385 1398 3405 ne
1413 3375 1478 3405 faire
1490 3383 1598 3404 aucune
1612 3372 1695 3403 chose
1707 3383 1723 3403 a
1734 3372 1898 3403 l'encontre

1252 3416 1298 3448 En
1313 3415 1476 3452 Tesmoing
1489 3413 1524 3443 de
1538 3422 1572 3443 ce
1586 3411 1674 3442 Nous
1687 3420 1774 3443 avons
1794 3410 1847 3441 mis
1862 3409 1955 3440 nostre
1969 3417 2071 3447 propre
2095 3406 2157 3438 Seel
2171 3416 2207 3437 en
2226 3414 2274 3438 ces

1216 3455 1352 3495 presentes
1368 3462 1420 3483 nos
1436 3452 1544 3482 Lettres
1556 3458 1693 3480 ouvertes.
2240 3484 2245 3489 ι

1257 3493 1385 3524 Donnez
1397 3501 1413 3521 a
1429 3490 1521 3528 Paris,
1540 3490 1566 3519 le
1579 3489 1641 3526 xxiij
1660 3488 1733 3526 Jour
1745 3488 1781 3518 de
1798 3486 1943 3524 Januiere,
1961 3484 2029 3515 l‘An
2043 3483 2079 3514 de
2100 3493 2184 3528 grace
2198 3482 2272 3521 Mil,

1219 3530 1389 3568 Troiscens,
1406 3528 1538 3560 Soixante
1552 3527 1585 3558 ὃς
1599 3526 1665 3565 ὃὶκ,
1681 3537 1718 3557 60
1729 3525 1830 3556 l'Ostel
1842 3535 1857 3555 a
1871 3525 1895 3555 la
1910 3523 2002 3555 Nasse
2019 3533 2034 3554 a
2051 3522 2144 3562 Paris,

2140 3303 2153 3322 r
2173 3290 2269 3323 nostre

2127 3330 2251 3370 complir
2257 3354 2270 3369 ,

1604 3603 1650 3635 En
1670 3603 1696 3634 la
1709 3601 1842 3633 Presence
1849 3624 1858 3639 ,

1264 3684 1371 3726 Meffire
1386 3681 1516 3714 Guichart
1531 3678 1593 3710 Dal
1607 3678 1671 3716 hin,

1264 3723 1372 3764 Meffire
1390 3719 1523 3752 Philibert
1539 3719 1571 3748 de
1606 3717 1753 3755 Espinace,

1265 3764 1307 3791 Et
1326 3760 1433 3799 Meffire
1452 3761 1553 3790 Vtzian
1571 3755 1603 3786 de
1621 3757 1807 3793 Lomnengne,

1267 3800 1444 3839 Chivaliers2

2214 4058 2297 4093 *De
