2561 4251
727 206 841 249 ET
924 204 1195 247 ACTA
1277 200 1763 242 PUBLICA.

30 302 112 339 fflmz
127 300 160 334 D
184 297 230 329 seu
250 297 385 329 Uniones
404 294 488 326 reales
501 319 511 333 ,
536 293 630 339 firmas
642 316 652 333 ,
675 293 708 324 δὲ
729 301 874 332 perpetuas
886 292 1103 329 Tractavimus,
1121 290 1154 321 &
1170 288 1236 329 post

31 341 35 344 “
55 342 141 390 3386.
182 337 268 370 varias
281 336 382 373 dietas,
400 333 649 365 Concordavirnus
661 332 712 363 sub
726 333 780 363 hac
792 332 902 370 forma,

30 387 87 417 ὣς.
107 391 135 411 2.

2267 213 2347 250 199

1271 289 1381 319 nitione
1398 287 1558 322 huiusmodi
1575 286 1673 317 fiendis
1691 286 1793 318 fuerint
1811 285 1907 317 debite
1923 285 2043 324 requisiti
2059 307 2068 323 ,
2092 286 2138 314 vel
2164 293 2265 315 eorum
2279 285 2328 314 ali-
2348 289 2422 319 Ann.
2440 284 2478 315 D.

1273 328 1334 365 quis
1351 326 1418 356 inde
1434 327 1517 356 fuerit
1529 326 1624 356 debite
1639 325 1800 363 requisitus,
1817 324 1885 354 dolo
1892 347 1902 362 ,
1913 324 2029 366 fraude,
2049 324 2197 359 dilatione,
2216 324 2249 353 &
2266 333 2326 353 ma·
2369 326 2453 366 1386,

1269 365 1326 395 litia
1334 364 1502 394 cessantibus
1515 365 1755 402 quibuscumque:
1775 363 1893 393 Proviso
1905 366 2013 399 semper
2028 362 2107 393 Quod
2121 362 2265 395 praesentes
2274 362 2323 390 Al·
2346 370 2399 397 Ric.
2420 381 2444 398 z.

150 2312 152 2314 -
187 2302 256 2324 rum
279 2295 383 2333 aliquid
406 2293 584 2333 atternptfiffe
600 2292 762 2324 Convictus
781 2293 901 2323 extiterit
914 2317 923 2332 ,
939 2293 975 2325 de

185 446 188 448 ,
220 410 433 444 Inmunis
446 435 457 448 ,
482 420 606 448 namque
625 409 795 440 Tradhmm
819 407 860 438 est
882 408 916 438 δε
935 407 1004 437 hinc
1030 406 1096 436 inde
1120 404 1237 437 finaliter

180 451 399 482 Concordatum
420 449 501 487 quod
515 473 525 488 ,
548 457 662 487 propter
684 448 793 477 bonum
815 446 969 477 Publicum
989 446 1024 475 &
1038 446 1163 488 quietem
1177 445 1238 475 Re-

201 499 248 520 um
264 490 298 520 &
314 488 484 526 Regnorum
496 498 530 518 ac
543 485 884 528 Subditorumnutriusque
897 484 1009 520 Regni,
1028 483 1079 514 sint
1094 484 1127 514 &
1142 485 1238 514 invio-

179 498 301 558 sabiliter
316 537 350 557 ac
366 528 504 565 perpetuo
530 532 711 563 permaneant
736 531 808 552 inter
833 522 926 560 Reges
941 522 1095 551 modernos
1113 522 1238 558 iupradi-

183 566 264 603 «Stes,
283 575 442 603 eorumque
456 562 593 594 Haeredes
606 562 643 591 d'e
656 560 706 591 Co
761 560 836 590 ribus
848 561 1017 590 eorumdem
1032 560 1160 597 legitime
1174 565 1241 597 'pro-

125 637 133 644 ‘
183 612 293 635 creatos
306 626 315 641 ,
340 603 437 642 Reges
456 602 627 640 Regnorum
648 608 705 638 prae
726 599 867 636 tuorum,
885 608 919 628 ac
933 598 953 617 ¹*
968 598 1148 629 Subditos&
1168 598 1238 629 Vas-

181 643 261 673 sallos
289 641 429 679 utriusque
450 639 569 676 Regni,
594 648 628 668 ac
651 637 770 667 aliorum
797 636 1006 667 Dominiorum
1032 639 1065 668 &
1081 637 1237 668 Terrarum

183 681 288 711 eisdem
302 680 431 717 Regibus
442 676 661 715 quomodolibet
674 676 892 713 pertinentium,
911 675 956 706 vel
970 685 1035 713 quae
1056 685 1106 713 per
1121 676 1237 706 eosdem

183 719 309 758 legitime
326 717 433 755 adquiri
452 723 585 752 poterunt
603 714 631 744 in
649 713 791 751 futurum,
811 714 911 752 Ligae,
930 714 1093 752 Amicitiae,
1112 713 1239 744 Confoe-

181 757 353 793 derationes,
372 755 405 787 &
424 753 560 784 Unio'nes
577 752 684 789 firmae,
704 761 845 790 perpetuae
861 776 870 790 ,
896 754 928 783 &
946 752 1052 789 realem
1070 752 1144 782 adeo
1160 752 1240 791 quod

182 806 238 826 una
256 796 321 826 Pars
336 801 462 824 teneatur
478 792 556 822 alteri
572 791 744 822 Succursum
759 790 851 820 facere
871 788 904 822 &
921 790 1102 827 Adiutorium
1127 792 1239 828 impen-

181 835 248 865 dere
271 840 335 863 toto
357 831 439 869 poss'e
464 839 563 861 contra
586 839 687 860 omnes
710 828 853 858 Homines
879 829 928 866 qui
952 828 1066 865 possunt
1089 828 1186 859 vivere
1205 829 1239 859 &

182 873 281 909 mori,
306 871 355 909 qui
377 869 484 900 Pacem
507 869 618 899 alterius
635 867 737 897 laedere
753 866 799 897 seu
817 866 928 897 Statum
946 866 1097 904 depravare
1112 877 1240 905 quomo-

181 909 291 940 dolibet
306 908 481 940 molirentur.

223 946 267 978 Ιτ
278 958 296 979 E
307 956 352 986 M,
369 946 539 977 Traetatum
555 943 598 975 est
611 945 645 975 &
664 943 833 974 unanimiter
846 940 1065 974 Concordatum
1081 943 1161 982 quod
1176 953 1244 974 om-

182 996 231 1016 nes
250 988 283 1018 &
302 985 399 1025 singuli
417 983 529 1015 Vaffalli
546 983 592 1014 vel
608 982 720 1013 Subditi
735 981 923 1019 Regnorum,
941 982 1106 1013 Terrarum-
1127 984 1160 1013 &
1176 982 1243 1013 Do-

185 1026 339 1055 miniorum
361 1021 594 1060 Supradietorum
615 1021 713 1058 (etiam
734 1020 753 1050 fi
774 1020 885 1050 Praelati
901 1044 910 1058 ,
936 1019 1036 1051 Duces
1051 1044 1060 1059 ,
1086 1005 1218 1051 Comites
1233 1043 1243 1059 ,

184 1062 325 1101 Barones,
344 1057 466 1098 Milites,
485 1059 610 1096 Clerici,
628 1058 760 1089 Scutiferi
772 1083 781 1096 ,
808 1058 998 1096 Mercatores,
1015 1059 1060 1089 seu
1073 1059 1134 1098 alii,
1152 1061 1245 1098 cujus-

183 1111 311 1139 cumque
329 1096 676 1138 praeeminentiae,stati⁶iS,
692 1097 738 1128 vel
752 1097 925 1128 conditionis
939 1099 1092 1135 eittiterint)
1110 1107 1244 1136 poterunt

184 1140 262 1170 salvo
282 1139 316 1169 &
331 1139 426 1169 secure
438 1160 448 1175 ,
474 1136 540 1167 Pars
560 1135 714 1173 (videlicet)
733 1145 790 1166 una
808 1135 931 1166 Alterius
950 1134 1103 1175 Regnum,
1120 1138 1241 1175 Terras,

184 1179 219 1210 ὃ(
235 1177 374 1207 Dominia
393 1177 512 1213 intrare,
530 1176 565 1207 &
584 1184 653 1205 cum
671 1174 752 1212 ipfius
769 1173 894 1204 Subditis
909 1177 1012 1205 mutuo
1032 1176 1189 1207 conversari
1208 1179 1241 1209 &

183 1216 320 1253 mercari,
334 1214 499 1253 ibidemque
514 1214 635 1250 morari,
653 1213 686 1243 ὃ(
702 1211 804 1243 deinde
820 1212 854 1242 ad
875 1212 958 1242 Lares
977 1216 1106 1252 proprios
1123 1218 1242 1254 reverti,

185 1254 232 1292 vel
256 1262 442 1292 quocumque
467 1253 621 1291 placuerint
646 1250 672 1281 se
698 1251 835 1281 divertere
851 1273 862 1289 ,
885 1251 957 1282 adeo
983 1252 1073 1283 libere
1097 1253 1130 1284 &
1149 1254 1245 1292 pacifi-

185 1293 222 1323 ce
245 1292 324 1323 sicuti
346 1293 374 1322 in
404 1291 523 1329 Propria
547 1290 636 1320 Patria
658 1289 717 1320 hoc
739 1290 834 1320 liceret
853 1300 859 1319 :
885 1288 923 1320 Et
949 1291 1028 1328 quod
1053 1291 1124 1323 Una
1149 1293 1215 1323 Pars
1233 1318 1242 1332 ‚

186 1331 218 1361 in
244 1329 354 1369 Regnis
366 1355 376 1370 ,
401 1330 501 1361 Terris
515 1353 525 1367 ‚
543 1329 576 1360 &
596 1327 742 1371 Dominiis
757 1327 895 1365 Alterius,
914 1328 986 1359 adeo
1001 1330 1185 1361 amicabiliter
1201 1341 1243 1361 re-

184 1378 315 1407 ceptetur
331 1370 365 1401 &
382 1367 502 1398 honeste
517 1367 650 1398 tractetur
668 1375 698 1396 in
717 1366 826 1405 fingulis
842 1367 964 1404 partibus
978 1391 988 1404 ,
1013 1367 1048 1397 ad
1073 1378 1139 1406 quas
1158 1369 1247 1399 decli-

186 1418 254 1438 nare
277 1408 448 1447 contigerit,
472 1406 552 1437 sicuti
576 1404 686 1436 Gentes
709 1404 849 1435 dictarum
876 1405 997 1442 partium
1010 1429 1020 1443 ,
1045 1407 1246 1445 cujuscumque

188 1444 275 1483 statiis
292 1448 326 1477 &
344 1444 534 1482 conditionis,
553 1444 663 1474 tractari
678 1443 799 1473 debeant
812 1451 860 1473 aut
871 1444 1013 1481 solebant,
1033 1443 1170 1475 solvendo
1185 1445 1246 1476 Re-

187 1486 217 1524 gi
235 1485 269 1516 &
287 1484 344 1514 aliis
364 1484 502 1514 Dominis
520 1482 647 1513 Partium
665 1480 865 1520 praediuarum
885 1480 1040 1514 Custumas
1057 1483 1090 1514 &
1108 1483 1249 1524 Deveria,

186 1525 219 1554 in
238 1522 364 1553 Partibus
383 1522 432 1552 illis
449 1521 519 1552 solvi
537 1520 671 1551 haetenus
691 1520 830 1550 consueta.

226 1561 354 1599 ITEM,
373 1561 478 1590 mutuo
491 1558 709 1589 Concordatum
729 1557 771 1588 est
794 1557 874 1596 quod
893 1558 972 1589 nullo
991 1559 1082 1590 modo
1099 1560 1181 1592 liceat
1200 1561 1248 1591 ali-

186 1599 235 1630 cui
254 1597 440 1629 Subditorum
459 1597 631 1636 Regnorum
678 1595 856 1633 Terrarum,
879 1597 913 1627 &
939 1596 1150 1629 Dominiorum
1176 1610 1249 1637 prae-

186 1637 348 1674 dictorum,
367 1636 570 1675 cujuscumque
584 1635 688 1672 status,
705 1633 824 1674 gradus,
842 1635 886 1665 seu
905 1636 1078 1667 conditionis
1095 1639 1247 1677 extiterint,

188 1676 252 1706 dare
270 1675 316 1705 vel
333 1675 425 1705 facete
441 1673 632 1712 quovismodo
651 1671 831 1712 Consilium,
855 1673 999 1705 Auxilium
1015 1699 1025 1713 ,
1042 1675 1088 1707 vel
1106 1676 1248 1708 Favoretn

189 1713 292 1745 Terrae
305 1737 315 1751 ,
339 1713 464 1744 Nationi
479 1735 489 1751 ,
509 1711 555 1742 vel
573 1710 720 1749 Personae,
738 1721 802 1750 quae
820 1711 895 1742 alteri
912 1712 988 1744 Parti
1005 1715 1172 1746 eorumdem
1189 1715 1248 1746 Ini-

188 1754 265 1784 mica
283 1752 367 1783 fuerit
382 1751 428 1783 vel
447 1750 587 1788 Rebeliis‚
604 1760 658 1780 nec
675 1751 797 1781 inimicis
814 1750 974 1788 hujusmodi
994 1751 1120 1792 Nautas,
1135 1753 1248 1794 Galeas,

187 1791 235 1822 seu
254 1792 361 1829 quaevis
379 1791 430 1821 alia
447 1789 571 1826 Navigia
584 1811 595 1827 ,
617 1798 682 1826 quae
699 1789 730 1818 in
745 1787 909 1819 Gravamen
927 1790 1038 1821 alterius
1056 1790 1144 1822 Partis
1162 1793 1246 1823 cede-

187 1840 221 1860 re
235 1831 383 1869 poterint,
411 1827 602 1867 quovismodo
618 1827 713 1858 locare
731 1827 776 1858 vel
794 1827 954 1858 concedere
966 1851 975 1866 ,
997 1839 1050 1860 nec
1066 1830 1180 1868 aliquod
1197 1841 1247 1870 ge-

186 1877 240 1899 nus
262 1868 436 1906 Armorum,
453 1866 674 1902 Defensivorum
691 1865 747 1896 five
763 1865 1000 1905 Offenfivorum,
1017 1878 1072 1899 nec
1086 1869 1248 1908 quodcum-

185 1916 246 1946 que
262 1907 336 1938 aliud
372 1916 441 1937 enus
459 1903 739 1942 Mercitnoniorutn,
757 1903 802 1935 seu
813 1905 932 1935 aliorum
948 1905 1095 1938 Bonorum
1109 1918 1248 1945 quorum-

188 1955 316 1984 cumque
338 1915 374 1975 ag
393 1945 484 1975 Partes
502 1942 663 1981 hujusmodi
679 1940 811 1973 Inimicus
828 1943 875 1974 vel
891 1942 1024 1976 Rebelles
1035 1968 1045 1984 ,
1074 1956 1249 1984 quocunque

188 1983 289 2023 titulo,
307 1991 494 2022 coopertura,
514 1982 686 2020 palliatione,
704 1981 748 2012 vel
767 1981 883 2020 colore,
901 1982 1008 2014 direcste
1024 1984 1070 2014 vel
1086 1984 1227 2016 indirecte
1238 2010 1247 2024 ,

186 2023 306 2062 publice
323 2024 369 2055 vel
387 2022 521 2060 occulte,
539 2018 729 2060 quovismodo
746 2019 875 2058 deferre,
892 2020 938 2051 stu
956 2022 1058 2060 aliquid
1077 2024 1147 2054 aliud
1167 2022 1248 2054 Sola-

190 2061 266 2092 tium
290 2062 336 2093 vel
358 2061 528 2093 Succursum
554 2059 680 2090 Inimicis
703 2060 749 2090 seu
772 2059 941 2104 Rebellibus
957 2061 1117 2099 hujusmodi
1136 2063 1249 2100 impen-

191 2099 261 2130 dere
283 2101 330 2131 vel
354 2099 483 2141 praestare
496 2124 506 2139 ,
532 2099 602 2138 quin
620 2099 712 2137 potius
730 2097 849 2136 quilibet
865 2097 1040 2137 Regnorum
1055 2124 1064 2137 ,
1080 2099 1252 2140 Terrarum,

190 2136 420 2178 Dominiorum,
439 2139 637 2171 Dominorum
660 2135 777 2178 Regum
795 2137 1001 2176 praedietorum
1014 2164 1024 2178 ,
1041 2140 1075 2173 &
1091 2139 1250 2172 Haeredurn

189 2178 202 2208 i
222 2178 317 2209 sorum
334 2203 343 2218 ,
368 2178 505 2210 Inimicos
526 2179 560 2210 &
585 2176 724 2213 Rebellesv
744 2177 852 2208 alterius
876 2177 1044 2209 eorumdem
1060 2202 1069 2218 ,
1093 2188 1123 2211 ut
1148 2190 1250 2211 eorum

216 2219 325 2256 roprios
349 2218 383 2250 δε
402 2216 542 2256 Capitales
561 2215 699 2247 Inimicos
712 2238 722 2255 ,
748 2216 876 2253 prosequi
895 2217 929 2247 δε
946 2216 1088 2248 destruere
1103 2220 1169 2249 totis
1186 2220 1253 2249 viri-

189 2254 243 2285 bus
262 2265 426 2295 teneantur,
444 2258 495 2294 &,
512 2256 594 2293 fiquis
608 2264 709 2285 contra
724 2252 871 2285 Praemiffa
891 2254 937 2286 seu
957 2256 991 2286 ali
1015 2256 1071 2287 uod
1094 2257 1251 2294 praerniffo-

1022 2297 1098 2334 egnis
1106 2319 1114 2332 ,
1134 2295 1233 2327 Terris
1240 2320 1250 2335 ,

136 2369 138 2371 ‚
189 2331 227 2363 &
242 2332 389 2365 Dominiis
402 2333 630 2373 quibuscumque
643 2331 730 2370 Regis
746 2331 870 2362 Domini
883 2331 938 2371 sui,
955 2333 1058 2372 absque
1069 2333 1191 2374 diffugio
1204 2336 1251 2366 vel

51 3620 148 3653 *vlL

47 3668 114 3697 512.

190 2370 378 2403 Simulatit'me
391 2395 402 2411 ,
425 2372 517 2402 Baniri
538 2372 653 2402 debebit
685 2380 740 2401 nec
753 2371 928 2401 reconciliari
943 2374 1045 2409 poterit
1059 2373 1250 2411 quovismodo

191 2409 252 2440 fine
271 2410 400 2449 expreffis
415 2410 562 2441 Consensu
584 2410 617 2441 &
636 2394 791 2440 v'olunmte
803 2408 876 2440 illius
888 2408 992 2449 Regis,
1011 2412 1040 2442 in
1055 2413 1133 2450 cujus
1145 2411 1252 2444 Offen-

191 2447 250 2479 sam
266 2449 304 2480 fic
317 2450 401 2481 fuerit
415 2458 619 2486 attemptatum.

228 2484 302 2519 ῙΤΕ
312 2496 358 2526 Μ,
376 2487 418 2518 est
434 2486 655 2518 Concordatum
670 2487 705 2519 δε
716 2485 886 2518 Ordinatum
902 2488 999 2527 quod,
1017 2491 1052 2528 si,
1067 2489 1167 2521 futuris
1178 2499 1253 2522 tem—

188 2526 324 2569 poribus,
342 2526 414 2557 Una
428 2537 488 2564 pars
503 2526 648 2557 &storum
670 2526 785 2565 Regum
799 2550 808 2563 ,
833 2525 1030 2559 Haeredumve
1043 2529 1157 2559 suorum
1180 2541 1254 2568 prae-

190 2563 336 2596 dictorum
359 2566 479 2604 indigeat
496 2565 607 2595 alterius
626 2564 847 2602 Supportatione
861 2590 870 2603 ,
888 2565 1016 2605 Auxilio,
1037 2569 1081 2598 vel
1096 2568 1252 2608 succursu,

189 2602 226 2634 &
238 2612 291 2640 pro
305 2603 437 2635 habendo
449 2603 609 2642 hujusmodi
622 2602 735 2633 Auxilio
749 2602 862 2633 Partem
877 2604 1003 2635 Alteram
1017 2606 1144 2642 legitime
1160 2609 1253 2645 requi-

189 2640 306 2679 siverit,
333 2651 403 2673 tunc
425 2641 491 2672 Pars
514 2641 659 2680 Requisita
680 2642 840 2680 hujusmodi
860 2642 1005 2673 Auxilium
1020 2644 1064 2675 seu
1080 2645 1251 2676 Succurfiim

189 2677 265 2710 Parti
281 2679 463 2719 Requirenti,
482 2680 520 2710 fic
535 2680 568 2711 &
583 2689 735 2718 quatenus,
753 2689 866 2719 propter
879 2684 1057 2713 occurrentia
1073 2683 1152 2722 Sibi,
1170 2684 1250 2723 Reg-

189 2718 248 2754 nis,
266 2717 380 2757 Terris,
400 2719 565 2756 Dominiis,
579 2720 613 2750 &
628 2718 753 2749 Subditis
767 2718 818 2748 suis
833 2720 971 2758 pericula,
991 2722 1048 2751 hoc
1063 2722 1154 2753 facere
1170 2731 1251 2760 pote-

189 2756 228 2786 rit
247 2756 382 2794 (cessante
401 2757 472 2788 dolo
487 2781 497 2795 ,
519 2756 615 2788 fraude
627 2779 637 2795 ‚
664 2757 709 2787 seu
723 2756 840 2787 fictione
853 2758 1088 2798 quibuscumque)
1105 2761 1198 2791 facere
1211 2770 1251 2791 te-

193 2802 306 2824 neatur:
326 2795 364 2826 Et
377 2796 410 2827 ad
427 2796 484 2826 hoc
497 2795 679 2833 faciendum,
697 2804 727 2826 ut
741 2796 931 2834 praemittitur,
949 2807 998 2834 per
1013 2799 1160 2836 praesentes
1168 2800 1252 2838 Ligas

191 2831 312 2863 firmiter
332 2834 496 2872 obligetur,
522 2833 706 2870 Requirentis
727 2843 822 2864 tamen
846 2835 1023 2866 rationalibus
1040 2836 1206 2874 Sumptibus
1218 2839 1252 2869 ὃς

192 2870 328 2909 Expensis
345 2883 352 2902 :
372 2872 491 2903 Proviso
512 2871 621 2909 semper
644 2871 721 2910 quod
745 2871 902 2911 Requisitio
917 2873 1021 2904 Auxilii
1035 2875 1080 2905 seu
1095 2875 1252 2907 Succursfis

191 2908 352 2978 gugusrnodi
375 2910 422 2943 fiat
443 2920 492 2951 per
512 2909 557 2941 sex
578 2909 692 2941 Menses
704 2933 715 2949 ,
737 2920 888 2950 antequam
911 2910 1080 2944 Executioni
1095 2913 1257 2946 demandari

213 2958 228 2978 e
251 2959 316 2980 coit.

222 2986 276 3031 ,ΙΤ
287 2996 305 3017 Ε
315 2996 343 3019 Μ
354 3013 362 3025 ,
380 2987 601 3020 Concordatum
615 2987 657 3018 est
669 2987 750 3026 quod
759 3011 769 3027 ,
787 2988 806 3019 fi
817 2989 914 3027 aliquis
921 2989 1045 3022 Patrium
1057 2992 1256 3029 praediffarum

192 3024 296 3063 aliquid
316 3027 414 3066 Scire,
431 3028 589 3064 explorare,
605 3027 651 3058 seu
666 3027 763 3058 sentire
779 3029 899 3066 poterit,
918 3030 995 3067 quod
1011 3031 1043 3060 ali
1068 3031 1125 3060 uod
1142 3030 1257 3069 Damp-

193 3073 282 3103 num,
302 3064 415 3096 Malum
430 3089 440 3105 ,
456 3066 522 3097 Vitu
545 3067 635 3096 etium
651 3091 660 3104 ,
685 3066 731 3096 seu
752 3066 919 3098 Gravamen
939 3077 1037 3099 contra
1081 3079 1169 3099 artem
1191 3070 1257 3100 alte-

192 3111 273 3141 ram,
291 3103 478 3142 Ordinatum,
530 3105 687 3142 metatum,
705 3105 751 3135 vel
765 3104 968 3145 Ymaginatum
983 3108 1257 3146 extiterit,perTer-

194 3150 255 3171 ram
269 3165 280 3186 ,
304 3143 349 3172 vel
372 3153 421 3180 per
445 3143 552 3183 Mare,
579 3143 694 3181 publice
715 3143 760 3174 vel
780 3145 913 3182 occulte,
930 3147 1009 3184 quod
1026 3146 1084 3176 hoc
1099 3156 1162 3177 toto
1177 3147 1256 3185 porse

192 3179 244 3223 suo
272 3181 407 3223 impediet
421 3184 435 3219 ,¹
454 3182 536 3212 sicuti
554 3181 728 3219 Dampnum
747 3183 781 3213 &
805 3183 983 3220 Vituperium
1007 3185 1091 3215 Partis
1113 3186 1167 3216 suae
1187 3185 1257 3216 Pro-

192 3227 261 3255 priae
276 3219 403 3256 impediri
417 3227 544 3257 optaret,
561 3221 781 3258 procurabitque
794 3222 827 3252 &
846 3220 929 3253 faciet
944 3223 1064 3254 Fac‘kum
1078 3224 1255 3262 huiusmodi,

195 3264 264 3287 curn
276 3256 376 3288 debitis
390 3256 633 3296 Circumstantiis,
651 3258 727 3289 Parti
743 3259 853 3297 Alteri,
871 3269 968 3291 contra
984 3272 1069 3300 quarn
1085 3259 1121 3292 sic'
1139 3263 1257 3302 Ymagi-

193 3303 292 3325 natum
308 3297 442 3334 eXtiterit,
458 3305 527 3326 curn
540 3306 721 3335 quacumque
734 3298 858 3335 poffibili
869 3300 1009 3332 celeritate
1024 3302 1160 3340 proferri,
1176 3303 1257 3341 dolo,

193 3332 309 3372 fraude,
327 3334 361 3365 ὃς
374 3332 515 3365 floritione
529 3334 697 3365 cessantibus
711 3336 944 3373 quzbuscumque.

229 3369 244 3401 I
253 3380 276 3401 'r
286 3380 356 3410 EM,
376 3371 597 3403 Concordatum
612 3373 653 3403 est
668 3373 749 3411 quod
770 3374 855 3404 nullae
868 3374 994 3414 Treugae
1011 3376 1057 3407 seu
1082 3377 1259 3410 Guerrarum

195 3409 375 3441 Sufferentiae
390 3434 399 3449 ,
426 3421 476 3449 per
500 3410 622 3442 Terram
637 3433 647 3450 ,
672 3411 717 3443 vel
732 3421 782 3449 per
798 3411 899 3449 Mare,
919 3423 968 3451 per
981 3415 1098 3445 alterum
1113 3416 1259 3448 dierorum

195 3446 330 3487 Regum,
349 3448 544 3480 Haeredumve
555 3450 669 3481 suorum
691 3450 895 3488 praedictorum
909 3473 918 3489 ,
940 3452 975 3482 de
995 3462 1101 3484 caetero
1121 3457 1262 3493 capiantur

195 3487 246 3517 nisi
270 3487 338 3518 alter
355 3487 420 3518 Rex
435 3510 445 3526 ,
468 3487 569 3527 Regna
585 3511 595 3526 ,
616 3488 733 3527 Terrae,
750 3487 890 3519 Dominia
904 3490 965 3528 sua,
982 3492 1137 3530 omnesque
1151 3494 1262 3525 Subditi

196 3525 474 3566 comprehendantur
489 3527 519 3556 in
534 3527 636 3557 eisdem
646 3539 656 3565 3
666 3535 698 3558 ut
710 3537 813 3558 eorum
827 3527 970 3560 Beneficio
978 3531 1020 3561 uti
1032 3531 1065 3562 &
1080 3532 1202 3570 gaudere
1215 3543 1264 3564 va-

201 3564 290 3602 leant,
309 3564 330 3595 fi
342 3565 379 3595 eis
391 3564 539 3602 expediens
552 3566 685 3596 videatur.

236 3601 280 3633 I'r
290 3612 307 3633 E
318 3611 363 3641 M,
382 3603 419 3641 fi,
434 3604 610 3640 temporibus
622 3603 737 3642 futuris,
755 3606 908 3645 contigerit
924 3606 1015 3644 (quod
1027 3608 1106 3645 absit)
1123 3609 1203 3647 quod
1221 3609 1263 3640 A-

197 3641 217 3672 li
241 3641 288 3672 uid
303 3650 404 3673 contra
417 3642 562 3679 praesentes
577 3641 755 3681 Alligantias,
772 3653 821 3681 per
834 3645 954 3674 alterum
963 3646 1107 3677 dietorum
1124 3647 1243 3684 Regum
1255 3672 1264 3687 ,

234 3680 397 3711 aeredumve
409 3680 524 3711 suorum
543 3681 762 3719 praedistorum,
780 3691 828 3712 aut
841 3682 974 3714 Subditos
987 3685 1155 3715 eorumdem
1165 3711 1173 3723 ,
1192 3696 1264 3717 con-

199 3727 241 3749 tra
260 3719 360 3757 alium,
380 3729 430 3756 per
449 3718 552 3756 aliquas
570 3717 762 3758 Incurfiones,
778 3718 953 3760 Invafiones,
972 3722 1156 3761 Castrorum,
1177 3724 1266 3755 Villa-

200 3767 282 3793 rum,
301 3757 346 3788 seu
361 3755 753 3796 FortalitiorumCaptiones,
771 3757 1023 3798 Depraedationes,
1040 3761 1266 3793 Derobberatio-

200 3805 251 3825 nes
264 3795 468 3833 Personarum,
486 3795 533 3825 seu
548 3793 660 3826 Rerum
673 3794 828 3833 Captiones
842 3807 888 3828 aut
903 3797 1092 3831 Detentiones
1102 3824 1112 3839 ,
1131 3801 1177 3831 vel
1193 3812 1267 3839 quo-

201 3835 243 3864 vis
264 3834 319 3864 alio
340 3834 433 3865 modo
455 3841 541 3864 artem
563 3842 653 3864 tatum
673 3834 757 3865 fuerit
778 3834 824 3865 seu
844 3837 1063 3873 quomodolibet
1087 3839 1266 3879 injuriatum,

200 3871 283 3916 quod
298 3872 364 3903 Rex
379 3873 438 3912 ille,
453 3874 531 3910 cujus
566 3872 656 3902 ubditi
671 3873 761 3903 taliter
772 3876 999 3911 attemptaverint
1015 3876 1060 3906 vel
1075 3877 1194 3915 injuriati
1207 3878 1267 3908 fue-

201 3918 272 3947 rint,
290 3910 324 3940 &
339 3910 476 3942 Haeredes
490 3911 529 3941 sui
543 3921 595 3948 pro
606 3919 737 3948 tempore
751 3911 913 3950 existentes,
930 3921 1090 3944 teneantur.
1109 3916 1142 3946 &
1152 3916 1269 3953 quilibet

201 3956 303 3986 eorum
320 3956 449 3987 tempore
471 3951 521 3980 suo
539 3958 683 3988 teneatur,
701 3949 862 3988 Reparare,
880 3949 1066 3989 Reformate,
1085 3952 1245 3985 Emendare
1259 3978 1269 3994 ‚

202 3986 237 4017 &
253 3985 288 4030 ad
300 3984 411 4017 Statum
425 3988 554 4020 debitum
569 3988 743 4026 Attemptata
759 3988 917 4027 hujusmodi
940 3990 1036 4021 debite
1058 3989 1215 4029 Corrigere
1235 3994 1269 4024 &

202 4022 309 4069 J’unire
324 4023 358 4054 ad
378 4023 562 4058 Voluntatem
581 4028 615 4058 ὅ(
635 4026 848 4058 Discretionetn
869 4027 940 4058 illius
959 4028 987 4059 R
1026 4030 1047 4059 is
1061 4053 1070 4068 ,
1094 4031 1140 4060 cui
1167 4030 1204 4061 stc
1222 4030 1270 4061 In-

195 4064 336 4107 Juriatum
355 4063 438 4107 fuerit
452 4087 462 4100 ,
485 4074 553 4095 cum
571 4067 654 4096 omni
673 4066 811 4097 celeritate
830 4075 883 4104 qua
902 4067 985 4098 citius
1024 4069 1063 4098 eri
1080 4070 1207 4108 poterit,
1236 4071 1270 4101 ὃς

198 4101 236 4133 nd
257 4110 352 4132 minus
367 4101 439 4133 infra
455 4102 502 4133 sex
520 4101 637 4136 Menses
653 4103 808 4144 postquam
827 4105 906 4143 super
925 4105 1146 4139 Reformatione
1161 4109 1194 4140 &
1212 4107 1272 4139 Pu-

1270 403 1392 440 ligantiae
1407 412 1464 431 non
1479 402 1638 432 censeantur
1653 412 1705 432 ceu
1719 403 1748 431 in
1762 402 1857 439 aliquo
1872 400 1894 430 F
1896 402 1999 438 radiae,
2019 400 2185 438 Dissolutae,
2204 400 2250 430 seu
2264 399 2330 430 Irri-

1272 450 1326 477 tae,
1343 442 1380 470 set
1393 440 1498 478 semper
1513 441 1541 469 in
1557 441 1606 470 suo
1622 441 1740 470 Robore
1753 448 1915 470 remaneant
1930 440 1963 469 &
1978 441 2079 469 virtute
2090 461 2098 476 ,

1308 478 1347 508 Et
1366 478 1478 508 ulterius
1493 501 1501 514 ,
1517 488 1570 514 pro
1591 478 1801 508 conservatione
1819 477 1958 508 dietarum
1980 477 2190 515 Alligantiarum
2211 476 2326 517 fortius,

1271 516 1442 547 Ordinatum
1457 515 1547 545 existit
1561 516 1656 553 quod,
1671 527 1728 555 ,pro
1742 517 1820 546 nullo
1835 516 1984 553 Articulo,
2003 517 2030 544 in
2043 516 2174 552 superiori
2192 513 2327 553 Capitulo

1270 555 1426 592 descripto,
1446 563 1537 591 neque
1544 564 1596 592 pro
1609 555 1742 583 omnibus
1756 555 1836 584 simul
1846 554 1967 592 junctis,
1986 555 2073 583 etiam
2086 554 2104 583 si
2115 553 2197 584 Mors
2204 555 2246 585 vel
2256 555 2329 586 Mu-

1272 594 1369 624 tulario
1384 592 1563 630 personarum
1579 597 1613 623 εἳ
1626 592 1730 622 eisdem
1744 592 1836 622 fuisset
1853 592 1942 630 (quod
1956 592 2036 629 abiit)
2054 591 2214 630 subsecuta,
2234 603 2327 632 neque

1272 641 1325 669 pro
1342 640 1509 669 quacunque
1522 630 1572 660 alia
1591 629 1728 660 Violentia
1739 640 1803 668 quae
1818 630 1876 660 fieri
1891 631 1933 660 vel
1952 629 2118 669 Ymaginati
2141 632 2260 669 poterit,
2276 642 2327 664 cua

1269 670 1426 708 juscunque
1440 670 1513 699 foret
1527 668 1660 706 qualitatis
1675 669 1720 699 seu
1733 669 1920 705 conditionis,
1937 669 2081 705 praesentes
2095 669 2250 708 Alligantiae
2260 670 2329 701 Dis-

1273 708 1341 738 solvi
1357 716 1488 745 poterunt
1501 707 1545 736 seu
1563 707 1697 744 infringi,
1719 709 1879 745 quinimmo
1892 708 1998 743 semper
2007 708 2194 745 Attemprata,
2211 717 2242 739 ut
2255 719 2329 745 prae·

1274 746 1410 782 mittitur,
1428 744 1593 775 Reformari
1607 745 1769 783 debebunt,
1789 745 1967 782 praesentibus
1982 745 2060 783 Ligis
2073 748 2100 775 in
2113 746 2165 777 suis
2186 746 2330 779 Firmitate

1274 784 1307 814 ὃς
1324 783 1444 813 Robore
1458 784 1657 813 nichilominus
1671 785 1805 813 continu-*2
1820 783 1965 813 duraturis.

1312 821 1378 858 Set,
1399 822 1417 850 si
1441 822 1606 858 eontigerit,
1626 822 1722 852 futuris
1744 822 1938 857 Temporibus
1959 821 2048 859 (quod
2067 823 2145 859 absit)
2164 823 2245 861 quod
2261 834 2332 855 unus

1275 859 1487 898 praemissorum
1509 859 1629 896 Regum
1643 883 1652 897 ,
1678 858 1871 890 Haeredumve
1891 859 2003 889 saorum
2024 861 2225 899 praedi&orum
2239 886 2250 900 ,
2277 873 2332 901 pro

1276 906 1406 935 tempore
1418 896 1615 935 existentium,
1634 907 1685 935 per
1700 897 1751 934 Se,
1770 898 1904 928 Subditos
1919 898 1979 928 suos
1989 899 2051 935 ,vel
2064 900 2147 937 alios,
2160 900 2197 930 de
2211 911 2330 931 eorum-

1275 935 1341 965 dem
1355 936 1474 972 Regum
1489 934 1647 973 Mandato,
1668 935 1834 973 Voluntate,
1854 936 2068 973 Approbatione
2080 960 2090 975 ,
2109 939 2153 967 vel
2167 938 2330 979 consensu,

1276 974 1380 1005 vellent
1400 974 1444 1004 seu
1464 975 1548 1005 vellet
1570 984 1669 1005 contra
1681 975 1815 1012 alterum,
1833 984 1947 1012 propter
1958 976 2166 1013 generalitatem
2181 975 2334 1014 Capitulo-

1277 1022 1342 1043 rum
1364 1013 1585 1051 praecedentium
1602 1036 1611 1050 ,
1636 1013 1673 1042 de
1693 1013 1769 1042 faCto
1792 1013 1955 1050 malignari,
1973 1013 2102 1044 faciendo
2117 1014 2163 1044 seu
2177 1025 2226 1052 per
2237 1015 2275 1046 Se
2289 1016 2336 1047 vel

1277 1051 1349 1081 Suos
1364 1074 1373 1089 ,
1395 1060 1442 1082 aut
1456 1051 1512 1081 fieri
1528 1050 1717 1088 permittendo
1733 1051 1777 1081 seu
1794 1053 1988 1090 procurando,
2005 1053 2074 1088 parti
2091 1053 2177 1083 Alteri
2193 1053 2332 1091 Apertam

1279 1088 1420 1120 Guerram
1443 1099 1490 1126 per
1511 1090 1632 1119 Terram
1652 1089 1698 1120 vel
1716 1098 1764 1126 per
1786 1087 1890 1126 Mare,
1917 1090 1962 1120 vel
1985 1092 2047 1120 alias
2061 1094 2202 1128 praefatam
2218 1092 2334 1124 Partem

1274 1128 1399 1158 Alteram
1416 1127 1657 1167 Dampnificando
1671 1128 1714 1158 vel
1730 1127 1921 1165 molestando,
1942 1129 2056 1165 publice
2073 1131 2116 1160 vel
2130 1132 2245 1162 occulte
2260 1142 2334 1170 quo-

1278 1168 1320 1196 vis
1335 1167 1452 1204 quaeslto
1473 1167 1554 1196 titulo
1575 1167 1619 1196 vel
1639 1167 1739 1196 colore
1752 1189 1761 1204 ,
1781 1166 1952 1196 Ordinatum
1965 1168 1998 1197 ὃς
2015 1169 2182 1199 unanimiter
2195 1169 2333 1202 Concor·-

1278 1205 1376 1235 datum
1398 1204 1439 1235 est
1458 1205 1538 1242 quod
1559 1204 1624 1234 Pars
1644 1205 1704 1242 illa,
1724 1214 1788 1243 quae
1800 1203 1950 1235 Excessum
1965 1206 1997 1236 &
2013 1205 2144 1244 injuriam
2157 1207 2201 1238 seu
2217 1208 2335 1241 Violen-

1279 1244 1346 1273 tiam
1367 1244 1525 1281 hujusmodi
1551 1244 1746 1281 commiserit,
1774 1252 1857 1280 penes
1878 1242 1993 1282 Deum,
2012 1245 2045 1275 &
2060 1253 2152 1275 toturn
2169 1246 2336 1289 Mundum,

1279 1280 1311 1311 δε
1328 1283 1450 1312 maxime
1465 1292 1548 1319 penes
1563 1291 1662 1312 omnes
1678 1281 1820 1319 Principes
1833 1281 2014 1320 Catholicos,
2029 1293 2170 1320 reputetur
2184 1287 2215 1315 ὃς
2232 1286 2334 1318 habea-

1279 1329 1325 1349 tur
1340 1327 1392 1357 pro
1408 1320 1491 1358 falso,
1511 1320 1643 1358 Perjuro,
1663 1321 1696 1350 δε
1712 1320 1831 1357 Insami,
1852 1320 1884 1350 &
1900 1321 2098 1352 nichilominus
2113 1322 2206 1361 perdat
2224 1324 2332 1356 Benefi-

1280 1359 1357 1388 cium
1378 1359 1510 1398 Ligarurn
1531 1358 1708 1397 praesentium
1723 1359 1757 1388 ad
1773 1356 1856 1388 Partis
1870 1358 2009 1397 Alterius,
2029 1370 2127 1390 contra
2143 1372 2228 1399 quam
2244 1365 2282 1393 fic
2295 1374 2336 1395 at-

1279 1405 1447 1434 temptatum
1469 1398 1552 1428 fuerit
1565 1420 1574 1434 ,
1600 1396 1785 1427 Voluntatem
1800 1409 1810 1434 ι,
1827 1396 1865 1426 Et
1879 1398 1957 1434 quod
1974 1399 2027 1435 ipsa
2042 1398 2105 1428 Pars
2120 1399 2251 1438 injuriata
2263 1412 2336 1439 prae-

1279 1433 1345 1464 fatas
1363 1435 1522 1474 Alligantias
1538 1459 1548 1474 ,
1572 1436 1600 1465 in
1622 1436 1816 1473 praejudicium
1836 1435 1962 1473 alterius,
1982 1437 2001 1466 sl
2016 1437 2072 1468 hoc
2087 1438 2219 1477 voluerit,
2238 1441 2338 1471 infrin-

1280 1473 1390 1511 gendo,
1409 1475 1451 1504 vel
1463 1475 1542 1512 alias,
1563 1473 1623 1511 ipsis
1641 1472 1732 1512 Ligis,
1754 1475 1782 1504 in
1797 1475 1924 1504 favorem
1941 1476 2064 1511 praefatae
2078 1474 2165 1507 Partis
2180 1476 2335 1518 Injuriatae,

1279 1513 1306 1540 in
1328 1511 1378 1542 suo
1401 1512 1523 1542 Robore
1545 1513 1769 1548 permanentibus
1783 1536 1791 1549 ,
1815 1512 1849 1542 ad
1873 1512 2121 1544 Reformationem
2145 1515 2338 1555 Attemptatoe

1280 1559 1362 1587 rum,
1382 1560 1430 1588 per
1445 1551 1635 1588 quascumque
1654 1552 1711 1580 vias
1730 1551 1780 1580 sibi
1802 1551 1886 1588 magis
1899 1551 2048 1587 expediens
2061 1553 2215 1592 videbitur,
2236 1566 2338 1593 proce-

1281 1588 1376 1618 dendo
1390 1612 1399 1627 ,
1421 1590 1524 1626 absque
1543 1587 1577 1617 ali
1599 1599 1633 1619 ua
1656 1597 1723 1619 nota
1743 1589 1882 1626 Perjurii,
1914 1587 2059 1627 Infamiae,
2075 1591 2121 1622 seu
2135 1593 2337 1634 cujuscumque

1281 1627 1389 1657 alterius
1405 1626 1506 1657 Poenae
1521 1627 1564 1657 seu
1611 1627 1699 1665 ulpae,
1720 1627 1835 1657 liberam
1849 1627 1948 1656 habeat
1960 1629 2122 1665 optionem.

1319 1665 1364 1695 Ιτ
1375 1676 1392 1696 E
1403 1673 1447 1703 M,
1465 1664 1639 1695 Ordinatum
1652 1665 1694 1696 est
1709 1665 1742 1695 &
1759 1666 1860 1695 mutuo
1875 1663 2096 1697 Concordatum
2119 1669 2197 1706 quod
2212 1671 2340 1707 praefatus

1282 1703 1429 1742 Johannes
1441 1707 1500 1733 Rex
1513 1702 1632 1742 Castellae
1646 1702 1684 1738 ὠ,
1701 1706 1841 1740 Legionis,
1859 1712 1892 1733 ac
1906 1702 2043 1734 Haeredes
2062 1706 2098 1735 sui
2122 1707 2248 1743 praedicti
2258 1731 2267 1746 ,
2284 1718 2338 1741 nec

1282 1752 1342 1772 non
1364 1742 1499 1773 Haeredec
1514 1765 1523 1780 ,
1547 1741 1717 1772 Sereniffimi
1737 1742 1878 1778 Principis
1892 1764 1901 1779 ,
1926 1741 2050 1774 Domini
2065 1744 2172 1783 nostri,
2189 1746 2224 1776 de
2239 1757 2342 1779 eorum

1284 1780 1463 1818 Corporibus
1476 1782 1601 1820 legitime
1613 1781 1768 1818 procreati,
1789 1779 1899 1819 Reges,
1919 1789 1948 1810 ut
1961 1783 2153 1821 praemittitur,
2170 1783 2344 1824 Regnorum

1284 1819 1502 1858 praedi&orum,
1519 1819 1633 1857 singuli,
1651 1819 1722 1849 infra
1736 1819 1873 1856 Annum,
1890 1828 1905 1848 a
1919 1819 1966 1849 die
1979 1819 2178 1852 Coronationis
2199 1824 2253 1854 suae
2269 1835 2343 1855 con-

1283 1859 1362 1888 tinue
1382 1858 1610 1896 computandum
1626 1880 1636 1896 ,
1659 1866 1804 1888 teneantur
1818 1882 1827 1895 ,
1851 1857 1884 1887 &
1904 1858 2020 1895 quilibet
2034 1869 2133 1890 eorum
2149 1870 2201 1898 pro
2214 1872 2346 1901 tempore

1283 1895 1332 1927 suo
1354 1905 1476 1927 teneatur
1489 1921 1497 1933 ,
1520 1896 1666 1936 praesentes
1685 1896 1847 1935 Alligantias
1862 1917 1871 1933 ,
1895 1895 2076 1933 solempniter
2097 1899 2130 1929 &
2154 1900 2286 1939 publice,
2314 1904 2344 1932 in

1305 1935 1465 1965 ersonarum
1481 1935 1638 1964 Nobilium
1650 1936 1683 1965 &
1697 1935 1900 1964 autenticarum
1915 1936 2059 1972 praesentifi
2068 1959 2077 1974 ,
2092 1935 2205 1975 Jurare,
2223 1939 2346 1977 ipsasque

1295 2000 1298 2002 .
1317 1984 1456 2011 enovare,
1474 1972 1641 2011 Ratificare,
1658 1973 1692 2004 ὃς
1707 1971 1889 2003 Confirmare
1903 1973 1951 2002 sub
1969 1974 2155 2006 Testimonio
2177 1977 2295 2014 publico
2310 1979 2345 2009 δε

1286 2011 1387 2053 Sigillis
1403 2012 1553 2051 majoribus
1568 2011 1752 2049 eorumdem,
1771 2012 1851 2048 super
1863 2012 1965 2049 quibus
1979 2034 1990 2049 ,
2016 2013 2052 2042 fic
2069 2013 2171 2051 Juratis
2207 2013 2345 2047 Renova-

1288 2051 1338 2089 tis,
1359 2051 1529 2090 Approbatis
1543 2073 1552 2088 ,
1567 2048 1600 2081 ὅ(
1615 2049 1818 2088 Confirmatis,
1837 2058 1961 2080 teneatur
1977 2051 2092 2082 Litteras
2107 2052 2151 2082 seu
2202 2064 2344 2085 ocumen-

1288 2097 1315 2121 ta
1327 2090 1439 2127 publica
1451 2088 1611 2127 conficere,
1629 2090 1662 2119 &
1679 2090 1686 2118 i
1708 2088 1744 2119 sas
1758 2089 1892 2126 Litteras,
1910 2088 2009 2125 Sigillo
2022 2091 2070 2120 suo
2087 2090 2211 2130 Majori,
2228 2103 2258 2123 ut
2275 2104 2345 2131 prae-

1289 2130 1407 2159 mittitur
1423 2151 1433 2167 ,
1454 2128 1644 2168 communitas
1659 2150 1669 2165 ,
1720 2128 1771 2158 arti
1793 2127 1882 2157 Alteri
1898 2151 1907 2163 ,
1930 2128 2011 2158 citius
2032 2139 2091 2166 qno
2110 2132 2271 2161 commode
2287 2131 2346 2163 fieri

1290 2168 1413 2205 poterit,
1427 2177 1496 2201 eum
1512 2166 1632 2199 Persona
1647 2166 1740 2196 secura
1755 2167 1788 2197 &
1803 2165 1857 2195 fide
1874 2165 1958 2205 digna
1971 2168 2153 2199 transmittere
2169 2170 2213 2199 seu
2227 2169 2349 2200 destina-

1290 2216 1335 2242 re,
1352 2206 1466 2244 fraude,
1481 2205 1567 2244 dolo,
1585 2203 1706 2244 malitia,
1724 2205 1769 2236 seu
1784 2203 1956 2243 negligentia
1978 2206 2144 2237 cessantibus
2167 2209 2349 2247 quibuscum·

1289 2254 1353 2283 que.

1324 2284 1397 2315 [TE
1409 2292 1453 2322 M,
1472 2283 1645 2314 Ordinatum
1666 2282 1706 2313 est
1726 2283 1807 2321 quod
1824 2281 1968 2320 praesentes
1987 2282 2082 2324 Ligae,
2100 2282 2250 2323 postquam
2265 2283 2348 2315 Con*

1289 2322 1426 2360 cordatae,
1445 2322 1580 2360 Scriptae,
1598 2322 1631 2352 &
1646 2321 1778 2360 Sigillatae
1792 2321 1911 2359 fuerint,
1929 2321 2052 2361 nedum,
2071 2333 2120 2359 per
2134 2333 2185 2353 nos
2200 2323 2350 2354 Commis-

1289 2362 1372 2391 sarios
1392 2362 1426 2392 &
1447 2360 1648 2391 Procuratores
1672 2360 1878 2398 Superscriptos
1891 2383 1900 2395 ,
1927 2360 1955 2390 in
1974 2360 2133 2391 Animabus
2149 2361 2351 2392 Dominorum

1290 2399 1453 2430 nostrorum
1468 2399 1692 2438 praedictorum,
1710 2399 1748 2429 set
1763 2408 1812 2437 per
1828 2398 1956 2435 praefatos
1972 2398 2056 2430 Duos
2071 2399 2163 2439 Reges
2178 2399 2348 2440 Principales

1289 2439 1469 2476 solempniter
1479 2439 1623 2477 jurentur,
1640 2437 1798 2476 priusquam
1813 2436 1941 2468 Partibus
1952 2437 2114 2470 liberentur.

1293 2525 1320 2552 'k
1347 2527 1443 2560 Tenor
1459 2523 1531 2558 verb
1551 2523 1703 2557 Mandati
1715 2524 1784 2568 five
1807 2527 2010 2558 Procuratorii
2024 2536 2098 2572 per,
2129 2525 2348 2571 Sereniffi‘mum
2370 2540 2463 2568 svm

1334 2577 1520 2619 Principem,
1546 2575 1712 2606 Dominum
1728 2570 1858 2615 nostrum
1871 2599 1880 2614 ,
1908 2576 2076 2607 Dominum
2097 2577 2206 2621 Regem
2226 2574 2350 2619 Castellae
2366 2587 2432 2615 513.

1338 2626 1373 2661 θ’
1388 2626 1534 2703 hlaegioniZ
1549 2619 1690 2664 illustrem
1702 2647 1712 2664 ,
1737 2621 1772 2654 de
1793 2634 1848 2667 quo
1858 2621 1998 2668 sisperius
2004 2622 2046 2667 fit
2063 2627 2192 2666 mentio,
2210 2625 2352 2671 ftqm‘tur

1340 2684 1370 2704 m
1409 2682 1443 2703 aec
1461 2682 1515 2703 ver
1536 2682 1567 2704 a.

1325 2766 1493 2797 OHANNES
1509 2788 1518 2803 ,
1544 2763 1604 2794 Dei
1622 2763 1723 2803 gratia,
1740 2763 1828 2795 Rex
1853 2763 2096 2796 CASTELLAE
2122 2774 2175 2796 ET
2203 2764 2353 2797 Laero-

1339 2814 1359 2835 Ν
1371 2815 1379 2834 i
1392 2815 1422 2838 s,
1441 2803 1559 2841 Toleti,
1576 2803 1730 2841 Galleciae,
1749 2803 1881 2841 Sybinae,
1898 2804 2075 2842 Cordubiae,
2102 2803 2244 2843 Murciae,
2263 2802 2354 2834 Gien-

1292 2844 1348 2881 nii,
1366 2843 1507 2881 Algarbii,
1527 2843 1559 2873 &
1580 2842 1711 2881 Algesirae
1727 2867 1736 2879 ,
1764 2841 1834 2872 Dux
1848 2842 2032 2880 Lancastriae,
2051 2845 2084 2873 ὃς
2100 2842 2245 2872 Dominus
2262 2842 2353 2873 Moli-

1292 2892 1336 2912 nae
1351 2881 1497 2911 Omnibus
1507 2903 1516 2918 ,
1530 2880 1564 2910 ad
1581 2890 1654 2916 quos
1669 2881 1815 2917 praesentes
1831 2880 1944 2910 Litterae
1957 2882 2151 2919 pervenerint,
2169 2880 2304 2911 Salutem.

1333 2919 1452 2950 Notum
1468 2920 1550 2948 vobis
1565 2919 1684 2948 facimus
1698 2919 1796 2956 quod,

1332 2959 1381 2988 De
1402 2957 1546 2988 Fidelitate
1568 2956 1854 2994 p1<0batfi,industria
1871 2979 1881 2995 ,
1899 2957 1932 2987 ὃ(
1946 2957 2072 2988 circums
2085 2957 2196 2989 efflone
2211 2957 2353 2996 providis,

1294 2997 1525 3036 praedileftorum
1546 2996 1628 3024 nobis
1642 3018 1651 3032 ,
1677 2994 1819 3032 Johanm's
1833 2995 1864 3024 de
1879 2999 2023 3034 Marmyon
2080 2997 2157 3034 ilitiS,
2174 2999 2207 3027 ὃς
2224 2995 2355 3035 Magistri

1296 3034 1441 3066 Willielmi
1455 3033 1487 3066 de
1501 3031 1636 3069 Aslheton
1652 3032 1763 3071 Legum
1780 3034 1933 3072 Doc'toris,
1955 3033 2109 3072 plenissime
2122 3033 2314 3073 confidentes,

1337 3074 1382 3104 Ad
1404 3072 1599 3103 Tractandum
1616 3094 1625 3108 ,
1648 3070 1892 3102 Conveniendum
1910 3095 1918 3110 ,
1945 3074 1979 3103 &
2001 3071 2249 3103 Concordandum
2272 3082 2357 3111 curn,

1299 3110 1534 3144 Metuendiffimo
1559 3109 1689 3139 Domino
1711 3110 1811 3140 nostro
1826 3133 1834 3146 ,
1864 3109 1996 3140 Domino
2012 3112 2144 3149 Ricardo‚
2163 3114 2230 3148 Rege
2245 3110 2358 3148 Angliae

1297 3150 1334 3186 ὠ·
1348 3149 1488 3180 Francloiae
1504 3147 1702 3185 illustrissimo,
1719 3149 1764 3179 seu
1780 3149 1813 3179 ad
1827 3149 1884 3178 hoc
1899 3159 1947 3185 per
1963 3159 2028 3179 eum
2046 3149 2196 3186 Deputatis
2235 3148 2357 3179 Manda-

1296 3200 1357 3222 tum
1373 3189 1509 3219 sufficiens
1525 3187 1691 3217 habentibus
1706 3210 1714 3223 ,
1739 3187 1818 3225 super
1836 3187 2060 3225 quibuscumque
2076 3188 2173 3225 Ligu,
2192 3172 2356 3217 Confcede-

1296 3229 1448 3259 rationibus
1463 3248 1472 3264 ,
1498 3225 1537 3256 &i
1554 3225 1709 3263 Amicitiis,
1730 3226 1802 3256 inter
1815 3225 1901 3263 Nos,
1917 3226 2050 3256 Subditos
2065 3226 2194 3263 nostros,
2210 3225 2311 3262 Regna
2323 3227 2357 3256 &

1298 3267 1438 3297 Dominia
1451 3263 1543 3293 nostra
1559 3273 1766 3302 quaecumque,
1786 3274 1818 3294 ex
1835 3275 1904 3302 una,
1923 3264 1955 3294 ὃ(
1980 3265 2069 3302 ipsum
2088 3263 2357 3295 Metuendiffimum

1298 3306 1464 3336 Dominum
1489 3300 1618 3331 nostrum
1638 3324 1647 3340 ,
1673 3302 1806 3334 Subditos
1826 3303 1898 3333 Suos
1913 3324 1923 3340 ,
1949 3301 2053 3340 Regna
2068 3325 2077 3341 ,
2102 3303 2135 3333 ὃς
2158 3301 2297 3332 Dominia
2311 3301 2357 3333 sua

1299 3350 1506 3383 quaecumque,
1524 3349 1557 3369 ex
1570 3341 1650 3370 altera
1664 3349 1755 3380 parte,

1338 3383 1383 3413 Ac
1404 3382 1487 3411 ctiam
1508 3378 1543 3408 de
1567 3379 1658 3408 modo
1672 3402 1681 3416 ,
1699 3379 1810 3419 forma,
1828 3380 1860 3410 δε
1878 3381 2028 3417 quantitate
2045 3378 2165 3416 Auxilii,
2185 3378 2360 3409 Subventio-

1302 3423 1344 3451 nis
1355 3444 1363 3458 ,
1380 3420 1422 3449 seu
1444 3417 1563 3448 Subtidii
1576 3439 1585 3454 ,
1610 3417 1676 3448 hinc
1696 3418 1762 3448 inde
1777 3442 1787 3457 ,
1811 3427 1940 3454 tempore
1955 3416 2138 3456 necessitatis,
2157 3418 2259 3447 mutuo
2275 3417 2360 3447 mini-

1305 3459 1447 3490 strandum

1340 3497 1377 3528 Et
1399 3496 1434 3526 de
1454 3481 1777 3525 'Communicationibus
1797 3495 1868 3523 inter
1881 3493 2031 3532 Subditos,
2049 3493 2116 3524 hinc
2131 3492 2218 3532 inde,
2233 3494 2263 3523 in
2278 3492 2361 3525 Mer-

1304 3536 1436 3568 cimoniis
1447 3534 1478 3564 δε
1494 3534 1552 3563 aliis
1567 3532 1665 3571 licitis,
1683 3533 1778 3564 secure
1794 3532 1941 3570 faciendis,

1342 3574 1472 3604 Necnon
1492 3572 1570 3608 super
1590 3572 1723 3601 omnibus
1745 3572 1777 3601 ὃς
1801 3571 1907 3609 singulis
1929 3570 2076 3607 Articulis,
2094 3579 2361 3608 quantumcumque

1303 3613 1462 3651 specialibus
1478 3632 1486 3647 ,
1512 3619 1576 3645 quse
1598 3609 1680 3645 Lista>-
1696 3632 1706 3648 ,
1732 3609 1997 3639 Confoederationes
2012 3631 2021 3646 ,
2048 3608 2093 3638 seu
2115 3609 2275 3647 Amicitias,
2291 3610 2363 3639 inter

1303 3651 1371 3681 Nos
1394 3651 1425 3680 &
1448 3647 1616 3686 praedietum
1639 3647 1902 3678 Metuendissimum
1925 3647 2086 3677 Dominum
2102 3646 2231 3676 nostrum
2248 3646 2362 3677 firman-

1301 3690 1350 3720 das
1364 3713 1373 3728 ‚
1400 3696 1573 3718 concerno-'re
1589 3689 1711 3723 poterint
1725 3686 1934 3723 quovismodo,
1953 3695 2020 3715 cum
2036 3695 2137 3716 eorum
2154 3684 2364 3725 morientibus,

1304 3725 1541 3767 dependentibus,
1560 3725 1592 3755 &
1609 3726 1761 3761 connexis,

1343 3767 1388 3796 Ac
1412 3764 1507 3793 onmia
1522 3787 1530 3798 ,
1555 3772 1617 3799 quae
1642 3763 1678 3792 iic
1700 3762 1849 3799 Traetata,
1868 3760 2067 3800 Concordata,
2085 3763 2117 3792 &
2133 3760 2288 3792 Conventa
2302 3762 2365 3793 fue·

1304 3805 1374 3842 rint,
1393 3812 1459 3832 cum
1483 3801 1564 3830 omni
1588 3800 1741 3833 Securitate
1757 3823 1766 3838 ,
1781 3800 1875 3830 debita
1890 3801 1921 3830 δε
1937 3800 2072 3836 honesta,
2092 3801 2119 3829 in
2135 3801 2192 3831 hoc
2205 3800 2284 3838 casu,
2302 3801 2366 3831 Fir-

1306 3841 1442 3872 mandum
1456 3865 1464 3877 ,
1491 3838 1726 3877 consimilemque
1746 3839 1930 3869 Securitatem
1945 3863 1953 3876 ‚
1982 3849 2034 3876 pro
2057 3838 2156 3868 Nobis
2175 3840 2207 3869 ὃ(
2230 3839 2367 3870 Nomine

1306 3879 1405 3910 nostro
1415 3902 1424 3916 ,
1446 3877 1602 3908 Petendurn
1612 3900 1620 3914 ,
1638 3877 1830 3915 Stlpulanduni
1841 3900 1849 3915 ,
1868 3878 1899 3908 &
1912 3877 2136 3915 monendum,

1339 3917 1551 3957 Jurandumque
1576 3917 1602 3944 in
1626 3916 1758 3945 Animam
1779 3915 1905 3945 nostram
1929 3915 2008 3953 qiod
2035 3915 2176 3954 staciata,
2195 3913 2350 3947 Conventa

1309 3958 1342 3988 ὃς
1359 3955 1540 3986 Concordara
1556 3954 1712 3991 hujusmodi
1728 3953 1800 3984 Rata
1821 3955 1985 3984 habebimus
2004 3954 2036 3983 &
2060 3953 2147 3984 Grata
2162 3979 2172 3992 ,
2191 3961 2244 3985 nee
2261 3938 2370 3993 aliquid

1309 3994 1524 4033 procurabimus
1541 3992 1582 4021 vel
1599 3992 1750 4029 faciemus,
1769 4002 1816 4029 per
1832 3993 1908 4028 quod
1920 3992 2053 4021 Trattata
2068 3994 2100 4021 &
2114 3992 2295 4024 Concordata
2315 3994 2370 4023 hu-

1305 4032 1426 4102 {Jusmodi
1447 4030 1552 4061 effeeiu
1574 4030 1671 4061 debito
1694 4030 1799 4061 frustari
1821 4029 1947 4060 Poterint
1968 4030 2012 4060 seu
2037 4032 2258 4069 quomodolibet
2278 4033 2370 4069 impe-

1330 4082 1362 4102 iri

1348 4095 1394 4141 A'c
1413 4107 1614 4147 Juramentum
1636 4107 1783 4139 consimile
1803 4107 1839 4138 ab
1858 4106 1960 4138 eodem
1981 4105 2218 4139 Metuendiffimo
2233 4106 2371 4137 Domino

2321 4153 2376 4175 110³
