2561 4251
764 179 872 222 ET
957 179 1217 223 ACTA

9 272 75 305 an.
90 269 132 301 D-
190 268 278 300 Tham
293 265 420 305 Knevel,

12 311 17 316 ’
29 318 109 351 1397.
190 307 316 346 Rudulffo
326 307 358 336 de
372 304 559 344 Zeifflnbou23

9 352 49 380 xic*
67 358 93 376 ι’
190 357 324 414 Βὲιςτῗίἓό
339 382 473 421 Mathia,
490 376 709 412 Protho'notario
722 381 829 421 praefati
845 382 959 413 Illustris
971 382 1127 419 Principis,
1145 380 1213 411 Do-

155 424 225 452 mini
243 422 363 460 Ruperti
378 421 469 452 Ducis
482 421 679 459 Senioris‚pro
692 420 827 451 Testibus
840 421 874 451 ad
889 421 1030 452 Praemiffa
1044 420 1150 452 vocatis
1164 429 1213 457 pa-

153 463 218 492 riter
229 462 262 492 &
275 461 384 500 rogatis.

0 548 1 568 i
195 539 240 567 Et
260 547 303 574 ego
320 537 463 576 Johannes
484 537 600 567 Perator
617 536 648 566 de
668 536 807 566 Winheim
820 559 830 574 ,
861 535 1057 576 Wrmacienfis
1076 534 1216 581 Dioecefis,

155 574 280 606 Publicus
300 576 437 614 Imperiali
456 577 621 605 austoritate
641 576 794 613 Notarius,
811 577 876 613 quia
893 574 1032 614 praemiffis’
1045 575 1161 604 omnibus
1175 572 1213 607 ὠ·

0 594 1 628 l
152 613 278 654 fingulis,
295 615 358 644 dum
377 614 433 654 fic,
451 621 481 643 ut
498 615 700 652 praemittitur,
724 620 868 649 agerentur
889 611 926 648 &⁶
942 612 1064 654 fierent,
1082 623 1138 642 una
1158 622 1216 657 cum

150 656 360 691 prenominatis
379 652 515 697 Testibus,
526 650 643 690 praefi’ns
664 650 793 689 interfici,
812 661 894 691 eaque
915 652 989 681 modo
1005 651 1134 689 praemiffi)
1154 647 1216 696 fieri

159 691 221 721 vidi
244 688 282 725 ὠ
300 691 397 721 audivi
419 713 429 728 ,
460 689 517 719 ia'eo
539 689 585 718 hoc
600 687 718 728 praeJens
740 688 877 719 Publicum
894 689 1101 728 lustramentum
1120 689 1216 718 exinde

159 727 276 769 confeci,
291 730 363 770 quod
378 731 460 758 etiam
481 738 563 758 manu
576 727 685 766 propria
699 725 809 767 scripfi,
821 726 977 773 publicavi,
995 727 1033 763 ό·
1045 731 1074 758 in
1089 727 1157 769 hane
1166 735 1218 773 pa-

159 767 256 797 bltzam
271 771 393 798 Formam
413 766 517 805 redegi,
531 770 657 805 Signaque
671 764 709 800 ό·
723 767 840 795 Nomine
855 770 919 795 meir
925 766 1014 805 fiditis
1029 765 1067 801 (θ’
1081 766 1217 808 consuetzr,

159 816 215 836 una
229 817 286 835 cum
297 803 446 844 appenfione
461 808 560 842 Magni
574 803 675 842 Sigiili,
690 802 805 844 praefati
820 803 874 846 Illa
898 809 936 833 ris
948 807 1075 843 Principis
1086 826 1096 842 ,
1109 804 1218 834 Domi-

158 846 187 874 ni
209 843 330 881 Ruperti
352 843 446 874 Ducis
467 843 606 881 Senioris,
621 842 653 871 de
674 843 813 872 Mandata
827 845 852 880 ip
864 853 903 871 ms
911 841 1044 916 ,ἐρατή
1057 849 1164 879 rogatus
1178 840 1217 876 &⁶

159 882 298 920 requifitus
312 905 322 920 ,
351 885 380 912 in
406 882 498 912 Fidem
521 881 559 918 ὠ·
577 879 762 920 Testimonium
780 885 896 911 omnium
971 881 1129 920 fingulorum
1146 888 1219 920 prae-

160 920 300 959 mtfforum.

412 1049 461 1081 De
485 1046 615 1092 szore
632 1045 784 1080 Londoniae
806 1045 967 1091 constituto.
1011 1062 1013 1064 ·

166 1133 293 1192 REX
310 1133 461 1170 omnibus,
481 1131 515 1163 ad
532 1142 619 1172 quos,
634 1133 694 1164 &c.
713 1131 847 1164 Salutem.

270 1172 367 1203 Sciatis
380 1172 479 1212 quod,
731 1211 736 1216 ,
821 1211 826 1216 ι
851 1211 856 1217 ·
899 1211 906 1217 ·
1179 1213 1184 1219 .

199 1212 296 1250 Cum,
315 1211 412 1241 Adam
426 1213 553 1249 Bamme,
571 1220 658 1248 nuper
674 1208 772 1248 Major
789 1209 918 1241 Civitatis
929 1210 1034 1242 nostrae
1050 1211 1223 1250 Londmrae,

164 1250 198 1280 δε
220 1250 353 1281 Escaetor
373 1249 469 1280 noster
489 1250 519 1279 in
540 1249 638 1279 eadem
658 1248 798 1288 Civitate,
816 1250 892 1281 viam
915 1251 1050 1282 universae
1072 1250 1171 1282 Carnis
1190 1251 1223 1282 sit

162 1288 192 1318 in
216 1299 227 1318 r
246 1289 298 1319 ffus

193 1294 282 1366 ῗκῖεος,
301 1311 420 1366 proinde
443 1325 570 1357 volentes
583 1337 637 1366 pro
651 1326 713 1357 sana
732 1325 950 1358 Gubernatione
970 1328 1003 1358 &
1018 1327 1095 1371 felici
1111 1328 1225 1367 regimi-

163 1376 200 1397 ne
215 1367 300 1397 111&ae
315 1366 446 1396 Civitatis
460 1366 493 1396 &
518 1364 562 1395 Po
583 1365 622 1395 uli
640 1364 729 1395 nostri
750 1365 889 1404 ejusdem,
908 1366 993 1404 usque
1011 1367 1087 1396 diem
1109 1366 1227 1396 consue·

161 1414 223 1436 tum
238 1405 338 1435 fururae
354 1404 507 1435 Electionis
582 1404 651 1441 joris
663 1403 807 1441 praedietae
813 1404 956 1443 Civitatis,
974 1413 1058 1443 prout
1072 1404 1107 1435 ad
1121 1414 1173 1434 nos
1185 1413 1227 1435 at-

156 1445 241 1482 tinet,
261 1444 356 1474 debite
368 1442 517 1482 providere
743 1481 749 1486 .
763 1482 779 1487 ..
885 1483 890 1487 ¹
1014 1482 1019 1486 ι
1055 1482 1061 1487 ·
1181 1482 1185 1486 ¹

203 1483 251 1513 De
272 1482 380 1513 assensu
404 1482 438 1513 &
462 1482 631 1512 avisamento
653 1479 781 1511 Conciln
803 1480 910 1518 nostri,
928 1480 1142 1524 constituimus,
1159 1480 1228 1511 dile-

163 1521 245 1552 &um
260 1522 359 1559 nobis,
377 1520 524 1550 Ricardum
545 1519 743 1558 Whityngton,
759 1516 796 1549 de
809 1521 887 1554 cuius
902 1518 1090 1563 fidelitate&
1100 1529 1228 1564 circum·

162 1561 180 1591 s
195 1560 306 1590 cerione
320 1559 431 1596 plenam
446 1558 579 1589 fiduciam
600 1566 791 1625 reportargius,
799 1556 953 1625 glajorem
974 1557 1103 1589 Civuatis
1124 1559 1228 1598 praedi-

197 1595 941 1672 Ξ’ὅὲηξέξεὲξοῗῖἳιέἒιᾞὲιᾞεέῃεείἓεῗῃωΚίἓῖειιῖἓῗί
959 1633 1077 1665 Tenore
1100 1634 1223 1666 Praesen-

167 1676 238 1706 tium
273 1675 383 1713 plenam
399 1673 432 1704 &
447 1671 633 1702 sufficientem
652 1671 857 1702 Auctoritatem
880 1674 912 1703 &
935 1671 1125 1716 Potestatem,
1144 1673 1227 1719 Ciyi-

166 1699 256 1744 tareni
266 1712 389 1743 nostram
404 1710 584 1750 praedictam,
601 1710 635 1740 &
650 1709 797 1749 Populum
815 1709 944 1753 nostrum
956 1712 1078 1749 ejuidem
1088 1734 1097 1750 ,
1114 1722 1147 1743 ac
1159 1714 1226 1744 ahos

154 1752 202 1783 ad
216 1751 333 1782 eandem
348 1750 542 1786 confluentes,
560 1747 695 1785 Regendi
709 1749 743 1780 &
757 1749 947 1788 gubernandi,
965 1759 997 1780 ac
1011 1752 1108 1780 omnia
1129 1751 1178 1782 alia
1191 1753 1225 1783 &

169 1790 293 1828 singula,
310 1799 374 1828 qnae
388 1789 422 1819 ad
443 1787 552 1817 Officia
577 1786 720 1824 sraediera,
738 1797 771 1817 ac
793 1788 903 1818 bonum
927 1789 1052 1826 regimen
1076 1789 1109 1820 &
1132 1790 1225 1820 sanam

166 1829 417 1860 Gubernationem
431 1826 550 1863 ejusdem
594 1826 710 1863 ivimus,
729 1825 888 1864 pertinent,
909 1825 978 1856 'uxta
996 1827 1130 1864 Leges&
1142 1827 1226 1859 Con-

165 1867 322 1899 suetudines
336 1867 366 1895 in
382 1865 506 1895 Civitate
522 1862 656 1901 praediera
664 1863 736 1902 juste
751 1864 784 1894 &
798 1865 905 1895 rationa
927 1864 998 1895 iliter
1018 1866 1152 1897 haetenus
1171 1867 1226 1897 ufi-

167 1908 229 1938 tatis
261 1904 398 1941 faciendi,
418 1902 584 1934 excercendi
618 1902 651 1932 &
667 1902 826 1940 exequendi
841 1903 926 1941 usque
939 1903 972 1934 ad
986 1903 1079 1942 diem,
1098 1916 1158 1943 quo
1172 1907 1226 1945 ille,

167 1929 255 1984 quem
269 1946 298 1974 in
313 1942 457 1981 Majorem
471 1941 557 1971 diecae
578 1924 708 1971 Civitatis
729 1941 767 1971 fic
787 1941 853 1972 elioi
869 1943 1020 1981 contigerit
1053 1943 1136 1974 Onus
1159 1945 1227 1975 Ma-

163 1982 273 2023 joratfis
286 1982 356 2012 illius
370 1981 530 2019 susceperit,
547 1979 581 2010 &
595 1979 808 2010 Sacramentum
820 1967 901 2012 suum
919 1980 955 2011 de
968 1968 1089 2025 'Officiis
1103 1982 1156 2012 illis
1177 1985 1226 2014 be-

168 2023 206 2054 ne
221 2022 255 2053 &
270 2020 389 2051 fideliter
409 2017 560 2056 faciendis,
584 2026 667 2058 prout
690 2019 777 2048 moris
798 2019 857 2058 est,
882 2019 1041 2057 praestiterit
1061 2031 1111 2052 cor
1132 2022 1226 2061 orale,

207 2060 320 2091 Damus
341 2067 435 2089 autem
457 2057 651 2088 Aldermannis
664 2079 674 2094 ,
699 2056 938 2096 Vicecomitibus,
956 2068 989 2089 ac
1011 2059 1067 2089 aliis
1127 2060 1228 2091 inistris

171 2099 302 2130 Civitatis
320 2097 483 2135 praedietae,
500 2105 613 2126 necnon
628 2095 758 2126 universis
773 2096 806 2126 &
820 2095 930 2134 singulis
950 2096 1092 2129 Fidelibus
1106 2099 1138 2130 &
1152 2100 1226 2130 Sub-

169 2138 237 2168 ditis
258 2135 360 2168 nostris
382 2135 504 2172 ejusdem
528 2133 675 2172 Civitatis,
700 2133 820 2165 Tenore
841 2134 1040 2175 Praesentium,
1060 2136 1178 2168 firmiter
1195 2140 1226 2169 in

173 2176 342 2213 Praeoeptis,
360 2173 441 2213 quod
455 2173 549 2203 eidem
563 2171 707 2210 Ricardo‚
723 2181 855 2211 tanquam
878 2171 987 2211 Majori
1001 2174 1130 2206 Civitatis
1154 2187 1227 2214 prae-

171 2215 276 2251 dietae,
293 2215 324 2244 in
344 2212 478 2243 omnibus
491 2221 556 2250 quae
574 2211 609 2243 ad
623 2210 765 2250 Regimen
781 2211 814 2242 &
828 2210 1076 2244 Gubernationem
1093 2215 1228 2252 praedieta

168 2254 329 2293 pertinent,
347 2250 526 2282 Intendentes
550 2249 603 2281 fint
616 2272 627 2288 ,
650 2249 827 2282 consulentes
841 2273 852 2288 ‚
877 2249 911 2282 ὃς
940 2251 1120 2292 obedientes,
1144 2263 1229 2292 prout

170 2292 263 2323 decet.

208 2329 243 2360 In
261 2330 353 2367 cujuS,
373 2329 434 2360 &c.

245 2368 335 2400 Teste
352 2367 433 2408 Rege
448 2366 522 2406 apud
539 2365 815 2407 Wllmonasterium,
832 2367 937 2399 oetam
954 2368 999 2399 die
1011 2369 1098 2408 Junii.

0 1144 80 1177 lAnn.
96 1143 138 1175 D.

0 1192 116 1252 ωῇῗξέ]

0 1265 34 1290 21³.
51 1270 77 1289 2.

0 1303 63 1328 Ῥιι.
73 1309 118 1326 20.

0 1342 36 1367 lR.
55 1348 81 1365 2.

0 1384 33 1416 ip.
55 1387 79 1413 3.

0 1425 43 1447 ten.
62 1424 92 1451 9.

0 1646 109 1679 '‘VII.

1 1689 75 1728 ¹857·

794 2446 848 2476 Per
859 2445 941 2486 ipfiaem
955 2448 1058 2485 Regem.

175 2574 234 2606 Pro
260 2570 404 2616 Majore‚
434 2571 471 2602 V
469 2567 666 2603 icecomitibus
680 2595 690 2612 ‚
715 2568 955 2612 Aldermannis‚
977 2575 1013 2610 ὠ·
1035 2573 1162 2608 Civibus
1183 2578 1234 2610 Ci-

555 2622 664 2669 ‘qitatis
687 2618 851 2652 Londoniae.

22 2702 103 2744 Arm,
114 2710 156 2741 D,
182 2703 309 2772 RE}
320 2703 476 2773 omnibus&
491 2705 526 2736 ad
538 2713 624 2744 quos,
641 2704 702 2735 δίε.
724 2704 857 2736 Salutem.

299 2752 376 2773 ciatis
415 2754 455 2774 uo

25 2758 140 2820 ,4239270
218 2779 297 2810 Cum
311 2754 414 2819 nuper}
433 2766 602 2819 per’Literas
616 2780 722 2812 nostras
738 2781 883 2821 Patentes,
900 2783 1144 2825 affignaverimus‚
1159 2787 1240 2819 caris-

25 2834 46 2858 R
72 2813 101 2856 ‘2‚
183 2817 266 2849 simos
280 2819 448 2849 Avunculos
461 2819 585 2857 nostros,
604 2821 778 2850 Edmundum
797 2824 898 2851 Ducem
911 2823 1048 2863 Eburum,
1067 2826 1099 2856 ὃς
1113 2825 1240 2857 Thomam

24 2851 84 2896 Par.
101 2875 148 2894 20,
185 2860 287 2888 Ducem
301 2857 485 2897 Glaucestriae,
502 2867 534 2888 ac
548 2858 681 2898 quosdam
696 2859 764 2889 alios
773 2858 936 2902 Justitiarios
949 2862 1077 2902 nostros,

27 2910 47 2934 R
73 2915 99 2932 2.
119 2910 143 2941 p.
224 2896 268 2926 Ad
283 2895 499 2935 inquirendum,
517 2896 552 2927 de
567 2897 703 2927 omnibus
716 2897 749 2927 &
766 2898 875 2937 singulis
889 2898 1054 2940 Erroribus,
1070 2901 1241 2936 Defectibus

31 2928 59 2981 ³.-
71 2953 109 2972 η),
119 2943 161 2970 16,
183 2932 217 2963 &
236 2934 483 2973 Mesprisionibus,
498 2936 529 2965 in
543 2935 664 2966 Civitate
677 2935 770 2965 nostra
786 2936 964 2976 Londoniae,
983 2949 1035 2977 pro
1050 2939 1175 2972 Defectu
1190 2944 1244 2974 bo-

183 2981 229 3002 nae
245 2972 485 3012 Gubernationis,
504 2973 670 3012 Majorum,
691 2973 920 3014 Vicecomitum,
937 2977 971 3008 &
985 2978 1243 3012 Aldermannorum

183 3011 306 3048 ejusdem
331 3011 476 3050 Civitatis,
498 3013 545 3051 qui
570 3022 622 3049 pro
647 3021 777 3050 tempore
801 3013 928 3052 fuerant,
951 3017 1191 3058 qualitercumque
1209 3021 1243 3051 &

203 3050 421 3089 uandocumque
437 3051 548 3087 usitatis,
567 3052 601 3081 ὃ(
622 3060 671 3088 per
686 3050 799 3081 eosdem
823 3051 965 3096 Maiores,
982 3054 1192 3097 Vicecomites,
1210 3060 1243 3090 &

215 3088 407 3128 ldermannos,
424 3090 498 3127 juxta
512 3087 613 3120 Officii
628 3089 667 3120 sui
688 3089 836 3128 debitum,
853 3091 973 3122 minime
994 3095 1128 3125 correeus
1149 3097 1182 3128 δε
1202 3108 1246 3128 re-

184 3126 311 3158 formatis

223 3164 261 3195 Et
273 3165 308 3195 ad
319 3149 470 3196 'Praemiffa
481 3167 578 3196 omnia
591 3166 625 3197 &
639 3166 759 3205 singula,
778 3168 836 3198 tam
848 3167 883 3198 ad
891 3167 1006 3200 Sectam
1013 3170 1149 3210 nostram,
1157 3173 1245 3211 quarn

185 3201 305 3233 aliorum
322 3213 587 3241 quorumcumque,
606 3214 707 3235 coram
720 3206 840 3244 praefatis
852 3206 1013 3245 justiciariis
1035 3210 1155 3249 nostris,
1174 3223 1246 3243 con-

186 3242 265 3278 queri
279 3242 455 3279 volentium,
472 3242 628 3272 secundum
645 3243 756 3280 Legem
769 3245 803 3275 &
819 3244 1065 3278 Consuetudinem
1081 3248 1179 3286 Regni
1194 3262 1247 3281 no-

188 3279 239 3310 stri
259 3279 385 3318 Angliae,
409 3279 580 3310 audiendum
602 3280 635 3310 &
656 3281 884 3320 terminandum,
908 3285 941 3313 &
959 3285 993 3315 ad
1018 3285 1248 3328 Corrigendum,

188 3318 402 3349 reformandum
417 3341 427 3356 ,
445 3318 478 3348 &
499 3318 712 3388 Euniendugran
721 3319 798 3356 juxta
818 3319 953 3350 Formam
971 3324 1113 3359 cujusdam
1130 3326 1249 3368 Statuti,

532 3365 623 3386 ommi
1233 3368 1237 3373 ’

189 3365 338 3425 tergiporiet,
353 3356 504 3426 Zriffigiliis
713 3358 742 3389 vi
753 3356 859 3396 nostri,
875 3360 953 3397 Regis
960 3361 1098 3392 Edwardi
1112 3364 1249 3406 defundit,

190 3404 221 3425 m
241 3405 258 3424 e
274 3404 289 3425 e
309 3405 341 3424 ιι
404 3405 436 3433 pr
498 3406 523 3434 1,

190 3470 237 3502 Ac
264 3470 429 3501 Willielmur
455 3473 559 3502 Venour
572 3495 583 3511 ,
612 3482 702 3513 nuper
740 3471 778 3503 Et
795 3473 946 3510 praedictus
963 3475 1125 3508 Willielmus
1139 3483 1253 3523 Venonr,

228 3508 341 3547 Major,
739 3510 885 3550 Johannes
901 3515 1065 3555 Fraumeys,

191 3547 230 3579 Et
241 3547 387 3585 Johannes
402 3546 536 3586 Walcote,
556 3558 645 3588 nuper
653 3549 705 3581 Vi-
741 3552 876 3579 Henricus
895 3554 1032 3590 Vannere,

229 3588 402 3624 cecomires,
742 3587 781 3618 Et
798 3589 949 3626 praedietus
966 3591 1113 3629 Johannes
1129 3597 1242 3637 Lovye,

196 3626 240 3655 W
238 3623 362 3654 illielmus
379 3627 468 3654 Baret
476 3648 486 3663 ,
744 3629 788 3656 W
786 3626 908 3656 illielmus
922 3628 1120 3670 Shyryngham,

193 3662 348 3692 Nicholaus
366 3664 462 3693 Exton
469 3686 480 3701 ,
744 3665 842 3694 Adam
862 3668 993 3706 Bamme,

193 3701 359 3732 Willielmas
377 3705 545 3740 Brampton,
745 3702 888 3741 Johannes
906 3704 1093 3745 Shadworth‚

193 3739 358 3770 Willzelmus
375 3741 501 3778 thon,
745 3743 876 3771 Henricus
890 3745 1021 3782 anme,

197 3777 344 3816 Johannes
359 3778 472 3816 Hende,
746 3780 842 3808 Adam
860 3779 1048 3820 Chaungeour,

196 3818 240 3846 W
238 3815 362 3846 illielmus
379 3816 482 3856 Olyver
490 3838 500 3854 ,
747 3816 892 3854 Johannes
911 3820 1036 3859 Pynchon
1045 3842 1055 3859 ‚

198 3855 242 3884 W
240 3853 362 3884 illielmus
380 3859 475 3892 More,
748 3855 862 3885 Thomas
881 3859 1002 3897 Ument,

201 3891 344 3929 Johannes
363 3891 472 3931 Frosfh,
749 3892 895 3961 {ohannes
911 3895 1018 3934 Hadley

200 3930 317 3959 Thomas
336 3931 473 3970 Welford,
778 3940 789 3962 t
808 3933 905 3963 Adam
920 3934 1015 3965 Karlil
1033 3958 1043 3973 ,

241 4005 349 4043 Nuper
363 4006 544 4038 Aldermanni
558 4006 686 4038 Civitatis
703 4007 808 4039 nostrae
822 4009 984 4049 praedistae,
1001 4019 1100 4042 coram
1120 4013 1258 4052 praediCtis

201 4043 364 4082 Justiciariis
377 4044 476 4075 nostris
489 4045 617 4077 lndiCtati
632 4046 760 4084 fuissent,
776 4047 812 4077 de
825 4057 860 4078 eo
880 4049 958 4088 quod
973 4050 1021 4087 ipsi
1041 4050 1162 4082 diversos
1182 4052 1261 4084 Mes-

204 4083 382 4151 priusjonesusslc
398 4082 553 4151 Ιξῖειὲιξυε,
567 4084 658 4120 fastos
672 4085 702 4117 in
716 4084 840 4120 Civitate
852 4086 948 4120 nostra
960 4087 1111 4128 praediiffi,
1128 4100 1182 4128 pro
1197 4090 1259 4124 Dc-

259 4131 309 4152 0m.
380 4143 386 4151 .
440 4144 446 4151 .
505 4143 512 4154 .

1303 181 1766 228 PUBLICA.
2230 204 2308 243 129

1252 267 1327 299 feffitu
1362 269 1586 301 Gubernationis
1607 271 1662 302 suae
1684 274 1713 302 in
1744 272 1842 303 eadem
1862 272 1985 306 Civitate
2000 299 2009 314 ,
2033 283 2091 307 non
2116 282 2309 317 correxerunt,
2334 276 2464 311 Anno:

1252 317 1345 344 neque
1359 309 1523 346 punierunt,
1548 320 1581 340 ac
1596 309 1744 341 Process'us
1754 312 1845 341 versus
1865 323 1931 352 eOS,
1950 324 2049 344 coram
2069 316 2207 353 praefatis,
2223 317 2309 354 Justi-
2354 327 2438 356 1397.

1249 346 1339 413 fiariis
1361 345 1478 385 nostris,
1501 348 1590 378 faetus
1610 350 1756 387 extitisset,
1774 351 1918 389 quousque
1937 353 1986 389 ipli
2009 353 2075 384 inde
2098 355 2227 386 convieti
2245 356 2310 386 fuis·
2328 357 2380 386 Rc·
2398 367 2425 386 2·

1261 392 1309 414 ent

1290 407 1380 459 Super
1393 433 1450 461 quo
1463 425 1668 456 consideratum
1683 426 1754 463 fuit,
1773 435 1822 465 per
1836 427 1987 465 praedicstos
1995 429 2167 467 Justiciarios
2181 431 2310 472 nostros,

1252 462 1333 495 quod
1350 471 1402 491 nos
1417 462 1598 502 haberemus,
1617 463 1652 493 de
1667 464 1788 502 praefasis
1810 476 1898 503 nuper
1919 466 2047 505 Maiore,
2068 469 2308 509 Vicecomitibus,

1254 499 1287 528 δε
1309 498 1522 539 Aldermannis,
1542 511 1594 539 pro
1615 504 1708 538 primo
1729 502 1854 534 Defeetu
1870 505 1936 543 suo,
1956 504 2039 535 Mille
2060 506 2190 547 Marcas,
2206 511 2239 540 &c
2277 520 2310 540 ro

1253 536 1376 566 secundo
1390 537 1516 569 Defedtu
1530 540 1595 577 suo,
1612 540 1682 570 Duo
1698 540 1779 570 Milia
1796 542 1976 581 Marcarum,
1995 546 2028 575 δε
2050 554 2101 582 pro
2122 556 2219 577 eorum
2267 558 2311 578 er-

1257 575 1298 604 tio
1315 574 1458 613 Defeciu,
1476 577 1556 614 quod
1578 577 1701 609 Libertas
1724 578 1855 610 Civitatis
1876 580 1980 612 nostrae
2001 583 2147 622 praedictae
2167 595 2310 625 caperetur

1255 613 1285 642 in
1300 612 1423 644 Manum
1438 616 1579 653 nostram,

1293 650 1332 683 Et
1347 662 1398 682 nos
1421 653 1626 691 postmodum,
1643 654 1759 686 decimo
1778 666 1859 687 nono
1879 657 1925 688 die
1945 659 2129 700 Septembris,
2149 658 2236 693 Anno
2251 664 2312 694 Re-

1257 691 1306 728 gni
1330 690 1417 720 nostri
1437 691 1524 722 Sexto
1545 692 1660 723 decimo
1677 716 1686 730 ,
1707 693 1742 724 de
1766 693 1866 726 Gratia
1886 696 1979 727 nostra
1997 700 2121 738 ipeciali,
2139 710 2173 731 ex
2195 702 2214 721 ²¹²
2235 703 2311 734 certa

1256 728 1369 759 scientia
1384 728 1494 767 nostra,
1511 731 1543 761 &
1557 731 1590 761 ad
1612 731 1871 772 Supplicationem,
1890 735 2024 774 cariffi'mae
2044 739 2178 776 Consbrtir
2198 749 2231 769 rw
2255 750 2312 779 rae,

1257 776 1347 803 nuper
1371 766 1492 806 Reginae
1507 791 1516 806 ,
1541 770 1777 808 concesserimus,
1803 782 1891 809 nuper
1912 772 2137 807 Vieecomitibus
2159 779 2193 809 ὃς
2243 780 2315 809 lder-

1259 806 1385 842 mannis,
1404 815 1437 835 ac
1452 808 1586 837 omnibus
1601 807 1722 838 Civibus
1738 808 1867 841 Civitatis
1879 811 1983 842 nostrae
2000 814 2160 854 praedidikae,
2178 818 2258 855 quod
2266 819 2315 849 ha-

1259 843 1357 873 berent
1373 853 1474 874 omnes
1490 844 1642 876 Libertates
1656 846 1688 876 ὃ(
1709 847 1882 879 Franchesias
1902 850 1939 880 sic
1953 850 2059 882 Seisitas
2081 853 2110 882 in
2129 864 2244 885 manum
2260 867 2314 886 no-

1259 880 1362 919 stram,
1377 891 1410 912 ac
1425 883 1464 912 eis
1477 883 1628 922 gauderent
1642 885 1675 916 ὃς
1691 895 1847 925 uterentur,
1866 888 1957 918 modo
1970 890 2004 920 ὃ(
2016 889 2124 927 forma,
2142 895 2242 930 quibus
2258 896 2315 925 illas

1259 919 1433 958 habuerunt,
1455 921 1487 951 &
1503 922 1540 952 eis
1554 922 1710 960 gaudebant
1725 924 1758 954 &
1772 926 1932 964 utebantur,
1951 927 2170 965 ante-ludicrum
2189 933 2224 962 de
2238 933 2316 964 dicta

1261 957 1402 988 Libertate
1418 960 1446 989 in
1463 959 1585 990 Manum
1599 961 1723 992 nostram
1739 963 1775 993 fic
1790 963 1923 1003 capienda
1937 965 2094 1005 redditum,
2112 970 2254 1009 quousque
2269 972 2317 1002 ali-

1261 1003 1304 1025 ter
1318 996 1520 1028 ordinassemus
1536 1009 1588 1038 pro
1603 999 1720 1039 eisdem,
1739 1010 1822 1040 prout
1841 1003 1871 1032 in
1893 1002 1995 1035 Literis
2015 1005 2116 1035 nostris

1261 1034 1326 1064 inde
1340 1035 1476 1067 confectis
1485 1059 1495 1075 ,
1510 1038 1617 1075 plenius
1629 1040 1804 1079 continetur,

1299 1073 1386 1112 Nos,
1406 1074 1620 1106 Relevationem
1636 1078 1669 1108 &
1683 1077 1897 1110 incrementum
1911 1079 2040 1113 Civitatis
2056 1083 2158 1115 nostrae
2173 1086 2319 1125 praediehe

1261 1112 1363 1141 intime
1377 1112 1552 1152 affectantes,
1571 1114 1606 1145 de
1621 1115 1721 1147 Grati-3.
1735 1116 1830 1149 nostra
1846 1119 1967 1158 speciali,
1986 1131 2018 1151 ex
2041 1123 2116 1153 certa
2132 1124 2244 1155 scientia
2265 1136 2321 1155 no-

1263 1148 1336 1188 stri,
1353 1151 1386 1182 ὃς
1402 1151 1436 1182 ad
1449 1152 1708 1192 Supplicatjonem,
1726 1156 1873 1186 cariffimae
1894 1156 2039 1189 Consortis
2059 1162 2179 1199 nostrae,
2197 1166 2214 1192 Ι
2225 1163 2320 1193 abellae

1263 1187 1372 1225 Reginae
1386 1190 1479 1229 nostrae
1489 1215 1498 1229 ,
1515 1193 1610 1223 omnia
1622 1193 1654 1223 &
1669 1193 1770 1232 singula
1792 1190 1961 1234 Libertates,
1980 1197 2169 1238 Franchefias,
2220 1202 2320 1232 onsue-

1263 1229 1389 1267 tudines,
1409 1230 1600 1268 Qierantias,
1616 1230 1782 1272 Privilegia,
1799 1235 1831 1264 &
1851 1233 2059 1275 Immunitates,
2078 1239 2107 1268 in
2124 1239 2247 1270 Manum
2268 1251 2321 1271 no-

1264 1265 1366 1304 stram,
1382 1268 1484 1299 virtute
1493 1269 1597 1308 Judicii
1620 1270 1763 1309 praedicti,
1781 1280 1859 1310 capta
1881 1273 1913 1303 ὃς
1936 1273 2037 1313 seiiita,
2056 1275 2173 1314 Majori,
2194 1278 2319 1309 Viceco-

1265 1305 1396 1343 mitibus,
1417 1307 1630 1345 Aldermannis,
1648 1307 1857 1340 Communitati
1870 1320 1904 1341 ac
1920 1310 2040 1342 Civibus
2060 1312 2190 1345 Civitatis
2212 1317 2319 1348 nostrae

1265 1343 1426 1382 praedietae,
1445 1345 1527 1384 plene
1540 1346 1573 1376 δε
1588 1347 1696 1385 integre
1711 1347 1958 1419 Restituimusger
1980 1350 2147 1390 praesentes,
2164 1355 2197 1384 δε
2216 1365 2247 1385 ea
2265 1358 2321 1394 eis,

1265 1391 1318 1418 pro
1332 1382 1448 1422 Nobis,
1465 1385 1498 1415 &
1521 1384 1689 1415 Haeredibus
1710 1386 1809 1417 nostris
1831 1387 1883 1418 hac
1921 1388 1989 1420 ‘arta
2009 1390 2106 1422 nostra
2126 1392 2322 1425 Concedimus

1265 1421 1298 1450 δε
1314 1419 1546 1462 Confirmamus,

1305 1457 1444 1491 Habenda
1459 1462 1492 1492 &
1509 1461 1646 1493 Tenenda
1668 1464 1763 1493 omnia
1784 1465 1917 1502 praedici-a
1942 1467 2113 1507 Libertates,
2131 1469 2322 1511 Franchesias,

1268 1494 1506 1538 Coniuetudines,
1528 1501 1718 1539 Qiemndas,
1746 1502 1909 1544 Privilegia,
1936 1506 1970 1536 &
1989 1506 2198 1547 Immunitates,
2217 1511 2323 1542 eisdem

1267 1533 1390 1603 Mag—(fri,
1409 1537 1650 1577 Vicecomitibus,
1668 1541 1879 1581 Aldermannis,
1896 1542 2105 1577 Communitati
2128 1549 2160 1577 ὅ(
2184 1548 2323 1587 Civibus,

1266 1583 1300 1602 ac
1349 1575 1487 1606 aeredibns
1501 1577 1534 1607 ὃς
1548 1577 1757 1609 Succeffon'bus
1777 1580 1829 1610 suis
1848 1583 2076 1622 imperpetuum,
2094 1585 2166 1615 adeo
2186 1588 2267 1624 plene
2288 1589 2321 1619 ὃς

1265 1612 1393 1652 integre,
1411 1614 1570 1645 honorifice
1590 1617 1621 1646 δε
1645 1618 1757 1655 quiete,
1775 1619 1844 1648 sicut
1868 1619 1982 1658 Major,
2000 1623 2208 1662 Vicecomites,
2226 1626 2324 1657 Alder-

1266 1652 1380 1690 manni,
1400 1651 1600 1684 Communitas
1614 1654 1647 1684 &
1661 1653 1748 1685 Cives
1760 1655 1844 1686 dietae
1858 1656 1986 1688 Civitatis
2001 1669 2032 1689 ea
2042 1661 2216 1700 habuerunt,
2232 1664 2265 1694 &
2282 1674 2323 1695 te-

1266 1698 1387 1757 Pttrierunr
1401 1699 1530 1731 tempore
1547 1691 1695 1730 Captionis
1716 1694 1748 1725 &
1768 1694 1879 1726 Seifinae
1900 1697 2066 1728 eorumdem
2088 1700 2117 1729 in
2136 1709 2252 1731 manum
2272 1714 2326 1733 no-

1306 1738 1351 1758 am
1365 1740 1370 1745 ·

1305 1752 1404 1806 Qixire
1419 1767 1558 1799 Volumus
1574 1771 1607 1801 &
1629 1770 1744 1802 firmiter
1758 1770 1957 1812 Praecipimus,
1972 1784 2024 1813 pro
2037 1774 2151 1813 Nobis,
2167 1777 2201 1808 &
2222 1777 2326 1810 Haere-¹

1265 1805 1346 1835 dibus
1367 1807 1467 1837 nostris
1481 1831 1491 1846 ,
1518 1808 1598 1845 quod
1619 1810 1748 1847 praedieti
1771 1810 1884 1848 Major,
1903 1811 2111 1852 vicecomites,
2127 1815 2327 1857 Aldermanni,

1266 1842 1485 1883 Communitas,
1504 1847 1536 1876 ὃ(
1553 1846 1656 1885 Cives,
1672 1857 1705 1878 ac
1719 1848 1856 1879 Haeredes
1868 1850 1901 1880 δε
1916 1850 2094 1881 Succeflores
2110 1853 2166 1891 sui,
2185 1857 2323 1888 omnia&

1266 1882 1370 1921 fingula
1391 1884 1564 1923 Libertates,
1580 1886 1772 1925 Franchefias,
1790 1887 2032 1928 Consuetudines,
2052 1890 2243 1931 Quietantias,
2263 1894 2324 1925 Pri-

1265 1922 1385 1960 vilegia,
1402 1923 1435 1953 &
1452 1922 1644 1954 Immunitates
1659 1925 1793 1962 praedidta
1808 1925 1925 1957 habeant
1939 1929 1972 1959 ὅ(
1989 1936 2117 1967 teneant,
2132 1930 2225 1968 eisque
2240 1933 2324 1968 plene

1267 1961 1405 1996 gaudeant
1426 1962 1459 1992 &
1481 1971 1592 1992 utantur
1610 1961 1841 2003 Imperpetuum,
1868 1965 1936 1996 sicut
1958 1968 2127 2004 praedic‘tum
2151 1969 2206 2006 est,
2225 1971 2326 2009 absque

1266 1998 1476 2037 Impedimento
1505 1999 1616 2039 nostri,
1641 2002 1685 2032 vel
1701 2001 1869 2033 ‹l-laeredum
1891 2004 2070 2043 nostrorum,
2085 2006 2326 2049 Justiciariorum,

1265 2036 1465 2077 Escaetorum,
1483 2039 1715 2078 Vicecomitum,
1733 2050 1778 2071 aut
1792 2041 1910 2072 aliorum
1926 2041 2095 2074 Ballivorum
2115 2045 2161 2075 seu
2176 2045 2328 2078 Ministro—

1268 2086 1330 2106 rum
1345 2075 1524 2116 nostrorum,
1545 2079 1590 2108 vel
1612 2077 1770 2109 Haeredum
1788 2079 1949 2110 nostrornm
1970 2092 2230 2123 quorumcumque,
2244 2085 2327 2124 Judi-

1267 2114 1343 2145 dicio
1357 2115 1514 2154 praedieto,
1531 2116 1576 2147 seu
1590 2116 1746 2156 Captione,
1764 2118 1809 2149 vel
1823 2118 1927 2149 Seiiina
1941 2119 2115 2151 Libertatum
2133 2124 2166 2153 ὃς
2183 2123 2325 2155 Franche-

1268 2153 1366 2184 siarum
1380 2154 1594 2193 praedifflrum,
1610 2157 1638 2185 in
1655 2165 1771 2186 manum
1786 2156 1928 2196 nostram,
1947 2168 1977 2188 ut
1997 2161 2192 2199 praemittitur,
2210 2172 2255 2192 aut
2274 2164 2326 2193 ali-

1268 2192 1369 2230 quibus
1383 2192 1483 2232 Cattis,
1509 2193 1606 2224 Literis
1620 2193 1800 2233 Patentibus,
1819 2195 1970 2232 Brennus,
1988 2206 2035 2229 aut
2049 2195 2323 2233 Proclamationibus

1267 2230 1386 2300 nolsEris,
1398 2232 1434 2274 *in
1448 2234 1620 2301 ccgrcitrarium
1637 2232 1733 2271 fastis,
1751 2244 1812 2263 non
1824 2233 2008 2266 obstantibus.

1357 2279 1449 2308 cnjus,
1505 2281 1531 2301 c.

1342 2307 1431 2340 Teste
1446 2309 1531 2348 Rege
1542 2308 1616 2348 apud
1632 2308 1890 2350 Westnzonasteritmz
1898 2335 1908 2351 ,
1924 2312 2101 2346 duodecimo
2116 2314 2162 2346 die
2173 2315 2261 2354 Junii.

2331 703 2428 732 *VIL

2343 743 2410 780 858.

2137 1005 2297 1040 Patentibus
2306 1032 2317 1050 ‚

1902 2392 1956 2420 Per
1971 2390 2052 2431 ipsam
2065 2394 2169 2430 Regem.

1504 2515 1554 2547 De
1576 2513 1706 2557 Penfione
1721 2524 1777 2560 pro
1801 2517 1929 2560 Ruperto
1952 2513 2094 2562 Juniori.

1273 2599 1392 2657 NOS
1403 2623 1411 2638 ‚
1429 2598 1543 2628 Thomas
1562 2597 1727 2638 Carliolenfir
1747 2598 1902 2639 Epifiopus,
1920 2602 2078 2632 Edwardus
2098 2603 2267 2634 Rutelandiae
2282 2609 2332 2635 (³0⁴

1349 2649 1417 2676 mex,
1435 2638 1468 2668 ὃ(
1486 2637 1598 2666 Thomas
1614 2642 1701 2667 Comes
1713 2639 1903 2676 Notyngamiae
1921 2640 2036 2677 Angliae
2050 2641 2242 2682 Marescallus,
2267 2644 2332 2674 Re-

1276 2683 1577 2707 cOGNoscnvius
1597 2684 1677 2706 PER
1699 2676 1978 2717 PRAESENTES,
1996 2681 2075 2719 quod
2096 2682 2160 2711 vice
2184 2683 2216 2712 &
2238 2683 2332 2712 nomia

1275 2725 1330 2753 ne,
1349 2717 1381 2747 δε
1403 2724 1437 2744 ex
1459 2713 1688 2752 Commiffione,
1707 2714 1877 2746 Serenisfimi
1898 2715 2036 2755 Principis
2054 2728 2086 2748 ac
2110 2719 2248 2758 Domini,
2267 2720 2333 2750 Do-

1277 2755 1317 2783 mi
1331 2754 1461 2783 Richardi
1474 2755 1549 2789 Regis
1565 2752 1678 2789 Angliae
1692 2751 1729 2787 όν
1743 2757 1881 2792 Francia,
1899 2756 1931 2786 δί
1940 2755 2061 2787 Domini
2070 2756 2217 2789 Hiberniae
2249 2768 2332 2797 cum,

1278 2792 1380 2823 lllustri
1402 2792 1435 2822 &
1456 2790 1567 2821 Potenti
1591 2790 1722 2828 Principe
1735 2814 1744 2828 ,
1771 2791 1904 2822 Domino
1925 2796 2041 2832 Ruperto
2065 2795 2194 2835 Juniori‚
2263 2798 2333 2828 mite

1279 2830 1406 2861 Palatino
1421 2830 1515 2867 Reni,
1532 2829 1565 2860 &
1580 2828 1700 2860 Bavariae
1715 2829 1800 2860 Duce
1813 2831 2026 2871 TraCtavimus,
2043 2836 2231 2865 convenimus
2243 2835 2335 2866 finali-

1279 2877 1320 2900 ter
1333 2871 1365 2900 &
1381 2868 1588 2905 conclusimus,

1317 2908 1410 2946 Qiod
1426 2907 1502 2937 idem
1520 2906 1664 2936 Dominus
1678 2909 1809 2944 Rupertur
1822 2906 1942 2946 Junior,
1959 2908 2081 2947 ejusdem
2106 2910 2229 2942 Domini
2243 2913 2334 2943 nostri

1280 2947 1368 2985 Regis
1380 2946 1435 2975 esse
1452 2945 1552 2983 debet,
1570 2944 1634 2981 post
1651 2948 1925 2976 coniummationem
1948 2948 1981 2978 &
2002 2949 2235 2985 approbationem
2253 2952 2337 2982 infra-

1280 2986 1376 3023 scripti
1389 2982 1555 3021 ‘ri-aeratus,
1571 2982 1676 3012 Homo
1690 2983 1785 3022 Ligius
1796 2985 1829 3015 &
1843 2984 1991 3023 Vaffallus,
2008 2987 2044 3016 iic
2059 2988 2090 3017 &
2101 2998 2137 3017 eo
2153 2989 2242 3020 modo
2252 2998 2336 3027 prout

1282 3023 1364 3054 Pater
1380 3024 1412 3053 ὃς
1429 3021 1552 3051 Genitor
1575 3021 1653 3058 suus,
1669 3020 1814 3052 Dominus
1832 3025 1964 3060 Rupertus
1984 3027 2090 3064 Senior,
2109 3025 2217 3058 Comes
2237 3027 2338 3059 Palati-

1281 3072 1334 3092 nus
1348 3061 1441 3098 Reni,
1458 3060 1534 3089 Sacri
1547 3059 1672 3089 Romani
1685 3059 1798 3099 Imperii
1810 3060 1940 3100 Elector,
1956 3063 1989 3093 &
2001 3062 2124 3095 Bavariae
2139 3066 2226 3103 Dux,
2243 3067 2337 3098 eidem

1284 3100 1419 3130 Domino
1434 3098 1530 3128 nostro
1545 3095 1624 3134 Regi
1639 3097 1678 3128 est
1689 3098 1830 3137 astrictus,

1322 3138 1360 3168 Et
1374 3136 1451 3176 quod
1467 3136 1500 3166 ad
1520 3137 1578 3167 hoc
1598 3136 1652 3174 ipsa
1672 3136 1760 3176 Regia
1776 3137 1910 3175 Majestas
1924 3138 1962 3169 fin
1984 3140 2033 3170 ulis
2054 3139 2144 3172 Annis
2165 3143 2256 3173 eidem
2272 3143 2338 3174 Do-

1286 3178 1367 3208 mino
1382 3179 1498 3213 Ruperto
1517 3173 1647 3213 Juniori,
1664 3175 1700 3204 de
1719 3177 1768 3205 suo
1789 3175 1950 3216 Scaccario,
2011 3179 2053 3209 ille
2076 3180 2185 3211 Marcas
2205 3182 2342 3212 Ariolica-

1285 3226 1349 3253 nas,
1367 3214 1509 3251 videlicet,
1527 3214 1555 3242 in
1568 3212 1653 3243 Festo
1667 3213 1762 3243 Sancti
1782 3213 1928 3246 Michaelis
1944 3217 2026 3256 Qin
2048 3227 2139 3257 eritas,
2155 3220 2188 3249 &
2209 3221 2237 3249 in
2252 3206 2337 3250 flesto

1285 3253 1399 3285 Paschae
1414 3253 1462 3282 reli
1486 3261 1529 3282 uas
1545 3251 1721 3319 (ssingentas
1738 3251 1850 3284 Marcas
1865 3253 1957 3293 dabit,
1978 3258 2011 3287 ὃ(
2044 3258 2080 3286 ari
2095 3267 2128 3286 ac
2143 3258 2227 3287 tribui
2243 3257 2339 3296 faciet,

1325 3293 1361 3323 Et
1375 3291 1454 3330 quOd
1489 3291 1558 3320 ictus
1602 3291 1716 3320 ominus
1729 3290 1994 3331 RupertusJunior,
2012 3295 2081 3324 infra
2093 3295 2168 3326 hunc
2183 3297 2215 3326 ὃ(
2226 3296 2340 3327 Festum

1287 3331 1449 3362 Nativitatis
1464 3331 1552 3359 bearae
1566 3327 1668 3358 Mariae
1679 3329 1884 3365 gloriofiffimae
1900 3330 2020 3371 Virginis
2031 3334 2163 3372 proxime
2178 3343 2341 3373 venturum,

1289 3378 1398 3401 certum
1414 3367 1492 3398 suum
1508 3366 1632 3396 Fidelem
1648 3367 1682 3397 ad
1698 3367 1802 3405 praefati
1816 3367 1985 3400 Inclitiffimi
2008 3369 2132 3401 Domini
2152 3371 2342 3412 nostrsRegis

1289 3407 1463 3448 praesentiam
1474 3405 1609 3435 destinare
1622 3407 1747 3444 curabit,
1762 3406 1808 3437 sua
1821 3407 1902 3444 plena
1924 3406 2060 3446 potestate
2079 3421 2108 3440 in
2129 3410 2182 3441 hac
2231 3420 2271 3441 rte
2286 3412 2342 3448 suf-

1289 3448 1392 3478 fultum
1413 3445 1457 3475 seu
1480 3444 1658 3481 redimitum,
1676 3443 1712 3474 ab
1732 3445 1832 3475 eodem
1855 3445 1990 3477 Domino
2002 3446 2100 3478 nostro
2114 3447 2171 3478 suas
2226 3460 2289 3488 nas,
2307 3451 2343 3481 &

1290 3487 1319 3515 in
1332 3483 1427 3515 debita
1442 3481 1550 3520 forma,
1567 3481 1689 3521 LiteraS,
1706 3482 1783 3520 super
1797 3483 1874 3513 diota
1889 3483 2022 3516 Pecuniae
2035 3485 2157 3517 Summa
2171 3487 2344 3527 Annuatim,

1291 3523 1372 3554 dicto
1395 3521 1529 3551 Domino
1552 3519 1631 3551 Duci
1647 3518 1774 3559 juniori,
1800 3530 1830 3551 ut
1851 3522 2017 3562 praeferrur,
2040 3524 2160 3563 dandas,
2186 3527 2219 3557 ὃς
2241 3526 2344 3566 singula

1294 3561 1442 3600 Ligamina
1457 3559 1634 3590 continentes
1647 3559 1766 3596 eisdem,
1783 3559 1810 3589 in
1825 3559 1918 3590 forma
1934 3562 1967 3591 ὃ(
1982 3570 2080 3593 tenore
2096 3564 2135 3593 uti
2153 3563 2346 3596 inclitissimus

1294 3600 1438 3630 Dominus
1467 3595 1561 3626 noster
1580 3596 1645 3627 Rex
1663 3597 1790 3635 praefarus
1808 3596 1909 3628 lllustri
1930 3599 2062 3631 Domino
2083 3601 2212 3640 Ruperto
2234 3602 2346 3634 Seniori

1293 3638 1425 3677 praefato,
1441 3635 1567 3674 praedicti
1582 3635 1705 3665 Domini
1721 3635 1841 3674 Ruperti
1856 3636 1977 3667 Senioris
1987 3637 2136 3678 Genitori,
2155 3640 2234 3678 super
2252 3642 2346 3672 consi-

1296 3676 1408 3707 milibus
1428 3674 1575 3711 l-lomagio
1599 3673 1632 3704 &
1655 3673 1858 3712 obligatione,
1886 3673 2004 3706 Litteras
2024 3676 2081 3707 suas
2095 3701 2104 3716 ,
2127 3678 2222 3717 Sigillo
2244 3679 2346 3720 Regiae

1297 3712 1450 3752 Majestatis
1475 3711 1612 3750 sigillatas,
1634 3720 1698 3742 ante
1720 3713 1738 3731 *⁵
1754 3711 1903 3750 conceffir,
1922 3714 2110 3759 tradiditque,
2135 3717 2214 3753 super
2234 3715 2347 3749 Condi-

1297 3752 1418 3784 tionibus
1432 3759 1527 3780 tamen
1547 3750 1578 3779 in
1597 3749 1698 3781 eisdem
1718 3749 1806 3789 Regis
1828 3750 1957 3791 Litteris,
1971 3753 2109 3792 praed1&0
2128 3754 2262 3786 Domino
2283 3756 2348 3788 Ru-

1296 3800 1379 3829 perto
1390 3789 1499 3827 Juniori
1513 3788 1658 3818 tradendis.

1336 3827 1444 3867 Qiod,
1461 3825 1610 3864 postquam
1622 3826 1679 3864 ipse
1693 3825 1839 3857 Dominus
1852 3826 1996 3866 Rupertus
2010 3829 2109 3862 Senior
2122 3830 2156 3861 ab
2169 3830 2226 3864 hoc
2241 3832 2349 3866 Carce-

1301 3868 1371 3898 ceris
1390 3864 1537 3904 Ergastulo
1557 3864 1675 3894 sublatus
1695 3865 1795 3904 fuerit,
1812 3866 1848 3895 de
1867 3875 1930 3897 toto
1952 3869 2109 3907 praedieto,
2129 3869 2264 3902 Domino
2283 3873 2349 3904 Ru-

1298 3903 1520 3943 pertoJuniori,
1537 3902 1664 3939 quolibet
1676 3903 1780 3941 Anno,
1798 3903 1881 3934 Mille
1897 3905 1995 3935 Libras
2010 3906 2192 3947 Anglicanas,
2210 3911 2240 3940 in
2264 3910 2348 3942 Duo-

1297 3944 1350 3973 bus
1365 3940 1525 3980 praescriptis
1537 3940 1700 3979 Terminis,
1720 3941 1905 3973 Medietatem
1918 3944 1946 3973 in
1961 3953 2037 3983 uno,
2055 3947 2088 3976 δε
2102 3946 2221 3983 aliquam
2234 3947 2349 3979 Medie-

1297 3989 1381 4012 tatem
1397 3981 1426 4009 in
1440 3980 1543 4016 altero,
1561 3978 1639 4009 dabit
1654 3980 1686 4010 ὅς
1699 3979 1757 4010 dari
1771 3979 1871 4017 faciet,
1886 3982 1920 4010 ad
1935 3981 2019 4012 instar
2031 3993 2061 4014 ut
2074 3984 2122 4021 ipsi
2136 3984 2269 4017 Genitori
2283 3988 2349 4026 suo,

1298 4020 1334 4049 de
1352 4017 1432 4049 Mille
1453 4017 1546 4046 Libris
1565 4017 1740 4060 AnglicaniS‚
1767 4018 1816 4048 fibi
1837 4018 1951 4057 dandis,
1969 4030 2017 4056 per
2036 4021 2199 4053 Dominum
2220 4025 2350 4055 nostrum

1299 4057 1418 4093 Regem
1436 4055 1618 4097 saepedifsstum
1635 4065 1691 4094 jam
1711 4055 1751 4086 est
1765 4055 1947 4097 assignatum,
1961 4067 1994 4090 ac
2017 4060 2115 4100 Regiis
2135 4061 2247 4094 Litteris
2265 4064 2354 4094 robo-

1298 4104 1395 4129 ‘amm'
1777 4129 1809 4163 R
2320 4137 2360 4171 Et

2355 2615 2422 2647 Ann
2441 2615 2483 2647 D.

2376 2663 2458 2696 1397·

2356 2700 2406 2723 An.
2424 2706 2469 2722 20.

2356 2739 2385 2761 R.
2407 2743 2433 2761 2.

2357 2777 2394 2799 Ex
2412 2776 2471 2799 An·

2354 2819 2420 2848 togr.

2373 3729 2392 3747 '3
2411 3729 2478 3758 vlt.

2379 3767 2443 3805 859.
