2561 4251
87 165 164 198 Ann.
176 165 217 196 D.
229 164 343 203 Angliae
358 164 455 195 Avum
469 160 618 197 nostrum,
637 158 829 198 subditosque
849 159 907 198 ejus

109 205 194 243 1380.

85 245 139 274 Ric.
160 254 188 274 2.

90 983 106 998 ⁰
129 982 198 1010 v11.

90 1029 156 1055 270.

653 67 1306 115 CONVENTION

230 209 319 245 Bruys
341 203 377 233 de
400 203 495 232 Scotia
511 223 521 238 ,
555 198 703 236 quondam
723 198 852 242 Fratrem
875 154 1302 234 ipsiusxAtirtianosicriPades'urasff

231 244 331 280 stum,
348 241 459 280 ejusque
472 236 611 269 Vaffanos
626 237 659 268 ὅτ.
674 236 809 267 Subditos
822 234 1064 274 qualescumque,
1081 242 1116 263 ex
1136 232 1221 264 altera
1236 241 1299 271 par-

221 81 301 121 106

269 305 306 350 sit
327 328 375 356 per
394 315 529 346 Ilustrum
550 314 715 353 Principem
735 311 884 343 Robertum
898 309 1153 351 consanguineum
1167 309 1300 341 nostrum

231 359 263 388 de
275 360 363 387 Scotia
376 354 610 385 confirmatarum
618 376 628 392 ,

268 395 306 426 Et
320 394 354 424 ad
368 392 500 432 quaedam
513 392 579 430 alia,
599 393 628 421 in
645 391 745 421 Literis
761 388 864 420 nostris
877 388 1133 427 ParentibuS,inde
1148 386 1301 426 confeffls,

231 440 381 471 contenta,
397 431 574 463 Faciendum
588 430 622 461 δε
639 428 838 468 Explendum,
855 437 941 467 prout
952 430 982 459 in
997 428 1103 459 eisdem
1119 427 1221 459 Literis
1241 425 1303 465 ple-

231 472 294 503 nius
308 472 487 509 continetur,

270 510 356 548 Nos,

269 549 318 580 Ut
331 549 430 580 omnia
442 547 477 578 &
490 546 615 584 singula,
632 547 662 577 in
681 545 766 577 distis
790 544 894 577 Literis
915 553 1052 577 contenta
1066 569 1076 583 ‚
1094 543 1244 574 meliorem
1267 551 1301 573 ac

231 587 398 619 celeriorem
411 587 559 617 sortiantur
578 584 737 623 effectum,
1216 592 1219 595 “

267 626 494 657 Committimus
509 624 592 654 eidem
609 623 760 654 Avunculo
774 622 875 654 nostro
892 621 979 653 Vices
997 620 1122 660 nostras,

269 665 301 695 D
311 675 331 695 A
340 673 362 695 N
372 671 395 694 T
407 673 424 694 E
435 672 448 693 s
458 671 510 701 Qu
520 673 538 693 E.
557 664 583 693 ei
606 662 782 693 Potestatem
800 662 960 701 generalem
982 660 1106 691 faciendi
1123 682 1133 698 ,
1156 659 1305 697 quotiens,

231 704 364 743 quando,
383 704 416 734 &
431 701 585 740 quomodo
599 701 650 731 fibi
666 701 806 732 videbitur
827 700 976 738 expedire,
995 700 1132 730 omnibus
1153 699 1186 729 ὃς
1209 697 1305 734 singu-

231 743 264 773 lis
279 767 289 780 ,
315 752 368 783 pro
393 741 606 772 conservatione
629 739 871 770 Conventionum
891 740 925 770 ὃς
945 738 1129 776 Treugarum
1152 736 1304 775 praedieta-

230 791 296 812 rum
317 781 453 817 trastare,
472 790 505 811 ac
527 779 750 810 Reformatione
771 777 956 817 Injuriarum,
972 777 992 807 si
1006 787 1071 816 quae
1086 777 1190 807 fuerint
1206 777 1235 806 in
1251 775 1305 805 hac

232 828 328 858 parte,
345 819 476 858 prosequi
491 818 537 849 seu
561 818 718 856 conqueri,
733 817 913 855 volentibus,
933 816 1038 846 Literas
1059 815 1095 846 de
1116 815 1192 846 salvo
1212 814 1246 845 &
1267 812 1307 843 se-

233 868 305 890 curo
319 858 477 889 Conductu
493 856 594 888 nostro
607 855 740 887 veniendi
753 856 783 885 in
802 855 915 886 dietum
937 855 1074 894 Regnum
1099 853 1231 884 nostrum
1246 852 1307 883 An-

233 898 314 938 gliae,
331 907 364 928 ac
387 905 476 935 partes
497 895 694 926 Marchiarum
715 893 931 933 praedictarum,
951 894 986 924 &
1009 892 1146 923 Confinia
1165 890 1306 931 ejusdem,

233 937 275 968 ob
289 936 400 968 causam
417 933 600 974 praedietam,
620 943 735 965 necnon
751 933 785 963 ad
798 933 917 971 Propria
931 931 1082 963 redeundi:

274 977 291 993 ³*
308 975 364 1007 Co
374 982 489 1005 ΜΜΙΤ
499 982 544 1004 TI
554 981 613 1004 Mu
624 983 636 1004 s
653 974 737 1004 etiam
753 971 847 1002 eidem
862 969 1012 1001 Avunculo
1035 968 1122 1010 nostro
1144 969 1233 1001 Vices
1252 977 1307 999 no-

237 1013 304 1045 stras
312 1038 322 1053 ,
340 1014 372 1044 D
383 1024 401 1044 A
410 1022 432 1043 N
443 1021 466 1042 T
476 1022 494 1043 Ε
504 1022 517 1044 s
529 1022 579 1051 Qu
590 1021 607 1043 Ε
627 1013 653 1042 ei
668 1011 842 1043 Potestatem
857 1009 1017 1050 generalem
1025 1033 1035 1047 ,
1053 1008 1163 1040 easdem
1179 1007 1309 1046 Treugas

237 1054 271 1084 &
288 1052 522 1090 conventiones,
540 1051 561 1082 fi
577 1053 606 1081 in
620 1051 715 1089 aliquo
730 1049 898 1088 Impeditae,
917 1047 1058 1086 Violatae,
1076 1047 1121 1078 seu
1140 1046 1308 1084 Interruptae

236 1092 359 1129 fuerint,
377 1089 570 1129 Corrigendi,
586 1088 793 1126 Reformandi,
812 1088 845 1119 &
868 1088 898 1117 in
917 1086 1031 1118 Statum
1053 1086 1185 1117 debitum
1207 1087 1241 1117 &
1254 1086 1309 1115 ho-

235 1130 350 1161 nestum
372 1128 559 1167 Reducendi,
576 1139 609 1159 ac
631 1129 734 1166 etiam,
753 1127 772 1157 si
788 1127 837 1157 sibi
855 1125 1004 1165 expediens
1027 1126 1186 1163 videbitur,
1202 1124 1311 1154 Proro—

235 1170 337 1209 gandi,
356 1169 390 1200 ὃ(
403 1178 467 1206 eaS,
486 1168 524 1199 sic
540 1167 696 1204 corredias,
712 1165 892 1204 reformatas,
911 1165 945 1197 &
959 1163 1099 1204 redastas,
1117 1173 1151 1196 ac
1171 1171 1310 1202 proroga-

236 1216 294 1244 tas,
313 1207 458 1237 Firmandi
474 1207 508 1238 ὅ(
524 1206 660 1236 Nomine
678 1204 779 1235 nostro
793 1203 979 1235 Roborandi:

275 1246 304 1276 C
313 1254 333 1274 o
342 1254 365 1276 N
376 1256 388 1277 s
399 1255 422 1276 T
430 1254 442 1275 1
451 1253 474 1275 T
482 1254 505 1276 υ
515 1254 527 1275 1
538 1253 565 1276 M
575 1253 598 1275 u
610 1254 622 1275 s
641 1245 726 1275 etiam
740 1243 831 1283 ipsum
846 1242 1029 1273 Avunculum
1042 1241 1173 1273 nostrum
1191 1240 1308 1272 Locum

240 1284 372 1316 nostrum
395 1292 541 1315 tenentem
561 1284 590 1313 in
613 1282 740 1313 Partibus
764 1281 962 1312 Marchiarum
981 1281 1199 1320 praediCtarum,
1217 1280 1251 1311 ad
1268 1279 1310 1310 fa-

239 1323 377 1356 ciendum
400 1323 469 1354 loco
488 1322 590 1353 nostro
608 1322 642 1353 &
662 1321 783 1352 nomine
803 1320 905 1352 nostro
922 1320 1033 1351 Omnia
1053 1321 1086 1352 ὃς
1103 1319 1222 1359 singula,
1243 1328 1307 1358 quae

237 1373 292 1404 pro
306 1362 377 1394 salva
395 1362 428 1393 &
440 1361 533 1392 secura
546 1359 686 1392 Custodia
700 1359 842 1390 dieiarum
859 1359 987 1390 Partium
998 1383 1006 1398 ,
1027 1367 1126 1390 contra
1150 1368 1252 1389 omnes
1275 1359 1309 1389 δε

238 1401 360 1440 fingulos
375 1401 407 1438 (fi
421 1401 471 1439 qui
487 1400 554 1439 ipsas
568 1408 658 1438 partes
671 1398 811 1430 hostiliter
826 1398 938 1436 ingredi
951 1398 1187 1437 praesumpserint)
1211 1407 1310 1427 neces-

239 1441 303 1471 saria
315 1440 422 1470 fuerint
436 1439 483 1470 vel
498 1448 657 1478 oportuna,
675 1440 709 1470 ὃς
724 1437 758 1468 ad
774 1447 876 1468 omnes
890 1438 924 1469 ὃ(
939 1437 1064 1475 singulos
1078 1436 1222 1467 Homines
1247 1436 1309 1466 De-

238 1479 381 1510 fensabiles
396 1478 492 1517 Regni
503 1477 592 1508 nostri
606 1476 734 1517 Angliae,
753 1477 781 1506 in
797 1476 919 1516 partibus
931 1476 1001 1514 illis,
1021 1477 1053 1506 δε
1070 1475 1135 1506 alibi
1151 1476 1200 1505 ubi
1216 1475 1309 1505 eidem

240 1517 392 1548 Avunculo
407 1515 507 1547 nostro
519 1516 661 1548 videbitur
674 1515 822 1554 expedire,
840 1515 874 1546 ad
893 1514 1122 1552 profiscisendum
1146 1514 1259 1551 secum,
1279 1515 1309 1543 in

239 1557 422 1595 Obsequium
438 1555 586 1594 nostrum,
604 1555 634 1584 in
648 1554 857 1585 Defensionem
879 1553 976 1594 Regni
996 1553 1087 1584 nostri
1107 1554 1140 1585 &
1164 1552 1311 1583 Marchia-

241 1606 307 1626 rum
329 1595 542 1633 praedic‘tarum,
581 1594 708 1632 uotiens,
726 1593 862 1631 quando,
881 1593 930 1623 ubi
943 1616 953 1632 ,
970 1593 1003 1624 ὃ(
1024 1601 1110 1631 prout
1136 1592 1185 1621 libi
1211 1592 1310 1622 melius

240 1634 383 1666 videbitur
395 1633 541 1672 expedire,

242 1674 323 1704 mine
337 1672 454 1710 nostr0,
472 1672 523 1703 viis
536 1672 570 1703 &
584 1671 677 1701 modis
692 1671 794 1709 quibus
807 1672 962 1708 convenit,
979 1670 1014 1700 ad
1028 1669 1266 1708 proficiscendum
1280 1672 1310 1700 in

241 1710 353 1742 diCtutn
368 1711 551 1749 Obsequium
564 1709 695 1740 nostrum
711 1708 934 1747 Compellendi3

280 1750 313 1780 D
322 1761 341 1781 A
350 1759 372 1780 N
383 1758 406 1780 T
417 1759 434 1779 E
445 1759 457 1779 s
477 1749 585 1786 insuper
602 1748 695 1779 eidem
710 1747 861 1778 Avunculo
875 1747 962 1787 nostro
977 1747 1129 1786 plenariam
1138 1746 1312 1779 Potestatem

241 1789 340 1827 quod,
360 1788 380 1819 si
401 1787 493 1818 forsan
510 1811 520 1826 ,
538 1788 634 1825 aliquo
655 1786 730 1817 Casu
751 1795 912 1825 emergente
926 1810 936 1825 ,
952 1786 1113 1824 hujusmodi
1136 1786 1313 1825 Attemptata

242 1829 287 1859 seu
304 1827 405 1865 Fadia,
424 1836 458 1857 ex
471 1835 589 1864 utraque
611 1834 706 1864 parte,
726 1825 819 1856 modo
839 1825 938 1856 debito
956 1826 1078 1865 corrigi,
1097 1826 1262 1865 reformari,
1278 1827 1311 1858 δε

241 1867 271 1897 in
294 1866 405 1898 Statum
426 1865 555 1896 debitum
576 1865 674 1895 reduci
696 1874 756 1894 non
778 1864 888 1895 valcant
903 1888 912 1902 ,
935 1874 989 1909 per
1011 1865 1090 1903 quod
1113 1865 1241 1905 Treugas
1265 1864 1311 1895 seu

240 1905 463 1936 conventiones
475 1903 623 1942 praedistas
640 1902 732 1942 (quod
745 1902 825 1940 absit)
842 1903 941 1935 violari
956 1904 1107 1943 contigerit
1122 1904 1156 1935 &
1180 1904 1312 1943 infringi,

241 1944 275 1975 ὅ(
294 1943 331 1974 de
352 1943 502 1974 Invasione
523 1942 593 1972 dieii
613 1941 710 1981 Regni
733 1940 822 1972 nostri
841 1951 892 1980 per
910 1942 983 1980 ipsos
998 1942 1033 1973 de
1047 1942 1142 1974 Scotia
1157 1942 1312 1982 aliqualiter

241 1984 396 2021 timeatur,
414 1992 468 2020 pro
489 1980 658 2012 Resistentia
677 1980 801 2019 ipsorum
823 1980 1013 2012 Inimicorum
1036 1981 1203 2012 nostrorum
1225 1982 1315 2012 Ordi-

242 2022 347 2060 nandi,
363 2030 448 2059 prout
469 2031 521 2058 pro
541 2019 720 2050 Defensione
740 2019 838 2060 Regni
857 2019 947 2051 nostri
967 2020 1098 2060 praedicti
1112 2020 1211 2052 melius
1225 2023 1259 2053 ὅ(
1273 2021 1314 2052 se-

241 2061 336 2092 curius
350 2061 413 2091 fore
428 2060 530 2090 viderit
543 2059 709 2090 faciendum
722 2068 728 2074 ·

280 2099 317 2130 Et
336 2099 370 2130 ad
392 2099 490 2130 omnia
511 2099 543 2129 &
568 2098 672 2129 sinoula
694 2080 795 2129 C'astra
810 2123 819 2136 ,
838 2097 925 2130 Villas
939 2123 949 2137 ,
970 2098 1004 2130 &
1028 2098 1170 2131 Fortalitia
1191 2100 1315 2141 partium

242 2138 442 2177 praedietarum
457 2160 466 2175 ,
484 2137 543 2168 tam
563 2140 613 2167 nol
631 2147 658 2167 ra
674 2162 684 2175 ,
700 2140 788 2176 quarn
811 2137 931 2168 aliorum
945 2160 955 2177 ,
974 2138 1181 2177 Supervidendi
1196 2162 1206 2178 ,
1223 2140 1257 2170 δε
1285 2150 1319 2171 ea

241 2179 304 2208 tam
326 2187 395 2208 cum
416 2176 596 2206 Hominibus
615 2176 650 2207 ad
672 2176 762 2207 Arma
776 2199 787 2215 ,
812 2176 937 2208 Armatis
950 2200 960 2216 ,
984 2178 1018 2210 &
1037 2177 1187 2218 Sagittariis
1199 2202 1209 2216 ,
1229 2188 1316 2216 quam

244 2215 424 2247 victualibus
440 2215 596 2245 necessariis
619 2215 805 2253 (Sumptibus
824 2215 940 2246 illorum
969 2225 1095 2254 quorum
1122 2216 1255 2255 interest)
1282 2227 1317 2248 ex

241 2255 322 2285 causa
337 2254 471 2293 praedic‘ta
485 2254 608 2292 muniri,
627 2254 661 2286 &
676 2254 706 2284 in
721 2253 881 2285 hu'usmodi
896 2253 1064 2286 Munitione
1084 2257 1174 2287 teneri
1197 2255 1315 2288 Facien-

242 2293 290 2332 di,
310 2294 456 2332 quousque
467 2302 521 2331 pro
538 2292 699 2323 salvatione
712 2293 745 2323 &
793 2293 936 2324 efensione
953 2293 1140 2333 Castrorum,
1158 2294 1315 2334 Villarum,

243 2332 458 2363 fortalitiorum
469 2355 476 2369 ,
497 2332 530 2363 &
545 2331 671 2362 Partium
686 2331 891 2370 praedietorum
905 2333 984 2364 aliter
997 2332 1159 2365 duxerimus
1178 2333 1316 2365 ordinan-

240 2370 332 2410 dum3
353 2380 470 2402 necnon
492 2380 545 2408 pro
567 2370 759 2408 Reparatione
782 2369 963 2402 Defectuum
983 2371 1154 2403 Castrorum
1177 2373 1210 2403 δε
1229 2373 1316 2404 Villa-

243 2419 310 2440 rum
324 2409 490 2440 nostrorum
507 2409 536 2438 in
551 2407 635 2439 dietis
650 2409 779 2440 Partibus
792 2408 968 2448 Ordinandi,
986 2419 1074 2448 prout
1091 2411 1186 2442 eidem
1207 2416 1315 2443 Avun-

245 2447 301 2477 culo
315 2447 402 2488 nostro
416 2458 469 2491 pro
484 2447 610 2478 Honore
624 2448 657 2479 ὅ(
673 2447 848 2479 Commodo
861 2448 964 2479 nostris
977 2458 1011 2479 ac
1025 2460 1078 2488 pro
1098 2450 1249 2483 salvatione
1270 2462 1315 2483 ea-

245 2487 378 2517 rumdem
392 2486 519 2517 Partium
533 2487 632 2517 melius
644 2487 792 2518 vedebitur
805 2488 867 2517 fore
882 2487 1058 2519 faciendum:

244 2562 247 2565 Δ
285 2524 315 2554 C
325 2535 344 2554 o
354 2533 375 2555 N
385 2535 397 2555 s
407 2534 430 2555 τ
441 2535 452 2555 1
461 2534 483 2554 T
492 2534 514 2555 U
528 2534 538 2555 1
550 2533 607 2555 Μυ
618 2534 630 2555 s
658 2527 743 2556 etiam
756 2548 766 2564 ,
791 2525 924 2557 Facimus
937 2550 947 2563 ,
974 2527 1007 2557 &
1028 2527 1204 2559 Ordinamus
1226 2530 1315 2569 ipsum

247 2562 428 2593 Avunculum
443 2563 559 2602 nostrum
574 2573 675 2594 verum
697 2574 730 2594 ac
751 2564 912 2604 legitimum
934 2565 1153 2598 Procuratorem
1175 2568 1210 2599 &
1229 2568 1320 2599 Nun-

243 2604 326 2633 cium
341 2601 470 2631 nostrum
482 2601 629 2645 specialem
651 2602 686 2632 ad
710 2602 923 2642 Loquendum,
943 2604 1157 2644 Tractandum,
1176 2607 1211 2637 &
1234 2605 1318 2638 Con-

245 2640 425 2671 cordandum
447 2650 516 2670 curn
539 2640 619 2670 dieto
640 2639 839 2678 Consanguineo
861 2642 948 2682 nqstro
970 2644 1002 2673 de
1026 2647 1133 2683 Scotia,
1151 2645 1197 2676 seu
1212 2646 1269 2684 ejus
1288 2647 1318 2676 in

245 2679 299 2710 hac
315 2688 392 2717 parte
406 2678 661 2722 ProcuratoribuS,
676 2678 824 2722 Nunciis,
841 2680 888 2711 seu
904 2680 1070 2721 Deputatis‚
1090 2683 1243 2721 plenariam
1258 2684 1317 2715 Po-

246 2718 375 2749 testatem
390 2718 426 2762 ab
439 2716 499 2755 ipso
513 2716 740 2761 Consanguineo
754 2717 854 2748 nostro
868 2719 1053 2758 habentibus,
1074 2722 1133 2752 tam
1148 2721 1185 2753 de
1199 2721 1274 2754 Pace
1283 2724 1316 2754 &

245 2755 435 2826 ffincordia,
454 2756 541 2794 quam
563 2755 600 2786 de
622 2755 849 2795 quibuscumque
867 2757 952 2788 bonis
969 2767 1004 2789 ac
1025 2759 1114 2790 firmis
1126 2760 1267 2792 Amicitiis
1282 2763 1316 2793 &

297 2806 304 2825 i
325 2803 403 2825 annis

271 2804 362 2879 Ἰιὲιετ
376 2819 444 2864 N'os
461 2832 647 2878 &Haeredes
661 2832 790 2877 nostros,
811 2844 865 2872 pro
879 2833 996 2873 Terris,
1015 2835 1178 2875 Dominiis‚
1197 2847 1229 2869 ac
1243 2838 1317 2869 Sub-

246 2871 641 2951 Szjilsrzrffcgaffiagirseggstfis
653 2872 958 2943 sqmbUsci‘umsslQ'&
966 2875 1070 2943 §psum
1087 2876 1317 2923 fonsanguineum

249 2949 302 2980 suis
312 2973 322 2987 ,
341 2959 394 2987 pro
407 2948 550 2988 Perpetuo
564 2921 811 2989 veluffd’fggpgg
825 2922 978 2991 du‘igiiisr'is3
1000 2923 1130 2953 mmmm,
1148 2915 1182 2946 &
1194 2915 1318 2947 bUbdms

288 2987 349 3018 DA
360 2996 382 3031 N
393 2996 415 3017 T
426 2996 466 3018 ES
490 2988 523 3018 ὃς
546 2986 748 3019 Concedentes
769 2989 862 3020 eidem
886 2989 1038 3021 Avunculo
1059 2989 1145 3030 nostro
1160 3014 1170 3029 ,
1196 2990 1315 3023 Tenore

249 3026 435 3070 Praesentium
448 3049 458 3063 ,
483 3025 657 3070 Potestatem
679 3027 838 3072 generalem
857 3038 891 3072 ac
912 3029 1084 3060 Mandatum
1105 3029 1221 3068 speciale
1234 3054 1243 3068 ,
1262 3041 1315 3068 pro

248 3065 349 3096 Nobis
362 3089 372 3103 ,
391 3064 584 3109 Haeredibus',
603 3064 726 3110 Terris,
743 3065 908 3106 Dominus,
926 3069 961 3100 &
983 3067 1109 3098 Vassallis
1131 3067 1234 3098 nostris
1254 3071 1317 3107 qui-

249 3104 425 3142 buscumque
441 3127 455 3148 ,ι
468 3103 729 3148 Praemissaomnia
752 3105 785 3135 &
805 3105 913 3143 singula
938 3107 1091 3146 Loquendi
1106 3130 1116 3146 ,
1134 3106 1294 3138 Tradiandi
1308 3131 1318 3147 ‚

250 3141 475 3186 Concordandi,
493 3141 627 3174 Faciendi
665 3143 698 3174 &
712 3142 906 3182 Expediendi,

275 3180 328 3225 'Et
342 3191 374 3211 ea
388 3189 486 3226 omnia
500 3181 534 3225 Sc
556 3181 597 3211 sin
617 3166 677 3226 ula,
698 3192 767 3212 cum
781 3182 901 3226 locuta,
920 3183 1054 3223 metata,
1073 3183 1162 3222 fac‘ta,
1179 3184 1213 3216 &
1233 3193 1319 3222 expe-

251 3218 326 3259 dita,
342 3220 462 3263 fuerint,
480 3219 594 3250 Firman
617 3231 642 3259 i,
660 3220 806 3259 Vallandi,

289 3258 326 3290 Et
347 3258 457 3303 Omnia
479 3258 530 3289 alia
551 3258 747 3298 Excercendi,
765 3259 914 3299 Faciendi,
932 3262 966 3293 ὅ(
989 3260 1128 3300 Explendi
1150 3270 1215 3299 quae
1239 3262 1315 3292 circa

251 3297 417 3342 Praemissa,
433 3297 479 3329 vel
490 3297 604 3335 aliquod
624 3296 859 3338 Praemiss'orum,
876 3300 1029 3330 necessaria
1044 3301 1146 3331 fuerint
1166 3299 1212 3331 vel
1230 3310 1319 3338 opor-

252 3345 338 3376 tuna,
355 3345 442 3381 etiam
461 3335 482 3366 si
497 3335 669 3367 Mandatum
682 3338 724 3367 ex'
746 3345 792 3367 ant
806 3339 893 3377 magis
906 3339 1039 3378 speciale,

290 3376 494 3407 Promittentes
506 3385 557 3406 nos
573 3375 699 3414 Ratum,

590 1632 780 1671 ongregandi,
800 1632 833 1663 ὃ(
848 1632 938 1670 ipsos,
959 1631 978 1661 si
996 1630 1109 1662 necesse
1124 1631 1222 1667 fuerit,
1243 1630 1314 1661 No-

296 3415 301 3420 ·
346 3415 350 3420 ι
746 3384 856 3414 ratum,
873 3378 906 3408 &
920 3377 1052 3409 Firmum
1068 3376 1214 3408 habituros
1237 3378 1319 3416 quic-

253 3414 323 3453 quid
344 3413 420 3444 idem
443 3413 608 3445 Avunculus
629 3413 732 3455 noster,
750 3415 869 3445 nomine
889 3416 1006 3455 nostro,
1023 3417 1053 3446 in
1067 3415 1228 3455 praemiffis,
1247 3416 1317 3448 ficut

253 3452 427 3492 praedictum
441 3452 500 3490 est,
517 3452 629 3484 duxerit
641 3453 823 3490 faciendum,

292 3490 330 3522 Et
350 3490 418 3521 ideo
439 3492 522 3522 vobis
542 3492 577 3523 ὃς
598 3492 716 3523 cuilibet
727 3490 876 3530 vestriim,
894 3493 922 3522 in
937 3493 1008 3524 Fide
1023 3494 1058 3526 δε
1074 3492 1238 3532 Ligeantia‚
1256 3495 1318 3532 qui-

253 3531 308 3561 bus
330 3530 415 3561 nobis
433 3530 588 3569 tenemini,
607 3529 783 3569 Injungimus
804 3531 838 3561 &
859 3530 1048 3569 Mandamus,
1064 3530 1145 3571 quod
1158 3531 1253 3562 eidem
1269 3536 1319 3562 A-

254 3568 374 3599 vunculo
398 3566 485 3608 nostro
500 3591 510 3607 ‚
537 3570 568 3598 in
588 3568 738 3599 Praemissis
760 3569 895 3600 omnibus
917 3571 949 3600 ὃς
971 3570 1104 3611 finguliS‚
1129 3569 1163 3601 ὃς
1189 3571 1316 3607 quolibet

254 3607 587 3644 Praemissorum,m0do
602 3608 635 3638 ὃς
651 3607 746 3638 forma
761 3607 939 3646 supradiffls,
948 3608 1081 3641 faciendis
1093 3609 1126 3639 &
1138 3609 1318 3649 exequendis,

253 3645 430 3690 intendentes
452 3646 528 3684 sitiS,
549 3645 787 3686 Respondentes,
818 3645 994 3679 Obedientes
1007 3671 1018 3687 ,
1050 3646 1238 3678 Consulentes
1251 3672 1261 3687 ‚
1283 3650 1318 3681 &

257 3684 430 3716 Auxiliantes
444 3692 531 3723 prout
545 3684 637 3717 decet.

292 3760 382 3794 Teste
395 3761 480 3803 Rege
493 3762 567 3803 apud
581 3762 889 3803 Westmonasterium,
906 3763 984 3796 iexto
995 3764 1042 3796 die
1058 3762 1240 3802 Septembris.

737 3842 790 3872 Par
804 3841 887 3881 ipfitm
898 3845 995 3882 Regem
1007 3840 1046 3879 ὦ·
1061 3838 1214 3873 Concilium.

1336 67 1469 114 ES,
1525 68 1920 118 LITERAE,

1555 240 1579 263 *
1602 243 1696 288 Super
1714 242 1863 275 Financia
1881 241 2004 275 Oliveri
2020 242 2056 277 de
2073 244 2191 296 Clekyn.

2435 135 2561 196 Ariani

2461 201 2557 240 ¹38⁰*

2431 241 2486 268 Ric-
2507 249 2534 274 aa

2430 276 2450 296 *
2463 279 2531 309 vu.
2557 274 2561 309 l

1344 325 1564 387 GOnffizlvus
1586 326 1620 357 de
1637 325 1721 371 Sothq
1740 327 1774 358 &
1793 325 1963 372 Guillielmus
1985 328 2100 369 Nouell,
2115 332 2233 364 Haraut
2255 332 2364 373 appelle
2381 331 2410 364 la
2431 325 2497 351 ²7¹·
2522 358 2528 365 ,
2557 330 2561 345 ¹

1429 366 1556 411 Rouche,
1566 365 1672 396 habent
1687 365 1794 396 Literas
1808 365 1897 405 Regis
1910 365 1947 396 de
1960 365 2230 410 Condu&u‚usque
2243 374 2277 404 ad
2293 371 2410 404 Festum
2426 357 2478 383 An.
2496 363 2526 392 4·
2559 391 2561 394 Α

1342 401 1457 435 Paschae
1475 406 1612 443 proximo
1626 404 1755 435 futurum
1768 403 1928 443 duraturas,
1946 405 2126 437 veniendoin
2140 408 2280 450 Regnum
2295 412 2411 450 Angliae
2426 397 2456 420 R.
2477 403 2492 421 ²

1343 443 1378 473 &
1398 443 1572 474 Potestatem
1594 443 1701 483 Regis,
1718 453 1788 474 curn
1812 443 1948 482 Qatuor
1969 443 2096 474 Vallettis
2108 445 2176 485 suis,
2195 450 2230 480 ad
2243 450 2414 483 solvendum

2430 413 2505 460 Fran:
2514 437 2544 469 ,μ’
2552 455 2561 460 ,Α

1345 481 1594 520 Redemptionem
1618 481 1744 512 Domini
1771 481 1882 512 oliveri
1901 482 1935 512 de
1960 481 2075 523 Cleykyn
2102 482 2272 528 Prisonarii,
2305 490 2414 521 ibidem
2432 475 2464 499 R.
2481 479 2508 500 ²·
2523 481 2548 500 m

1345 520 1489 589 ffiffiagglo
1498 543 1509 559 ,
1528 522 1563 552 &
1577 521 1699 560 exinde,
1715 530 1786 552 cum
1797 521 1912 553 Valletis
1925 520 1979 552 suis
1999 520 2156 561 praedietis,
2173 523 2208 555 ad

1382 596 1572 675 TeIsr'iecRJielge’:
1582 597 1656 676 grid
1670 635 1982 676 Westmonasterium,
2000 636 2119 670 decimo
2133 638 2180 671 die
2193 639 2376 680 Septembris.

2229 525 2346 567 Propria
2371 538 2415 559 re-

1608 766 1830 811 Acquietantia
1846 763 1883 798 de
1899 766 2029 798 Moneta
2043 768 2153 802 Scotiae.

1347 849 1437 919 1'-¹El
1447 850 1515 920 1}OE
1534 860 1551 882 a
1566 858 1638 882 touz
1651 859 1740 889 cetur,
1757 860 1813 890 que
1825 850 1915 882 cestes
1931 850 2042 883 Lettres
2054 861 2173 885 verront
2185 865 2226 886 ou
2240 858 2420 897 orront‚Sa-

1440 900 1459 920 u
1471 899 1497 920 z.

1388 927 1488 959 Savoir
1503 938 1575 959 vous
1591 927 1691 959 faisons

2435 518 2480 545 25.

2437 866 2514 897 Ann.
2522 866 2558 899 Di

2455 906 2540 945 1380.

1743 938 1760 959 e
1775 928 1865 960 Nous
1878 938 1966 960 avons
1981 938 2017 959 en
2031 928 2199 969 Accompte
2211 933 2246 964 Sc
2258 932 2371 966 Resceu
2383 935 2420 967 de
2431 949 2485 973 An.
2501 955 2531 982 4,

1347 966 1510 998 Tresnoble
1523 968 1558 999 δε
1574 939 1835 1006 Ρυίίΐεηῑῖξτίηεε,
1849 967 1950 998 Rohert
1964 967 2062 998 nostre
2083 968 2170 1000 chere
2190 970 2288 1011 Cosyn
2307 973 2364 1002 d'E
2377 986 2418 1005 co-
2435 988 2465 1011 R.
2485 994 2512 1013 2·
2536 988 2537 991 =

1349 1016 1393 1043 ce,
1411 1006 1445 1037 ὃς
1468 1016 1557 1037 autres
1577 1005 1691 1037 Grantz
1708 1006 1746 1037 de
1765 1006 1791 1036 sa
1813 1005 1922 1045 Partie,
1940 1006 2038 1037 Dusze
2059 1006 2156 1039 Milles
2177 1008 2283 1042 Marcz
2295 1010 2350 1043 d’E
2377 1023 2421 1045 er-

1349 1044 1442 1082 lings,
1462 1044 1498 1076 de
1511 1043 1608 1075 nostre
1624 1044 1751 1076 Monoie
1765 1043 1976 1084 d’Engleterre3
1995 1045 2198 1088 c'estaffiivoir,

1387 1082 1446 1113 Pur
1467 1083 1494 1114 le
1520 1083 1584 1113 Fest
1604 1082 1640 1114 de
1661 1083 1740 1115 Seint
1759 1083 1855 1121 Johan
1869 1084 1895 1114 le
1908 1083 2060 1123 Baptistre,
2077 1085 2144 1116 l'An
2158 1086 2194 1117 de
2207 1087 2306 1120 nostre
2318 1089 2422 1131 Regne

1349 1121 1484 1160 Second,
1504 1122 1617 1191 Quiane
1632 1122 1730 1153 Milles
1746 1121 1869 1160 Marcz,

1388 1160 1447 1191 Pur
1457 1160 1483 1191 le
1497 1161 1549 1191 Fei
1579 1160 1616 1191 de
1629 1161 1708 1192 Seint
1718 1161 1814 1200 Johan
1827 1161 1853 1192 le
1875 1160 2029 1200 Baptistae,
2047 1161 2115 1193 l’An
2135 1163 2173 1195 de
2194 1164 2292 1197 nostre
2312 1166 2420 1207 Regne

1349 1199 1492 1231 avantdite
1506 1199 1632 1239 Tierce,
1651 1200 1763 1239 Quatre
1778 1200 1875 1231 Milles
1890 1200 2001 1239 Mares,

1388 1237 1425 1269 Et
1446 1248 1498 1282 pur
1511 1239 1538 1269 le
1554 1238 1619 1269 Fest
1633 1239 1669 1270 de
1686 1239 1766 1269 Seint
1778 1238 1873 1278 Johan
1887 1239 1914 1270 le
1928 1239 2081 1279 Baptistre,
2098 1239 2207 1272 darrein
2225 1243 2318 1283 paflh,
2337 1245 2420 1285 Qa-

1350 1285 1393 1309 tre
1410 1276 1507 1307 Milles
1522 1276 1628 1307 Marcz
1641 1277 1843 1316 d'Esterlings,
1909 1310 1913 1313 ,

1386 1315 1433 1346 En
1455 1316 1625 1347 Deduction
1648 1316 1744 1348 Rebat
1766 1318 1799 1348 &
1822 1317 1915 1347 Partie
1932 1316 1969 1348 de
1992 1316 2141 1349 Paiement
2163 1317 2200 1349 de
2217 1320 2293 1350 xxiv.
2323 1320 2420 1353 Milies

1350 1354 1457 1386 Marcz
1472 1378 1481 1394 ‚
1502 1355 1540 1385 les
1561 1355 1666 1393 quelles
1687 1366 1761 1387 nous
1782 1356 1845 1387 sont
1866 1356 2023 1387 clerement
2044 1356 2118 1388 duel.
2137 1356 2174 1388 de
2193 1358 2219 1388 la
2240 1358 2363 1392 Somme
2383 1361 2420 1393 de

1352 1392 1509 1433 Cynquant
1524 1394 1557 1425 &
1573 1394 1624 1433 Sys
1641 1394 1737 1425 Milles
1752 1393 1858 1425 Marcz
1870 1394 2020 1425 d'Esterlin
2041 1405 2087 1434 es,

1391 1433 1447 1464 Les
1463 1433 1578 1471 quielles
1592 1433 1689 1464 nostre
1703 1433 1745 1464 dit
1760 1432 1858 1473 Cosyn
1870 1434 1903 1465 ὅ(
1914 1443 2008 1470 ¹autres
2047 1435 2149 1474 relatz,
2167 1434 2298 1467 Countes
2312 1437 2422 1469 &No-

1350 1471 1409 1501 bles
1425 1472 1463 1503 du
1482 1472 1615 1502 Roialme
1629 1471 1765 1503 d'Escoce
1780 1481 1834 1504 ont
1848 1472 2004 1503 Accordez
2023 1474 2057 1504 &
2079 1473 2168 1505 Prom
2188 1485 2200 1504 s
2222 1485 2237 1504 a
2256 1475 2340 1506 Paier
2374 1487 2422 1515 par

1351 1509 1410 1540 leur
1428 1510 1538 1556 Lettres
1559 1510 1749 1556 Obligatoirs,
1768 1522 1783 1542 a
1806 1511 1884 1542 cause
1904 1511 1940 1542 de
1961 1512 1986 1542 la
2006 1511 2095 1543 Reste
2115 1513 2152 1544 de
2170 1484 2197 1544 lla
2218 1498 2363 1546 Ranceon
2384 1516 2421 1546 de

1353 1550 1458 1578 Dawd
1468 1550 1499 1579 de
1512 1552 1601 1589 Bruys
1610 1573 1618 1587 ,
1637 1559 1666 1588 qi
1682 1550 1760 1583 Dieu
1772 1550 1896 1588 assoille‚

1391 1588 1439 1618 De
1453 1587 1477 1618 la
1491 1589 1584 1626 quelle
1597 1589 1721 1619 Somme
1734 1588 1770 1619 de
1785 1588 1884 1620 Dusze
1898 1588 1994 1619 Milies
2010 1588 2116 1621 Marcz
2126 1590 2215 1621 Nous
2230 1601 2302 1623 nous
2317 1600 2420 1624 tenons

1353 1637 1404 1665 pur
1425 1627 1491 1657 bien
1513 1625 1664 1658 Contentz
1685 1628 1719 1658 &
1739 1627 1842 1666 Paiez,
1860 1629 1893 1659 &
1915 1638 1951 1658 en
1965 1628 2108 1667 QiitonS,
2127 1629 2283 1669 Absolons,
2302 1632 2336 1662 δε
2358 1631 2421 1662 De-

1353 1667 1459 1696 liurons
1480 1665 1576 1696 nostre
1596 1666 1635 1696 dit
1658 1664 1755 1705 Cosyn
1770 1690 1780 1704 ,
1799 1667 1832 1698 ὃς
1854 1666 1892 1696 les
1920 1674 2008 1697 autres
2037 1666 2112 1698 iffint
2135 1668 2265 1705 Obligez
2280 1692 2290 1708 ,
2306 1672 2338 1701 &
2358 1671 2419 1701 leur

1355 1705 1441 1735 Heirs
1450 1727 1460 1743 ,
1478 1715 1493 1734 a
1508 1713 1577 1735 touz
1586 1705 1682 1743 jours,
1700 1705 1737 1735 de
1751 1705 1858 1735 mesme
1871 1704 1897 1736 la
1910 1704 2031 1735 Somme
2045 1706 2082 1736 de
2095 1705 2192 1737 Dusze
2201 1707 2297 1739 Milies
2304 1708 2420 1748 Marcz,

1354 1744 1430 1774 issint
1446 1754 1460 1773 a
1475 1754 1547 1774 nous
1558 1745 1637 1782 paiez.
1651 1753 1739 1774 come
1751 1743 1792 1774 dit
1808 1743 1869 1781 est,

1392 1782 1448 1820 Et,
1468 1793 1515 1820 par
1534 1782 1560 1812 le
1580 1782 1698 1813 Teneur
1716 1783 1752 1813 de
1774 1791 1834 1812 noz
1853 1781 1990 1822 presentes
2003 1781 2130 1821 Lettres‚
2147 1793 2220 1815 nous
2234 1785 2334 1816 faisons
2348 1785 2421 1817 Pac-

1352 1823 1414 1852 tion
1428 1824 1461 1853 ὃ(
1475 1821 1645 1852 Covenante
1658 1821 1800 1860 expresse,
1819 1822 1852 1852 ὃ(
1866 1831 1902 1852 en
1919 1822 1997 1851 bone
2010 1821 2137 1860 foye‚de
2145 1823 2275 1860 jammais
2288 1824 2420 1855 Deman-

1354 1860 1405 1891 dre
1420 1871 1434 1891 a
1447 1859 1528 1898 Eux,
1547 1870 1583 1891 ne
1596 1870 1610 1890 a
1625 1861 1684 1892 leur
1698 1860 1799 1899 Heirs,
1817 1870 1853 1890 en
1871 1859 2042 1900 Jugement,
2060 1870 2097 1890 ne
2115 1860 2219 1892 dehors
2230 1886 2241 1900 ‚
2260 1862 2298 1892 de
2315 1863 2340 1894 la
2361 1863 2420 1894 dite

1353 1900 1476 1930 Somme
1491 1900 1528 1930 de
1541 1899 1639 1930 Dusze
1654 1899 1748 1930 Milles
1764 1899 1889 1938 Marcz,
1906 1900 1954 1939 qui
1967 1899 2047 1937 paiez
2059 1908 2131 1930 nous
2144 1900 2209 1931 sont
2221 1910 2271 1938 par
2292 1901 2318 1932 la
2341 1900 2419 1933 Cau-

1354 1938 1397 1977 se,
1412 1940 1447 1970 &
1461 1949 1549 1970 come
1562 1938 1640 1969 desus
1654 1938 1695 1970 est
1708 1939 1767 1977 dit,

1394 1977 1475 2008 Don.
1489 1988 1538 2015 par
1549 1977 1781 2017 Tesmoignance
1793 1977 1829 2008 de
1841 1976 1938 2008 nostre
1950 1976 2044 2009 Grant
2064 1975 2144 2016 Seal,
2163 1987 2179 2008 a
2200 1977 2298 2009 nostre
2323 1978 2422 2020 Paleys

1355 2016 1392 2049 de
1404 2015 1534 2048 Westm.
1548 2016 1575 2047 le
1587 2017 1634 2047 xii.
1643 2018 1709 2057 jour
1724 2016 1761 2048 de
1773 2016 1952 2055 Septembre.

2030 2095 2085 2124 Per
2101 2093 2185 2134 ipsum
2202 2095 2308 2133 Regem.

1459 2234 1508 2267 De
1523 2230 1692 2266 fruaubus
1706 2230 1919 2266 Cardinalium
1939 2229 2106 2265 Rebellium
2124 2230 2320 2280 applicandis.

2436 1027 2504 1052 scot.
2520 1026 2559 1060 45³

2436 1065 2466 1089 R.
2475 1070 2556 1102 2.m.9

1355 2326 1471 2396 REI}
1489 2327 1640 2373 Universis
1659 2328 1692 2360 &
1716 2326 1827 2373 singulis
1848 2326 1993 2372 Praelatis,
2019 2326 2094 2358 Viris
2113 2325 2263 2371 Religiofis
2277 2350 2287 2365 ‚
2310 2326 2422 2372 acal-iis
2436 2334 2511 2366 Αῃῃ,
2524 2333 2561 2366 D,

1400 2407 1404 2411 ι
1430 2407 1434 2411 η
1455 2366 1556 2411 erfonis
1575 2366 1777 2413 Ecclesiasticis
1792 2390 1802 2405 ,
1819 2365 2048 2413 Vicecornitibus
2063 2389 2078 2411 ,⁵
2090 2365 2249 2404 Majoribus
2262 2389 2272 2403 ‚
2291 2364 2419 2405 Ballivis,
2457 2375 2539 2413 1380·

1357 2405 1517 2445 Ministris,
1535 2408 1570 2439 δε
1586 2406 1643 2438 aliis
1655 2406 1794 2437 ridelibus
1808 2406 1840 2436 &
1854 2405 1977 2436 Subditis
1990 2404 2107 2444 nostris,
2125 2404 2160 2436 ad
2174 2414 2263 2444 quOS,
2281 2404 2342 2436 &c.
2369 2404 2420 2436 Sa-
2435 2417 2486 2442 An.
2501 2424 2533 2450 4,

1355 2444 1455 2474 lutem.

1395 2483 1494 2514 Sciatis
1508 2484 1604 2522 quod,

2434 2457 2464 2481 R.
2486 2461 2514 2479 2.

2436 2495 2492 2518 Pat.
2517 2493 2552 2527 φ’

1396 2521 1475 2552 Cum
1489 2523 1561 2553 olim
1571 2546 1581 2561 ,
1598 2525 1627 2553 in
1640 2522 1833 2568 Parliamento
1848 2522 1949 2554 nostro
1962 2523 2101 2561 generali,
2118 2521 2192 2561 apud
2206 2521 2420 2552 Gloucestriam
2435 2534 2463 2557 R.
2480 2540 2508 2557 2,
2518 2534 2555 2566 p,-

1358 2560 1503 2591 celebrato
1518 2584 1528 2600 ,
1553 2562 1577 2591 F
1579 2561 1673 2592 rudius
1688 2585 1698 2600 ,
1725 2561 1865 2592 Redditus
1882 2585 1892 2598 ,
1916 2563 1951 2593 ὅ(
1980 2562 2140 2592 Proventus
2169 2570 2422 2598 quorumcumque
2439 2577 2508 2597 hm.
2523 2564 2561 2595 18.

1358 2598 1537 2639 Dignitatum
1547 2623 1557 2638 ,
1566 2599 1770 2631 Personatuum
1779 2622 1789 2638 ‚
1796 2599 1973 2630 Officiorum
1982 2624 1992 2638 ,
2000 2599 2189 2630 Ecclesiarum
2205 2598 2423 2637 Parochialium,

1357 2637 1649 2677 Canonicatuutnque
1663 2661 1673 2677 ,
1698 2640 1731 2670 ὃ(
1752 2638 1975 2669 Praebendarum
1992 2662 2001 2677 ,
2017 2648 2050 2668 ac
2070 2639 2189 2669 aliorum
2207 2637 2422 2668 Beneficiorum

1358 2675 1623 2708 Ecclesiasticorum
1638 2700 1647 2715 ,
1663 2686 1849 2715 quocumque
1871 2677 2007 2708 Nomine
2028 2677 2075 2709 vel
2092 2677 2196 2707 Titulo
2211 2699 2221 2715 ‚
2239 2676 2422 2715 censeantur,

1357 2716 1428 2746 infra
1446 2716 1493 2746 Re
1513 2726 1583 2746 num
1605 2716 1639 2746 &
1659 2715 1800 2746 Dominia
1819 2716 1914 2746 nostra
1935 2715 2131 2754 existentium,
2149 2725 2198 2752 per
2213 2714 2360 2754 Gallicos,
2376 2714 2424 2746 seu

1355 2755 1433 2786 aliter
1452 2759 1485 2784 A
1505 2753 1627 2794 versario
1647 2753 1733 2795 nostro
1754 2757 1876 2784 Franciae
1898 2754 2120 2792 quomodolibet
2134 2753 2333 2792 Adhaerentes‚
2351 2763 2424 2792 quo-

1356 2793 1577 2831 modocumque
1591 2803 1799 2832 occupatorum
1808 2793 1861 2832 ‚de
1873 2792 2012 2824 Concilio
2025 2793 2251 2826 &Avisamento
2262 2792 2423 2823 Procerum

1358 2832 1455 2871 Regni
1468 2832 1574 2871 nostri,
1590 2834 1623 2863 &
1639 2841 1725 2870 prout
1740 2832 1940 2872 Progenitores
1962 2831 2068 2870 nostri,
2087 2832 2170 2862 clarae
2188 2832 2354 2868 memoriae,
2369 2831 2423 2860 du-

1356 2873 1478 2901 rantibus
1493 2870 1628 2910 Guerris,
1647 2871 1740 2901 facere
1753 2871 1976 2909 consueverunt,
1991 2871 2025 2901 ad
2039 2869 2148 2901 Manus
2165 2869 2274 2900 nostras
2297 2869 2423 2907 pomeri-

1356 2920 1436 2948 mus,
1453 2908 1609 2947 nostroque
1624 2909 1740 2941 AErario
1754 2909 1849 2939 Fiscali
1858 2908 2019 2947 jusserimus
2033 2908 2180 2946 applicari,

1396 2948 1659 2986 Subsequenterque
1674 2972 1684 2985 ,
1703 2957 1753 2986 per
1771 2948 1879 2985 aliquos
1902 2947 2038 2977 Nuncios
2060 2947 2105 2976 seu
2124 2943 2345 2976 Ambaffiatores
2365 2955 2421 2976 no-

1357 2986 1447 3025 stros,
1466 2987 1500 3016 ad
1514 2987 1583 3017 Nos
1598 2987 1635 3016 de
1649 2986 1808 3024 praesentia,
1826 2984 1995 3016 Sandiisfimi
2009 2984 2097 3015 Patris
2110 2983 2294 3022 &Domini‚
2312 2982 2423 3014 Domi-

1357 3027 1387 3055 ni
1409 3024 1530 3063 Urbani,
1549 3025 1650 3062 Digna
1673 3024 1732 3054 Dei
1752 3024 1770 3043 *¹
1790 3023 1991 3061 Providentia,
2008 3023 2200 3054 Sacrosancrae
2221 3021 2367 3053 Romanae
2385 3032 2419 3053 ac

1358 3063 1536 3094 Universalis
1556 3062 1692 3094 Ecclefiae
1716 3065 1817 3092 Summi
1836 3060 1974 3102 Pontificis
1988 3084 1998 3099 ‚
2016 3062 2075 3093 veri
2097 3060 2205 3092 Christi
2226 3060 2357 3099 vicarii,
2375 3072 2420 3092 re-

2432 3051 2452 3071 *
2473 3051 2544 3088 vix,-

1358 3103 1491 3138 deuntes,
1508 3102 1616 3132 Literas
1637 3101 1682 3132 seu
1708 3100 1797 3131 Bullas
1820 3099 1999 3138 Apostolicas
2020 3100 2222 3139 receperimus,
2241 3100 2421 3131 continentes
2435 3100 2500 3127 272·

1359 3141 1440 3179 quod
1455 3140 1535 3170 Duas
1551 3140 1646 3171 Partes
1660 3139 1833 3177 Frustuum,
1853 3138 2050 3177 Reddituum,
2069 3140 2102 3170 &
2118 3137 2316 3169 Proventuum
2331 3137 2422 3169 Bene-

1359 3179 1493 3209 ficiorum
1508 3178 1685 3217 hujusmodi,
1703 3187 1753 3215 per
1773 3178 1844 3208 olim
1867 3177 2027 3216 Cardinales
2049 3177 2099 3207 sibi
2115 3176 2248 3207 Rebelles
2259 3186 2422 3216 occupato-

1358 3227 1442 3256 rum,
1460 3216 1593 3248 Camerae
1606 3217 1661 3248 suae
1684 3216 1878 3254 Apostolicae,
1895 3225 2011 3256 propter
2034 3216 2118 3254 ipsius
2138 3215 2327 3254 indigentias,
2345 3216 2424 3247 Ter-

1358 3258 1426 3288 tiam
1450 3258 1522 3287 vero
1544 3258 1656 3287 Partem
1678 3255 1916 3295 Reparationibus
1929 3255 2098 3285 eorumdem
2114 3253 2342 3292 Beneficiorum,
2359 3254 2422 3285 Re-

1357 3295 1501 3364 paffiticfne
1514 3295 1716 3335 indigentium,
1734 3295 1845 3333 optavit
1860 3295 1893 3325 &
1909 3294 1997 3326 voluit
2010 3294 2157 3332 applicari,

1431 3343 1449 3363 0
1483 3344 1516 3364 ue

1395 3344 1482 3410 Ipfiu‘i
1499 3357 1670 3404 Sdndtisl'imi
1693 3372 1781 3403 Patris
1802 3371 1972 3411 Indigentias
1993 3371 2026 3402 δε
2047 3370 2198 3408 Sumptus,
2217 3379 2289 3409 quos
2304 3379 2359 3409 pro
2379 3377 2421 3401 ter

1358 3412 1565 3444 Defensionem
1581 3412 1662 3442 Fidei
1677 3421 1710 3441 ar:
1717 3409 1809 3442 Status
1821 3411 1859 3440 sui
1876 3410 1965 3448 ipsum
1978 3409 2067 3439 indies
2079 3409 2231 3447 oportebat
2245 3409 2323 3447 impe
2362 3417 2420 3446 ere,

1356 3454 1385 3483 in
1423 3452 1455 3481 iae
1471 3450 1702 3482 considerationis
1717 3450 1846 3480 examine
1860 3448 2056 3487 revolventes,

1395 3462 1478 3521 {icet
1493 3491 1591 3520 omnia
1604 3489 1683 3520 Bona
1697 3489 1822 3526 ipsorum
1837 3486 2040 3526 Gallicorum,
2055 3486 2102 3518 seu
2114 3485 2178 3517 alias
2188 3485 2364 3525 Adveffario
2370 3494 2419 3515 no-

1350 3528 1409 3571 stro
1425 3531 1549 3558 Franciae
1565 3526 1786 3567 quomodolibet
1800 3524 2034 3563 Adhaerentium,

1397 3568 1487 3599 Sicuti
1503 3567 1614 3598 constat
1628 3566 1702 3602 ipsos
1714 3565 1787 3595 olim
1801 3563 1965 3595 Cardinales
1980 3563 2107 3595 Gallicos
2120 3565 2154 3596 &
2168 3559 2361 3594 Limovicenc
2369 3561 2420 3599 qui

1354 3607 1414 3646 jam
1429 3606 1509 3637 dieto
1523 3604 1688 3644 Sanffiffimo
1703 3605 1787 3633 Patri
1798 3603 1835 3634 de
1849 3603 1939 3635 Fadio
1959 3603 2110 3642 rebellant,
2127 3602 2219 3634 eidem
2239 3600 2354 3630 notorie
2370 3598 2421 3630 ad-

1359 3647 1486 3684 haerere,
1503 3645 1536 3676 &
1551 3644 1685 3675 hadienus
1698 3641 1860 3681 adhaesiffe,

1397 3684 1474 3714 Infra
1489 3683 1626 3722 Regnum
1642 3683 1674 3713 &
1690 3680 1832 3712 Dominia
1846 3680 1943 3712 nostra
1955 3679 2115 3718 existentia,
2131 3677 2215 3709 nobis
2229 3675 2297 3715 fint,
2314 3676 2351 3708 de
2364 3675 2423 3708 Le-

1358 3732 1394 3763 ge
1407 3722 1489 3760 ipsius
1503 3721 1599 3762 Regni
1613 3720 1704 3752 nostri
1739 3721 1854 3750 notorie
1870 3717 2049 3758 Confiscaa,

1398 3761 1534 3792 Volentes
1557 3769 1650 3791 tamen
1671 3744 1764 3790 eidem
1783 3760 1877 3789 Sant'li
1895 3769 1948 3802 nuo
1970 3759 2075 3795 Patri,
2105 3754 2189 3798 etiam
2217 3752 2319 3785 nostris
2340 3753 2422 3794 Agris

1359 3800 1529 3839 sitientibus,
1545 3801 1575 3830 in
1590 3807 1670 3830 tanto
1686 3797 1850 3829 necessitatis
1895 3796 1997 3827 rticulo
2011 3795 2172 3830 subvenire,
2202 3830 2206 3836 ,

1398 3838 1582 3870 Voluerimus
1598 3838 1631 3870 ὃ(
1644 3836 1680 3868 de
1694 3836 1794 3867 Gratia
1808 3834 1904 3866 nostra
1916 3834 2025 3873 speciali
2039 3831 2273 3875 ConcelIerimus
2295 3839 2327 3863 ut
2347 3829 2421 3862 Col-

1359 3878 1469 3916 led'tor,
1490 3878 1554 3915 qui,
1576 3885 1629 3915 pro
1644 3885 1722 3914 parte
1737 3875 1819 3915 ipsius
1831 3871 1991 3916 Saneliffi'tui
2011 3872 2127 3913 Patris,
2142 3879 2172 3899 in
2191 3869 2300 3914 Revno
2322 3868 2423 3900 nostro

1362 3917 1477 3954 Angliae
1500 3916 1589 3953 foret,
1608 3925 1660 3953 pro
1679 3923 1825 3953 tempore,
1844 3912 1880 3942 de
1898 3909 2032 3953 omnibus
2053 3909 2087 3940 &
2109 3912 2148 3952 lin
2169 3907 2220 3940 ulis
2234 3894 2422 3952 Frudimbus,

1361 3953 1534 3985 Redditibus
1548 3976 1558 3992 ,
1585 3954 1618 3984 &
1639 3953 1830 3984 Proventibus
1852 3944 2062 3980 Beneficiorum
2080 3947 2147 3991 huj-u
2160 3945 2242 3977 modi
2254 3969 2266 3984 ,
2282 3956 2334 3991 per
2351 3945 2424 3988 ⁰¹.¹⁰.²

1363 3991 1644 4031 Cardinales‚eidem
1656 3989 1823 4030 Sanctiffimo
1837 3989 1921 4018 Patri
1934 3984 2068 4017 Rebelles
2084 3985 2183 4025 (etiam
2198 3984 2218 4016 fi
2233 3993 2296 4024 puri
2309 3982 2425 4051 Gamc'i

2376 4030 2411 4054 ve
