2561 4251
800 161 906 201 ET
989 162 1252 205 ACTA

28 245 102 280 Ann.
117 244 161 278 D.

48 292 134 325 1347.

26 326 92 352 Βάν-
114 332 139 359 3·
254 333 303 365 De
324 328 491 376 Pris'onibus
512 329 652 364 ducendis
673 330 764 376 astque
789 329 925 374 Castrum
949 330 986 364 de
1009 330 1159 380 Odyham.

30 426 108 458 Arm.
121 423 160 454 D.
180 415 315 472 REX,
334 415 453 446 Dilee'to
465 416 498 446 &
514 415 600 446 Fideli
619 415 681 459 suo,
698 414 859 446 Willielmo
873 415 986 447 Trussel
1006 417 1042 447 de
1057 417 1239 456 Cublesdon,

48 472 130 503 1347,
251 453 464 485 Constabulario
479 453 571 484 Castri
585 454 673 484 nostri
695 453 731 484 de
751 453 906 493 Odyham‚
923 455 968 485 vel
989 457 1044 494 ejus
1066 456 1179 487 Locum
1199 465 1240 486 te-

26 508 80 531 An.
100 511 144 529 21.
179 495 256 525 nenti
269 493 392 530 ibidem,
411 492 542 523 Salutem.

30 546 56 568 E.
75 549 100 576 3,
217 531 387 562 Mandamus
409 531 490 562 vobis
502 553 511 569 ,
537 529 655 560 firmiter
674 530 851 567 injungentes
864 553 873 567 ‚
898 531 976 569 quod
998 531 1187 562 Willielmum
1206 531 1242 562 de

26 577 114 614 Claus.
175 569 346 608 Rameseye,
362 569 396 600 &
409 569 568 600 Walterum
579 568 617 598 de
632 567 820 606 Haliburton,
840 568 962 608 Milites,
981 570 1106 601 Prisones
1120 570 1155 600 de
1166 570 1241 600 Sco—

31 626 74 644 21.
88 619 116 642 ε.
133 623 158 651 3.
177 609 232 648 tis,
257 609 288 638 in
309 607 463 644 Custodia,
481 606 576 636 dilecti
593 607 692 643 nobis,
709 606 836 637 Thomae
856 608 891 637 de
915 608 1018 646 Foxle,
1038 607 1243 638 Constabularii

26 653 52 691 p.
76 663 142 681 i.m.
179 647 272 678 Castri
286 646 371 677 nostri
385 645 420 675 de
434 643 625 684 Wyndesore,
642 644 798 682 existentes,
817 655 832 675 a
852 646 967 682 praefato
989 646 1106 676 Tboma
1123 655 1171 682 per
1195 644 1243 674 In-

34 702 43 719 i
68 713 74 720 .
89 692 114 720 d.
178 687 341 721 denturam,
358 684 425 714 inde
439 684 508 712 inter
522 692 575 712 vos
587 682 622 712 &
636 682 726 719 ipsum
743 683 831 714 modo
843 685 940 714 debito
957 683 1182 720 conficiendam,
1200 694 1243 713 re-

51 701 63 728 3
177 726 304 794 ‘ciipiatiss
320 724 353 791 ἐξ
367 731 416 752 eos
427 721 503 752 salvo
520 719 652 750 custodiri
667 721 788 759 faciatis,
805 721 898 752 donec
913 721 986 752 aliud
1002 721 1069 751 inde
1084 721 1243 752 duxerimus

198 773 276 793 eman
299 771 330 791 an
352 770 414 790 um:
479 792 483 795 μ

218 799 418 831 Mandavimus
433 798 510 828 enim
525 797 640 836 praefato
662 797 789 828 Thomae
811 796 889 834 quod
910 796 966 836 ipse
981 797 1147 836 praedidffis,
1165 797 1244 827 Wil-

179 839 306 870 lielmum
319 837 352 868 &
364 836 542 874 walterum,
561 837 644 868 vobis
658 835 766 866 liberari
789 835 872 866 faciat
888 835 1086 866 custodiendos
1107 837 1139 866 in
1152 836 1243 867 forma

201 877 331 909 raeditsta·

180 888 200 918 Ρ
219 915 256 945 Et
270 899 334 945 hoc’
343 913 420 944 nullo
435 912 524 943 modo
538 913 680 943 omittatis.

217 952 305 984 Teste
322 951 450 983 Custode
460 950 599 991 praedieto
612 949 684 988 apud
699 947 841 990 Redyng,
858 950 1032 982 duodecimo
1046 951 1091 981 die
1107 950 1188 982 Maii.

911 1030 964 1057 Per
981 1027 1133 1057 Concilium.

183 1107 273 1169 ET
289 1105 450 1135 mandatum
464 1104 505 1134 est
525 1103 639 1140 praefato
654 1104 781 1134 Thomae
796 1104 874 1142 quod
890 1104 946 1142 ipse
953 1103 1079 1134 Prisones
1086 1105 1246 1144 praedic'tos,

261 1145 341 1175 sicin
364 1143 500 1173 Custodia
522 1142 566 1172 sua
587 1142 747 1180 existentes,
771 1142 888 1180 praefato
910 1143 1085 1181 &VillielmQ
1105 1144 1150 1173 vel
1168 1145 1246 1174 diCto

185 1183 299 1213 Locum
319 1181 395 1212 suum
417 1182 539 1219 tenenti,
564 1191 611 1218 per
632 1179 810 1212 Indenturam
831 1181 988 1219 hujusmodi
1009 1180 1116 1211 liberari
1147 1181 1247 1221 faciat,

185 1219 382 1252 custodiendos
395 1221 423 1249 in
438 1219 528 1251 forma
543 1218 685 1257 praediCta.

221 1258 309 1291 Teste
325 1266 355 1289 ut
372 1258 456 1296 supra.

924 1297 977 1325 Per
993 1295 1143 1327 Concilium.

187 1425 236 1456 De
251 1421 418 1467 festinando
440 1422 484 1454 ad
504 1425 630 1469 Regem,
655 1432 718 1455 tota
740 1425 875 1456 Potentia
898 1423 1029 1454 Franciae
1052 1430 1247 1469 congregata,

291 1473 328 1508 (ῥ’
351 1470 488 1504 Praelinm
504 1471 609 1515 secum
632 1475 710 1504 citra
733 1468 911 1512 Pentecosten
933 1470 1132 1515 commissura.

37 1564 113 1595 Ann-
128 1557 172 1594 D,
189 1555 279 1626 RE
288 1553 337 1594 X,
355 1554 473 1599 Dilecto
485 1555 519 1586 ὃς
531 1555 555 1586 F
556 1555 619 1586 ideli
632 1555 680 1586 suo
688 1578 697 1593 ‚
714 1554 845 1586 Henrico
857 1553 967 1585 Comiti
976 1553 1143 1585 Lancastriae
1151 1578 1160 1595 ,
1169 1555 1252 1587 Con-

58 1610 143 1644 1347.
226 1593 857 1671 (ἐξξὲῃὲἓῐίέἳὶίἓῖἓίἷξὶἓοᾶυὲῗέυἱῗιῐῗῐῇἱςὶ
871 1629 959 1661 nostri
974 1631 1010 1661 de
1034 1631 1149 1664 Francia
1168 1633 1253 1671 (con-

37 1646 91 1671 An.
107 1650 150 1668 Η·
188 1670 305 1708 gregata
323 1670 383 1701 toni
405 1669 535 1701 Potentia
548 1670 687 1703 Franciae)
706 1670 835 1708 Prompti
854 1669 914 1700 sunt
934 1670 967 1700 &
983 1669 1073 1700 Parati
1088 1671 1121 1701 ad
1136 1674 1253 1703 venien-

37 1685 82 1747 {¹}
99 1689 145 1745 {⁴1
189 1709 259 1739 dum
273 1709 307 1739 ad
321 1709 407 1747 Nos,
424 1710 492 1740 citra
505 1707 606 1740 instans
620 1708 734 1739 Festum
749 1707 944 1746 pentecostes,
962 1709 1095 1746 proximo
1110 1709 1234 1741 futurum

36 1760 101 1792 ,Ii-3.
110 1762 135 1792 p,
147 1763 171 1781 ι.
189 1746 296 1778 Bellum
312 1747 410 1778 Nobis
430 1747 628 1785 commiffuri,
642 1748 676 1779 &
694 1747 778 1787 Nos,
795 1747 829 1778 &
849 1746 956 1777 Fideles
971 1746 1095 1785 nostros,
1113 1749 1195 1779 nobis
1215 1735 1255 1780 :is³

37 1804 75 1822 m,
95 1803 135 1823 10,
191 1785 325 1825 sistentes,
343 1796 395 1824 pro
409 1786 512 1816 viribus
523 1784 697 1825 destructuri,

229 1823 285 1855 Per
299 1824 376 1863 quod
391 1824 427 1854 de
438 1823 548 1863 vestro,
564 1825 597 1855 δε
610 1824 727 1855 aliorum
742 1823 879 1854 Fidelium
895 1822 1053 1866 nostrorum
1069 1824 1185 1856 Auxilio
1195 1850 1204 1865 ‚
1219 1827 1253 1857 ad

38 1867 171 1906 *νύ-63,
190 1863 369 1932 relsistendum
386 1863 546 1931 {ipsorum
561 1863 669 1893 Hostili
684 1862 882 1901 Aggreffioni,
900 1863 928 1892 in
942 1863 1067 1901 praesenti
1083 1865 1254 1905 necessitate,

221 1912 346 1932 utimum
361 1911 391 1932 in
412 1911 421 1930 i
444 1911 522 1932 emus

190 1912 210 1940 P
227 1939 319 1970 Vobis
332 1941 361 1970 in
375 1911 465 1978 Fidge,
483 1924 665 1978 Dil’efflone,
683 1940 716 1971 &
732 1937 901 1977 Ligeantii,
917 1939 1017 1978 quibus
1037 1939 1118 1969 nobis
1137 1943 1256 1972 tenemi-

174 1979 237 2016 ,ni,
254 1978 368 2009 firmiter
382 1978 572 2016 injungendo,
589 1978 756 2009 mandamus
769 1979 910 2016 quatinus,
928 1977 1098 2008 consideratii
1113 1978 1256 2018 hujufino-

188 2017 220 2046 di
242 2017 398 2047 neceffitate
413 2018 473 2047 tam
489 2018 616 2054 urgenti,
634 2016 668 2047 ad
683 2026 750 2054 nos,
767 2025 870 2053 quanto
886 2016 1026 2053 potentius
1041 2018 1178 2057 poteritis,
1197 2030 1254 2050 non

188 2055 336 2092 expectato
358 2054 507 2092 Equorum
528 2054 680 2085 vestrorum
703 2054 943 2094 Eskippamento,
961 2054 1184 2095 quibuscumque
1206 2068 1256 2089 ex-

190 2093 375 2123 cusationibus
389 2094 421 2124 &
436 2093 611 2124 dilationibus
633 2092 818 2130 ceffintibus,
841 2092 1016 2130 accelereti53
1031 2094 1067 2124 ita
1089 2096 1188 2134 quod,
1206 2106 1254 2134 per

191 2130 274 2161 vestri
288 2130 444 2161 Defectum
463 2131 508 2161 seu
531 2130 743 2169 Tepiditatem‚
760 2131 858 2169 nobis,
876 2131 909 2162 &
931 2130 1047 2169 nostris,
1068 2131 1255 2174 Dampnum,

191 2169 235 2199 vel
252 2169 428 2208 Periculum,
446 2179 494 2207 per
510 2169 669 2207 hujusmodi
683 2168 876 2200 Inimicorum
889 2169 1049 2200 nostrorum
1063 2171 1182 2203 subitam
1191 2174 1255 2211 Ag-

190 2207 379 2245 greffionem,
396 2218 453 2238 non
469 2210 586 2238 eveniat.

230 2244 266 2275 Et
278 2245 352 2284 hoc,
372 2246 440 2276 ficut
455 2245 539 2284 Nos,
557 2247 591 2277 &
611 2245 763 2276 Honorem
784 2246 926 2285 nostrum,
946 2257 979 2277 ac
1002 2247 1145 2287 vestrum,
1161 2250 1254 2282 Salva-

192 2285 356 2322 tionemque
375 2285 407 2314 &
432 2284 633 2315 Defenfionem
654 2284 763 2323 nostri,
778 2285 812 2316 &
831 2285 900 2316 dieti
918 2285 1014 2324 Regni
1033 2287 1121 2317 nostri
1143 2288 1257 2326 Angliae

193 2322 324 2360 diligitis,
343 2323 493 2352 nullatenus
507 2324 645 2353 omittatis.

228 2360 316 2392 Teste
333 2359 458 2392 Custode
474 2361 612 2399 praedieto
629 2361 702 2400 apud
718 2361 842 2402 Redyng
852 2384 862 2401 ‚
877 2362 994 2394 decimo
1012 2372 1108 2402 quarto
1121 2364 1167 2396 die
1176 2364 1259 2396 Maii·-

940 2442 993 2471 Per
1008 2439 1091 2480 ipfiaem
1109 2444 1214 2480 Regem.

191 2515 301 2549 Eodem
316 2518 407 2550 modo
421 2518 582 2550 mandatum
596 2518 638 2550 est
650 2517 823 2560 subscriptis,
841 2517 891 2549 sub
910 2517 1010 2549 eidem
1025 2518 1089 2551 data
1102 2531 1112 2559 ·,
1130 2519 1260 2553 videlicet

195 2596 318 2636 Johanni
332 2596 362 2625 de
377 2598 441 2625 Veer
457 2599 555 2626 Comiti
565 2599 653 2625 Oxon.

195 2637 345 2702 Laurenbtio
373 2636 404 2665 de
435 2634 584 2676 Hastynges
607 2637 704 2665 Comiti

232 2675 296 2702 Pem
316 2684 338 2702 r.

193 2710 322 2750 Johanni
334 2714 399 2741 Fitz
414 2714 538 2742 Wauter.

193 2752 301 2785 Hugoni
313 2749 336 2778 le
348 2749 503 2789 Despenser.

194 2788 315 2817 Waltero
334 2787 367 2816 de
385 2791 501 2828 Manny.

193 2825 300 2864 Jacobo
318 2825 350 2854 de
369 2826 485 2855 Audele.

194 2865 311 2893 Guidoni
328 2863 359 2893 a'e
377 2866 419 2893 Br
434 2875 493 2893 ane.

193 2905 293 2938 Rogero
306 2902 337 2931 de
351 2901 426 2931 Belo
440 2906 546 2940 Campo.

194 2940 322 2979 Johanni
336 2941 368 2970 de
382 2944 400 2970 Ι
400 2938 485 2979 nfitla.

194 2978 322 3017 Johanni
335 2979 367 3007 de
380 2982 451 3019 Grey
465 2979 497 3008 de
513 2974 621 3017 Ruffj'n.

194 3016 323 3055 Johanni
337 3017 368 3046 de
383 3020 452 3057 Grey
466 3018 498 3046 de
511 3019 649 3046 Codenore.

194 3054 324 3092 Johanni
337 3056 369 3085 de
383 3057 521 3085 Norwico.

193 3092 338 3130 Reginaldo
354 3094 385 3123 de
400 3093 525 3123 Cobham.

196 3130 328 3169 Johanni
340 3132 372 3161 de
385 3132 481 3161 Bohun
496 3132 527 3161 de
543 3130 684 3171 Midhirst.

193 3169 322 3206 Johanni
336 3170 367 3199 de
382 3173 480 3199 Monte
495 3174 597 3200 Acuta.

194 3207 309 3237 Roberto
322 3209 354 3238 de
366 3208 463 3239 Scales.

741 2597 858 2627 Roberto
873 2597 905 2626 de
920 2596 1101 2634 Bonrglierch.

741 2635 857 2666 Roberto
872 2635 904 2664 de
917 2634 1023 2665 Colvill.

740 2674 869 2712 Johanni
886 2674 917 2703 de
930 2673 1038 2704 colvill.

742 2711 882 2742 Willz'elmo
896 2715 1056 2751 Deyncourt.

740 2750 874 2780 Richardo
888 2750 921 2779 de
935 2750 963 2780 la
979 2752 1060 2782 Vach.

740 2789 871 2828 Johanni
888 2789 920 2818 de
938 2789 1056 2827 Molyns.

741 2827 855 2857 Roberto
869 2827 900 2856 de
919 2828 1030 2858 Morlee.

742 2865 850 2894 Thomae
867 2865 998 2901 Ughtred.

742 2903 858 2932 Thomas
877 2904 908 2932 de
926 2904 1045 2934 Holand.

740 2941 874 2970 Herberto
892 2942 923 2971 de
942 2944 1040 2972 Sanc‘lo
1058 2944 1202 2983 Qintino.

739 2978 868 3017 Johanni
885 2979 917 3009 de
936 2981 1045 3010 Verdm.

740 3017 797 3047 Tho
804 3029 854 3047 mae
861 3018 892 3047 de
910 3019 1079 3057 Haukeslon.

740 3056 857 3088 Roberto
873 3057 904 3085 de
922 3055 1048 3087 Ferar'iis.

743 3096 852 3131 Hugoni
870 3095 902 3124 de
918 3098 967 3124 Ha
986 3107 1076 3136 ynges.

742 3132 838 3170 Egidio
851 3133 883 3162 de
902 3134 977 3164 Belo
996 3139 1102 3171 Campo.

741 3170 870 3209 Johanni
888 3172 921 3203 de
940 3173 1071 3204 nbdhull.

144 3350 155 3365 ⁸
182 3372 186 3373 ⁷
219 3372 222 3375 Δ
257 3341 306 3372 De
325 3338 508 3373 Hominibus
525 3353 562 3373 ex
577 3339 667 3385 causti
681 3340 808 3386 prefata
831 3341 983 3375 mittendis
998 3343 1041 3375 ad
1062 3347 1179 3391 Regem.

39 3424 113 3457 Ann.
128 3423 168 3454 D.
189 3421 314 3475 REX
323 3445 332 3462 ,
343 3424 468 3469 'Dilecto
484 3427 518 3457 ὃς
532 3425 620 3457 Fideli
632 3425 696 3464 suo,
717 3425 834 3466 Hugoni
848 3425 884 3457 de
898 3427 1006 3458 Audele
1014 3451 1024 3467 ,
1038 3428 1251 3461 ComitiGlou-

29 3472 150 3531 ..aliqu
270 3462 394 3501 cestriae,
413 3463 547 3495 Salutem.

40 3543 70 3566 E.
113 3560 118 3565 .
190 3547 204 3569 t
231 3551 253 3569 tc
273 3548 294 3566 11:

68 3549 130 3606 ibid.
205 3538 315 3608 usngi}
329 3577 357 3606 in
370 3576 458 3618 Fide,
476 3578 656 3624 Dilecltione,
674 3579 708 3610 &
726 3579 872 3617 Ligeantifi
886 3603 896 3619 ,
914 3581 1013 3620 quibus
1034 3582 1116 3612 nobis
1131 3584 1251 3613 tenemi-

188 3617 238 3655 ni,
257 3615 435 3654 mandamus,
460 3615 573 3648 firmiter
588 3619 784 3656 injungentes,
804 3618 902 3657 quod,
919 3619 1088 3650 consideratii
1108 3620 1248 3658 hujusmo-

189 3654 218 3684 di
238 3652 394 3697 necessitate
406 3663 464 3699 gam
479 3656 604 3694 urgenti,
620 3664 663 3687 tot
684 3655 824 3687 Homines
843 3657 877 3687 ad
898 3657 1002 3695 Arma,
1025 3659 1058 3689 &
1080 3659 1251 3704 Sagittarios,

189 3701 257 3732 quot
269 3700 346 3730 Juxta
359 3691 443 3723 status
463 3691 545 3722 vestri
565 3693 740 3733 decentiam,
768 3694 829 3724 tam
849 3695 885 3725 de
908 3695 1023 3726 Familizi
1039 3696 1146 3735 vestra,
1185 3699 1250 3728 uam

191 3731 316 3768 aliunde,
340 3730 474 3767 colligere
491 3732 631 3770 poteritis,
648 3733 722 3762 bene
737 3741 856 3764 armatos
869 3733 902 3764 &
916 3736 1054 3773 munitos,
1071 3737 1157 3773 quibu
1170 3747 1252 3767 cum-

190 3779 245 3806 que
259 3768 389 3799 dilatione
411 3769 444 3800 &
465 3768 639 3799 excusatione
660 3769 839 3809 cessantibus,
857 3781 915 3802 non
935 3773 1082 3810 expediam
1104 3774 1250 3812 Equorum

190 3806 430 3846 Eskippamento,
447 3809 520 3837 mitti
543 3806 664 3846 faciatis3
680 3808 717 3839 ita
729 3808 809 3847 quod
825 3819 876 3848 per
899 3811 982 3841 vestri
1002 3810 1158 3843 Defectutn
1170 3814 1253 3844 nobis

193 3846 228 3876 &
243 3845 341 3875 nostris
356 3844 416 3880 (ἶφι.
431 3844 566 3884 utsupra.

264 3881 352 3913 Teste
369 3891 398 3915 ut
417 3883 501 3922 supra.

847 3926 901 3955 Per
918 3924 1000 3965 ipficm
1017 3928 1121 3964 Regem.

230 4074 301 4104 nm.
320 4076 376 4105 III.
394 4076 425 4106 P.
444 4077 468 4107 I.

228 3500 305 3539 Quia
319 3510 372 3538 pro
385 3511 462 3533 certo
475 3502 629 3535 didicimus
634 3500 714 3543 ,ἄγα
728 3509 760 3533 ut
760 3502 863 3543 fiapra,
879 3502 956 3544 usque
967 3504 1004 3534 ibi
1018 3505 1176 3543 indigemus
1185 3529 1192 3540 ,
1212 3506 1250 3543 όν
1281 3506 1354 3544 Jour
1371 3516 1424 3544 que
1438 3505 1470 3535 ils
1483 3505 1509 3536 se
1525 3513 1677 3535 moveront
1688 3504 1723 3535 de
1736 3506 1797 3535 lour
1813 3505 1880 3544 Pays
1895 3504 2014 3542 ovesque
2027 3504 2087 3534 lour
2102 3503 2200 3535 Gentz
2210 3515 2244 3536 au

1335 163 1811 209 PUBLICA.
2289 189 2334 216 11

1276 246 1387 278 Eodem
1407 248 1495 279 modo
1513 249 1675 281 mandatum
1689 251 1729 281 est
1743 251 1913 293 subscriptis,
1931 254 1979 285 sub
1988 253 2089 286 eidem
2102 256 2335 298 datfi;videlicet‚
2357 259 2483 292 Ann.Di

2376 306 2463 338 134⁷·

1313 323 1461 364 Humfrido
1475 326 1505 354 de
1518 326 1615 356 Bohun
1632 331 1730 357 Comiti
1745 328 1888 367 Hereford.
1904 329 1942 365 ό·
1958 332 2049 371 Effex,
2353 339 2421 365 Edv.
2438 345 2465 376 3.

1313 365 1422 399 Hugom·
1437 363 1468 392 a'e
1483 367 1642 405 Courteneye
1657 369 1754 395 Comiti
1766 369 1874 397 Devon.

1312 398 1441 438 Johanni
1457 402 1487 430 de
1502 404 1640 433 Warenna
1656 408 1753 434 Con-:iti
1765 407 1840 434 Surr.

1313 438 1441 477 Johanni
1457 439 1489 468 de
1507 443 1631 477 Segrave.

1314 476 1443 515 Johanni
1460 478 1588 517 Bardolf.

1316 515 1424 544 Thomae
1439 515 1470 545 de
1484 516 1604 546 Berkele.

1316 555 1405 584 Priori
1418 553 1564 593 Hospitalis
1580 557 1675 585 Sano'li
1688 556 1829 595 Johannis
1842 559 2007 601 Jerusalem.
2021 565 2052 592 in
2065 563 2178 601 Anglia.

1335 680 1383 712 De
1402 678 1546 713 Navibus
1555 691 1610 727 pro
1631 681 1762 730 Paffagio
1781 686 1902 718 Comitis
1921 686 2095 730 Lnncnstriae
2117 687 2285 724 liberandis.

1280 761 1421 816 REX,
1438 764 1556 796 Dilecto
1571 766 1605 797 &
1620 765 1707 797 Fideli
1722 766 1786 806 suo,
1800 769 1923 807 Johanni
1941 771 1976 801 de
1992 770 2096 803 Monte
2110 773 2256 815 Gomery,
2276 774 2337 806 Ad·
2359 779 2434 812 Ann.
2447 778 2490 809 D.

1354 803 1461 833 mirallo
1475 804 1561 847 lslotae
1576 805 1630 835 sure
1647 805 1778 836 Navium
1793 807 1881 837 versus
1895 818 1981 845 partes
1996 811 2209 849 Occidentales,
2224 813 2268 843 vel
2283 815 2339 852 ejus
2388 826 2472 857 1⁶47·

1281 841 1399 872 Locum
1417 849 1534 882 tenenti,
1553 844 1582 872 in
1598 842 1737 874 Portubus
1750 844 1785 874 de
1800 845 1951 877 Sandwico
1963 848 1995 878 ὃς
2012 848 2170 888 Dovorrift,
2188 851 2319 882 Salutem.
2359 840 2420 884 Aa.)
2428 867 2473 884 21.

1316 879 1412 916 Cum,
1430 877 1547 910 dilecftus
1563 880 1790 924 Consanguineus
1804 884 1836 914 ὃς
1848 884 1947 914 Fidelis
1955 886 2063 925 noster,
2079 888 2215 920 Henricus
2229 889 2338 920 Comes
2361 900 2390 921 Ε.
2412 905 2438 931 3.

1280 918 1468 965 Lancaiiriae,
1489 919 1583 962 †cum
1598 922 1703 957 ingenti
1719 931 1839 952 numero
1860 921 2022 954 Hominum
2039 926 2071 955 ad
2084 926 2185 965 Arma,
2206 928 2336 959 Armato-
2354 938 2384 961 F*
2413 943 2458 962 21.

1281 967 1364 995 rum⁷
1379 958 1412 988 &
1428 958 1639 994 bagittariorum
1651 980 1661 997 ,
1686 958 1719 989 ad
1740 969 1808 998 nos,
1828 960 1896 991 sicut
1909 963 2034 1000 expedit,
2053 963 2176 994 celeriter
2190 966 2220 995 sit
2237 976 2336 997 ventu—
2354 976 2384 999 Ε.
2411 982 2435 1007 3.
2453 979 2479 1009 p.

1280 1006 1341 1033 rus,
2382 1033 2386 1036 ,
2403 1014 2476 1038 ms).

1318 1034 1410 1064 Vobis
1426 1033 1606 1072 mandamus,
1621 1033 1734 1065 firmiter
1751 1037 1941 1075 injungentes,
1959 1039 2037 1077 quod
2054 1039 2164 1078 statim,
2192 1042 2253 1071 visis
2268 1053 2341 1080 prae-
2362 1021 2495 1085 ³¹=V.564‚

1280 1072 1417 1110 sentibus,
1435 1072 1538 1102 dileeto
1554 1074 1652 1111 nobis,
1666 1074 1794 1104 Thomae
1817 1076 1852 1105 de
1877 1077 1984 1116 Feryby
2001 1101 2010 1115 ,
2037 1078 2172 1108 servienti
2188 1080 2286 1110 nostro
2308 1081 2344 1112 ad

1283 1111 1373 1141 Arma
1391 1112 1494 1149 (quem
1510 1111 1600 1151 dietus
1615 1111 1723 1142 Comes
1745 1113 1778 1143 ad
1801 1114 1888 1144 dictis
1902 1124 1988 1152 partes
2003 1116 2038 1146 de
2055 1117 2208 1147 Sandwico
2228 1120 2260 1149 ὅ(
2282 1120 2346 1150 Do-

1283 1149 1391 1187 vorrifi,
1410 1159 1462 1187 pro
1484 1148 1623 1192 Passagio
1634 1151 1683 1180 suo
1699 1150 1853 1182 festinando
1867 1175 1876 1190 ,
1898 1154 1956 1191 jam
1986 1155 2159 1191 transmittit)
2179 1165 2219 1185 tot
2237 1159 2347 1196 Naves,

1283 1187 1319 1218 de
1336 1188 1496 1218 melioribus
1512 1188 1544 1218 &
1556 1187 1723 1228 ‘fortioribus
1738 1189 1887 1228 Navibus,
1907 1193 1936 1221 in
1952 1191 2034 1222 dietis
2058 1192 2192 1223 Portubus
2206 1194 2240 1224 de
2256 1195 2347 1226 Sand-

1284 1227 1360 1256 wico
1375 1227 1408 1256 ὅ(
1423 1225 1563 1256 Dovcrria
1577 1227 1636 1263 jam
1652 1227 1846 1266 existentibus,
1863 1239 1895 1258 ac
1910 1230 1946 1259 de
1962 1231 2017 1259 aliis
2038 1231 2146 1260 ibidem
2162 1235 2299 1272 venturis,
2312 1234 2347 1265 ad

1284 1265 1382 1302 citius,
1402 1274 1458 1302 quo
1475 1265 1502 1293 in
1518 1264 1657 1307 Portubus
1672 1266 1722 1295 illis
1737 1267 1936 1305 applicuerint,
1958 1278 2026 1305 quot
2047 1279 2100 1306 pro
2117 1269 2244 1309 Piffigio
2266 1273 2346 1310 ipfius

1285 1302 1410 1332 Comitis
1424 1303 1456 1333 ὃ(
1471 1301 1635 1346 Hominum
1650 1303 1763 1346 suorum
1778 1305 1935 1336 necessarie
1956 1307 2058 1336 fuerint
2073 1331 2082 1345 ,
2097 1308 2172 1345 juxta
2193 1309 2348 1341 avisamen-

1285 1349 1348 1371 tum
1365 1341 1494 1379 praedicti
1510 1341 1655 1379 Thomae,
1672 1344 1727 1372 line
1746 1343 1878 1374 dilatione
1900 1345 1989 1382 aliqua
2010 1345 2117 1376 liberari
2134 1347 2257 1386 faciatis,
2277 1359 2348 1387 quo-

1286 1389 1409 1417 cumque
1426 1378 1562 1409 Mandato
1577 1380 1673 1409 nostro
1689 1381 1724 1410 de
1740 1381 1869 1412 Navibus
1885 1383 2042 1421 praediffls,
2059 1384 2091 1414 ad
2108 1394 2158 1414 nos
2171 1385 2204 1415 ad
2219 1396 2307 1423 partes
2314 1388 2351 1418 de

1288 1416 1388 1456 Caleys
1403 1417 1553 1453 ducendis,
1571 1428 1629 1447 non
1645 1418 1787 1458 obstante,

1324 1455 1364 1486 Ita
1381 1456 1459 1493 quod
1477 1454 1635 1492 Passagium
1649 1458 1777 1494 praedicti
1793 1458 1914 1489 Comitis
1930 1460 2025 1497 (cujus
2042 1461 2172 1493 Adventu
2180 1462 2213 1493 ad
2224 1474 2274 1494 nos
2288 1463 2349 1501 plu-

1287 1495 1394 1524 rimum
1408 1494 1584 1530 indigemus)
1607 1504 1658 1532 pro
1673 1495 1785 1526 defectu
1799 1496 1923 1534 Navigii
1938 1498 2086 1529 nullatenus
2104 1502 2111 1533 (
2122 1501 2197 1539 quod
2213 1503 2297 1540 absit)
2308 1513 2352 1533 re-

1289 1533 1428 1570 tardetur,
1447 1542 1500 1562 nec
1516 1531 1591 1570 quod
1608 1533 1685 1563 idem
1701 1533 1810 1565 Comes
1824 1537 1967 1566 materiam
1981 1536 2079 1568 habeat
2094 1538 2138 1577 se,
2156 1539 2191 1569 de
2212 1551 2270 1571 non
2288 1541 2351 1571 Ad-

1288 1580 1373 1602 ventu
1387 1570 1435 1600 suo
1449 1570 1483 1600 ad
1497 1580 1565 1608 nOS,
1583 1571 1711 1602 excusare
1727 1581 1760 1602 ex
1776 1574 1828 1604 hac
1845 1574 1935 1604 causa.

1323 1608 1411 1640 Teste
1424 1609 1539 1647 praefato
1555 1608 1681 1641 Custode
1693 1611 1764 1648 apud
1781 1611 1921 1652 Redyng,
1937 1612 2052 1644 decimo
2066 1624 2145 1645 nono
2161 1615 2206 1646 die
2228 1615 2309 1647 Maii.

1722 1693 1774 1722 Per
1787 1691 1868 1732 ipfiaem
1885 1693 2022 1734 Custodem
2040 1695 2077 1732 ὠ
2094 1695 2250 1726 Concilium.

1443 1822 1536 1866 Super
1551 1817 1684 1865 Pnffiigio
1706 1816 1779 1851 diiii
1799 1821 1919 1852 Comitis
1932 1843 1941 1859 ,
1966 1818 2002 1854 de
2020 1819 2205 1855 intendendo.

1365 1903 1446 1973 ξὶῗ,
1464 1904 1570 1935 ἀίἰεᾶἰε
1586 1904 1652 1942 fibi,
1671 1902 1779 1942 Majori
1791 1905 1824 1936 &
1844 1903 1951 1937 Ballivis
1967 1906 2051 1937 Villae
2066 1906 2121 1937 suae
2133 1907 2170 1937 de
2185 1907 2356 1948 Sandwico,
2376 1916 2451 1947 Arm,
2464 1915 2506 1947 D,

1393 1953 1407 1973 a
1419 1951 1505 1974 utem.
2416 1965 2426 1974 a

1327 1979 1426 2020 Cum,
1444 1982 1562 2012 dile&us
1577 1980 1807 2019 Consanguineus
1822 1983 1856 2013 &
1878 1982 1977 2013 Fidelis
1999 1983 2090 2014 noster
2104 2007 2114 2022 ‚
2139 1983 2277 2015 Henricus
2294 1985 2356 2016 Co·
2375 1964 2488 2022 Alsssffh

1291 2028 1350 2048 mes
1367 2020 1552 2057 Lancastriae,
1571 2029 1638 2050 cum
1652 2020 1760 2056 ingenti
1773 2030 1893 2051 numero
1912 2021 2075 2052 Hominum
2100 2021 2159 2057 &a
2179 2030 2260 2062 prout
2268 2024 2354 2063 fitpra
2374 2038 2405 2061 E,
2422 2043 2447 2069 3⁴

1291 2062 1404 2088 mutatis
1421 2058 1575 2096 mutandis,
1593 2065 1656 2087 tunc
1665 2057 1720 2098 fic,
2411 2071 2475 2099 ibid.

1328 2097 1420 2128 Vobis
1436 2097 1598 2127 mandamus
1614 2096 1692 2135 quod
1706 2119 1716 2133 ‚
1743 2097 1877 2129 omnibus
1898 2098 1955 2128 aliis
1997 2099 2179 2138 raetermiffis,
2196 2101 2228 2131 ὃ(
2246 2101 2356 2139 quibus-

1291 2145 1413 2175 cumque
1428 2135 1647 2166 excusationibus
1660 2135 1842 2174 ceffantibus,
1860 2137 1952 2168 eidem
2010 2137 2123 2176 homae,
2142 2139 2171 2168 in
2193 2138 2357 2171 liberatione

1291 2173 1423 2204 Navnum
1437 2174 1636 2211 praedietarum
1651 2196 1661 2211 ,
1686 2184 1736 2212 pro
1756 2173 1888 2212 Paffagio
1907 2175 1976 2206 dieti
1997 2175 2118 2206 Comitis
2139 2177 2171 2207 δε
2191 2177 2356 2209 Hominum

1290 2214 1402 2243 suorum
1423 2213 1452 2242 in
1468 2212 1554 2242 Portu
1574 2212 1711 2251 praedicto
1725 2236 1734 2251 ,
1757 2212 1935 2244 Intendentes
1957 2214 2010 2243 sitis
2025 2237 2034 2253 ,
2063 2214 2272 2252 Respondentes
2288 2239 2298 2254 ,
2323 2218 2357 2248 &

1291 2251 1460 2319 aupliantes
1475 2274 1485 2289 ,
1511 2259 1593 2289 prout
1614 2249 1693 2280 idem
1711 2252 1834 2282 Thomas
1854 2253 1937 2284 vobis
1959 2252 2026 2283 scire
2047 2252 2143 2284 fecerit
2166 2263 2199 2283 ex
2213 2263 2289 2291 parte
2304 2265 2358 2285 no-

1290 2314 1292 2316 .
1324 2300 1367 2320 ra·

1329 2313 1370 2358 Iti
1387 2328 1465 2368 quod
1488 2327 1646 2364 Passiqum
1670 2327 1799 2366 praedi&
1822 2327 1948 2359 Comitis
1972 2328 2068 2368 (cujus
2090 2329 2224 2361 Adventu
2246 2330 2281 2361 ad
2307 2341 2359 2361 nos

1292 2366 1444 2405 plurimum
1461 2366 1637 2404 indigemus)
1659 2376 1710 2404 pro
1723 2366 1838 2397 defectu
1852 2366 1976 2404 Navigii
1996 2367 2150 2398 nullatenus
2166 2369 2176 2406 (
2203 2369 2258 2398 uod
2273 2369 2357 2406 absit)

1292 2406 1456 2443 retardetur,
1474 2415 1528 2435 nec
1544 2405 1619 2444 quod
1635 2405 1711 2434 idem
1727 2403 1835 2435 Comes
1850 2407 1992 2436 materiam
2008 2406 2106 2436 habeat
2119 2406 2161 2445 ie,
2199 2417 2214 2436 e
2230 2417 2288 2437 non
2296 2407 2359 2438 Ad-

1294 2453 1379 2476 ventu
1395 2443 1444 2474 suo
1459 2443 1575 2480 adjnOS,
1594 2443 1720 2473 excusare
1735 2453 1769 2473 ex
1784 2444 1836 2474 hac
1851 2444 1941 2474 causa.

1329 2481 1417 2513 Teste
1432 2482 1547 2520 praefato
1562 2480 1687 2512 Custode
1701 2481 1773 2520 apud
1788 2481 1931 2523 Redyng,
1950 2482 2068 2513 decimo
2082 2493 2161 2513 nono
2177 2483 2221 2514 die
2239 2482 2324 2514 Maii.

1782 2561 1835 2588 Per
1846 2559 1927 2598 ipfimz
1941 2561 2037 2597 Regem
2056 2558 2094 2595 ὠ·
2107 2558 2258 2590 Concilium.

1555 2693 1648 2737 Super
1671 2693 1836 2724 Retinentia
1853 2693 2090 2727 Timoniwrnm.

1363 2776 1470 2808 Es-re
1494 2775 1793 2817 Enosis-runs,

1292 2785 1353 2848 C
1392 2816 1467 2846 Faite
1481 2815 1832 2853 parentre,Tresexcellent
1847 2815 1968 2855 Prince,
1985 2824 2066 2847 notre
2083 2816 2237 2855 Seigneur,
2258 2817 2282 2848 Ie
2291 2816 2358 2857 Roy

1291 2853 1326 2885 de
1343 2855 1450 2886 Franco
1465 2856 1497 2884 ὅ(
1512 2854 1705 2890 d'Englctene
1721 2855 1805 2885 d’une
1821 2854 1904 2893 Part,
1922 2856 1955 2886 ὃς
1970 2854 2115 2885 Monsieur
2131 2856 2268 2896 Wynand
2278 2856 2360 2896 Dyn-

1289 2892 1554 2962 sehff'deffiesss
1575 2892 1679 2922 Ernold
1703 2892 1875 2932 Dalselowe,
1894 2895 1927 2924 &
1951 2893 1977 2924 le
1996 2893 2180 2931 Burghgrave
2199 2894 2235 2925 de
2258 2894 2357 2925 Oude-

1288 2933 1308 2963 k
1321 2942 1343 2962 ‘r
1365 2943 1380 2962 e
1416 2932 1499 2961 'autre
1517 2939 1579 2960 ‚art

1310 2943 1355 3000 >T
1365 2980 1383 3001 E
1394 2980 1406 3000 s
1416 2978 1441 3000 M
1453 2980 1472 2999 o
1484 2979 1492 2998 t
1504 2978 1525 2998 G
1536 2977 1558 2998 N
1569 2953 1657 3006 E’que
1673 2968 1699 2998 le
1714 2968 1774 2999 ditz
1783 2992 1791 3007 ,
1810 2969 1955 3000 Monfieur
1970 2969 2106 3010 Wynand
2116 2993 2126 3009 ,
2143 2969 2288 3001 Monfieur
2305 2971 2356 3001 Er-

1287 3008 1372 3046 nold,
1391 3009 1423 3038 &
1441 3008 1466 3038 le
1482 3007 1664 3044 Burghgrive
1680 3006 1741 3037 sont
1755 3009 1890 3038 demorez.
1905 3009 2003 3039 devers
2021 3018 2099 3039 notre
2121 3009 2162 3039 dit
2178 3009 2314 3047 Seigneur
2329 3010 2353 3039 le

1289 3046 1368 3084 Roi,
1385 3045 1452 3076 c'est
1469 3045 1604 3083 allavoir,

1327 3085 1370 3114 Le
1385 3084 1425 3114 dit
1443 3083 1589 3114 Monsieur
1602 3083 1758 3123 VVynand,
1776 3094 1830 3115 oue
1843 3084 1898 3123 sept
1913 3084 2070 3124 Hommes,
2087 3085 2157 3116 dont
2181 3085 2218 3116 lui
2237 3085 2354 3116 mesmes

1288 3122 1453 3160 Chivalers,
1472 3123 1504 3152 ὃ(
1522 3122 1562 3160 sys
1579 3121 1716 3159 Esquiers,

1325 3161 1362 3192 Et
1380 3161 1417 3191 les
1433 3162 1493 3191 ditz
1508 3160 1651 3190 Monlieut
1676 3159 1780 3190 Ernold
1796 3161 1828 3191 &
1845 3159 1870 3191 le
1884 3160 2066 3199 Burghgrave
2082 3186 2092 3201 ,
2110 3172 2164 3192 oue
2182 3163 2242 3193 vint
2260 3161 2354 3191 Hom-

1289 3209 1349 3230 mes

1326 3223 1366 3268 Pi
1385 3246 1449 3267 nant
1463 3247 1515 3275 pur
1531 3236 1652 3266 chescun
1669 3235 1802 3267 Cliivaler
1818 3237 1926 3276 Qatre
1948 3239 2009 3268 vint
2031 3237 2138 3277 Escuz,
2158 3238 2190 3267 δε
2207 3248 2257 3275 pur
2274 3237 2352 3268 ches-

1288 3286 1366 3345 ἓως
1387 3276 1474 3344 {guier
1487 3275 1600 3306 sessante
1616 3275 1724 3313 Escuz,
1742 3284 1792 3313 pur
1808 3275 1868 3306 lour
1882 3275 2035 3315 Monture,
2052 3278 2084 3307 ὃς
2100 3285 2168 3307 touz
2180 3285 2264 3306 autres
2279 3276 2353 3306 Frez

1311 3323 1322 3331 ⁷
1368 3326 1384 3345 u
1411 3325 1425 3344 a
1448 3324 1475 3344 es

1327 3353 1405 3383 Dont
1421 3324 1452 3382 iis
1466 3337 1570 3382 se’rront
1579 3355 1660 3389 pafez
1676 3351 1711 3381 de
1726 3351 1751 3381 la
1767 3351 1887 3393 Moytee
1900 3352 2003 3382 devant
2019 3350 2080 3382 lout
2096 3351 2227 3389 departier
2241 3350 2276 3381 de
2291 3351 2353 3382 lour

1288 3390 1452 3429 Houstielx,
1470 3391 1503 3421 ὅ(
1518 3390 1553 3420 de
1567 3390 1659 3420 l’autre
1674 3389 1809 3430 Moytee,
1826 3390 2045 3421 ensemblement
2061 3400 2114 3420 oue
2122 3391 2180 3420 lour
2196 3389 2290 3429 Gages
2300 3401 2352 3427 pur

1287 3440 1326 3459 un
1342 3429 1443 3468 Moys,
1462 3440 1477 3459 a
1492 3429 1551 3459 lout
1569 3428 1669 3458 Venue
2052 3428 2151 3458 Gentz
2164 3450 2174 3465 ,
2197 3428 2259 3458 lour
2279 3428 2353 3459 Chi-

1286 3477 1372 3506 vauz,
1391 3469 1423 3498 &
1446 3467 1506 3497 lour
1531 3467 1635 3506 Atray,
1655 3464 1759 3496 serront
1778 3465 1860 3497 Veuz
1877 3490 1886 3505 ,
1914 3465 2143 3496 Commenceant
2158 3466 2182 3495 le
2198 3465 2349 3534 Moys,dle

2329 3513 2346 3534 u

2382 2833 2455 2863 Ann.
2471 2832 2513 2863 D.

2403 2881 2486 2910 1347·

2379 2915 2429 2938 Aa.
2446 2921 2490 2937 21.

2378 2972 2416 3014 Eat
2437 2972 2510 3024 &rigi

2379 3029 2400 3052 12,
2399 3026 2448 3063 fra

2374 3065 2435 3092 Pell.

1288 3544 1349 3575 Roi

1322 3567 1428 3612 Et'ensi
1445 3581 1547 3612 serront
1563 3580 1628 3611 Paie
1643 3580 1678 3611 de
1693 3581 1752 3610 lour
1769 3580 1864 3615 Gages
1880 3579 1916 3610 de
1932 3577 2020 3618 Moys
2037 3589 2073 3611 en
2094 3581 2182 3621 Moys
2194 3603 2204 3619 ,
2223 3589 2280 3611 tant
2294 3590 2345 3611 co-

1288 3631 1334 3652 me
1352 3621 1382 3650 ils
1396 3621 1562 3651 deinorront
1579 3630 1613 3650 en
1631 3619 1745 3650 Service
1761 3618 1786 3648 le
1806 3618 1879 3658 Roy.

1323 3658 1359 3689 Et
1377 3660 1527 3696 prendi-ont
1543 3658 1642 3689 autielx

1287 3696 1433 3728 Cbivalers
1446 3697 1478 3727 &
1494 3696 1628 3734 Esquiers.

1322 3735 1366 3765 En
1380 3735 1610 3772 Tesinoignance
1624 3732 1659 3762 de
1671 3741 1743 3771 queu
1758 3730 1870 3770 Chose,
1885 3742 1901 3762 a
1916 3732 1989 3764 ceste
2008 3732 2098 3763 Partie
2112 3731 2146 3762 de
2165 3733 2345 3768 l'Endenture

1286 3782 1366 3804 notre
1378 3773 1418 3804 dit
1434 3774 1569 3809 Seigneur
1584 3771 1610 3800 le
1626 3770 1692 3809 Roy
1706 3769 1753 3800 fait
1769 3779 1866 3800 mettre
1880 3771 1929 3801 son
1945 3770 2029 3801 Prive
2045 3771 2114 3801 Seal.

1325 3812 1406 3842 Don.
1423 3812 1523 3841 devant
1539 3808 1637 3847 Caleys
1652 3808 1676 3837 le
1693 3807 1731 3838 28
1747 3808 1813 3846 jour
1823 3809 1859 3838 de
1880 3809 1949 3849 May
1965 3832 1974 3847 ‚
1996 3809 2061 3840 l'An
2082 3810 2118 3840 du
2144 3809 2246 3849 Regne
2263 3821 2345 3844 notre

1286 3850 1327 3880 dit
1340 3850 1474 3886 Seigneur
1488 3848 1514 3878 le
1529 3846 1589 3877 Roi
1606 3846 1641 3877 de
1656 3845 1760 3877 France
1775 3846 1901 3886 Oytisme
1916 3870 1926 3886 ‚
1948 3848 1982 3878 &
1996 3847 2185 3885 d'Englcterte
2208 3849 2345 3882 Vintisme

1288 3890 1400 3927 primer.

1325 3964 1385 4042 1132
1392 3962 1548 4032 sludentum
1560 3999 1710 4040 restituitur
1727 4002 1842 4032 Domino
1855 4003 1922 4039 Regi
1933 4009 1983 4041 per
2005 3999 2175 4033 Teuthonicos
2194 4001 2347 4043 infrasc'rtp‘

1291 4047 1340 4071 tos.

1741 4076 1764 4109 B
1780 4087 1800 4108 2

1916 3654 1942 3686 le
1967 3654 2028 3686 Roi
2049 3655 2130 3696 Paie,
2148 3657 2181 3688 δε
2203 3658 2242 3688 scs
2263 3667 2350 3690 autres

2288 4080 2351 4114 cre-2
