2561 4251
665 100 1444 153 CONVENTIONES,
1501 101 1884 152 LITERAE,

1072 189 1245 223 Communis
1283 194 1360 223 rum,
1378 184 1535 223 supradietis
1547 177 1670 226 superius
1683 187 1847 224 nominatis,
1865 194 1917 223 pro
1931 182 2037 222 seipsis,
2055 183 2088 214 &
2109 181 2166 213 aliis
2180 178 2350 226 Patronis&
2367 176 2444 208 Arm.
2457 175 2498 208 D.

1285 223 1512 262 Mercatoribus,
1530 226 1563 256 &
1576 227 1633 256 aliis
1647 225 1862 263 Dampnificatis
1875 225 1905 253 in
1919 222 2060 260 Captione
2073 219 2352 259 &Dampnificatio-
2388 224 2474 255 1347.

1286 271 1321 291 ΠΕ
1334 261 1493 300 Pl‘aeditstis,
1510 265 1539 293 in
1555 264 1676 295 modum
1692 266 1740 302 qui
1753 264 1890 301 sequitur,
1906 260 2018 291 Decem
2028 259 2111 290 Milia
2119 259 2267 289 Librarum
2276 258 2353 289 Ster-
2368 256 2435 283 Edv-
2456 264 2484 292 3·

185 126 235 165 14

39 197 116 230 Ann.
130 195 171 226 D·
186 209 256 229 num
272 197 402 236 Ducem,
421 197 586 228 Commune
596 196 709 236 januae,
725 197 758 228 &
772 195 963 227 Distrietuales
977 193 1057 231 ipsius
1152 231 1156 235 Ι

70 245 155 276 1347·
186 247 219 267 ex
235 237 334 275 altera,
352 247 384 266 ex
400 246 456 274 quo
471 235 632 266 Periculum
648 258 656 273 ,
682 236 751 265 reale
773 236 805 265 &
822 233 979 271 personale,
997 242 1056 262 non
1078 230 1246 265 modicum,

41 278 108 304 Ἐάν.
130 282 156 311 3·
187 276 225 306 set
239 276 359 313 arande,
378 277 484 311 utrique
500 275 570 311 parti
585 275 732 304 imminere
746 272 826 316 posse
837 271 1001 308 videbatur,

228 308 360 344 Vol-entes
377 313 513 347 (Atiitore
527 311 578 342 Illo
592 313 656 349 qui,
675 311 744 340 dum
765 321 793 340 in
810 309 925 340 Mundo
950 307 1039 346 stetit,
1057 305 1163 337 Pacem
1176 315 1248 345 prae-

190 352 294 383 dicavit
308 353 341 382 &
354 351 466 390 docuit,
483 351 533 387 &,
551 351 618 379 cuni
632 350 664 379 ad
681 350 791 378 Pati-ein
805 347 961 386 transiturus
975 345 1134 384 erat,suum
1148 344 1249 376 Testa-

192 400 321 421 mentum
335 389 460 419 fundavit
475 390 502 418 in
519 389 598 424 pace)
618 388 700 417 dieiis
717 385 936 426 Discriminibus
955 384 1139 428 obviareQ&
1155 382 1250 426 Mate-

150 437 154 442 ’
191 430 242 459 rias
257 428 426 458 Guerrarum
443 428 475 457 &
498 425 704 456 Diicriiniiiiini
728 424 823 453 tollere
836 446 845 461 ,
869 434 902 454 ac
919 423 1015 460 Paeis,
1033 422 1250 457 Benivolent1ae‚

193 466 378 502 Devotionis,
395 467 427 496 &
444 465 553 495 Gratia:
569 463 698 493 inducere
713 462 868 500 lenitatem,
886 469 1085 499 pervenerunt,
1104 461 1137 490 &
1153 467 1251 497 perve-

190 505 258 535 niiie
275 503 391 534 confessi
406 504 531 539 suerunt,
548 502 581 531 ad
602 511 697 530 verani
718 500 842 538 Pacem,
861 500 996 530 Domino
1014 507 1169 535 annuente,
1192 505 1252 533 per-

192 545 279 581 petuo
293 543 466 579 duraturam,
484 541 601 576 Finem,
619 538 822 568 Remiffionem
833 561 843 576 ,
861 537 1112 574 Transatstionem,
1129 534 1253 578 &Con-

193 581 338 617 cordiam,
357 580 391 610 de
411 579 543 609 omnibus
560 577 593 607 δε
615 577 722 615 siugulis
747 577 907 614 supradietis
929 575 1091 614 praeteritis,
1113 577 1196 612 uique
1220 582 1252 616 in

193 620 269 649 diem
294 619 456 656 pl'ffiselitcm
471 640 480 655 ,
505 615 692 652 solempnibus
712 615 939 652 Stipulationibus
961 614 1028 643 hinc
1050 612 1116 642 inde
1137 611 1255 649 vallatis,

194 666 277 695 prout
293 657 406 687 inferius
420 665 466 692 pei·
481 654 611 683 ordinem
625 654 723 693 legitur
737 654 768 684 ὃς
781 653 940 690 denotatur,
1139 689 1144 694 Π
1235 687 1240 692 .

234 693 535 725 Rentffi‹:i2211te«iietae
552 701 654 730 panes,
671 692 753 722 dietis
774 691 953 727 nominibus,
978 688 1055 720 Exce
1076 690 1146 719 tioni
1160 687 1195 718 ad
1212 687 1256 717 di-

195 734 272 764 ctam
289 734 408 769 P.1cem,
427 731 680 767 Transactionem,
698 729 943 767 Compositionem
959 750 968 765 ,
983 728 1017 758 &
1089 726 1255 768 ncordiarn,

196 781 226 802 ut
241 772 313 808 supra
331 771 361 800 ‘St
377 770 446 800 infra
457 794 463 800 γ,
482 779 540 798 non
555 768 723 806 perveniffe,
742 768 795 797 Rei
810 777 886 797 none
901 768 937 797 sic
947 790 956 803 ,
974 774 1004 796 ut
1022 765 1100 803 supra
1122 765 1155 796 &
1169 766 1256 803 inira,

197 810 283 846 geste
300 810 331 838 “Ξῖ
348 809 374 838 se
388 818 444 838 iion
460 808 600 846 habentis,
618 807 687 837 Doli
709 808 738 836 in
754 806 861 837 faCtum
878 828 887 844 ,
912 804 1082 835 Conditioni
1095 804 1150 834 sine
1163 803 1257 841 causa,

198 849 231 879 &
245 848 391 884 omnijuri
402 872 410 883 ,
430 846 576 883 vicie-licet,

236 885 328 924 Ope-i
343 886 410 915 dieti
421 908 430 923 ,
448 884 602 915 Antlionius
624 884 656 914 &
674 883 834 913 Anthonius
847 905 856 920 ,
877 881 1052 919 Sindicario,
1069 881 1208 918 Actorio,
1223 880 1257 911 &

198 924 398 955 Procurator-fio
413 924 528 953 nomine
551 921 621 951 dieti
643 921 767 951 Domini
789 921 876 958 Regis
890 943 900 958 ,
925 920 958 950 δε
980 930 1031 957 pro
1053 920 1128 957 ipso,
1147 919 1257 949 dic'tum

198 963 358 993 Dominum
385 962 498 991 Ducem
515 984 524 999 ,
549 960 581 991 δε
601 960 657 998 ejus
673 958 841 989 Concilium
855 981 864 996 ,
890 957 1057 988 Commune
1076 959 1207 996 Totum,
1225 957 1258 988 &

197 1001 338 1032 universos
353 1002 385 1031 ὃ(
400 1001 435 1030 sin
439 1000 517 1037 gulos
529 998 674 1036 januenses
686 1005 848 1037 receperunt
860 997 892 1027 ἃ
901 996 1064 1040 reduxerunt
1072 995 1105 1026 ad
1111 995 1259 1040 Gratiam,

197 1039 417 1070 Benivolentiam
435 1061 443 1075 ,
468 1038 501 1068 &
517 1047 610 1067 veram
631 1036 736 1066 Pacem
760 1037 792 1067 &
814 1035 1011 1065 Concordiam
1031 1034 1111 1072 ipsius
1134 1034 1259 1078 Domini

198 1078 305 1115 Regis,
324 1078 356 1107 ὃ(
371 1077 403 1107 ad
417 1076 524 1106 Pacem
545 1076 578 1106 &
592 1076 729 1106 Amorem
749 1073 933 1104 Subditorum
957 1073 1038 1110 ipsius
1059 1072 1182 1108 Domini
1199 1072 1258 1102 Re-

198 1117 255 1155 gis:
273 1116 357 1147 &'de
372 1115 479 1152 Regno
493 1113 560 1152 suo,
579 1114 611 1144 ὅ(
624 1123 674 1150 pro
689 1112 746 1150 ipso
766 1112 896 1143 Domino
911 1111 1013 1149 Rege,
1030 1111 1063 1142 &
1085 1111 1134 1141 sibi
1147 1110 1260 1141 subditis

199 1157 233 1186 &
247 1154 400 1192 submiffis,
421 1163 488 1191 quos
503 1152 601 1190 habet,
620 1152 670 1190 &,
689 1152 756 1182 Deo
774 1152 906 1188 auctore,
921 1151 1043 1188 acquiret
1066 1150 1095 1180 iii
1116 1149 1258 1187 futurum,

198 1194 324 1224 fecerunt
340 1192 388 1229 ipsi
403 1191 534 1221 Domino
551 1190 630 1220 Duci
644 1213 654 1228 ,
678 1190 810 1226 dictoque
829 1188 967 1218 Concilio
987 1188 1021 1218 δε
1042 1187 1202 1219 Communi
1216 1187 1259 1226 Ja-

197 1241 281 1270 nuae,
298 1232 330 1261 δε
344 1240 412 1261 cum
425 1231 479 1268 eis,
497 1239 529 1259 ac
544 1228 722 1265 singularibus
738 1227 857 1265 personis
864 1227 945 1264 ipsius
960 1224 1149 1269 Communis,
1163 1236 1259 1257 veram

197 1270 303 1301 Pacem
326 1270 357 1300 ὃς
380 1267 574 1298 Concordiam
590 1289 600 1304 ,
623 1266 657 1296 de
673 1267 803 1296 omnibus
823 1266 856 1295 &
876 1264 988 1302 singulis
1016 1264 1176 1301 supradizstis
1191 1288 1200 1303 ,
1225 1274 1258 1295 ac

197 1310 281 1339 etiam
290 1331 298 1346 ,
317 1308 348 1337 ad
362 1306 494 1337 cautelam
504 1329 512 1343 ,
530 1304 565 1334 de
577 1305 711 1334 omnibus
722 1304 754 1335 &
770 1303 877 1343 singulis
892 1302 1029 1341 praediffls
1039 1304 1186 1341 Roberiis,
1203 1302 1261 1333 Ex-

197 1347 361 1377 torsionibus
377 1344 615 1383 quibuscumque,
634 1341 661 1372 in
680 1342 771 1380 Mari,
787 1342 832 1372 seu
845 1341 955 1380 Terra,
970 1341 1038 1371 datis
1059 1341 1103 1372 seu
1117 1342 1211 1379 illatis,
1229 1343 1260 1371 iri

198 1384 296 1415 Terris
308 1385 424 1422 propriis
438 1383 536 1419 Regni
556 1381 636 1419 ipsius
651 1381 773 1411 Domini
786 1380 875 1418 Regis
887 1403 897 1419 ,
920 1380 965 1410 vel
981 1389 1054 1410 extra
1076 1379 1167 1418 ipsum
1180 1379 1261 1417 Reg-

198 1433 285 1461 num,
304 1423 408 1452 realiter
420 1422 453 1452 &
467 1420 658 1459 personaliter,
674 1420 720 1457 ipsi
738 1419 869 1449 Domino
892 1418 989 1486 Reffi,
1007 1417 1051 1448 seu
1066 1419 1116 1449 sibi
1133 1419 1261 1458 subditis,

199 1462 242 1492 vel
259 1460 410 1498 submissis,
428 1468 608 1498 quocumque
623 1459 655 1489 ὃς
672 1458 929 1496 qualitercumque,
977 1467 1010 1494 e,
1028 1457 1131 1495 Facto,
1147 1458 1261 1496 Opere,

201 1500 245 1531 vel
253 1499 406 1537 Trai-statu,
426 1499 508 1536 usque
522 1499 550 1527 in
567 1497 645 1526 diem
660 1496 838 1534 praesentem:
857 1496 890 1526 ὅ(
907 1497 943 1526 de
958 1496 996 1525 eis
1009 1496 1141 1526 omnibus
1157 1497 1189 1527 &
1208 1496 1261 1526 sin-

203 1539 292 1577 gulis,
311 1538 413 1568 eisdem
429 1536 562 1567 Domino
580 1535 658 1565 Duci
674 1535 705 1566 &
721 1534 875 1572 Concilio,
890 1544 941 1572 pro
958 1533 984 1564 se
998 1534 1077 1573 ipsis,
1095 1534 1128 1564 &
1143 1536 1261 1565 nomine

201 1579 234 1608 &
251 1578 315 1607 vice
331 1576 501 1607 Communis
521 1574 618 1612 janua:
631 1597 640 1611 ,
665 1574 697 1604 &
710 1574 844 1603 omnium
865 1574 898 1603 ὃ(
921 1573 1093 1610 singulorum
1106 1572 1142 1603 de
1153 1573 1263 1612 janua,

201 1617 233 1647 ὃ(
249 1616 285 1646 de
301 1615 438 1646 Distrietu
454 1637 463 1652 ,
487 1613 636 1650 fecerunt,
660 1612 707 1649 ipsi
729 1611 944 1646 Procuratores,
971 1611 1079 1641 Sindici
1093 1611 1125 1642 &
1144 1612 1263 1642 Adtores

201 1655 291 1692 regii,
310 1664 342 1684 ex
357 1653 437 1684 causa
449 1651 657 1682 Transactionis
672 1651 703 1682 ὃ(
718 1649 816 1688 Pacis,
837 1650 953 1687 Finem,
972 1649 1180 1680 Remiffionem
1196 1661 1262 1680 om-

201 1693 364 1730 nimodam,
382 1692 413 1722 &
431 1691 551 1721 Pactum
567 1690 603 1720 de
618 1689 726 1719 ulterius
744 1699 802 1719 non
838 1688 939 1719 etendo
952 1698 957 1717 ε
984 1688 1017 1718 &
1032 1688 1068 1718 de
1082 1690 1121 1718 eis
1133 1690 1263 1719 omnibus

200 1732 234 1762 ὅ(
253 1731 362 1768 singulis
381 1729 502 1767 eisdem,
518 1728 647 1758 Domino
662 1727 740 1758 Duci
756 1728 788 1758 &
832 1727 957 1764 oncilio,
976 1728 1143 1757 nominibus
1157 1728 1263 1758 antedi-

202 1771 273 1808 ciis,
291 1780 339 1807 per
351 1767 604 1806 Acceptilationem
614 1789 624 1804 ,
642 1767 674 1796 &
689 1766 852 1804 aquilianam
867 1765 1097 1803 Stipulationem,
1114 1767 1206 1796 verbis
1219 1766 1263 1796 so-

201 1808 338 1839 lemnibus
351 1807 559 1843 introductam,
575 1805 766 1835 liberationem
790 1804 914 1834 fecerunt
931 1815 941 1842 3
963 1805 1159 1842 promittentes
1173 1828 1182 1843 ‚
1205 1806 1265 1843 ipsis

200 1846 333 1877 Domino
347 1846 424 1876 Duci
440 1846 472 1876 &
485 1843 620 1874 Concilio
628 1842 817 1880 stipulantibus
826 1842 1005 1880 ,nominibus
1017 1842 1176 1882 antedictis,
1186 1844 1264 1881 quod

201 1885 286 1916 dictis
298 1885 490 1915 occasionibus
499 1907 507 1922 ,
523 1883 566 1912 vel
580 1882 671 1921 aliqua
684 1881 720 1911 de
734 1881 894 1919 praedietis,
912 1881 940 1910 in
956 1881 1096 1918 generali,
1114 1882 1158 1911 vel
1171 1882 1264 1919 lingu-

201 1924 251 1954 lari
268 1947 277 1961 ,
296 1934 344 1962 per
359 1923 446 1961 ipsum
463 1921 625 1952 Dominum
650 1920 764 1957 Regem
778 1942 787 1957 ,
811 1918 928 1949 Curiam
942 1941 952 1957 ,
975 1919 1019 1949 vel
1041 1918 1202 1959 Officiales,
1221 1920 1265 1950 vel

205 1962 348 2000 Gentem,
368 1966 411 1992 (eu
427 1961 566 1998 aliquem,
584 1958 628 1989 vel
644 1958 746 1997 aliquos
765 1958 800 1988 de
823 1966 905 1996 gente
925 1956 1006 1999 ipfius
1022 1956 1144 1988 Domini
1158 1959 1265 1998 Regis,

202 2001 275 2031 nulla
291 2002 499 2039 imperpetuum
515 1997 560 2028 fiet
576 2020 587 2036 ,
612 1997 802 2034 procurabitur
817 2019 827 2034 ,
852 1995 998 2034 Offenlio,
1015 1996 1060 2026 vel
1074 1995 1175 2035 Injuria
1189 1997 1266 2028 realis

202 2039 244 2069 vel
262 2039 422 2077 personalis,
445 2037 562 2075 Petitio,
580 2036 624 2065 vel
641 2035 813 2073 Requifitio,
832 2033 983 2072 DetentiO,
997 2034 1041 2065 vel
1057 2034 1195 2066 Arestatio
1203 2046 1265 2073 per-

201 2077 298 2108 sonalis
318 2078 362 2108 vel
378 2078 468 2113 realis,
487 2083 583 2105 contra
598 2073 762 2104 Commune
776 2073 876 2111 januae
891 2095 901 2111 ,
927 2072 972 2103 vel
992 2072 1131 2112 aliquem,
1149 2074 1193 2105 seu
1216 2074 1265 2105 ali-

201 2127 290 2156 quos,
307 2116 342 2147 de
359 2115 435 2147 dieta
451 2114 682 2151 Communitate,

242 2156 296 2193 Et,
313 2154 393 2186 versa
409 2155 490 2191 vice,
514 2153 589 2183 idem
614 2151 757 2181 Dominus
778 2150 846 2182 Dux
860 2173 870 2189 ,
893 2151 927 2182 δε
945 2150 1056 2183 dietum
1079 2151 1266 2191 Concilium,

52 2196 189 2231 ‘’V-57¹·
204 2204 257 2233 pro
272 2195 377 2233 seipsis,
395 2193 427 2224 &
443 2193 579 2229 nomine,
598 2190 630 2221 ὃς
644 2191 707 2220 vice
729 2189 902 2220 Communis
922 2190 1018 2228 januae
1037 2192 1070 2222 ὃ(
1094 2192 1112 2210 *
1135 2200 1267 2230 tanquam

203 2231 370 2263 Commune
398 2241 492 2269 anuas,
517 2240 550 2261 ac
566 2230 683 2259 nomine
706 2229 738 2259 &
757 2230 822 2258 vice
840 2229 972 2258 omnium
993 2229 1026 2259 &
1044 2229 1216 2267 singulorum
1231 2230 1267 2260 de

199 2272 287 2311 Janua
300 2293 305 2298 .
327 2272 359 2302 ὃς
406 2270 523 2300 ἰίὶῐίἑω.
541 2267 708 2298 attendentes
723 2266 856 2304 praedffla
872 2276 920 2304 per
934 2266 1026 2297 dictos
1034 2267 1268 2301 Sindicos‚a6to-

203 2321 261 2342 res,
281 2310 476 2340 Procuratores
486 2330 495 2344 ,
508 2308 540 2337 &
552 2306 686 2336 Nuncios
700 2307 789 2344 regios
802 2305 1074 2344 fa&a&promissa,
1089 2306 1194 2337 eisdem
1203 2307 1267 2337 Sin—

202 2349 288 2385 dicis,
305 2347 476 2382 Aetoribus,
494 2343 723 2375 Procuratoribus
740 2366 749 2381 ,
766 2344 799 2374 &
819 2342 943 2373 Nunciis
964 2345 1048 2381 regiis
1072 2346 1268 2383 recipientibus

204 2389 321 2418 nomine
334 2387 367 2417 &
384 2386 446 2415 vice
462 2384 541 2422 ipsius
557 2382 682 2423 Domini
703 2380 791 2417 Regis
805 2403 814 2419 ,
838 2380 1009 2423 Regnilsui,
1035 2383 1068 2413 δε
1085 2385 1220 2414 omnium
1234 2385 1266 2413 &

205 2425 380 2460 singulorum
397 2423 433 2453 de
445 2422 502 2460 ipso
519 2421 642 2460 Regno,
669 2418 841 2462 recerunttde
861 2419 1001 2457 praedictis
1021 2422 1154 2452 omnibus
1167 2423 1198 2453 &
1214 2422 1267 2451 sin-

204 2464 276 2502 gulis
291 2473 386 2493 veram
402 2462 524 2498 Pacem,
545 2458 758 2495 Concordiam,
777 2457 894 2495 Finem,
918 2457 1143 2498 Remiffionem,
1159 2461 1268 2490 Trans-

204 2503 348 2533 actionem
358 2524 369 2539 ,
386 2502 417 2532 ἃ
431 2499 550 2529 Paetum
564 2500 598 2529 de
614 2498 721 2528 ulterius
734 2507 792 2526 non
808 2495 928 2539 petendo
938 2519 947 2534 ,
964 2507 998 2527 ac
1013 2499 1095 2528 etiam
1104 2521 1114 2536 ,
1132 2498 1166 2529 ad
1175 2509 1268 2530 caute-

206 2541 280 2577 lam,
298 2540 333 2569 de
348 2539 481 2569 omnibus
494 2537 642 2574 Robersss,
662 2536 783 2572 pra-dis,
801 2534 936 2572 Rapinis,
947 2533 1268 2575 Incendii§,Dampnis,

203 2580 237 2610 &
251 2578 463 2609 Offensionibus
475 2576 692 2613 quibuscumque
728 2574 842 2603 realibus
856 2573 888 2603 δε
909 2574 1111 2614 personalibus,
1129 2586 1268 2613 quocum-

207 2628 262 2655 que
279 2617 368 2647 modo
383 2616 475 2652 illatis,
492 2614 587 2651 faciis,
604 2613 647 2643 vel
664 2612 750 2649 datiS,
770 2611 815 2641 Re
834 2634 842 2649 ,
864 2611 980 2649 Verbo,
1005 2612 1117 2653 Opere,
1135 2615 1180 2644 vel
1195 2615 1267 2646 Tra-

206 2657 297 2693 ctatu,
316 2665 363 2694 per
377 2654 486 2684 &Cium
500 2652 662 2682 Dominum
681 2650 811 2687 Regem,
829 2649 873 2692 vel
888 2649 1007 2687 aliquam
1022 2651 1166 2682 Armatam
1174 2653 1249 2684 suam
1258 2677 1268 2692 ,

206 2695 236 2723 iii
256 2695 347 2732 Mari,
365 2693 408 2723 vel
422 2690 514 2722 Terra
528 2713 537 2728 ,
561 2691 604 2721 vel
630 2700 677 2727 per
696 2689 832 2728 aliquem,
850 2689 894 2718 ieu
916 2689 1039 2727 aliquos,
1058 2690 1095 2720 de
1113 2690 1208 2722 Gente
1221 2692 1267 2722 seu

206 2732 316 2770 Regno
330 2732 410 2769 ipsius
426 2729 547 2760 Domini
561 2730 664 2766 Regis,
683 2735 879 2768 quocumque,
902 2726 935 2756 &
956 2727 1208 2768 qualitercumque,
1227 2731 1268 2760 us-

206 2772 304 2807 quein
322 2770 397 2801 diem
415 2767 575 2806 praesentem
599 2767 691 2801 (salvis
705 2770 812 2802 ismper
833 2764 1022 2808 iiir'rascriptis)
1053 2767 1197 2798 liberantes
1212 2769 1267 2807 ipse

207 2809 353 2840 Dominus
376 2808 443 2838 Dux
462 2807 495 2837 &
515 2806 625 2837 dietum
644 2804 808 2834 Concilium
822 2826 832 2840 ,
854 2802 1033 2847 Nominibus
1050 2806 1195 2836 antediffis
1207 2830 1216 2845 ,
1235 2808 1267 2838 &

207 2848 331 2886 quolibet
343 2847 487 2878 diciorum
501 2844 683 2881 Nominum,
697 2842 731 2872 de
746 2841 885 2880 praedietis
897 2842 1028 2872 omnibus
1041 2844 1074 2873 ὃς
1088 2844 1268 2883 singulis‚di-

208 2888 272 2917 etos
287 2886 433 2922 Sindicos,
451 2883 570 2914 Aetores
583 2905 593 2921 ,
612 2882 820 2918 Procuratores,
843 2880 876 2910 &
891 2879 1023 2911 Nuncios
1039 2880 1149 2920 Regios
1174 2883 1269 2921 (salvis

207 2925 315 2962 semper
330 2923 504 2960 infrascriptis
517 2922 526 2957 )
545 2932 592 2959 per
606 2919 858 2957 Acceprilationem
879 2918 916 2961 &¹
930 2919 1094 2956 aquilianam
1108 2921 1268 2958 Stipulatio-

209 2973 294 3000 nem,
311 2963 400 2992 verbis
413 2961 601 2997 solempnibus
616 2958 820 2999 introdudtam3
837 2968 869 2987 ac
882 2965 963 2986 etiarn
979 2959 1189 2998 promittentes,
1209 2962 1269 2999 ipsis

209 3001 344 3038 Sindicis,
365 3000 518 3030 Aestoribus
532 3021 542 3036 ,
567 2998 600 3029 &
618 2996 844 3028 Procuratoribus
864 2995 1042 3033 solempniter
1063 2997 1269 3038 stipulantibus,

210 3039 291 3077 quod
304 3039 387 3069 dietis
399 3037 608 3072 occasionibuS,
626 3035 671 3066 vel
694 3034 785 3072 aliqua
803 3034 837 3064 de
855 3033 1012 3073 praediCtis,
1031 3037 1059 3065 in
1069 3037 1206 3075 generali,
1225 3040 1267 3069 vel

209 3077 319 3115 speciali
333 3100 342 3115 ,
359 3085 456 3106 contra
472 3075 560 3112 ipsum
576 3074 736 3104 Dominum
755 3072 864 3111 Regem
878 3095 887 3110 ,
913 3071 1028 3102 Curiam
1041 3097 1051 3112 ,
1076 3074 1121 3105 seu
1140 3074 1267 3107 Gentem

208 3117 283 3147 suam
293 3138 303 3154 ,
321 3116 366 3146 vel
381 3115 501 3152 aliquam
516 3113 680 3150 singularem
696 3111 838 3149 personam
853 3110 888 3140 de
902 3110 1011 3147 Regno
1024 3112 1204 3151 su0,nullam
1214 3116 1270 3144 im-

208 3155 378 3193 perpetuum
401 3153 491 3183 facere
507 3174 516 3190 ,
542 3151 586 3181 vel
600 3160 747 3188 procurare
768 3148 844 3187 quod
858 3148 920 3187 fiat,
939 3148 983 3179 vel
1001 3150 1133 3181 inferatur
1151 3151 1269 3192 injuria,

208 3194 253 3223 vel
268 3191 383 3223 Offensa
398 3190 474 3221 realis
488 3189 532 3220 vel
548 3188 710 3228 personalis,
727 3187 829 3218 Petitio
838 3210 848 3226 ,
865 3187 910 3218 vel
926 3185 1099 3227 Requisitio,
1117 3189 1271 3230 Detentio,

209 3233 253 3262 vel
270 3231 404 3262 Arestatio
416 3229 561 3268 personalis
576 3228 620 3257 vel
635 3227 721 3257 realis.
850 3264 854 3269 .
951 3264 956 3269 .

249 3269 301 3308 Et,
319 3269 353 3300 ad
369 3270 503 3306 majorem
519 3267 599 3305 ipsius
613 3267 699 3302 regiae
718 3263 868 3302 Majestatis
876 3262 1105 3303 Gratimdinern‚
1122 3266 1156 3296 δε
1171 3266 1271 3297 [1th-

212 3309 292 3337 votio
306 3309 336 3337 in
345 3307 522 3347 januensibus
535 3304 680 3342 amplietur
695 3303 728 3333 ad
745 3304 830 3341 ipsam
850 3304 956 3339 regiam
984 3302 1183 3342 Magestatem,
1201 3306 1272 3337 dieti

214 3345 342 3384 Sindici,
360 3345 496 3382 Acitores,
513 3345 545 3374 ὃς
561 3343 770 3379 Procuratores,
788 3351 821 3371 ex
836 3341 918 3370 causis
928 3341 1127 3380 pi·aedi&is,&
1141 3353 1193 3380 pro
1202 3354 1273 3381 prae—

215 3383 298 3412 dictis
307 3406 314 3420 ,
325 3384 515 3422 promiserunt,
523 3381 688 3418 Sindicario,
698 3380 817 3410 Adiorio
825 3403 833 3416 ,
841 3380 873 3409 &
883 3378 1193 3411 Procuratorionomine
1200 3392 1273 3419 prae-

215 3421 313 3459 dieto,
331 3421 505 3458 solempniter
517 3421 596 3451 dicio
616 3419 747 3450 Domino
768 3417 845 3447 Duci
865 3418 897 3447 &
918 3417 996 3447 dicto
1014 3418 1062 3447 suo
1076 3418 1212 3450 Concilio
1226 3420 1273 3450 sti-

216 3459 370 3497 pulantibus
390 3460 421 3489 &
443 3459 638 3496 recipientibus
653 3480 663 3495 ,
693 3457 810 3486 nomine
833 3465 865 3485 ac
886 3456 951 3485 vice
975 3454 1094 3485 Galuani
1115 3457 1274 3497 Embroni,

217 3498 383 3528 Barnabonis
397 3497 431 3527 de
447 3497 593 3531 Nearono
603 3520 611 3535 ,
629 3495 787 3526 Lanfranici
808 3493 988 3524 Drizaconiae
1004 3518 1013 3531 ,
1031 3494 1131 3525 Casani
1145 3495 1180 3526 de
1195 3496 1276 3535 Mai,

222 3535 408 3566 Lombardini
424 3534 458 3564 de
473 3534 564 3572 Man,
578 3535 712 3573 joliannis
726 3533 877 3569 Tarigini,
888 3531 1012 3561 Leonelli
1027 3531 1276 3572 Marruffi,Ober-

219 3576 240 3604 ti
253 3574 288 3604 de
306 3572 450 3609 Benenfia,
470 3573 543 3602 Raffi
557 3574 592 3602 de
606 3572 781 3608 Gentilibus,
796 3572 828 3602 &
845 3569 917 3599 Petri
932 3569 1045 3607 Specie,
1062 3580 1096 3600 ex
1111 3570 1276 3604 Patronis&

221 3611 427 3642 Mercatoribus
442 3610 496 3641 Sex
512 3610 660 3640 Galeamm
677 3609 831 3646 grossarum
846 3631 856 3647 ,
878 3618 941 3646 quae
962 3608 1071 3638 onustae
1093 3608 1279 3642 Mercationi-

222 3650 274 3679 bus
289 3650 321 3679 ὃς
333 3651 429 3687 rebus,
448 3649 605 3684 navigando
618 3648 652 3677 de
672 3649 791 3685 partibus
801 3647 898 3686 januae
912 3645 946 3676 ad
968 3655 1058 3683 partes
1073 3646 1225 3686 Flandriae,
1242 3650 1278 3680 de

221 3697 296 3718 anno
308 3696 432 3717 currente
447 3686 483 3717 M
488 3686 618 3722 illesimo,
637 3686 876 3723 Trescentesimo,
893 3685 1131 3724 Qadragesimo,
1148 3687 1183 3717 de
1191 3686 1278 3717 Men-

223 3726 249 3756 se
266 3725 450 3762 septenbris,
468 3723 584 3762 Captae,
602 3723 786 3762 Combustae,
804 3724 837 3754 δε
853 3723 1010 3754 Derobatae
1024 3722 1136 3755 fuerunt
1148 3726 1177 3754 in
1197 3727 1277 3762 parti-

224 3764 275 3792 bus
291 3763 450 3800 Britanniae,
468 3765 495 3792 in
518 3764 584 3792 loco
599 3762 645 3798 qui
667 3760 773 3791 decitur
786 3762 895 3799 Breste,
911 3772 959 3799 per
981 3762 1118 3800 quandam
1132 3764 1277 3794 Armatam

224 3801 353 3831 Navium
369 3800 465 3837 Regni
482 3800 604 3830 Domini
619 3799 704 3836 Regis
719 3799 862 3835 praediffi,
882 3810 932 3836 pro
939 3800 1026 3837 seipsis
1041 3801 1074 3831 ὃς
1088 3803 1203 3831 nomine
1210 3801 1279 3832 alio-

223 3849 286 3870 rum
300 3837 480 3868 Patre-norum
496 3840 528 3868 δε
544 3838 739 3868 Mercatorum
749 3859 757 3873 ,
776 3838 821 3873 qui
836 3837 997 3874 Depraedati
1009 3838 1117 3870 fuerunt
1130 3841 1157 3869 in
1171 3838 1278 3876 Captu-

224 3877 256 3907 ra
270 3877 301 3906 ἃ
317 3875 509 3906 Derobatione
526 3876 681 3914 praedietis,
698 3875 730 3904 &
744 3875 910 3917 Haei·edibus
929 3886 1046 3915 eorum,
1064 3877 1107 3907 vel
1129 3877 1277 3908 Successo-

221 3916 313 3951 ribus,
331 3914 394 3943 dare
407 3916 439 3944 ἃ
454 3914 574 3952 solvere,
593 3915 625 3944 &
639 3912 718 3951 quod
735 3912 824 3942 didius
847 3913 990 3944 Dominus
1009 3914 1072 3945 Rex
1091 3915 1211 3946 dabit&
1225 3915 1276 3945 sol-

222 3962 286 3992 vet,
304 3962 355 3991 pro
367 3952 472 3991 integra
487 3952 622 3985 solutione
643 3952 676 3984 ὅ(
698 3951 881 3983 satisfactione
898 3951 1098 3991 Dampnorum
1123 3954 1275 3993 praedieto-

1286 300 1427 338 lingorum
1447 301 1589 332 bonorum
1610 303 1647 333 de
1670 302 1794 340 Anglia,
1812 302 1868 330 sive
1886 299 2062 338 Quindecim
2081 297 2164 328 Milia
2185 296 2352 328 Marcarum

1285 337 1491 374 Sterlingorum
1511 339 1655 380 Argenti,
1677 340 1713 371 ad
1733 348 1891 370 commune
1910 337 2063 368 Marchum
2081 335 2192 375 Angliae
2207 357 2218 373 ‚
2245 336 2276 366 in
2298 334 2367 370 una,

1304 384 1361 407 arte

1285 386 1304 414 Ρ
1326 399 1489 452 Ᾱεέῑίαιτι,
1504 414 1606 446 eisdem
1622 415 1754 447 Domino
1768 416 1847 447 Duci
1867 416 1900 446 &
1917 413 2054 444 Concilio
2073 412 2284 452 stipulantibus,
2299 421 2354 443 no-

1290 453 1369 482 mine
1382 452 1493 482 &vice
1504 453 1584 492 Juani
1605 454 1724 485 Luciani
1737 478 1747 494 ,
1770 455 1842 486 olim
1864 454 1978 484 Patroni
1999 450 2141 490 cujusdam
2162 450 2275 490 Cochae
2297 451 2354 483 five

1290 490 1404 528 Navis,
1419 497 1483 530 quae‘
1498 492 1533 521 de
1554 502 1629 522 anno
1646 494 1773 524 currente
1796 491 1966 530 Millesimo,
1984 489 2229 529 Trescentesimo,
2245 488 2357 522 Vicefi-

1291 538 1341 558 mo
1357 530 1468 566 primo,
1486 529 1523 559 de
1537 530 1633 560 mense
1648 530 1803 570 OEtobris,
1822 539 1902 569 capta
1919 530 1971 561 fuit
1985 530 2014 559 in
2028 529 2148 567 partibus
2164 529 2275 568 Angliae
2288 551 2298 567 ,
2322 529 2354 558 in

1291 575 1373 605 portu
1389 568 1435 605 qui
1450 567 1551 597 dicitur
1569 568 1742 608 Saiidwych,
1760 580 1807 606 per
1822 571 1968 599 Armatam
1983 567 2114 598 Navium
2137 567 2216 605 ipsius
2232 567 2356 597 Domini

1293 605 1397 642 Regis,
1416 606 1449 636 ὃς
1468 607 1587 636 nomine
1601 607 1633 636 &
1651 608 1715 636 vice
1734 607 1930 638 Mercatorum
1948 606 2145 646 januensium,
2162 607 2229 644 qui,
2246 613 2357 644 tempo-

1290 653 1321 673 re
1339 643 1501 681 Captionis,
1519 645 1547 674 iii
1565 645 1625 682 ipsa
1643 644 1746 675 Cocha
1760 644 1947 676 Mercationes
1963 645 2121 684 habebant,
2137 645 2172 676 &
2189 645 2236 682 qui
2247 644 2275 673 in
2289 653 2358 680 cap-

1291 682 1350 712 tura
1363 682 1451 712 diCtae
1463 682 1576 713 Cocliae
1588 682 1779 720 darnpnificati
1793 682 1919 721 fuerunt,
1935 693 1987 721 pro
1999 685 2105 721 integra
2120 683 2258 714 solutione
2271 682 2304 712 &
2317 681 2358 711 sa-

1292 720 1450 750 tisfactione
1469 721 1611 751 diciorum
1630 721 1829 759 Dampnorum
1858 719 1972 751 Cochae
1994 722 2153 762 praedietae,
2171 722 2236 752 dare
2253 721 2286 751 &
2304 720 2357 750 sol-

1293 769 1357 789 vere
1373 782 1382 797 ,
1410 760 1443 789 &
1461 760 1539 798 quod
1560 759 1650 790 dictus
1669 760 1812 790 Dominus
1828 758 1893 789 Rex
1909 758 1988 789 dabit
2007 761 2040 790 &
2057 760 2144 790 solvet
2157 781 2168 797 ,
2183 761 2214 789 in
2233 758 2356 789 modum

1295 798 1343 834 qui
1359 797 1491 835 sequitur,
1510 797 1675 828 Mercarum
1696 798 1901 834 sterlingorum
1921 798 2053 835 argenti,
2071 798 2106 828 ad
2123 797 2275 828 Marchum
2295 797 2357 827 An-

1296 835 1363 872 gliae
1399 835 1480 865 Octo
1496 835 1578 866 Milia
1595 846 1647 874 pro
1665 838 1776 874 integra
1792 836 1976 867 satisfactione
1998 837 2082 866 totius
2105 834 2231 874 Dampni
2247 835 2357 866 Cochae

1295 858 1439 913 praed'ietae
1457 874 1490 904 &
1506 873 1719 913 Mercationum
1735 876 1763 905 in
1780 875 1836 912 ipsa
1853 883 2015 915 captarum,

1334 912 1464 950 Qiarum
1481 913 1680 950 quantitatum,
1696 913 1729 944 &
1744 913 1889 951 cujussibet
1903 923 2015 952 earum,
2032 913 2131 944 solutio
2150 911 2207 943 fieri
2218 913 2317 943 debeat
2328 914 2359 943 in

1303 952 1423 981 modum
1448 951 1523 981 liunc
1542 952 1551 987 (
1562 951 1705 988 videlicet)
1727 951 1805 989 quod
1830 952 1880 989 ipsi
1907 951 2113 990 Dampnificati
2129 953 2162 982 &
2180 951 2359 989 reciperede-

1299 989 1410 1026 bentes,
1428 988 1463 1019 de
1478 989 1576 1026 quibus
1590 989 1778 1027 supradietum
1791 990 1848 1028 est,
1865 989 2004 1021 diotarum
2019 991 2073 1021 Sex
2082 990 2247 1028 Galearum,
2267 990 2300 1021 &
2316 990 2360 1020 di-

1297 1027 1353 1058 &ae
1369 1027 1497 1066 Coclite,
1515 1028 1547 1058 ὃς
1561 1038 1658 1059 eorum
1678 1027 1832 1066 HaeredeS,
1856 1028 1902 1058 vel
1918 1028 2092 1060 Successores
2107 1052 2117 1068 ,
2143 1040 2203 1067 pro,
2210 1029 2287 1059 dicta
2305 1029 2362 1059 So-

1297 1065 1402 1096 lutione
1425 1066 1545 1096 habeant
1565 1067 1597 1096 ὃ(
1619 1067 1772 1105 percipiant
1796 1065 1965 1105 Custumas,
1981 1068 2014 1098 &
2033 1078 2133 1098 omnes
2149 1067 2342 1098 Praestitiones

1298 1114 1360 1141 quae
1375 1114 1424 1142 per
1444 1104 1589 1144 januenses
1608 1105 1682 1143 ipsos
1697 1104 1922 1143 Dampnificatos
1933 1127 1944 1143 ,
1968 1105 2012 1136 seu
2029 1116 2128 1138 eorum
2145 1106 2298 1145 Haeredes,
2316 1115 2352 1137 ve

1296 1142 1433 1180 aliquem,
1451 1143 1495 1172 vel
1513 1144 1617 1181 aliquos
1637 1154 1669 1174 ex
1690 1144 1728 1174 eis
1741 1166 1751 1182 ,
1776 1144 1820 1174 seu
1835 1143 1920 1174 alium
1935 1167 1945 1182 ,
1967 1143 2012 1174 vel
2033 1144 2099 1175 alios
2114 1155 2165 1183 pro
2179 1147 2233 1184 eis,
2250 1146 2296 1177 vel
2311 1145 2362 1175 ali-

1296 1191 1372 1218 quo,
1387 1182 1431 1211 vel
1448 1182 1582 1219 aliquibus
1598 1191 1631 1211 ex
1645 1183 1698 1220 eis,
1715 1183 1842 1213 intrantes
1856 1183 1885 1212 in
1900 1181 2021 1213 Insulam
2038 1183 2072 1213 &
2085 1182 2222 1222 Regnum
2234 1183 2343 1223 Angliae
2353 1206 2363 1221 ,

1297 1220 1331 1249 &
1349 1219 1462 1250 Totum
1479 1219 1560 1252 Posse
1573 1220 1652 1251 suum
1665 1220 1742 1259 quod
1755 1231 1831 1251 nunc
1847 1220 1984 1261 possidet,
1999 1221 2044 1252 seu
2065 1231 2118 1259 pro
2133 1230 2260 1261 tempore
2277 1221 2361 1260 polsi—

1296 1257 1392 1297 debit,
1411 1258 1532 1297 praestari
1548 1258 1690 1290 debebunt
1698 1269 1750 1298 pro
1768 1260 1786 1279 ²³¹²
1801 1269 1903 1290 eorum
1921 1259 2018 1290 Rebus
2031 1260 2065 1290 &
2081 1259 2227 1290 Mercibus
2243 1260 2308 1291 illuc
2316 1260 2360 1290 di-

1297 1296 1372 1334 latis,
1390 1297 1423 1327 &
1444 1307 1506 1335 quae
1530 1307 1578 1335 per
1600 1297 1671 1335 ipsos
1685 1320 1694 1336 ,
1719 1298 1764 1328 vel
1785 1299 1923 1336 aliquem,
1941 1298 1986 1328 seu
2007 1299 2112 1336 aliquos
2126 1308 2160 1328 ex
2176 1299 2231 1336 eis,
2249 1298 2294 1329 vel
2307 1308 2359 1336 pro

1298 1336 1336 1365 eis
1371 1335 1415 1365 vel
1432 1336 1525 1373 aliquo
1535 1359 1544 1374 ,
1562 1335 1606 1366 seu
1621 1336 1754 1376 aliquibus
1769 1347 1802 1367 ex
1817 1339 1871 1375 eis,
1888 1336 2016 1367 exeundo
2030 1337 2063 1368 δε
2076 1337 2249 1368 extrahendo
2263 1336 2299 1367 de
2319 1339 2364 1374 ip-

1298 1373 1329 1404 so
1343 1357 1453 1411 Regno
1468 1374 1535 1404 solvi
1550 1374 1738 1417 debebunt&
1753 1375 1873 1418 praestari
1891 1376 1945 1413 (ita
1960 1375 2038 1413 quod
2053 1385 2105 1413 pro
2119 1375 2232 1415 Rebus,
2248 1375 2293 1406 vel
2311 1385 2363 1405 oc-

1298 1412 1406 1442 casione
1422 1412 1549 1451 Rerum,
1565 1412 1700 1452 aliorum,
1718 1423 1777 1444 non
1794 1415 1914 1452 possint,
1933 1413 2062 1444 intrando
2076 1414 2121 1444 vel
2143 1414 2289 1454 exeundo,
2313 1414 2363 1444 ali-

1299 1450 1366 1489 quid
1379 1459 1559 1490 computare,
1580 1451 1624 1482 vel
1646 1452 1826 1490 compensare
1841 1475 1850 1490 ,
1871 1453 1916 1483 vel
1929 1453 2061 1491 retinere,
2079 1454 2109 1483 in
2123 1452 2269 1484 Solutione
2289 1461 2364 1490 prae-

1298 1488 1395 1527 dicta)
1415 1490 1447 1521 ὅ(
1462 1490 1519 1521 hoc
1534 1489 1677 1531 quousque
1693 1490 1906 1529 Dampnificatis
1918 1491 2058 1529 praedictis
2077 1491 2113 1522 de
2128 1491 2190 1529 ipsis
2205 1491 2363 1530 quantitati-

1299 1529 1350 1559 bus
1365 1528 1448 1559 fuerit
1464 1530 1573 1566 integre
1588 1528 1753 1561 satisfactum
1767 1531 1796 1560 in
1812 1529 1932 1560 modum
1940 1529 2145 1567 supradictum·
2166 1540 2230 1568 quas
2245 1528 2363 1560 Praesta-

1299 1568 1404 1606 tiones,
1425 1568 1553 1598 intrando
1573 1568 1608 1598 &
1629 1570 1757 1600 exeundo
1770 1592 1780 1607 ,
1801 1567 1948 1608 januenses
1967 1567 2092 1606 praediffl
2106 1591 2116 1608 ,
2138 1554 2363 1607 ²Darnpnificati,

1300 1605 1403 1643 poffint
1433 1608 1548 1636 retinere
1568 1607 1601 1637 &
1624 1608 1803 1645 compensare
1831 1607 1904 1638 infra
1936 1606 2112 1637 Solutionem
2142 1607 2363 1646 supradictarum

1301 1644 1517 1683 Qantitatum,
1536 1645 1568 1675 &
1604 1646 1723 1684 uousque
1737 1647 1773 1677 de
1787 1647 1825 1677 eis
1839 1646 1920 1678 fuerit
1934 1647 1990 1676 inte
2011 1656 2037 1676 ra
2053 1645 2160 1676 Solutio
2175 1646 2258 1677 facita.

1323 1683 1383 1725 'Ac
1399 1684 1481 1713 etiam
1496 1684 1586 1722 promi
1599 1693 1679 1714 erunt
1690 1685 1815 1723 Sindici,
1835 1685 1974 1722 Αᾶοτεε,
1991 1654 2188 1716 Procuratores
2194 1708 2204 1724 ,
2222 1686 2255 1716 &
2275 1683 2365 1716 Nun-

1302 1722 1339 1750 cii
1354 1721 1498 1760 praedicti,
1515 1722 1599 1752 dictis
1629 1721 1762 1753 Domino
1784 1723 1867 1754 Duce
1887 1723 1920 1754 &
1936 1721 2072 1754 Concilio
2087 1722 2293 1762 stipulantibus,
2311 1734 2364 1753 no-

1303 1760 1425 1790 minibus
1438 1761 1539 1800 quibus
1552 1761 1647 1800 supra,
1665 1762 1745 1799 quod
1759 1761 1851 1792 dietus
1863 1760 2009 1792 Dominus
2024 1760 2104 1799 Rex,
2121 1762 2154 1792 &
2169 1761 2364 1801 Haeredes,&

1302 1797 1480 1828 Succeffores
1494 1799 1573 1837 ipfius
1581 1822 1591 1838 ,
1609 1803 1750 1839 quousque
1764 1800 1839 1830 dieta
1854 1801 1963 1837 integra
1978 1799 2086 1832 Solutio
2098 1799 2173 1831 faeta
2184 1800 2266 1831 fuerit
2279 1800 2315 1831 de
2321 1800 2365 1831 su-

1303 1837 1449 1876 pradiCtis,
1467 1847 1525 1867 non
1542 1839 1687 1877 imponet,
1705 1849 1759 1869 nec
1775 1840 1885 1876 imponi
1900 1839 1998 1876 faciet,
2014 1838 2057 1868 vel
2066 1839 2222 1877 permittet,
2240 1840 2268 1869 in
2283 1838 2367 1876 Reg-

1302 1885 1341 1905 no
1356 1874 1404 1906 suo
1420 1876 1558 1913 praeditsto
1571 1876 1703 1915 Angli-x,
1720 1877 1763 1907 vel
1779 1876 1868 1915 aliqua
1885 1886 1960 1914 parte
1974 1876 2070 1914 ipsius,
2089 1877 2133 1907 vel
2148 1877 2178 1907 in
2193 1887 2228 1908 eo
2245 1878 2319 1916 quod
2329 1879 2367 1908 de

1303 1922 1407 1943 caetero
1421 1915 1591 1952 acquireret,
1605 1915 1803 1953 januensibus,
1821 1915 1899 1952 super
1913 1915 2011 1945 Rebus
2020 1915 2367 1954 Januensium,Danipni-

1302 1951 1448 1982 ficatorum
1459 1975 1468 1990 ,
1487 1954 1615 1983 intrando
1648 1953 1763 1991 stando,
1779 1953 1825 1983 vel
1840 1953 1982 1991 exeundo,
1999 1953 2066 1984 ultra
2080 1963 2165 1991 quam
2175 1955 2367 1985 communiter

1302 1990 1359 2020 aliis
1373 1990 1531 2030 Eirtraneis,
1548 2001 1606 2021 non
1622 1976 1804 2030 Regnicolis,
1822 1993 1984 2029 imponetur
1998 2001 2048 2029 pro
2069 1991 2206 2022 Custuma
2220 2015 2230 2031 ,
2255 1993 2300 2023 vel
2312 1993 2367 2023 alio

1303 2028 1415 2066 Onere,
1433 2039 1529 2060 eorum
1545 2028 1787 2067 Mercaturarum,
1803 2030 1934 2060 intrando
1947 2052 1957 2067 ,
1978 2029 2095 2069 stando,
2114 2029 2157 2060 seu
2168 2030 2314 2070 exeundo,
2331 2031 2369 2062 set

1303 2068 1331 2096 in
1347 2066 1508 2106 Custumis,
1525 2068 1558 2099 &
1574 2068 1630 2098 aliis
1646 2068 1806 2106 Oneribus,
1824 2068 1995 2105 impositis&
2010 2068 2188 2105 imponendis
2202 2068 2301 2100 Rebus
2309 2069 2368 2099 Ex-

1303 2113 1479 2145 traneorum,
1499 2105 1626 2136 intrando
1664 2106 1778 2145 stando,
1797 2108 1830 2137 &
1847 2106 1990 2144 exeundo,
2008 2116 2031 2136 :e
2052 2107 2145 2136 ualiter
2155 2107 2304 2145 januenses
2316 2116 2370 2139 tra-

1305 2143 1453 2212 {rabuntur
1468 2155 1517 2183 per
1530 2144 1617 2183 ipsum
1664 2147 1797 2176 ominum
1815 2144 1933 2183 Regem
1948 2167 1958 2184 ,
1982 2145 2015 2176 &
2064 2146 2171 2184 uriam,
2189 2146 2222 2176 δε
2244 2145 2369 2178 Officia-

1315 2193 1342 2214 es
1358 2184 1446 2222 ipsius.

1342 2222 1397 2261 Et,
1416 2232 1446 2255 ut
1461 2223 1664 2262 Dampnificati
1677 2224 1822 2263 praedicti,
1841 2223 1874 2255 &
1895 2223 1938 2254 alii
1958 2222 2102 2261 Januenses
2115 2247 2124 2263 ,
2150 2224 2251 2262 poffint
2273 2225 2368 2256 secure

1305 2260 1340 2290 ad
1356 2262 1464 2293 dicium
1479 2262 1614 2300 Regnum
1628 2264 1740 2301 Angliae
1761 2266 1910 2301 accedere,
1928 2263 1978 2299 ipfi
2001 2263 2124 2300 Sindici,
2143 2264 2277 2300 lictores,
2296 2263 2371 2294 Pro-

1305 2309 1460 2339 curatores,
1479 2302 1511 2332 &
1529 2301 1638 2332 Nuncii
1652 2301 1758 2340 Regii,
1775 2312 1808 2332 ex
1823 2301 1906 2332 causis
1923 2300 2078 2339 praedictis,
2096 2301 2129 2331 &
2143 2311 2195 2339 pro
2209 2302 2373 2340 praediffis,

1305 2338 1438 2369 dederunt
1458 2362 1467 2376 ,
1493 2340 1526 2369 δε
1543 2340 1761 2379 concesserunt,
1785 2341 1818 2371 &
1840 2340 1906 2370 dant
1920 2340 1953 2370 &
1967 2341 2147 2378 concedunt,
2171 2341 2220 2378 ipfi
2235 2340 2368 2371 Domino

1307 2376 1386 2407 Duci
1398 2379 1431 2409 ὃς
1449 2378 1603 2416 Concilio,
1621 2381 1740 2410 nomine
1755 2378 1924 2409 Communis
1933 2378 2028 2416 Januae
2043 2379 2256 2416 recipientibus,
2272 2389 2305 2409 ac
2315 2389 2369 2409 no-

1308 2416 1383 2445 mine
1399 2419 1432 2448 &
1450 2418 1514 2447 vice
1528 2419 1659 2447 omnium
1672 2417 1704 2448 &
1719 2417 1895 2454 singulorum
1908 2415 2088 2454 januensium
2103 2416 2368 2448 &Distric‘tualium

1303 2453 1401 2491 Januae
1410 2479 1418 2492 ,
1436 2455 1553 2486 liberam
1569 2455 1752 2486 Securitatem
1769 2456 1802 2486 &
1816 2455 1962 2486 Fiduciam
1976 2456 2004 2484 in
2018 2453 2143 2485 Personis
2156 2455 2292 2486 &Rebus
2300 2466 2370 2487 eun-

1305 2492 1335 2522 di
1351 2493 1384 2523 ad
1400 2494 1538 2529 Regnum
1555 2494 1723 2530 przeditstum
1740 2494 1876 2532 Angliae,
1894 2494 1926 2524 &
1942 2493 1975 2522 ad
1990 2493 2089 2522 Terras
2112 2493 2192 2532 ipsius
2205 2493 2303 2530 Regni
2320 2504 2369 2525 ac-

1307 2532 1428 2570 quisitas,
1446 2534 1479 2563 &
1492 2532 1669 2570 acquirendas
1690 2532 1726 2562 de
1748 2541 1851 2563 caetero
1872 2541 1920 2569 per
1942 2531 2031 2569 ipsum
2054 2530 2218 2562 Dominum
2246 2532 2361 2570 Regem

1306 2571 1401 2607 ibique
1415 2581 1525 2601 moram
1545 2571 1665 2608 trahere,
1684 2570 1752 2601 stare
1767 2594 1776 2608 ,
1799 2571 1831 2601 ὃς
1852 2570 2005 2607 negotiari,
2022 2569 2055 2599 &
2079 2571 2222 2608 merciari,
2240 2571 2272 2601 δε
2292 2571 2371 2610 inde,

1307 2609 1435 2639 recedere
1449 2619 1515 2640 cum
1532 2608 1629 2639 Rebus
1642 2609 1730 2640 libere
1745 2610 1777 2640 &
1791 2609 1903 2646 secure,
1921 2618 1975 2646 pro
1990 2607 2071 2638 libito
2086 2608 2250 2648 voluntatis,
2268 2609 2370 2648 absque

1305 2647 1397 2684 aliquo
1412 2647 1620 2686 Impedirnento
1635 2648 1696 2678 reali
1711 2648 1754 2677 vel
1768 2648 1909 2687 personali.

1343 2686 1454 2724 insuper
1470 2688 1553 2717 etiam
1567 2686 1658 2716 dietus
1671 2685 1814 2716 Dominus
1835 2686 1915 2723 Rex,
1936 2684 2002 2715 Dux
2024 2685 2057 2716 ἃ
2071 2684 2182 2716 dietum
2205 2687 2262 2725 ejus
2284 2685 2367 2717 Con—

1306 2725 1422 2763 cilium,
1441 2736 1492 2764 pro
1513 2725 1652 2762 praedictis
1665 2747 1674 2762 ,
1692 2726 1724 2755 Sc
1741 2735 1792 2762 pro
1814 2724 1987 2761 infrascriptis
1999 2746 2008 2761 ,
2034 2732 2067 2753 ex
2086 2725 2170 2754 caulis
2190 2724 2368 2763 supradietis,

1306 2765 1490 2800 promiserunt
1522 2765 1554 2793 &
1578 2772 1768 2793 convenerunt
1799 2763 1883 2793 dictis
1903 2762 2023 2793 Sindicis
2038 2785 2048 2800 ,
2074 2762 2242 2801 ActoribuS,
2260 2763 2367 2794 Procu-

1307 2804 1458 2841 rator-ibus,
1478 2804 1511 2834 &
1527 2801 1653 2831 Nunciis
1669 2801 1770 2838 Regiis
1785 2801 1937 2839 abstinere,
1953 2801 1986 2831 &
2001 2800 2076 2838 quod
2094 2800 2260 2831 Commune
2271 2801 2368 2840 januae

1306 2841 1471 2879 abstinebit,
1489 2843 1523 2871 ab
1535 2839 1732 2870 offensionibus
1747 2840 1868 2869 Domini
1886 2840 1971 2876 Regis
1986 2838 2113 2876 praedicti
2128 2839 2162 2868 &
2179 2838 2278 2869 Gentis
2293 2840 2347 2870 suae
2368 2863 2379 2879 ,

1305 2889 1337 2909 ac
1355 2880 1469 2910 statuere
1483 2881 1515 2910 δε
1531 2879 1660 2908 ordinare
1676 2878 1753 2916 qubd
1769 2877 1936 2908 Commune
1946 2877 2042 2915 januae
2055 2876 2088 2906 &
2103 2876 2226 2913 personae
2241 2877 2368 2909 Subditae

1305 2918 1354 2955 ipsi
1371 2918 1533 2948 Communi
1548 2917 1726 2946 abstinebunt
1748 2917 1783 2946 ab
1803 2915 2025 2984 iprum-Domini
2045 2913 2134 2949 Regis
2148 2915 2180 2944 ὃ(
2197 2914 2297 2945 Gentis
2312 2916 2367 2947 suae

1307 2955 1431 2995 offensa,
1450 2958 1481 2988 &
1498 2957 1523 2987 se
1539 2965 1607 2985 cum
1621 2954 1744 2985 Inimico
1756 2954 1800 2984 vel
1850 2954 1957 2991 imicis,
1975 2962 2060 2995 quem
2076 2952 2109 2982 &
2126 2962 2195 2990 quos
2210 2953 2311 2992 habet,
2322 2956 2364 2984 vel

1306 2996 1334 3025 in
1350 2996 1473 3026 futurum
1492 2994 1620 3031 haberet,
1637 2993 1715 3030 iplius
1727 2991 1848 3022 Domini
1866 2991 1954 3028 Regis
1967 3001 2025 3020 non
2041 2990 2146 3028 ligare,
2165 2991 2207 3021 vel
2217 2992 2366 3023 confoede-

1305 3044 1378 3071 rare,
1396 3036 1425 3063 in
1441 3034 1519 3071 ipsius
1534 3031 1657 3061 Domini
1674 3030 1763 3067 Regis
1777 3053 1786 3068 ,
1814 3030 1909 3067 Regni
1925 3052 1935 3068 ,
1959 3028 2005 3059 vel
2020 3027 2121 3058 Gentis
2142 3028 2195 3059 suae
2217 3029 2367 3069 Injuriam,

1306 3072 1473 3108 Offensum,
1495 3072 1547 3101 live
1564 3070 1746 3106 Danipnum:
1767 3070 1799 3100 &
1813 3070 1897 3098 etiam
1909 3069 2001 3098 facere
2020 3067 2052 3097 &
2073 3076 2167 3097 curare
2181 3069 2259 3105 quod
2271 3069 2368 3106 aliquis

1306 3111 1495 3142 Distrizffmalis
1508 3108 1586 3147 ipsius
1601 3107 1770 3138 Communis
1785 3130 1794 3144 ,
1816 3117 1864 3144 per
1887 3105 1968 3136 Mare
1983 3128 1992 3144 ,
2016 3104 2130 3148 vel'per
2145 3105 2282 3144 Terram,
2297 3118 2365 3138 cum

1308 3150 1412 3187 Soldo,
1431 3148 1474 3179 vel
1491 3149 1562 3184 sine,
1581 3156 1639 3176 non
1654 3147 1703 3175 erit
1717 3145 1750 3175 ad
1767 3144 1846 3182 ipsius
1862 3144 1984 3175 Domini
2000 3142 2102 3182 Regis,
2120 3143 2166 3172 vel
2181 3143 2275 3183 Regni
2295 3147 2366 3184 ejus,

1308 3187 1439 3226 Injuriam
1455 3187 1499 3217 vel
1521 3184 1666 3215 Offensim
1680 3206 1689 3222 ,
1713 3183 1763 3213 sub
1780 3184 1876 3213 Poenis
1896 3183 2007 3225 arduis,
2032 3191 2080 3220 per
2095 3180 2263 3225 Commune
2271 3183 2368 3222 januce

1307 3226 1502 3264 imponendis,
1517 3224 1551 3254 &
1565 3234 1579 3253 a
1600 3221 1870 3253 Contrafacientibus
1884 3245 1893 3258 ,
1918 3231 1934 3251 a
1950 3221 2049 3258 quibus
2068 3228 2167 3256 poterit
2181 3243 2190 3258 ,
2207 3222 2366 3257 exigendis:

2381 1253 2514 1288 *Vq-725

1310 3265 1355 3295 Ac
1371 3266 1455 3294 etiam
1470 3264 1547 3301 quod
1562 3269 1658 3291 contra
1674 3260 1804 3290 Personas
1817 3260 1850 3290 &
1866 3259 1943 3289 Bona
1958 3258 2230 3288 Contrafacientium
2241 3260 2366 3291 efficaci-
2417 3268 2422 3280 “

1309 3311 1348 3333 ter
1363 3301 1557 3340 procederetur
1572 3301 1648 3338 juxta
1664 3298 1863 3328 Ordinationes
1874 3298 1907 3329 &
1920 3306 2067 3335 poenarum
2085 3294 2276 3333 Impositiones
2296 3309 2367 3336 prae-

1309 3341 1413 3379 dietas,
1428 3350 1488 3370 non
1501 3349 1594 3369 tamen
1612 3346 1754 3376 propterea
1771 3336 1937 3366 Commune
1952 3343 2074 3366 teneatur
2086 3334 2131 3364 vel
2145 3334 2303 3372 obligatum
2320 3338 2367 3375 sit,

1309 3379 1353 3411 vel
1367 3380 1397 3409 in
1413 3379 1534 3409 Poenam
1547 3376 1668 3414 aliquam
1683 3376 1856 3413 committat,
1872 3382 1984 3411 propter
1994 3372 2103 3402 faeturn
2125 3373 2169 3402 vel
2185 3375 2368 3405 commissum

1309 3418 1462 3455 aliquarum
1475 3415 1644 3453 singularum
1660 3413 1854 3452 perionarum,
1871 3413 1908 3442 set
1921 3411 2037 3442 sufficiat
2051 3410 2130 3448 quod
2146 3409 2311 3443 Commune
2325 3415 2368 3451 ip-

1309 3456 1369 3486 sum
1383 3457 1411 3486 in
1428 3454 1666 3486 Contrafaciemes
1680 3451 1812 3490 procedat
1828 3452 1904 3489 juxta
1924 3449 2124 3480 Ordinationes
2141 3450 2286 3487 praedictas
2303 3451 2371 3481 fien-

1312 3494 1358 3524 das
1392 3496 1425 3525 &
1443 3501 1525 3532 prout
1538 3493 1581 3530 jus
1594 3491 1724 3521 suadebit.

1353 3517 1385 3562 lit
1394 3554 1403 3569 ,
1418 3532 1496 3562 versa
1508 3532 1589 3567 vice,
1606 3529 1696 3559 didius
1718 3527 1859 3557 Dominus
1881 3527 1945 3556 Rex
1966 3536 2024 3556 non
2040 3526 2244 3558 confoederabit
2258 3527 2284 3557 se
2300 3537 2367 3558 cum

1311 3570 1404 3608 aliquo
1420 3570 1545 3600 Inimico
1559 3567 1731 3598 Communis
1741 3566 1855 3605 januae,
1873 3565 1909 3595 set
1923 3566 2082 3603 prohibebit
2097 3565 2226 3596 Subditos
2244 3564 2304 3595 suos
2320 3576 2369 3596 ve-

1313 3610 1373 3639 nire
1387 3617 1483 3638 contra
1499 3607 1664 3637 Commune
1672 3604 1770 3643 Januae
1779 3627 1789 3642 ,
1804 3613 1840 3634 eo
1855 3604 1943 3634 modo
1950 3614 2007 3641 quo
2016 3603 2178 3634 Commune
2190 3611 2295 3634 tenetur
2302 3614 2369 3641 pro-

1314 3648 1410 3677 hibere
1425 3647 1457 3677 &
1473 3647 1570 3683 punire
1585 3644 1661 3680 suOS,
1680 3651 1709 3673 ut
1722 3642 1909 3680 supradictum
1924 3643 1972 3672 est.

1353 3686 1430 3715 Αὸἲο
1443 3686 1528 3714 etiarn
1547 3691 1580 3713 ex
1606 3680 1722 3719 paeto:
1735 3681 1812 3718 quod
1835 3690 1893 3710 non
1907 3681 2078 3711 obstantibus
2096 3678 2318 3710 Remiffionibus
2335 3680 2369 3711 &

1316 3722 1537 3754 Liberationibus
1563 3720 1709 3750 antediffis
1731 3720 1763 3750 δε
1787 3718 1925 3756 praedictis
1938 3742 1948 3757 ,
1972 3719 2015 3749 vel
2037 3718 2129 3760 aliquo
2151 3716 2369 3757 praedictorum,

1314 3761 1393 3799 quod
1404 3761 1434 3790 in
1450 3760 1538 3797 gratia
1549 3759 1582 3789 &
1597 3758 1753 3796 provisione
1772 3758 1842 3788 dicti
1859 3757 1979 3787 Domini
2000 3756 2085 3794 Regis
2106 3763 2259 3792 remaneat,
2278 3755 2313 3785 de
2327 3757 2366 3787 sui

1310 3800 1481 3838 benignitate
1495 3799 1528 3828 &
1543 3797 1647 3834 gratia,
1664 3796 1808 3833 providere
1832 3795 1868 3833 (si
1887 3795 2058 3833 dignabitur,
2083 3793 2116 3822 δε
2132 3792 2151 3822 fi
2163 3792 2309 3836 placuerit)
2326 3796 2366 3826 sa.

1311 3837 1464 3869 tisfaetioni
1475 3835 1567 3873 totali,
1587 3834 1756 3873 particulari,
1774 3835 1818 3865 vel
1833 3833 1867 3865 ali
1888 3834 1953 3870 uali,
1972 3832 2030 3875 tarn
2043 3831 2160 3875 aliorum
2171 3830 2366 3872 janueniium,

1311 3886 1360 3914 per
1378 3875 1465 3913 ipsum
1481 3873 1646 3903 Dominum
1659 3872 1793 3911 Regem,
1809 3874 1838 3902 in
1891 3872 1945 3908 ari,
1962 3870 2006 3902 vel
2020 3879 2051 3900 in
2072 3869 2176 3907 Terra,
2197 3869 2240 3912 vel
2255 3879 2303 3906 per
2316 3871 2372 3903 Ar-

1313 3922 1417 3944 matam
1432 3913 1465 3943 &
1480 3911 1608 3943 Gentem
1621 3912 1711 3950 suam,
1736 3908 2012 3949 Dampnificatorum
2025 3929 2035 3946 ,
2059 3907 2145 3947 quarn
2160 3907 2196 3938 de
2210 3907 2293 3940 dietis
2310 3908 2373 3940 Ga-

1310 3952 1357 3983 leis
1373 3952 1406 3984 &
1419 3950 1529 3982 Cochi.
2334 3983 2360 4019 E
