2561 4251
228 167 305 207 108

103 288 189 325 1380.
224 299 301 321 antes
315 296 399 332 prout
412 287 504 318 decet.

73 327 128 361 Rip.
149 336 174 356 2.
264 327 298 359 In
313 336 405 364 cujus,
424 325 485 356 &c.
1103 364 1108 370 ·
1145 358 1149 361 .
1260 364 1265 369 1
1295 338 1300 342 ·

299 364 388 396 Teste
403 363 488 404 Rege
498 363 573 402 apud
586 362 879 396 westmonasterium
888 387 898 403 ,
916 362 1054 395 Secundo
1067 362 1127 395 Die
1140 363 1289 396 octobris.

957 442 1011 471 Per
1029 440 1183 472 Concilium.

68 581 85 598 ο
98 581 165 609 νη,
442 565 470 592 ὃ*
494 567 590 612 Super
605 567 752 599 Pinancia
768 568 891 600 Comitis
909 565 945 599 de
962 569 1075 601 Denia.

67 628 196 687 XngiD.
226 652 316 710 RE
327 651 357 683 X
374 674 384 690 ,
402 650 551 695 Uniyerljs
571 651 605 683 &
623 650 980 697 {ing-ulis'Vicecomitibus
1022 651 1182 692 Majoribus
1196 676 1206 692 ,
1224 653 1286 684 Bal-

90 695 173 734 1380.
300 692 360 723 livis
373 713 384 728 ,
403 689 543 720 Ministris
556 713 567 728 ,
584 690 618 721 ὃ(
637 690 697 721 aliis
715 689 856 723 Fidelibus
873 692 924 724 suis
937 715 947 732 ,
964 676 1003 723 aci
1017 701 1090 731 quos
1101 715 1112 732 ,
1136 694 1197 725 &c.
1235 692 1285 724 Sa-

65 737 162 800 {ruzi-4.
221 730 351 798 l[HSediiitis
369 766 467 806 quod,

64 814 162 846 Pat.4.
257 806 355 845 Cum,
373 806 491 836 dilectus
503 807 602 843 nobis,
619 805 766 845 Johannes
781 807 898 839 Schakel
906 832 916 848 ,
934 816 1048 849 propter
1062 809 1191 841 interesse
1204 808 1282 848 quod

63 853 92 876 R.
105 859 128 876 2.
137 856 162 885 p.
177 859 199 877 i.
220 846 356 876 habemus
369 845 400 874 in
414 844 504 884 Alfon
517 857 546 885 o,
556 845 620 887 filio
633 849 742 875 Comitis
756 847 788 876 de
803 850 897 885 Dene,

63 896 100 916 m.
120 888 164 916 18.
263 885 327 924 Qii
358 883 450 914 Obses
475 894 528 922 pro
553 883 692 921 praedicto
715 884 843 918 ,comite
868 886 951 917 Patre
978 886 1029 917 suo
1044 909 1054 924 ,
1083 896 1174 926 nuper
1208 887 1282 928 apud

216 923 327 992 Βείίίὶυιῃ
345 921 484 954 Nazarrae
502 924 533 953 in
552 922 679 962 Ispannia
694 932 780 962 capto
794 947 804 964 ,
827 926 857 955 in
881 924 1022 956 Custodia
1045 924 1116 956 dieti
1140 925 1283 965 Johannis

216 972 260 993 exi
289 971 310 993 it

254 986 354 1031 Nobis
371 1000 399 1029 in
421 1010 467 1031 ma
488 1001 529 1031 nis
548 999 738 1031 Pecuniarum
760 1001 903 1042 Summis,
917 1003 995 1040 quta
1014 1010 1122 1034 certam
1137 1003 1280 1035 Conven-

215 1040 344 1078 tionem,
363 1039 435 1069 inter
485 1049 518 1070 os
532 1039 566 1070 ὃς
585 1039 676 1077 ipsum
694 1039 870 1080 Johannem,
889 1041 968 1079 super
987 1040 1191 1074 deliberatione
1209 1043 1279 1074 dieti

214 1078 262 1109 Al
276 1078 345 1119 anfi,
365 1077 488 1117 factam,
504 1077 663 1117 solvendis,
678 1086 822 1118 teneatur,

288 1127 321 1147 os
1156 1142 1162 1151 .

251 1139 407 1193 Voleiites,
421 1164 459 1186 eo
478 1163 632 1195 praetextu,
653 1154 832 1187 Solutionem
853 1156 1039 1190 Summarum
1060 1159 1279 1200 praedictarum,

212 1195 284 1232 juxta
309 1193 546 1225 Conventionem
567 1194 733 1233 praedictam
751 1195 852 1227 Nobis
872 1196 1049 1236 faciendam,
1068 1208 1127 1236 prae
1138 1200 1277 1230 omnibus

211 1234 269 1262 aliis
291 1231 406 1263 Debitis
426 1233 549 1272 ejusdem
597 1233 726 1272 ohannis,
744 1235 918 1274 cuicumque
941 1236 986 1267 alii
1000 1236 1155 1277 solvendis,
1171 1240 1279 1269 ratione

210 1268 413 1311 Praerogativae
432 1272 538 1303 nostrae
590 1273 678 1311 egiae,
703 1281 734 1303 ut
753 1275 909 1313 convenit,
929 1274 1077 1314 anteferri,
1097 1277 1131 1307 &
1150 1287 1204 1315 pro
1227 1278 1278 1308 Se-

209 1312 329 1341 curitate
349 1309 431 1348 ipsius
450 1310 611 1350 Johannis,
629 1320 666 1341 ne
688 1310 738 1342 sibi
760 1312 850 1351 aliqua
863 1312 1022 1352 Violentia,
1042 1314 1178 1345 Arestum
1193 1340 1202 1355 ,
1220 1316 1278 1347 Di-

210 1349 320 1380 strietio
333 1371 343 1387 ,
366 1349 410 1379 seu
430 1348 716 1388 Imprisonamentum
765 1351 916 1383 occafione
939 1352 1055 1392 alicujus
1080 1353 1190 1385 alterius
1214 1354 1276 1386 De-

210 1389 284 1427 biti,
302 1388 437 1419 inferatur
451 1411 462 1427 ,
481 1398 534 1427 pro
554 1389 668 1427 propria
689 1375 896 1429 Indempnitate
916 1391 1028 1431 nostra,
1046 1392 1225 1432 prospicere,
1243 1402 1275 1425 ut

210 1437 340 1459 tenemur

247 1450 428 1504 Suscep'imus
452 1466 543 1504 ipsum
564 1465 725 1505 Johannem
740 1490 750 1506 ,
769 1466 914 1499 Homines
928 1491 937 1507 ,
954 1468 1058 1499 Terras
1071 1494 1080 1506 ,
1098 1468 1174 1509 Res,
1194 1470 1276 1502 Red-

209 1504 299 1543 ditus,
316 1506 350 1536 &
365 1515 468 1536 omnes
480 1505 668 1536 Posseffiones
681 1505 739 1536 suas
754 1507 784 1536 in
798 1506 1031 1547 protectionem,
1050 1507 1274 1548 Defensionem',

210 1545 245 1575 δε
261 1543 375 1574 Salvam
390 1543 528 1574 Gardiam
541 1543 649 1574 nostras
661 1544 806 1583 speciales,

250 1582 393 1613 Nolentes
413 1583 493 1621 quod
511 1582 589 1613 idem
607 1582 754 1622 Johannes
775 1584 808 1614 ad
824 1583 1056 1615 Prosecutionem
1071 1586 1201 1625 alicujus,
1220 1597 1272 1618 oc-

209 1621 322 1652 casione
343 1621 498 1659 aliquarum
518 1622 722 1659 Summarum,
741 1632 789 1660 per
811 1622 900 1661 ipsum
921 1625 1091 1662 cuicumque
1109 1626 1154 1656 alii
1164 1625 1273 1657 debita-

209 1670 293 1697 rum,
311 1659 429 1690 durante
449 1660 574 1701 praesenti
598 1660 783 1691 Proteetione
805 1660 916 1699 nostra,
938 1672 986 1699 per
1006 1662 1068 1693 Vos
1087 1663 1132 1694 seu
1148 1664 1272 1704 aliquem

209 1698 338 1729 vestrum
360 1698 494 1736 Capiatur
510 1723 520 1738 ,
547 1699 692 1729 Arestetur
705 1722 715 1738 ,
740 1700 785 1729 vel
807 1699 978 1742 inquietetur
991 1726 1000 1739 ,
1025 1710 1072 1732 aut
1094 1712 1144 1740 per
1167 1703 1246 1734 Bona
1262 1728 1272 1744 ,

210 1735 271 1767 Res
286 1761 294 1776 ,
326 1737 370 1768 seu
396 1737 504 1769 Catalla
530 1737 575 1767 sua
600 1747 792 1777 quaecumque
809 1740 921 1769 interim
940 1740 1093 1779 aliqualiter
1112 1741 1273 1783 Distringa—

212 1785 269 1807 tur·

248 1800 284 1845 E't
304 1813 369 1844 ideo
393 1815 475 1845 vobis
499 1813 672 1845 Mandamus
692 1814 773 1853 quud
794 1815 883 1852 ipsum
905 1816 1066 1854 Johannem
1081 1842 1091 1858 ,
1110 1818 1270 1859 Homines,

209 1852 327 1890 Terras,
346 1852 421 1892 Res,
438 1852 577 1883 Redditus
584 1876 594 1892 ,
612 1855 645 1885 &
665 1863 769 1885 omnes
789 1854 979 1886 Posseffiones
997 1856 1054 1887 suas
1070 1862 1272 1892 manuteneatis

208 1893 242 1924 ὅ(
264 1894 409 1922 wroteoaris

245 1903 321 1960 glori
340 1915 490 1961 inferentes
509 1931 564 1970 eis,
583 1930 647 1969 vel,
666 1940 803 1970 quantum
824 1933 852 1963 in
873 1934 955 1964 vobis
976 1934 1033 1974 est,
1047 1935 1083 1966 ab
1105 1936 1162 1967 aliis
1174 1937 1271 1969 inferri

208 1970 400 2007 permittentes
415 1969 565 2008 injuriam,
589 1969 773 2009 Molestiam,
793 1971 1179 2013 Dampnum,Violentiam,
1199 1977 1272 2008 Are-

208 2008 301 2045 stum,
318 2007 552 2047 DistriCtionem,
571 2007 1130 2050 Imprisonamentum,impedimentum
1145 2015 1270 2055 aliquod,

207 2047 252 2077 seu
268 2046 446 2077 Gravamen:

246 2084 283 2116 Et
303 2085 322 2115 si
345 2086 413 2123 quid
432 2087 471 2116 eis
487 2110 496 2123 ,
515 2087 544 2115 in
566 2085 694 2117 Personis
713 2096 760 2118 aut
783 2086 882 2119 Rebus
904 2089 954 2120 suis
968 2112 976 2128 ,
995 2099 1095 2121 contra
1117 2091 1270 2124 Tenorem

206 2123 390 2155 P.aesentium
405 2148 414 2160 ,
442 2124 630 2155 Forisfieturn
647 2148 657 2164 ,
688 2125 897 2164 Attemptatum
911 2151 921 2166 ,
952 2129 996 2159 vel
1026 2128 1190 2167 Injuriatum
1210 2132 1270 2164 fue-

207 2163 259 2199 rit,
279 2163 305 2193 id
326 2164 380 2201 eis,
400 2163 456 2194 sine
473 2163 626 2202 dilatione,
643 2164 740 2196 debite
760 2168 867 2204 corrigi
887 2167 919 2198 &
938 2167 1083 2199 emendari
1100 2170 1213 2201 faciatis.

243 2201 278 2232 In
297 2203 460 2240 cujus,&c.
478 2203 564 2240 usque
576 2202 692 2234 Festum
705 2203 872 2237 Nativitatis
886 2205 982 2237 Sancsti
993 2206 1132 2246 Johannis
1140 2208 1270 2248 Bapustae

207 2242 341 2279 proximo
356 2240 482 2272 futurum
497 2241 646 2272 duraturas.

242 2279 333 2311 Teste
347 2278 430 2319 Rege
445 2279 519 2318 apud
535 2280 826 2314 Westmonasterium
835 2307 845 2321 ,
863 2283 978 2314 decimo
992 2284 1040 2315 die
1055 2284 1203 2317 Odiobris.

679 2360 733 2388 Per
748 2358 830 2398 ipsum
843 2361 939 2396 Regem
953 2360 991 2397 ὠ·
1009 2361 1163 2392 Concilium.

427 2486 477 2518 De
498 2483 669 2528 conditiva,
687 2486 780 2534 fhper
793 2486 890 2519 duello
907 2487 1047 2522 Vadiato.

52 2573 129 2603 Αῃῃ,
147 2572 186 2603 D,
208 2566 343 2624 REX,
359 2569 491 2599 universis
513 2571 546 2602 ὃ(
570 2570 680 2610 singulis
702 2571 852 2610 Ducibus,
880 2572 1065 2613 Comitibus,
1093 2574 1270 2608 Custodibus

74 2612 158 2641 1³30,
286 2606 482 2637 Marchiarum
498 2631 507 2645 ,
533 2608 628 2647 Regni
649 2609 737 2640 nostri
761 2610 889 2649 Angliae,
915 2611 1053 2643 Marchiis
1072 2613 1178 2646 scotice
1197 2615 1270 2654 adja-

50 2634 106 2679 Αῃῗ
119 2662 148 2686 4,
205 2645 349 2689 centium,
368 2645 604 2691 Constabulariis,
622 2647 803 2692 Castellanis,
824 2649 1051 2695 Vicecomitibus
1060 2675 1078 2696 ,Ι
1094 2652 1269 2694 Majoribus‚

51 2694 80 2717 R-
101 2699 128 2717 2,
201 2682 329 2752 gallivsis,
349 2683 507 2752 lerstns,
524 2684 618 2725 Ligeis
639 2686 750 2717 subditis
771 2688 804 2718 ὃς
826 2687 968 2720 Fidelibus
990 2690 1109 2731 nostris,
1124 2692 1159 2724 ad
1180 2703 1269 2733 quos,

50 2733 115 2756 δῖοι,
135 2738 162 2763 4
224 2730 262 2752 'C.
304 2732 317 2751 a
330 2733 345 2752 l]
360 2732 416 2752 Cm.

236 2760 334 2792 Sciatis
369 2761 427 2792 uod

239 2798 318 2829 Cum
340 2772 485 2838 qqffldd’am
510 2800 650 2832 Duellum
672 2803 761 2839 inter,
788 2801 938 2834 Dilec'tum
957 2804 1039 2834 nobis
1076 2806 1205 2836 Thomam
1227 2809 1273 2839 del

201 2837 331 2867 Strother
346 2838 517 2878 Anglicum,
537 2841 570 2871 &
585 2839 731 2870 Robertum
745 2843 857 2871 Graunt
872 2841 1012 2881 Scotum,
1032 2827 1090 2873 Die
1110 2845 1217 2883 Lunoe,
1239 2849 1266 2878 in

201 2876 336 2907 Crastino
347 2877 443 2908 Sanc‘li
458 2877 591 2917 Martini,
610 2881 745 2917 proximi)
762 2879 876 2919 futuro,
891 2880 965 2920 apud
981 2881 1188 2915 Liliattecrosse
1213 2885 1269 2916 Va-

202 2914 309 2945 diatum
323 2915 354 2946 sit
369 2925 453 2954 atque
467 2917 587 2955 initum,
952 2922 953 2925 ’

238 2952 388 2992 Partesque
404 2954 566 2993 praedffiae,

200 3030 219 3060 Γ
239 2991 286 3022 Ad
303 2992 529 3031 prosequendum
544 2994 701 3026 alternatim
717 2995 824 3027 Literas
838 2995 876 3027 de
898 2996 975 3028 salvo
994 2996 1171 3037 conductu,
1188 3000 1269 3032 vide—

212 3040 268 3061 icet

239 3053 394 3099 Pr'aedistus
409 3069 522 3099 Thomas
538 3071 696 3109 hujusmodi
713 3072 820 3103 Literas
833 3072 940 3104 nostras
951 3074 988 3105 de
1003 3075 1078 3107 salvo
1093 3075 1269 3118 conductu,

201 3118 255 3146 pro
270 3107 350 3138 Parte
365 3107 411 3138 sua
426 3109 555 3147 adversa,
576 3120 661 3147 penes
675 3111 760 3149 Nos,

240 3145 278 3177 Et
301 3146 449 3183 praedictus
470 3147 601 3177 Robertus
622 3149 782 3186 hujusmodi
802 3150 907 3180 Literas
929 3150 965 3182 de
990 3151 1065 3184 salvo
1089 3152 1268 3194 Condmstu,

201 3195 254 3223 pro
275 3184 357 3215 Parte
382 3185 428 3216 sui
449 3186 580 3226 adversa,
597 3187 633 3218 de
658 3188 772 3218 Roberto
798 3188 1019 3230 Consanguineo
1034 3191 1134 3223 nostro
1154 3193 1186 3223 de
1208 3197 1270 3223 Sco-

202 3232 244 3253 lla

239 3247 391 3293 v'eniendo
406 3262 440 3293 ad
456 3262 546 3294 Diem
561 3264 595 3295 &
611 3264 728 3295 Locum
741 3264 909 3307 praedidkos,
928 3268 1035 3299 ibidem
1056 3269 1213 3309 morando,
1232 3270 1267 3302 &

200 3301 301 3331 exinde
315 3301 478 3340 redeundo,

239 3339 273 3369 In
287 3341 374 3378 quam
388 3341 497 3380 magnis
513 3340 703 3372 Pecuniatum
718 3341 844 3373 Summis
855 3343 1021 3376 Teneantur
1035 3346 1068 3377 &
1081 3345 1268 3386 obligentur,

201 3377 289 3414 sicut,
305 3377 437 3409 Dilectus
450 3380 483 3410 δε
498 3378 605 3410 Fideles
621 3379 855 3418 Consanguineus
870 3382 985 3422 noster,
1003 3387 1137 3415 Hearicus
1151 3384 1183 3414 de
1199 3387 1265 3415 Per-

203 3427 232 3455 cy
246 3415 376 3487 Η60ῖοῖιῇ
389 3417 628 3486 Ῑίκὶῖιέπὴυωὺῑίεε,
653 3429 703 3457 per
721 3419 778 3450 suas
799 3419 921 3460 Literas,
938 3424 1023 3454 nobis
1041 3424 1071 3454 in
1093 3422 1267 3456 Cancellaria

203 3465 243 3485 no
271 3464 298 3484 ra
312 3465 328 3485 e
378 3465 393 3486 e
421 3467 428 3485 i
450 3465 526 3487 catus

240 3493 328 3532 Nos,
346 3503 379 3524 ex
395 3494 486 3526 Causa
501 3479 650 3534 pr'aedieta,
670 3495 838 3534 suscepimus
853 3497 943 3535 ipsum
958 3499 1120 3539 Robertum,
1132 3510 1166 3531 ac
1182 3510 1268 3539 quos-

201 3542 328 3570 cumque
348 3533 417 3563 alios
436 3533 558 3571 Scotos,
575 3534 780 3572 cujuscumque
799 3534 981 3568 Conditionis
996 3538 1115 3576 fuerint,
1134 3539 1267 3571 Armatos

199 3570 256 3600 sive
271 3570 345 3601 Non
356 3571 488 3602 Armatos
496 3595 505 3610 ,
513 3572 711 3611 veniendo,ad
724 3574 801 3603 diem
812 3574 844 3604 δε
854 3574 970 3606 Locum
986 3577 1151 3615 praedietos,
1159 3586 1192 3607 ex
1201 3589 1267 3610 cau-

181 3614 184 3618 ’
199 3608 224 3638 sa
240 3609 389 3648 praedfflia,
407 3610 514 3640 ibidem
527 3611 685 3649 morando,
702 3612 736 3642 &
749 3612 849 3643 exinde
863 3613 897 3643 ad
918 3613 1035 3652 Propria
1056 3615 1218 3655 redeundo,
1237 3619 1265 3648 in

200 3646 418 3678 protectionem
433 3650 467 3680 &
483 3649 691 3680 Defenfionem
706 3650 813 3681 nostras
825 3652 844 3671 '¹‘
859 3651 1007 3692 speciales,
1025 3664 1059 3686 ac
1073 3655 1102 3684 in
1113 3654 1219 3685 salvum
1233 3656 1267 3688 δε

199 3684 328 3715 securum
343 3686 533 3718 Conduetum
547 3687 697 3726 nostrum,

238 3722 274 3753 Et
297 3724 363 3754 ideo
385 3725 477 3755 Vobis
499 3724 672 3756 Mandamus
694 3726 775 3764 quod
790 3727 883 3758 eidem
895 3729 1027 3769 Roberto,
1045 3738 1092 3761 aut
1104 3730 1160 3761 aliis
1172 3731 1266 3764 Scotis

202 3760 376 3798 hujusmodi,
395 3763 503 3794 ibidem
518 3773 553 3794 ex
565 3764 642 3795 causa
655 3765 789 3802 praedicta
803 3767 963 3805 veniendo,
981 3767 1042 3803 &c.
1055 3775 1137 3808 prout
1160 3772 1190 3799 in
1210 3774 1264 3802 Li-

201 3802 266 3826 teris
280 3799 310 3827 de
324 3801 469 3831 Condutfi‘u.

240 3835 272 3865 In
291 3838 386 3876 cujus,
411 3840 471 3871 &c.
497 3850 511 3870 a
533 3839 578 3870 die
598 3850 648 3878 per
662 3864 672 3878 ,
701 3840 885 3873 Cariffimum
907 3844 1094 3876 Avunculum
1113 3845 1261 3886 nostrum,

199 3873 357 3912 Johannem
379 3879 473 3914 Regem
492 3878 616 3918 Castellae
630 3878 669 3914 &
682 3881 809 3916 Legionis
847 3881 964 3912 Ducem
980 3883 1164 3922 Lancastriae,
1182 3884 1262 3923 super

196 3913 251 3942 hac
260 3934 270 3949 ,
288 3921 321 3955 exj
334 3922 407 3957 parte
421 3915 513 3946 nostra
522 3939 531 3955 ,
551 3917 722 3956 praefigendo
737 3918 771 3948 &
782 3928 797 3948 a
821 3921 943 3958 ignando
952 3944 962 3959 ,
978 3921 1066 3960 usque
1077 3921 1150 3952 Solis
1161 3932 1260 3955 ortum

200 3949 324 3981 Crastini
338 3949 405 3981 Diei
420 3952 517 3984 Duelli
532 3955 679 3993 supradicti
693 3956 843 3987 duraturas.

233 3987 324 4021 Teste
336 3988 419 4029 Rege
429 3992 502 4029 apud
518 3993 828 4033 Westmonasterium,
845 3997 922 4026 xviii.
937 3997 984 4027 die
997 3997 1145 4028 Ostobris.

51 2772 80 2796 R.
90 2769 180 2795 2.m.6.

50 3644 66 3660 θ
81 3646 146 3672 Vll.

52 3684 116 3716 276.

672 4073 726 4100 Per
739 4070 820 4109 &sum
837 4074 931 4109 Regem
945 4071 984 4108 ὠ·
1000 4074 1152 4106 Concilium.

686 159 1496 214 CONVENTIONES,
1550 163 1942 219 LITERAE,

74 247 150 279 Ann.
165 247 209 279 D.
222 251 321 283 dentes
343 250 413 286 fitis,
429 247 662 287 Respondentes,
679 247 874 287 obedientes,
893 246 1081 278 Consulentes
1095 270 1105 286 ‚
1122 248 1156 280 &
1178 246 1290 279 Auxili-
1338 288 1352 290 -
1409 289 1435 291 --

2417 291 2494 326 Ann.
2502 263 2547 328 D,

1397 337 1457 368 Pro
1479 338 1613 384 Agapito
1638 338 1676 373 de
1702 340 1886 388 Columpna,
1911 342 2091 390 Cardiam,
2117 348 2341 386 Archidiacono
2413 332 2547 400 Εἲὲξ8ξ““

1765 391 1970 435 Dunolmenst.
2506 393 2515 401 ”

1335 467 1738 539 RE}‚·A‚rchi?PisCOPisa
1756 476 1819 508 &c.
1835 475 1970 508 Salutem.
2411 495 2467 522 An·
2479 498 2511 532 45

1455 519 1533 541 eiatis
1544 513 1625 550 quod
1640 513 1727 551 Nos,
2409 535 2441 559 R.
2461 541 2477 560 2

1368 545 1507 579 Volentes
1520 572 1530 586 ,
1564 550 1725 583 Venerabili
1744 553 1774 583 in
1796 552 1916 585 Christo
1938 554 2014 585 Patri
2032 559 2158 595 Agapito
2177 558 2210 589 de
2229 559 2294 593 colu
2378 586 2400 608 ι,
2412 554 2511 608 Pana..

1332 582 1424 616 Tituli
1444 588 1552 618 SanHae
1575 588 1673 628 Priftae
1695 591 1847 622 Presbitero
1865 593 2026 632 cardinali,
2041 596 2083 625 ob
2098 596 2300 631 Reverentiam
2377 612 2398 633 is
2412 612 2432 637 R
2458 618 2473 637 2
2498 613 2527 647 p.'

1329 622 1525 692 §ffstdiQ
1542 627 1577 658 sc
1592 629 1633 658 ob
1647 628 1848 661 Affectionem
1863 641 1950 669 quam
1964 632 2044 663 idem
2064 633 2221 667 Garamans
2240 639 2314 675 gerit
2329 649 2395 679 erga
2411 631 2441 687 31
2445 631 2485 677 ms
2500 651 2553 684 152.

1328 699 1338 730 l
1388 673 1400 693 s
1415 664 1448 696 &
1464 663 1601 705 Regnum
1615 666 1763 707 nostrum,
1781 678 1812 700 ut
1831 670 2011 709 accepimus,
2028 671 2160 705 Gratiam
2179 675 2274 707 facere
2292 676 2398 716 specia-

1339 710 1385 732 em
1395 724 1404 740 ι

1367 739 1568 776 Conceffimus
1580 744 1613 776 &
1627 743 1786 777 Licentiam
1799 745 1945 785 dedimus,
1963 755 2103 785 quantum
2117 751 2146 782 in
2161 753 2245 784 nobis
2259 752 2393 794 est,qui-

1327 777 1505 819 buscumque
1526 782 1621 820 Ligeis
1643 783 1746 815 nostris
1768 784 1805 815 de
1827 785 1936 822 Regno
1956 786 2057 817 nostro
2076 788 2192 827 Angliae
2233 793 2268 824 &
2290 802 2395 826 eorum

1328 819 1462 857 cuilibet,
1474 821 1561 865 *quod
1574 822 1622 860 ipsi
1637 821 1837 868 Procuratores
1857 824 1926 868 dicti
1946 823 2119 869 Cardinalis‚
2137 828 2168 859 in
2187 814 2267 862 <siclo
2287 831 2317 862 R
2355 843 2397 864 no

1325 856 1427 888 nostro
1439 858 1568 899 Aughae,
1587 870 1620 891 ac
1634 861 1762 892 Firmani
1775 863 1810 894 &
1826 862 1954 894 Ministri
1966 864 2006 894 sui
2020 864 2056 895 de
2074 841 2394 903 Archidiaconatuessu-

1325 896 1465 928 nolmenfi
1486 898 1544 930 effe
1563 899 1689 938 valeant,
1707 901 1756 938 qui
1774 901 1890 940 quidem
1911 901 2166 937 Archidiaconatus
2181 906 2273 938 eidem
2287 908 2397 941 Cardi-

1324 935 1380 965 nali
1396 946 1447 975 per
1462 936 1628 969 Dominum
1647 943 1784 969 Summum
1805 939 1978 979 Pontificem,
1997 951 2027 974 ut
2048 942 2171 983 dicitur,
2187 944 2230 976 est
2249 947 2391 988 provisus,

1324 971 1385 1043 &f
1403 983 1485 1019 prout
1499 975 1669 1046 ingelimilibus
1679 978 1712 1008 de
1727 980 1856 1010 Licentia
1868 982 1982 1010 Literis.

1378 1024 1396 1044 n
1411 1024 1504 1053 cujus,
1555 1025 1581 1046 c.

1398 1052 1489 1084 Teste
1502 1053 1586 1093 Rege
1601 1054 1675 1093 apud
1690 1055 2000 1098 westmonasterium,
2016 1059 2073 1090 xix.
2090 1058 2139 1091 die
2151 1059 2301 1093 Octobris.

1810 1135 1865 1164 Per
1878 1138 1973 1166 Breve
1985 1136 2018 1166 de
2030 1138 2153 1168 Privato
2165 1137 2266 1176 Sigillo.

1720 1260 1770 1291 De
1784 1260 1974 1294 Protefflone.

1381 1341 1484 1370 Homas
1506 1341 1538 1371 de
1558 1341 1669 1381 Felton,
1688 1353 1778 1382 nuper
1796 1344 1965 1377 Senescallus
1987 1345 2167 1386 Aquitaniae,
2184 1347 2233 1386 qui
2249 1356 2340 1386 nuper
2359 1348 2389 1380 in
2405 1338 2481 1371 Ann-
2492 1340 2535 1374 D·

1399 1381 1521 1417 partibus
1535 1381 1759 1421 Transmarinis,
1778 1384 1807 1414 in
1821 1383 1969 1424 Obsequio
1982 1380 2088 1425 Regis,
2106 1395 2156 1424 per
2169 1385 2307 1417 Inimicos
2326 1386 2389 1418 Re·-
2425 1381 2510 1420 1380·

1319 1419 1362 1454 gis
1382 1418 1514 1449 Gallicos
1534 1420 1570 1451 de
1591 1420 1704 1452 Guetra
1725 1420 1852 1461 Captus,
1870 1422 1940 1463 fuit,
1958 1425 1992 1456 &
2014 1425 2064 1463 qui
2073 1426 2133 1464 jam
2146 1425 2180 1455 ad
2193 1425 2282 1456 diist-as
2334 1434 2388 1458 rtes
2405 1422 2458 1448 An.
2471 1430 2499 1456 4-

1319 1455 1545 1496 TransmarinaS,
1564 1458 1597 1489 ad
1612 1459 1836 1491 satisfaciendum
1848 1461 1885 1492 de
1900 1462 2116 1502 Redemptione
2127 1463 2188 1502 sua,
2206 1463 2290 1502 profe
2321 1474 2386 1496 urus
2403 1462 2433 1486 R.
2455 1468 2482 1487 ²·

1318 1493 1377 1532 est,
1396 1496 1479 1527 habet
1503 1497 1607 1528 Litcras
1628 1497 1716 1538 Regis
1734 1498 1772 1529 de
1792 1498 1999 1540 Proteffione,
2017 1511 2087 1533 cum
2105 1501 2223 1534 clausula
2236 1502 2387 1543 volumus,
2402 1499 2489 1525 Franc.
2505 1501 2535 1534 4:

1317 1543 1472 1604 pei>ungcm
1490 1535 1608 1568 Annum
1622 1536 1772 1569 duraturas.
2399 1538 2428 1562 R·
2449 1544 2475 1564 ²·
2496 1545 2535 1574 m,

1383 1583 1404 1602 r.
1458 1583 1484 1604 c.
2400 1582 2446 1603 ²²·

1317 1649 1337 1680 b
1355 1610 1447 1655 Teste
1461 1611 1545 1652 Rege
1556 1613 1631 1652 apud
1643 1614 1953 1656 Westmonasterium,
1969 1616 2109 1650 vicesimo
2123 1618 2208 1649 tertio
2222 1617 2269 1651 die
2289 1617 2388 1659 0ιῖὶο->

1339 1660 1383 1680 ris.

2058 1696 2113 1725 Per
2126 1694 2280 1731 Concilium.

1600 1832 1768 1868 Indentura
1784 1836 1976 1882 Treugarum
1993 1836 2107 1869 Scotiae.

1316 1916 1460 1978 HAEc
1478 1919 1761 1959 INDENTURA,
2403 1924 2534 1956 Amin:

1430 1957 1562 1990 FACTA
1579 1959 1654 1997 apud
1669 1958 1768 1991 Berew
1780 1968 1872 1998 ycum,
1890 1958 1990 1989 Primo
2002 1958 2049 1990 die
2067 1958 2177 1991 Mensis
2189 1958 2385 2000 Novembris,
2423 1964 2509 2003 1380.
2528 1990 2536 2003 ,

1316 1995 1405 2026 Anno
1423 1996 1547 2028 Domini
1567 1997 1724 2029 Millesimo
1738 2021 1748 2036 ,
1805 1998 1991 2028 recenteiimo
2004 2021 2014 2037 ,
2038 1997 2247 2037 octuagesimo
2293 2001 2385 2038 inter,
2401 2006 2453 2031 An.
2467 2012 2497 2039 4.
2529 2036 2532 2040 ¹

1315 2033 1449 2066 Inclitum
1470 2035 1653 2076 Principem,
1678 2036 1856 2075 Johannem,
1882 2036 1942 2068 Dei
1961 2037 2064 2076 gratia,
2082 2039 2179 2082 Regem
2201 2022 2325 2082 Qassellae
2343 2037 2382 2074 ό
2398 2046 2428 2071 R.
2450 2052 2477 2070 2.

1315 2076 1457 2113 Legionis,
1476 2074 1594 2106 Ducem
1609 2075 1794 2114 Lancastriae,
1815 2076 1932 2106 Locum
1947 2084 2092 2107 tenentem
2107 2087 2137 2107 in
2157 2079 2281 2115 partibus
2302 2077 2386 2109 Mar-
2398 2085 2438 2108 Ex
2453 2083 2514 2116 And

1315 2112 1443 2143 chiarum
1461 2114 1587 2153 Scotiae,
1603 2125 1637 2145 ac
1658 2114 1863 2145 Comissarium
1883 2114 2031 2152 specialem
2079 2114 2252 2146 Sereniffimi
2271 2115 2382 2147 Princi-
2398 2126 2464 2158 togr.
2527 2152 2531 2156 ,

1314 2152 1371 2190 pis,
1391 2151 1517 2184 Domini
1531 2155 1658 2191 Ricardi,
1678 2153 1736 2184 Dei
1748 2153 1853 2191 gratia,
1871 2156 1949 2191 Regis
1961 2138 2094 2193 Angla,
2112 2153 2294 2199 Illustris,'ex
2309 2165 2381 2200 una,

1314 2191 1348 2221 &
1362 2214 1372 2230 ,
1400 2191 1583 2224 venerabiles
1606 2192 1700 2223 Patres
1713 2216 1723 2230 ,
1749 2192 1901 2222 Walterum
1921 2191 1960 2227 ὠ·
1982 2192 2138 2231 Johannem
2152 2216 2163 2233 ,
2193 2193 2252 2224 Dei
2269 2194 2358 2232 gratia
2371 2217 2384 2233 ,

1315 2229 1504 2269 Glasguensem
1519 2230 1558 2266 ὠ·
1574 2230 1788 2270 ΒιιηᾸ-είάεηΙὲνη
1807 2232 1960 2270 Episcopos,
1977 2241 2010 2262 ac
2020 2254 2031 2270 ,
2049 2231 2177 2262 Nobiles
2196 2232 2297 2271 Viros,
2316 2231 2386 2265 Do-

1315 2270 1410 2299 minos
1434 2269 1613 2300 Willielmum
1633 2268 1672 2305 ὠ
1692 2272 1832 2308 Georgium
1851 2271 1883 2299 de
1901 2269 2022 2308 Douglas
2044 2271 2079 2302 &
2093 2270 2230 2300 Marchiae
2245 2275 2380 2310 Comites,

1314 2308 1349 2338 &
1372 2308 1573 2338 Archibaldum
1593 2310 1623 2338 de
1638 2308 1757 2346 Douglas
1773 2308 1938 2339 Dominum
1954 2309 2122 2348 Galwidiae,
2141 2308 2380 2348 CommissariOS,

1316 2345 1470 2415 lNllagnifici
1490 2347 1645 2387 Principis,
1663 2347 1791 2387 Roberti,
1810 2347 1869 2378 Dei
1890 2346 1993 2387 gratia,
2010 2350 2089 2387 Regis
2110 2351 2225 2388 Scotiae,
2249 2357 2284 2379 ex
2301 2357 2380 2391 parte

1313 2394 1328 2414 a
1340 2394 1412 2425 tera,

1348 2425 1586 2457 TESTATUR
1608 2425 1709 2465 quod,
2089 2465 2095 2471 ⁸
2240 2465 2245 2471 ¹

1350 2463 1421 2494 Post
1442 2465 1547 2496 multos
1568 2466 1601 2497 &
1623 2466 1714 2496 varios
1736 2464 1888 2495 Tractatus
1906 2474 1939 2495 ac
1960 2464 2167 2497 Altercanonae
2180 2465 2286 2496 habitas
2304 2465 2380 2504 apud

1313 2501 1520 2542 Lyliotcroffe,
1540 2503 1680 2541 Mamon,
1699 2504 1732 2535 &
1748 2503 1995 2542 Merchoussawe,
2012 2505 2079 2534 xvii.
2097 2505 2144 2534 die
2159 2504 2265 2534 Menfis
2287 2503 2384 2535 Οέὶο-

1314 2541 1385 2579 bris,
1405 2543 1541 2580 proximo
1565 2543 1716 2581 praeteriti,
1735 2551 1805 2572 cum
1824 2542 1958 2581 Qatuor
1974 2543 2073 2572 diebus
2086 2541 2282 2580 sequentibus,
2300 2542 2381 2580 super

1313 2579 1427 2610 diversis
1444 2580 1575 2612 Articulis
1588 2583 1621 2612 ὅ(
1637 2580 1770 2617 punctis,
1787 2579 2030 2610 INDENTURAM
2053 2580 2233 2619 Treugarum
2257 2590 2380 2611 concer-

1314 2619 1461 2657 nentibus,
1477 2621 1549 2650 inter
1562 2618 1779 2651 Commissarios
1793 2618 1881 2658 Regis
1903 2618 2010 2648 Scotiae
2030 2618 2220 2657 supradictos,
2237 2620 2290 2658 ὃς,
2306 2619 2379 2650 No-

1313 2658 1380 2688 biles
1397 2660 1430 2690 &
1445 2658 1580 2689 Potentes
1593 2659 1686 2696 viros,
1704 2658 1854 2695 dominos,
1873 2656 2001 2686 Thomam
2023 2655 2062 2692 ὠν
2085 2657 2276 2696 Willielmum,
2296 2660 2381 2702 Waij-

1312 2700 1390 2764 *Caicae
1414 2696 1452 2732 ὠ·
1474 2696 1605 2736 Suffiilciae
1619 2700 1750 2736 Comites,
1769 2706 1803 2727 ac
1818 2697 1972 2727 nonnullos
1987 2696 2054 2726 alios
2069 2696 2151 2734 ipsius
2164 2696 2275 2727 domini
2288 2695 2380 2737 Regis

1342 2735 1444 2767 astellae
1460 2736 1509 2767 De
1531 2745 1619 2767 utatos

1351 2774 1485 2806 Demum
1508 2747 1716 2806 gommi’ffariis
1733 2774 1767 2806 &
1788 2772 1838 2804 De
1858 2774 1938 2804 utatis
1956 2772 2119 2811 supradietis
2133 2773 2285 2811 expediens
2298 2773 2378 2805 vide-

1312 2813 1393 2844 batur
1413 2814 1513 2852 quod,
1530 2814 1549 2833 ¹*
1573 2814 1607 2845 ad
1629 2814 1729 2844 melius
1747 2783 1958 2852 providendum
1980 2822 2033 2850 pro
2049 2812 2157 2850 Qiiete
2170 2814 2204 2844 &
2219 2813 2376 2858 Securitate

1312 2850 1417 2889 Populi
1439 2853 1581 2891 utriusque
1602 2853 1715 2892 Regni,
1732 2852 1766 2883 &
1787 2850 1852 2889 Eis,
1871 2861 1936 2890 quae
1957 2850 2080 2882 deducta
2091 2860 2171 2882 erant
2184 2861 2214 2895 in
2229 2851 2376 2897 Qaestio·

1312 2900 1379 2920 nem
1396 2913 1406 2928 ,
1440 2893 1642 2930 congruentius
1660 2889 1884 2930 appunehiandis
1900 2913 1920 2933 ².
1941 2890 2050 2934 praelati
2069 2889 2266 2920 Commissarii
2287 2889 2376 2929 Regis

1312 2928 1418 2960 Scotiae
1439 2930 1473 2960 ad
1495 2931 1669 2968 praesentiam
1691 2929 1774 2968 ipsius
1796 2928 1921 2958 Domini
1934 2928 2024 2965 Regis
2037 2926 2184 2971 Castellae,
2201 2927 2276 2965 apud
2290 2927 2376 2960 Bere-

1312 2968 1438 3005 wicum,
1453 2969 1503 2999 sub
1516 2969 1669 3001 Securitate
1683 2968 1876 3007 competenti,
1894 2966 1994 2997 ultimo
2005 2965 2066 2996 Die
2076 2965 2148 2996 dieti
2163 2964 2272 2996 Mensis
2279 2965 2377 2999 octo-

1312 3006 1383 3043 bris,
1402 3007 1578 3043 personaliter
1590 3008 1780 3043 declinarent,
1994 3042 2000 3048 .
2159 3042 2166 3048 ι
2223 3042 2240 3049 ..
2354 3045 2360 3051 .

1351 3045 1467 3083 Quibus
1485 3046 1601 3083 quidem
1623 3045 1682 3075 Die
1700 3045 1734 3075 &
1755 3043 1863 3080 Loco,
1895 3041 2014 3078 praefatis
2042 3040 2254 3087 Commisiariis
2283 3042 2376 3084 Regis

1311 3082 1418 3114 Scotioe
1439 3084 1472 3113 ad
1495 3084 1669 3121 praesentiam
1690 3083 1759 3113 dieti
1781 3081 1866 3120 Regis
1882 3079 2014 3124 Castellae
2024 3081 2225 3125 yementibus,
2239 3081 2276 3112 de
2290 3082 2376 3114 Con-

1311 3121 1387 3152 sensu
1403 3121 1543 3160 utriusque
1558 3122 1663 3160 Partis,
1682 3121 1851 3158 Prorogatus
1862 3119 1914 3150 fiiit
1929 3118 2002 3149 Dies
2022 3119 2068 3150 ille
2086 3119 2121 3149 ad
2143 3119 2235 3150 Diem
2257 3120 2376 3164 sequen-

1312 3168 1371 3190 tem
1395 3161 1561 3198 (videlicet)
1585 3159 1718 3191 Primum
1744 3159 1836 3190 Diem
1865 3157 1974 3189 Mensis
2003 3157 2184 3190 Novembris
2209 3159 2376 3200 supraicrip-

1311 3205 1392 3236 tum,

2392 2824 2412 2844 *
2432 2825 2503 2855 VII-⁴

2393 2873 2457 2900 277.

1349 3273 1384 3305 In
1407 3285 1466 3313 quo
1487 3275 1603 3314 quidem
1625 3275 1684 3307 Die
1703 3276 1776 3307 inter
1790 3282 1878 3315 partes
1890 3273 2037 3318 praedidtas
2049 3274 2139 3319 extitit
2153 3272 2374 3307 concordatum

1310 3313 1408 3357 quod,
1427 3325 1481 3353 pro
1503 3316 1611 3353 Quiete
1630 3315 1735 3353 Populi
1754 3315 1895 3360 utriusque
1915 3312 2030 3350 Regni,
2048 3323 2065 3343 a
2083 3312 2130 3357 die
2152 3312 2238 3343 Datae
2274 3315 2375 3359 raesen7

1309 3351 1966 3431 33{fiaffiffefsscissffifflosz²¹ffi³assgz³sieso
1977 3351 2374 3428 siffi31¹²fiss³¹issssaass⁰³s¹2¹

1310 3432 1427 3470 curitas,
1445 3431 1550 3462 habens
1561 3433 1621 3463 vim
1634 3434 1668 3464 &
1680 3431 1819 3468 effectum
1833 3439 1905 3468 quos
1915 3428 2072 3459 habuerunt
2086 3428 2230 3459 Maeuia
2252 3430 2372 3477 TRF1¹¹²

1310 3477 1383 3508 (ΗΕ,
1401 3471 1465 3501 alias
1484 3472 1561 3502 initae
1581 3472 1657 3502 inter
1679 3470 1708 3501 R
1789 3493 1800 3510 ,
1817 3469 1852 3500 &
1872 3467 1976 3499 habent
1994 3466 2015 3496 fi
2035 3477 2096 3498 non
2115 3466 2168 3498 fint
2181 3467 2295 3506 fractae,
2310 3476 2371 3513 tam

1309 3516 1360 3545 per
1373 3508 1514 3548 Terram,
1533 3510 1620 3548 qu'am
1633 3519 1684 3548 per
1739 3519 1802 3547 are,
1816 3509 1888 3538 inter
1904 3505 2002 3550 Reges
2013 3505 2047 3536 &
2068 3505 2173 3550 Regna
2183 3516 2224 3554 nac
2236 3505 2372 3537 Subditos

1309 3547 1453 3586 utriusque
1467 3547 1499 3578 R
1537 3549 1576 3586 ἐς
1591 3549 1627 3578 ita
1640 3547 1739 3586 quod,
1755 3547 1874 3578 durante
1888 3545 2043 3576 Secuntate
2083 3544 2215 3582 marea,
2230 3554 2285 3576 nec
2307 3543 2370 3574 Ca-

1309 3584 1380 3625 stra,
1398 3596 1453 3618 nec
1475 3586 1514 3617 Vi
1534 3596 1576 3624 ae,
1595 3588 1729 3624 munitae,
1744 3585 1791 3617 seu
1812 3586 1920 3629 quaevis
1942 3583 2041 3622 Loca,
2084 3582 2206 3621 ersonae,
2221 3582 2267 3614 vel
2288 3581 2368 3615 Bona

1305 3624 1356 3654 aha
1369 3635 1419 3662 per
1431 3634 1540 3663 partem
1554 3634 1642 3656 unam
1654 3625 1700 3655 vel
1710 3625 1824 3655 alteram
1837 3631 1992 3661 capiantur.
2113 3660 2119 3666 ·

1346 3663 1445 3702 Qiam
1459 3663 1578 3702 quidem
1589 3663 1791 3702 Securitatem,
1809 3665 1868 3694 tam
1883 3661 2013 3701 praefatus
2027 3658 2172 3704 Dominus
2184 3660 2247 3688 Rex
2265 3657 2370 3703 pastel-

1306 3700 1356 3739 lae,
1375 3703 1462 3740 quarn
1476 3701 1640 3733 Comissarii
1660 3703 1784 3733 Domini
1798 3704 1878 3740 Regis
1897 3704 1992 3731 Scotiae
2003 3696 2166 3742 supradicti,
2182 3697 2367 3741 promiserunt

1305 3739 1424 3771 firmiter
1444 3740 1589 3771 custodire
1600 3765 1611 3780 ,
1634 3741 1669 3772 &
1692 3741 1750 3772 sine
1768 3740 1838 3772 dolo
1858 3740 1891 3771 ὃ(
1909 3738 2006 3771 fraude
2026 3739 2119 3767 iacere
2135 3734 2253 3765 fideliter
2271 3737 2368 3769 obser-

1304 3788 1379 3809 vari:
2133 3812 2139 3817 ,

1341 3817 1397 3856 Et,
1417 3817 1437 3847 si
1453 3827 1501 3855 per
1516 3817 1652 3849 Subditos
1665 3818 1747 3849 unius
1759 3817 1848 3848 Partis
1861 3816 1905 3849 vel
1919 3815 2041 3851 alterius,
2058 3810 2177 3851 aliqmd,
2195 3821 2294 3846 contra
2315 3814 2368 3847 Se-

1305 3857 1453 3886 curitatem
1473 3856 1633 3895 hujusmodi
1654 3855 1751 3895 (quod
1773 3856 1862 3893 absit)
1883 3855 1966 3889 suerit
1984 3858 2199 3895 attemptatum,
2224 3852 2368 3886 Custodes

1304 3892 1503 3925 Marchiarum
1526 3892 1574 3932 (de
1595 3903 1720 3932 quorum
1741 3903 1819 3933 parte
1836 3894 1941 3935 fuerint
1960 3888 2121 3935 hujusmodi
2143 3888 2366 3941 Attempeantes)

1303 3932 1376 3962 infra
1398 3932 1547 3969 Mensem,
1566 3942 1581 3962 a
1600 3941 1733 3971 tempore
1753 3933 1955 3971 Requifitionis
1988 3937 2018 3957 in
2039 3936 2073 3957 ea
2092 3926 2195 3973 Parte,
2215 3939 2245 3959 in
2266 3930 2365 3974 forma

1303 3979 1368 4007 quae
1389 3970 1512 4008 sequitur
1531 3970 1686 4009 faciendae,
1705 3971 1874 4013 Dampnutn
1896 3967 1935 3997 Pa
1958 3976 1982 3996 is
2002 3964 2117 4004 plenam
2139 3966 2369 4013 Satisfiistionem

1304 4008 1432 4045 impendi
1452 4009 1569 4046 facient,
1587 4009 1633 4039 vel
1654 4009 1782 4046 personas
1804 4007 2010 4043 Delinquentoe
2030 4004 2154 4036 Custodi
2169 4005 2367 4038 Marchiarum

1304 4044 1393 4077 Partis
1405 4046 1543 4084 adversae,
1560 4048 1628 4078 loco
1642 4046 1855 4080 Satisfaaestionis,
1873 4044 2049 4074 liberabunt:

1341 4083 1378 4116 Et
1390 4085 1608 4124 nichilominus,
1625 4084 1694 4115 loco
1706 4084 1826 4123 Peenae,
1841 4081 2047 4122 Capitaneum,
2063 4082 2109 4116 seu
2122 4081 2204 4118 aliam
2211 4082 2366 4153 Persorssm

1973 4137 1978 4140 .
2337 4132 2368 4154 e,
