2561 4251
710 208 818 249 ET
900 209 1169 250 ACTA

3 294 77 327 Ann.
85 292 126 324 D.
143 296 224 327 etiarn
241 294 261 326 fi
274 294 343 326 inter
355 292 477 332 aliquos,
492 302 526 325 ex
538 293 696 332 hujusmodi
711 293 829 334 pacifice
854 294 1079 333 Poffidentibus,
1097 294 1130 325 ὃ(
1151 305 1201 325 eo-

25 339 108 372 1375.
144 344 210 365 rum
226 333 419 372 Adversarios,
431 333 489 370 jam
504 333 673 372 defunetos,
692 333 774 364 fuerit
787 333 850 364 alias
867 335 896 364 in
910 333 1015 365 Palatio
1029 333 1200 371 Apostolico

2 373 66 401 Ην.
85 381 111 409 3.
149 373 323 415 nugatum,

187 410 362 443 Auctoritate
377 408 544 447 Apostolica
557 409 788 447 Confirmamus,

187 449 259 486 Eos,
277 449 297 478 si
312 456 424 486 propter
440 448 566 479 illicitam
581 448 787 479 Detentionem
806 448 976 479 eorumdem
998 447 1203 480 Inhabilitatem

152 490 321 520 incurrerant
357 487 545 524 habilitando,

135 533 138 536 ⁴
190 528 228 559 Et
250 537 299 557 eos
319 509 464 556 diciorum
486 525 682 564 Dignitatum,
702 523 921 563 Parsonatuum,
940 525 1131 564 Officiorum‚
1149 526 1206 556 Ca-

154 568 354 602 nonicatuum,
372 565 405 596 ὃς
427 563 663 600 Praebendarum‚
683 563 716 593 ὅ(
736 563 855 593 aliorum
878 563 1085 595 Beneficiorum
1099 564 1208 594 Posses-

156 607 233 674 sOmde
253 602 386 643 pacifica,
404 611 489 640 quam
508 610 585 631 nunc
604 601 755 639 obtinent,
774 600 907 633 Gaudere
930 603 1062 634 volumus
1077 604 1110 634 &
1125 604 1209 633 etiam

190 654 202 674 r
223 653 328 674 inamus

194 665 372 713 Imendeniae
386 688 485 709 eorum
500 677 636 717 Singulis,
656 678 676 708 fi
688 688 703 708 a
718 677 817 710 Nob1s
831 681 976 717 petierint,
994 680 1072 717 super
1087 679 1136 708 illis
1151 678 1210 719 spe-

158 722 239 752 ciales
255 718 495 751 Confirmationes
509 717 554 748 seu
569 717 745 748 Provifiones
767 728 853 748 novas
871 718 1047 755 concedere,
1066 725 1151 755 prout
1172 719 1210 747 eis

139 763 142 766 '
158 760 251 791 utilius
266 758 366 794 fuerit,
383 756 416 786 &
433 756 524 794 magis
538 755 680 786 videbitur
694 756 840 794 expedire,

159 830 161 832 ,
199 798 275 829 Non
295 795 467 826 obstantibus
489 794 714 832 quibuscumque
735 794 996 825 Constitutionibus
1017 792 1189 831 Apostolicis
1205 817 1214 830 ,

160 845 275 868 necnon
291 834 401 864 Statutis
417 834 450 863 &
466 832 725 863 Consuetudinibus
741 832 930 865 Ecclesxarurn
946 834 978 863 &
1002 831 1152 861 Locorum
1175 832 1216 867 (in

160 876 261 913 quibus
275 871 433 911 hujusmodi
448 871 585 902 Beneficia
601 871 646 901 seu
660 871 748 908 aliqua
764 879 797 900 ex
814 872 851 899 eis
865 866 1031 907 consistunt)
1053 870 1216 906 contrariis,

157 913 344 952 juramento,
360 909 588 941 Confirmatione
603 907 787 945 Apostolica‚
803 908 848 939 vel
866 917 1045 946 quacumque
1057 907 1109 937 alia
1130 907 1218 937 firmi-

162 960 218 983 tate
229 949 360 987 Vallatis,
378 949 462 979 etiam
476 948 496 977 si
511 948 548 978 de
561 947 630 984 illis,
648 946 680 977 &
695 947 761 977 totis
774 957 874 977 eorum
889 947 1046 984 tenoribus,
1063 945 1131 976 esset
1146 955 1219 983 prae-

163 990 289 1021 sentibus
303 987 420 1026 specialis
432 987 466 1017 ὃς
480 984 603 1023 expressa
618 985 725 1014 mentio
739 984 872 1014 facienda.

206 1027 290 1058 Nulli
305 1036 333 1056 er
352 1035 372 1055 o
387 1025 519 1054 Omnino
526 1023 650 1053 Homini
663 1023 743 1052 liceat
759 1023 832 1053 hanc
841 1023 976 1061 Paginam
991 1022 1096 1053 nostrae
1103 1020 1221 1051 Confir-

167 1066 297 1098 mationis
306 1087 315 1101 ,
366 1062 560 1100 abilitationis,
576 1060 735 1091 Voluntatis
749 1062 782 1092 ὃς
795 1061 989 1093 Ordinationis
1002 1059 1221 1099 infringere,vel

166 1108 192 1137 ei
208 1104 283 1134 Ausu
298 1102 462 1132 Temerario
478 1101 637 1138 contraire3

208 1143 237 1173 Si
250 1141 310 1178 quis
324 1149 417 1171 autem
429 1139 488 1169 hoc
504 1146 670 1175 attemptare
683 1138 1137 1176 praesumpserit‚Indignationem
1147 1135 1224 1165 Om-

169 1181 320 1219 nipotentis
335 1179 392 1209 Dei
405 1179 437 1208 &
454 1178 603 1208 beatorum
617 1177 690 1207 Petri
706 1177 737 1207 &
754 1176 831 1208 Pauli
846 1177 1053 1216 Apostolorum
1067 1177 1123 1214 ejus
1137 1174 1163 1204 se
1172 1184 1225 1203 no-

170 1220 244 1252 vetit
258 1217 442 1248 incursurum.

144 1261 146 1263 '
208 1257 283 1287 Data
294 1255 367 1293 apud
381 1255 485 1285 Villam
501 1253 844 1291 Novam,Avinionenlis
858 1252 1081 1284 Dioecelis.Kal.
1098 1251 1228 1289 Septem-

168 1297 243 1334 bris,
261 1293 446 1325 Pontificatsis
462 1291 549 1323 nostri
562 1292 649 1322 Anno
666 1291 788 1330 Qinto.

178 1371 480 1433 GREooRius
499 1368 755 1406 Episcopus,
776 1367 876 1399 Servus
896 1368 1051 1399 Servorum
1070 1366 1152 1403 Dei,
1179 1373 1229 1396 AD

266 1416 479 1440 FUTURAM
499 1416 570 1437 nni
590 1414 840 1437 MEMORMM.

215 1486 340 1518 Provida
353 1485 429 1517 Sedis
444 1483 618 1523 Apostolicce
642 1482 816 1522 Benignitas,
834 1482 958 1519 quietem
981 1482 1014 1513 δε
1036 1490 1141 1523 pacem·
1158 1479 1233 1523 Sub-

176 1526 302 1557 ditorum
324 1526 501 1563 perquirens,
517 1522 550 1552 ad
572 1532 603 1552 ea
625 1522 744 1552 libenter
764 1520 883 1552 intendit
898 1543 908 1558 ,
926 1530 974 1559 per
996 1529 1060 1557 quae
1082 1518 1234 1557 Dispendia

178 1564 306 1600 Litium,
323 1565 394 1593 inter
408 1562 533 1600 personas
548 1558 770 1597 Ecclesiasticas,
793 1558 902 1590 valeant
921 1559 1024 1588 evitari.
1228 1595 1233 1600 .

216 1602 295 1633 Cum
314 1602 424 1639 itaque,
442 1599 511 1629 sicut
531 1608 599 1628 acce
621 1599 707 1636 imm,
724 1599 796 1628 inter
819 1597 971 1627 nonnullos
993 1597 1130 1634 (quorum
1149 1595 1235 1633 aliqui

178 1640 290 1672 Sanctae
298 1640 440 1670 Romanae
447 1637 580 1668 Ecclesiae
626 1635 755 1667 ardinales
770 1635 900 1672 existunt)
916 1636 948 1666 &
962 1644 1054 1666 certos
1069 1634 1235 1677 alios-,super

177 1678 290 1710 diversis
308 1677 548 1713 Canonicadbus,
566 1675 599 1705 &
621 1674 799 1712 Praebendis,
817 1674 1013 1705 Prochialibus
1034 1674 1163 1704 Eccleliis
1176 1695 1185 1710 ,
1202 1673 1236 1703 &

179 1718 236 1748 aliis
250 1716 395 1747 Beneficiis
409 1713 623 1752 EcclesiasticiS,
641 1715 671 1743 in
692 1713 802 1750 Regno
824 1713 934 1752 Angiiae
953 1712 1166 1742 consistentibus
1179 1735 1188 1748 ,
1209 1712 1237 1740 iri

35 1757 169 1792 ⁸v11,84.
183 1756 316 1786 Romana
330 1753 417 1784 Curia
429 1753 477 1783 Lis
494 1751 610 1790 pendeat
624 1752 660 1782 de
674 1751 800 1789 praesenti
820 1752 838 1770 *²
861 1751 1013 1788 (videlicet)
1037 1753 1124 1787 inter,
1143 1749 1239 1779 Vene-

181 1794 298 1825 rabilem
318 1793 445 1823 Fratrem
465 1791 614 1829 nostrum,
632 1791 757 1827 Egidium
778 1789 950 1830 Episcopum
971 1788 1110 1828 Tusculan.
1125 1789 1157 1819 ἃ
1172 1787 1241 1818 dile-

159 1836 162 1838 ’
184 1834 264 1864 <stum
287 1831 376 1862 filium
398 1830 542 1860 Ricardum
561 1828 598 1858 de
619 1826 807 1868 Ravenfhere,
825 1830 874 1866 qui
895 1829 922 1860 se
942 1829 1012 1867 gerit
1027 1838 1079 1866 pro
1094 1825 1240 1857 Archidia-

160 1883 162 1887 ·
184 1881 263 1902 cono
277 1868 400 1900 Lincoln.
415 1869 494 1906 super
511 1867 748 1898 Archidiaconatu
770 1866 892 1897 Lincoln.
911 1867 943 1897 ὅτ.
965 1867 1037 1897 inter
1052 1865 1241 1896 venerabilem

187 1910 314 1940 Fratrem
328 1907 457 1938 nostrum
472 1908 582 1935 Petrum
596 1905 749 1944 Episcopum
764 1903 955 1945 Porticensem,
973 1905 1024 1943 ὃς,
1043 1905 1178 1935 dilectum
1196 1903 1243 1933 Fi-

188 1949 279 1985 lium,
298 1949 444 1977 Henricurn
460 1944 612 1984 Wakefeld,
632 1946 681 1982 qui
694 1944 721 1974 se
737 1945 810 1982 gerit
825 1953 876 1981 pro
892 1943 1046 1974 Canonico
1067 1943 1244 1973 sarisbirien-

188 1987 225 2024 si,
242 1986 322 2023 super
336 1984 515 2015 Canonicatu
530 1986 563 2015 δε
577 1983 732 2013 Praebenda
748 1983 881 2013 Ecclesiae
896 1981 1105 2019 Sarisbiriensis,

228 2025 264 2055 Et
288 2026 378 2062 inter,
396 2023 532 2053 dilectum
553 2022 656 2052 Filium
680 2021 810 2052 nostrum
824 2044 833 2059 ,
858 2023 967 2050 Petrum
989 2021 1084 2050 Sam‘li
1107 2018 1247 2058 Eustachii

188 2067 339 2096 Diaconum
355 2061 543 2099 Cardinalem,
561 2061 609 2098 &,
626 2060 761 2091 diletstum
778 2059 896 2097 Filium,
914 2060 1059 2090 Ricardum
1077 2058 1108 2087 de
1123 2060 1246 2087 Ravein-

187 2102 275 2142 sizire,
295 2101 383 2139 quise
398 2102 468 2140 gerit
480 2110 533 2138 pro
556 2099 736 2129 Canonicatu
759 2098 947 2137 Eboracensi,
965 2098 1044 2135 super
1068 2096 1247 2127 Canonicatu

190 2142 224 2173 δε
241 2139 396 2172 Praebenda
410 2138 543 2170 Ecclefiae
558 2137 742 2168 Eboracensis

231 2179 269 2210 Et
290 2181 361 2210 inter
382 2179 471 2214 ipsum
491 2179 602 2206 Petrum
623 2160 796 2206 Cardinafem
811 2176 861 2214 ὃς,
879 2174 1015 2206 ἀὶἱεᾶὶωῐη
1033 2174 1134 2205 Filium
1145 2197 1153 2212 ,
1164 2172 1250 2216 JVil-

194 2219 313 2248 hermam
329 2215 465 2257 Borstall,
483 2216 571 2253 quise
586 2216 656 2253 gerit
672 2225 722 2253 pro
737 2213 867 2245 Redime
882 2213 1052 2245 Parocliialis
1067 2213 1201 2242 Eccleliae
1214 2212 1250 2241 de

195 2257 373 2325 {ioggtirtiom
392 2254 579 2285 Dunelrnensi
593 2253 745 2291 Dioecese,
763 2253 841 2291 super
856 2252 956 2283 eadem
972 2252 1131 2283 Parochiali
1151 2250 1251 2281 Eccle-

208 2305 231 2325 ia
265 2305 280 2325 e
324 2304 360 2324 oc
380 2295 449 2324 hton

232 2333 270 2363 Et
291 2303 380 2371 interg,
398 2318 516 2363 dilesstos
539 2330 638 2369 Filios,
655 2333 793 2368 Hugonem
816 2330 920 2360 Arlam
937 2331 992 2369 ,in
1014 2329 1146 2360 Romana
1165 2328 1252 2358 Curia

196 2372 416 2402 Procuratorem
425 2371 473 2408 ,ὃς
482 2369 638 2409 Johannem
652 2371 683 2399 de
696 2369 833 2409 Scleford,
849 2371 897 2406 qui
909 2369 935 2401 se
951 2369 1022 2405 gerit
1036 2378 1088 2405 pro
1102 2367 1254 2397 Canonico

198 2410 334 2440 Ecclesiae
355 2409 391 2439 de
416 2409 515 2447 Ripon
528 2431 538 2446 ,
556 2408 726 2439 Eboracensi
752 2408 886 2438 Dioecese
899 2432 908 2445 ,
923 2408 1002 2448 super
1022 2407 1200 2437 Canonicatu
1221 2405 1254 2435 &

198 2448 355 2479 Praebenda
368 2447 448 2487 ipsius
463 2447 601 2478 Ecclesiae
614 2447 650 2477 de
665 2447 780 2487 Ripon,

236 2485 274 2516 Et
293 2487 379 2523 inter,
397 2486 515 2515 dilectos
538 2485 639 2523 Filios,
657 2489 797 2522 Hugonem
819 2487 976 2521 Peregrini,
996 2483 1180 2514 Czinonicum
1200 2481 1256 2512 Pe-

199 2524 434 2564 tragoricensem,
450 2526 483 2555 &
506 2524 651 2553 Ricardum
671 2527 785 2562 Vouter,
801 2525 849 2561 qui
871 2523 897 2553 se
918 2524 987 2561 gerit
1003 2533 1056 2560 pro
1069 2522 1256 2552 Thesaurario

200 2562 334 2630 Elcdclel'iee
351 2562 570 2601 Lichfeldenlis,
588 2562 667 2600 super
683 2563 864 2593 Thesauraria
877 2561 998 2600 ejusdem
1013 2560 1147 2592 Ecclesiae
1170 2559 1258 2590 Lich-

199 2606 227 2631 te
258 2608 326 2631 enus

239 2640 277 2670 Et
292 2624 362 2670 inter
376 2642 514 2677 Hugonem
529 2641 675 2676 Peregrina
691 2638 877 2676 pi·aedi&un],
895 2639 928 2669 &
939 2637 1098 2676 Johanncm
1114 2636 1262 2679 Fordhafn,

203 2680 251 2746 (1]λυί
266 2678 291 2708 le
299 2680 374 2745 1gerit
389 2688 441 2715 pro
456 2677 609 2708 Canonico
624 2677 833 2715 Lincolnienli,
851 2677 930 2715 super
951 2677 1108 2707 Praebenda
1126 2675 1261 2706 Ecclelize

233 2718 298 2746 inco
310 2717 407 2746 niensis
415 2740 425 2754 ,

241 2754 279 2784 Et
295 2756 363 2784 inter
378 2753 536 2791 Johannem
550 2754 581 2783 de
594 2753 715 2783 Prowhu
730 2753 766 2784 de
780 2754 1001 2784 Pedemontium
1015 2753 1160 2783 Clericum
1183 2751 1262 2781 Tau-

203 2792 316 2822 rinenlis
332 2791 488 2829 Dioecesis,
511 2793 543 2822 &
555 2792 683 2822 Thomam
702 2793 733 2821 de
744 2795 886 2831 Ergraue,
905 2794 952 2830 qui
967 2792 992 2822 sc
1006 2793 1076 2829 gerit
1090 2801 1142 2828 pro
1163 2789 1262 2820 Cano-

204 2832 272 2860 nico
294 2829 429 2860 Ecclesiae
451 2830 486 2860 de
507 2829 645 2861 Howden
658 2854 667 2868 ,
686 2829 770 2860 dietae
795 2831 977 2861 Eboracenlis
1001 2829 1142 2860 Dioecesis
1155 2853 1164 2867 ,
1183 2828 1262 2866 super

205 2868 385 2899 Canonicatu
401 2869 433 2899 &
446 2868 604 2898 Praebeiida
616 2867 737 2905 ejusdem
753 2868 885 2899 Ecclesiae
900 2869 935 2898 de
951 2868 1104 2906 Howden,

244 2906 282 2937 Et
297 2908 368 2937 inter
380 2906 539 2944 Johannem
553 2907 584 2935 de
598 2906 719 2936 Prowhu
731 2907 766 2937 de
782 2906 1002 2937 Pedemontium
1027 2906 1210 2944 praedictum,
1229 2906 1262 2937 ὃς

207 2946 352 2975 Ricardum
366 2947 397 2974 de
415 2945 558 2983 Veverley,
578 2946 626 2983 qui
640 2945 666 2975 se
680 2946 750 2983 gerit
766 2955 818 2983 pro
833 2945 985 2975 Canonico
1002 2944 1211 2982 Lincolniensi,
1221 2944 1262 2975 su-

207 2995 258 3022 per
273 2984 451 3014 Canonicatu
466 2985 499 3015 &
516 2981 671 3014 Praebenda
687 2983 822 3014 Ecciefiae
837 2983 1057 3021 Lincoliiiensis,

246 3022 284 3052 Et
300 3024 371 3052 inter
385 3023 531 3053 Ricardum
543 3024 655 3051 Neuton
670 3021 818 3052 Clericum
836 3022 1039 3053 Lincolniensis
1055 3021 1211 3058 Dioecefis‚
1231 3022 1264 3052 &

210 3060 362 3090 Walterum
376 3061 485 3098 Malet,
506 3062 553 3099 qui
567 3060 593 3091 se
607 3061 679 3097 gerit
693 3071 745 3098 pro
764 3060 890 3090 Restore
904 3059 1074 3091 Parochialis
1089 3060 1222 3090 Ecclesiae
1230 3059 1265 3089 de

208 3099 374 3138 Waynflet,
391 3099 477 3129 dieiae
493 3099 694 3130 Lincolniensis
709 3098 952 3140 Dioecesis,super
968 3099 1124 3130 Paroc'niali
1140 3098 1265 3129 Ecclesia

210 3137 247 3167 de
263 3138 411 3176 Waynflet
425 3138 573 3175 praedicta,

249 3176 311 3214 Qi
326 3175 458 3213 quidem,
477 3179 608 3206 Henricns
623 3174 779 3216 Wkefhld,
797 3176 927 3206 Ricardus
942 3177 974 3206 de
986 3175 1181 3213 Raveinshere,
1191 3177 1233 3205 W
1234 3175 1267 3204 il-

210 3213 317 3243 hermus
334 3212 459 3251 Borstal,
474 3214 618 3252 Johannes
638 3215 670 3244 de
693 3213 826 3254 Scquord,
844 3215 974 3244 Ricardics
997 3218 1107 3253 Vauter,
1124 3214 1267 3253 Johannes

213 3250 346 3281 Fordham
361 3274 370 3289 ,
386 3250 500 3280 Thomas
523 3253 554 3281 de
576 3255 700 3288 Ergraue
715 3276 725 3289 ,
746 3253 896 3282 Richardus
915 3255 946 3283 de
968 3254 1109 3294 Veverley,
1128 3253 1165 3289 &-
1190 3253 1268 3283 Wal-

212 3298 286 3320 terus
305 3289 396 3319 Malet
412 3313 421 3327 ,
439 3289 579 3327 praemiffa
598 3289 737 3321 Beneficia
757 3300 791 3320 ex
812 3291 915 3322 Titulo
939 3291 1033 3331 Regio
1053 3302 1148 3323 tenere
1168 3292 1269 3323 dicun-

214 3337 277 3365 tur,

251 3366 338 3404 Nos,
355 3366 483 3398 volentes
503 3365 584 3403 super
603 3366 654 3396 hiis
674 3365 824 3404 providere
837 3390 846 3403 ,
871 3368 991 3404 praefatis
1006 3391 1015 3406 ,
1041 3367 1170 3407 Episcopis
1190 3371 1271 3399 Petro

215 3406 310 3434 Sancti·
322 3404 462 3472 Eulfachii
477 3407 596 3434 Diacono
619 3403 779 3442 Cardinali,
796 3406 905 3441 Hugoni
928 3406 1048 3443 Arlam,
1068 3410 1174 3443 Hugom'
1192 3409 1271 3437 Pere-

212 3446 303 3482 grini,
318 3443 358 3480 Jo
379 3446 445 3472 anni
461 3443 492 3472 de
506 3442 626 3472 Prowhu
637 3442 672 3472 de
692 3441 910 3473 Pedemontium
921 3466 931 3481 ,
948 3445 982 3475 δί
1005 3446 1120 3475 Ricara'o
1145 3447 1271 3484 Neutcm,

217 3483 297 3519 super
312 3481 565 3519 Archidiaconatu,
582 3480 780 3519 Thesauraria,
798 3480 1019 3512 Canonicatibus
1034 3484 1067 3513 δε
1090 3483 1271 3522 Praebendis,

216 3530 249 3550 ac
266 3519 475 3550 Parochialibus
488 3518 619 3549 Ecclesiis
631 3519 802 3557 supradietis,
821 3519 858 3549 de
871 3519 1043 3557 plenitudine
1056 3520 1197 3559 potestatis
1210 3532 1273 3559 per-

219 3565 337 3598 petuum
352 3558 499 3589 Silentium
513 3558 705 3596 imponimus,
719 3567 751 3588 ac
767 3567 867 3588 eorum
888 3558 1053 3589 adversarios
1073 3560 1223 3597 praedictos
1243 3562 1273 3590 in

219 3597 303 3626 omni
313 3595 392 3664 Aure
413 3596 447 3627 &
466 3595 501 3625 ad
521 3605 609 3625 omne
620 3596 664 3633 jus
679 3596 756 3635 quod
772 3596 890 3634 praefatis
904 3597 1064 3635 Episcopis,
1084 3600 1163 3627 Petro
1177 3598 1274 3629 Sancti

216 3634 311 3674 zustac
334 3637 353 3664 ii
377 3634 512 3664 Diacono
534 3632 674 3664 Cardinali
690 3657 699 3672 ,
718 3637 824 3672 Hugoni
847 3634 951 3664 Arlam
964 3659 974 3674 ,
992 3638 1099 3672 Hugvm'
1119 3638 1273 3675 Peregrini,

218 3673 348 3712 Johanni
359 3673 396 3703 de
411 3671 532 3702 Prodhou
548 3671 583 3702 de
599 3672 814 3711 Pedemontium,
831 3674 863 3704 &
880 3675 994 3703 Ricardo
1009 3676 1121 3703 Neuton
1144 3676 1171 3704 iii
1192 3675 1273 3705 dic-“tis

200 3721 204 3726 '
218 3712 476 3748 Archidiaconatu,
493 3710 688 3748 Thesauraria,
708 3710 948 3750 canonicatibus,
966 3713 998 3742 ὃ(
1011 3713 1165 3749 praebendis
1179 3723 1211 3743 ac
1227 3724 1274 3753 pa-

200 3751 386 3781 'rochialibus
402 3748 603 3786 Ecclesiis,seu
617 3748 651 3777 ad
666 3759 698 3778 ea
713 3749 931 3786 quomodolibet
943 3751 1124 3794 competebat
1139 3752 1184 3782 seu
1193 3762 1274 3781 con:-

217 3797 313 3824 petere
327 3798 451 3826 poterat,
470 3788 552 3818 etiam
568 3787 587 3817 si
600 3786 653 3816 sint
668 3786 852 3824 Dispolitioni
868 3787 1043 3825 Apostolicae
1056 3789 1274 3827 quomodolibet

219 3825 370 3864 reservata,
387 3825 555 3864 Apostolica
568 3825 732 3856 auc'toritate
747 3825 833 3856 Surro
853 3836 948 3864 amus,

260 3862 440 3903 Dictumque
452 3866 495 3903 jus
508 3865 547 3894 eis
561 3863 743 3894 Conferimus
753 3887 762 3901 ,
781 3865 813 3894 ὃ(
827 3834 862 3894 dge
877 3864 925 3893 illo
938 3865 1022 3896 etiam
1037 3864 1237 3904 Providemus,

260 3899 397 3940 Ipfisque,
413 3903 528 3932 Ricardo
545 3903 575 3931 de
590 3900 776 3940 Raverilhere,
795 3904 835 3932 W
835 3901 944 3932 ilhermo
960 3902 1083 3943 Borstal,
1098 3903 1224 3941 Johanm·
1246 3907 1276 3934 de

224 3938 357 3978 Scleford,
374 3941 488 3970 Ricardo
511 3944 607 3971 Vouter
641 3939 770 3978 Johanm'
790 3939 938 3979 strabam,
956 3941 1060 3971 Thomae
1081 3944 1112 3971 de
1136 3944 1276 3982 Ergraue,

225 3978 341 4008 Ricardo
362 3984 392 4008 de
413 3979 539 4020 Veverley
554 4002 564 4018 ,
595 3965 632 4015 ὀ·
655 3977 777 4009 Waltero
801 3978 934 4017 praedje’ca
955 3979 1093 4011 Beneficia
1114 3979 1277 4012 Confirma-

227 4026 340 4100 ῗῃῖῑῗόε,
354 4053 377 4097 ,Η
391 4061 510 4099 propter,
519 4055 644 4088 illicitam
659 4055 867 4090 Detentionem
882 4055 1052 4089 eorumdem
1072 4055 1278 4091 Iiihabilitatem

227 4101 393 4124 incurrerint
401 4116 410 4130 ,
429 4093 597 4130 habilitando
603 4119 612 4133 ‚

266 4134 340 4162 nm.
359 4133 416 4161 ΙΙΙ.
435 4133 468 4161 Ρ.
487 4133 544 4162 ΠΙ.

1252 210 1729 254 PUBLICA.
2250 231 2306 270 35

1281 295 1318 327 Et
1333 307 1383 327 eos
1397 298 1541 330 dierorum
1557 298 1813 331 Archidiaconatfis
1822 299 2030 336 ‚Thesaurariae
2039 301 2284 338 ,Canonicatuum
2293 326 2304 342 ,
2315 301 2389 333 Ann.
2397 303 2439 334 D.

1245 334 1528 381 &praebendarum,
1546 349 1578 368 ac
1595 338 1800 370 parochialium
1816 337 2006 370 Ecclesiarum
2031 340 2206 372 Poffeffione
2223 343 2300 379 paci-
2332 349 2416 380 1375.

1246 372 1301 403 fica
1313 373 1432 412 gaudere
1448 376 1589 406 Volumus
1604 378 1637 408 ὅ(
1652 378 1736 408 etiarn
1749 376 1940 414 Ordinamus,
2312 382 2379 409 Edv.
2402 390 2426 417 3.

1267 411 1463 455 'Intendentes
1482 424 1583 444 eorum
1603 415 1726 454 singulis,
1742 415 1762 445 fi
1782 425 1798 445 a
1819 416 1902 445 nobis
1923 416 2067 455 petierint,
2085 417 2164 455 super
2179 417 2229 447 illis
2245 417 2306 455 spe-

1247 450 1328 494 ciales
1351 449 1591 492 Confirmationes
1610 453 1654 482 seu
1674 453 1852 483 Provisiones
1874 464 1960 485 novas
1975 455 2149 493 concedere,
2167 464 2252 494 prout
2266 458 2305 487 eis

1249 488 1341 518 utilius
1353 490 1435 519 luerit
1448 490 1480 519 &
1495 492 1581 529 magis
1596 491 1735 521 videbitur
1750 492 1895 530 expedire,

1286 526 1362 557 Non
1382 526 1556 570 obstantibus
1578 529 1802 567 quibuscumque
1821 530 2080 562 Constitutionibus
2111 532 2286 570 Apostolicis
2298 557 2308 572 ‚

1250 574 1365 608 necnon
1387 565 1501 595 Statutis
1523 568 1555 597 ὃς
1580 565 1836 597 Consuetudinibus
1850 568 2036 600 Ecclefiarum
2052 571 2084 601 &
2100 570 2249 602 Locorum
2267 573 2310 609 (in

1252 603 1353 640 quibus
1368 603 1526 641 hujusmodi
1540 604 1679 635 Beneficia
1692 606 1736 635 seu
1751 606 1841 643 aliqua
1855 616 1888 636 ex
1901 608 1939 637 eis
1959 608 2125 645 consistunt)
2148 611 2308 648 contrariis,

1247 641 1432 679 juramento,
1450 641 1679 673 Confirmatione
1694 643 1879 682 Apostolica,
1896 646 1941 676 vel
1956 656 2135 684 quacumque
2147 647 2199 677 alia
2220 648 2310 678 firmi-

1253 688 1308 709 tate
1325 679 1452 718 Vallatis,
1471 682 1553 710 etiam
1567 681 1586 710 si
1601 681 1636 711 de
1651 681 1717 718 iilis,
1737 682 1770 712 &
1784 683 1848 712 totis
1865 692 1964 713 eorum
1981 685 2141 723 tenoribus,
2159 686 2227 717 cffet
2241 696 2312 724 prae-

1252 717 1373 748 sentibus
1387 719 1507 755 specialis
1520 720 1553 750 δε
1567 720 1692 756 expressii
1706 721 1813 750 mentio
1829 720 1964 750 facienda.

1292 756 1376 798 Nulli
1389 766 1458 792 ergo
1472 756 1607 787 Omnino
1619 757 1743 787 Homini
1758 758 1839 788 liceat
1853 759 1925 789 hanc
1935 759 2072 797 Paginam
2088 761 2193 792 nostrae
2209 762 2313 793 Surro-

1257 795 1376 831 gationis
1389 817 1399 832 ,
1417 794 1584 825 Collationis
1599 818 1609 833 ,
1626 794 1797 826 Provisionis
1812 819 1823 834 ,
1847 796 2083 829 confirmationis
2095 824 2104 837 ,
2132 800 2289 831 Voluntatis
2305 825 2315 838 ,

1258 833 1291 862 &
1308 831 1499 862 Ordinationis
1513 833 1679 871 infringere,
1696 835 1741 864 vel
1755 835 1797 872 ei,
1817 833 1892 864 Ausu
1909 835 2094 874 TemerariO,
2113 840 2270 876 contraire,

1297 870 1390 907 Siquis
1404 880 1499 901 autem
1512 871 1569 900 hoe
1582 880 1744 910 attemptare
1758 872 1974 912 praesumpserit,
1994 874 2221 913 Indignationem
2237 876 2316 906 Om-

1260 908 1411 952 nipotentis
1426 908 1484 939 Dei
1498 909 1531 939 &
1544 910 1692 940 beatorum
1707 909 1783 941 Petri
1799 911 1832 940 ὃς
1848 909 1926 941 Pauli
1946 913 1964 931 ’⁷⁶
1985 913 2196 950 Apostolorum
2210 916 2267 953 ejus
2290 915 2316 945 se
2332 933 2405 962 *VH
2419 932 2435 959 3

1262 956 1374 977 noverit
1387 948 1564 978 incursurum
2411 954 2416 958 ⁴
2437 941 2467 969 5⁹

1301 984 1375 1028 Data
1390 986 1463 1022 apud
1476 985 1579 1016 Villam
1594 996 1701 1017 novam
1716 986 1914 1018 Avinionensis
1929 987 2068 1020 Dioecefis
2076 989 2141 1020 Kal.
2150 989 2323 1028 Septembris

1263 1022 1448 1054 Pontificatsis
1464 1023 1551 1054 nostri
1568 1025 1656 1055 Anno
1672 1025 1795 1063 Quinto.

1269 1099 1569 1161 GRi-:Gonius
1597 1101 1853 1140 Episcopus,
1879 1102 1982 1134 Servus
2004 1104 2158 1135 Servorum
2182 1103 2265 1142 Dei,
2288 1105 2323 1134 ad

1355 1148 1567 1170 FUTURAM
1589 1149 1663 1170 Risi
1688 1148 1941 1171 MEMORIAM.

1306 1177 1396 1215 Super
1416 1178 1570 1209 Universas
1585 1178 1671 1208 Orbis
1687 1178 1824 1209 Ecclesias
1839 1190 1854 1210 a
1865 1179 1998 1210 Domino
2015 1180 2178 1220 constituti,
2193 1182 2269 1211 circa
2283 1190 2329 1211 ea-

1269 1225 1332 1245 rum
1347 1218 1520 1255 commoda,
1539 1218 1571 1247 &
1586 1216 1690 1256 Gregis
1707 1217 1878 1255 Dominici,
1898 1219 1980 1248 nobis
1998 1220 2025 1247 in
2042 1221 2079 1249 eis
2096 1220 2238 1250 conimiffi
2249 1218 2328 1257 ‚Cu-

1271 1254 1388 1296 stodiam
1412 1255 1530 1285 libenter
1546 1278 1555 1293 ,
1574 1264 1657 1292 prout
1677 1264 1806 1286 tenemur
1822 1280 1830 1293 ,
1850 1265 1883 1285 ex
1905 1256 2002 1287 debito
2022 1257 2120 1295 vigilis
2141 1259 2329 1296 speculatoris

1270 1292 1411 1334 Officium
1426 1293 1605 1330 adhibemus,
1625 1294 1657 1324 δε
1673 1293 1706 1323 ad
1727 1304 1776 1332 ea,
1792 1304 1856 1331 quae
1881 1294 2047 1324 Animarum
2068 1296 2206 1334 Salutem,
2225 1297 2328 1326 Eccle-

1270 1332 1370 1360 siarum
1391 1332 1507 1369 ipsarum
1528 1332 1637 1362 bonum
1660 1332 1790 1370 Statum,
1808 1334 1840 1364 &
1868 1332 2004 1363 Fideliuni
2029 1334 2059 1363 T
2062 1335 2274 1372 tanquillitatem
2286 1345 2330 1365 re-

1271 1368 1407 1407 spiciunt,
1426 1369 1521 1400 studiis
1544 1371 1609 1400 totis
1631 1371 1820 1408 intendimus,
1838 1371 1950 1400 intenlis
1969 1371 2107 1402 desideriis
2124 1373 2277 1403 laborando
2298 1383 2330 1405 ut

1274 1406 1408 1437 Ecclesiae
1421 1408 1486 1447 ipsae
1501 1410 1533 1438 ὃς
1556 1408 1636 1438 Loca
1658 1408 1852 1439 Ecclel'iastica
1874 1408 2034 1439 Pastoribiis
2054 1412 2243 1448 gubernentur
2258 1411 2331 1451 ydo-

1274 1446 1330 1475 neis
1346 1468 1355 1483 ,
1373 1447 1406 1476 &
1423 1447 1564 1476 canonico
1587 1446 1690 1476 Titulo
1713 1456 1878 1484 teneantur,
1905 1447 2063 1486 Omnisque
2086 1449 2196 1480 tollatur
2220 1450 2334 1481 occasio

1275 1493 1324 1521 per
1341 1494 1426 1521 quam
1442 1484 1526 1524 poffit
1541 1485 1714 1514 contrarium
1731 1487 1890 1524 provenire.

1314 1521 1396 1552 Olim
1411 1522 1545 1560 siquidem
1555 1545 1564 1560 ,
1581 1521 1669 1554 felicis
1685 1524 1904 1560 recordationis,
1926 1524 2051 1553 Urbanus
2068 1527 2143 1563 Papa
2158 1525 2204 1563 V,
2222 1525 2337 1556 Praede-

1278 1560 1370 1591 ceffor
1393 1562 1506 1600 noster,
1523 1562 1606 1591 certis
1628 1569 1662 1591 ex
1686 1562 1789 1599 causis,
1807 1561 1956 1592 Locorum
1977 1562 2222 1601 Metropolitanis,
2240 1566 2272 1595 ὃ(
2288 1575 2338 1595 eo-

1279 1609 1342 1629 rum
1365 1598 1554 1637 Suffraganeis
1575 1598 1740 1640 Universis,
1758 1600 1854 1636 Regni
1877 1601 2004 1639 Angliae,
2022 1601 2073 1631 suis
2094 1602 2212 1640 Literis,
2231 1604 2258 1631 in
2274 1602 2340 1633 Vir-

1280 1646 1339 1667 tute
1354 1637 1466 1668 Sanc'tae
1479 1637 1678 1675 obedientiae,
1691 1639 1724 1669 δε
1741 1639 1791 1669 sub
1807 1637 2118 1669 Exconimunicationis
2134 1640 2222 1678 Poena
2232 1642 2344 1679 (quam,

1281 1677 1301 1706 sl
1315 1678 1371 1715 ejus
1392 1676 1532 1708 Mandatis
1555 1686 1614 1707 non
1635 1676 1803 1715 obedirent,
1822 1687 1870 1707 eos
1893 1678 2037 1708 incurrere
2058 1678 2148 1708 voluit
2170 1678 2229 1717 ipso
2250 1679 2339 1717 sueto)

1282 1715 1480 1753 Praecipiendo
1495 1715 1570 1746 dedit
1585 1717 1614 1744 in
1630 1714 1790 1753 Mandatis,
1806 1725 1853 1752 ut,

1321 1753 1395 1784 Intra
1416 1764 1506 1785 unum
1532 1752 1682 1791 Mensem,
1696 1764 1712 1783 a
1735 1754 1911 1794 Receptione
1931 1753 2070 1784 dictarum
2088 1754 2246 1784 Literarum
2261 1764 2345 1784 com-

1285 1793 1459 1831 putandum,
1477 1793 1583 1831 Singuli
1598 1802 1699 1822 eorum
1715 1801 1765 1828 per
1780 1792 1817 1823 Se
1852 1793 1898 1822 vel
1913 1792 1992 1822 suum
2008 1793 2153 1824 Vicarium
2168 1795 2198 1823 in
2211 1793 2344 1830 Spiritua-

1284 1831 1356 1861 libus
1370 1831 1557 1878 Oeneraleni,
1575 1832 1603 1861 in
1619 1830 1663 1861 sua
1677 1829 1799 1862 Ecclesia
1813 1816 1988 1869 &athedraln
2006 1831 2126 1869 generali
2143 1831 2263 1871 Synodo
2272 1841 2346 1862 con-

1285 1878 1416 1907 greffata,

1324 1894 1482 1939 ffiniversos
1495 1909 1528 1940 ὃς
1545 1906 1666 1949 singulos
1681 1906 1830 1946 Clericos,
1848 1909 1880 1939 &
1896 1907 2103 1938 Ecclesiasticas
2124 1910 2182 1938 tam
2203 1907 2345 1938 Seculares

1288 1947 1373 1984 quam
1394 1947 1546 1986 Regulai‘es
1564 1947 1696 1977 Pei-lonas
1714 1948 1768 1984 ,in
1791 1947 1837 1977 sua
1857 1945 1978 1976 Civitate
2000 1948 2034 1978 ὃς
2057 1947 2192 1976 Dioecese
2210 1957 2347 1977 commo-

1290 1993 1378 2015 rantes
1389 2009 1397 2024 ,
1415 1986 1575 2024 prioratus,
1595 1984 1770 2022 Dignitates,
1789 1984 1965 2022 Parsonatus,
1987 1985 2251 2015 Administrationes
2263 2008 2273 2023 ,
2291 1985 2349 2015 Ec-

1289 2023 1395 2060 clesias,
1416 2025 1624 2060 Canonicams,
1642 2024 1674 2054 &
1699 2023 1866 2055 Praebendas
1881 2046 1890 2061 ,
1909 2022 2103 2053 Praestimonia
2118 2046 2127 2060 ,
2145 2025 2177 2053 ὃς
2199 2024 2250 2053 alia
2269 2033 2349 2061 quae-

1291 2072 1416 2100 cumque
1432 2062 1586 2100 Beneficia,
1603 2071 1671 2092 curn
1689 2060 1784 2099 Cura,
1800 2062 1846 2093 vel
1861 2062 1918 2091 sine
1933 2060 2028 2099 Cura,
2046 2072 2078 2092 ac
2097 2061 2203 2092 Officia
2218 2071 2350 2100 perpetua

1290 2100 1496 2140 Ecclesiastica,
1512 2111 1558 2132 aut
1579 2100 1632 2130 alia
1651 2101 1731 2137 ipsius
1753 2099 1988 2138 Praedecessoris,
2004 2109 2051 2131 aut
2070 2100 2185 2130 aliarum
2205 2099 2350 2130 Curarum

1290 2138 1548 2170 Ecclesiastico-um
1564 2163 1573 2176 ,
1591 2148 1777 2175 quocumque
1796 2149 2023 2176 nuncuparentur
2046 2140 2165 2169 nomine
2179 2162 2189 2177 ,
2205 2138 2351 2169 Obtineii-

1292 2185 1350 2214 tes,
1370 2179 1416 2208 vel
1436 2179 1614 2209 Aueloritate
1628 2176 1796 2216 Apostoli-ca
1804 2176 2008 2216 Expeeiames,
2028 2187 2140 2208 necnon
2153 2178 2286 2208 babentes
2294 2176 2354 2207 Ca-

1295 2217 1439 2255 pellaniaS,
1459 2215 1673 2247 Cominensales
1689 2240 1699 2254 ,
1718 2216 1763 2246 seu
1784 2217 1834 2246 alia
1856 2215 1965 2246 Officia
1985 2215 2128 2246 Ronianae
2152 2215 2265 2253 Curiae,
2283 2225 2354 2245 curn

1293 2254 1455 2292 Beneficio,
1472 2256 1516 2286 seu
1538 2254 1702 2291 Beneficiis,
1717 2264 1763 2285 aut
1784 2253 1900 2284 Officiis
1920 2253 2119 2285 Eccleliasticis
2142 2254 2188 2284 seu
2209 2253 2354 2284 Curatum

1295 2292 1553 2325 Ecclesiasticarum
1574 2294 1712 2330 perpetuis
1728 2316 1738 2331 ,
1770 2293 1973 2330 cujuscumque
1993 2290 2086 2323 Status
2099 2316 2108 2331 ,
2141 2291 2260 2322 Ordinis
2274 2314 2283 2328 ,
2309 2291 2355 2322 vel

1297 2331 1478 2401 ῗῗηεὲἰῑὶοηίε
1501 2332 1650 2362 existerent
1666 2355 1675 2370 ,
1699 2332 1890 2371 peremptorie
1914 2341 2032 2362 monere
2053 2339 2208 2369 curarent,
2231 2329 2358 2361 districte

1340 2381 1371 2400 an
1394 2380 1469 2401 antes

1338 2410 1448 2448 Quod,
1465 2395 1536 2439 ii'ifra
1557 2418 1645 2439 unum
1668 2408 1818 2445 Mensem,
1835 2418 1850 2438 a
1875 2406 2041 2438 Monitione
2061 2407 2217 2446 hujusmodi
2236 2417 2360 2445 compu-

1300 2449 1435 2485 tandum,
1454 2449 1499 2486 huj
1507 2446 1611 2477 asmodi
1626 2470 1635 2484 ,
1653 2457 1754 2478 eorum
1776 2446 1954 2477 prioratuum
1971 2469 1980 2483 ,
2000 2446 2177 2485 Dignitatum
2193 2470 2202 2483 ,
2223 2446 2360 2476 Persona-

1301 2496 1400 2525 tuum,
1421 2486 1724 2522 Administrationum,
1744 2484 1948 2521 Ecclesiarum,
1965 2485 2208 2521 Canoiiicatuum,
2226 2484 2361 2514 Praeben-

1302 2525 1419 2563 darum,
1438 2525 1719 2561 Praestinioniorum,
1739 2524 1771 2554 &
1793 2523 2020 2560 Beneficiorum,
2039 2533 2071 2553 ac
2091 2523 2269 2553 Officiorum
2291 2522 2362 2552 No-

1302 2565 1394 2601 mina,
1413 2573 1528 2594 necnon
1553 2562 1707 2600 Qialitates
1730 2563 1762 2593 ὃ(
1784 2562 1954 2592 Taxationes
1979 2562 2018 2599 (si
2042 2561 2076 2591 ad
2098 2561 2250 2592 Decimam
2273 2560 2363 2592 effent

1303 2604 1402 2639 taxata)
1427 2602 1470 2632 seu
1492 2610 1647 2640 quantum,
1666 2609 1718 2638 pro
1738 2600 1776 2629 eis
1798 2610 1851 2638 pro
1866 2599 1989 2630 Decima
2012 2599 2092 2631 Solvi
2112 2600 2274 2637 consuevit,
2293 2600 2362 2629 alio-

1303 2641 1371 2678 quin
1385 2650 1484 2670 eorum
1500 2649 1582 2670 veros
1600 2639 1632 2669 &
1649 2648 1786 2669 comunes
1807 2639 1863 2668 sine
1882 2638 1976 2668 fraude
1998 2638 2132 2675 Valores,
2149 2637 2363 2676 Expeftationcs

1302 2688 1435 2716 quoque,
1450 2688 1565 2708 necnon
1578 2676 1767 2714 Capellanias,
1785 2678 1818 2708 &
1842 2676 1949 2706 Officia
1965 2686 2097 2715 perpetua
2117 2676 2287 2715 supradicta,
2307 2679 2363 2706 una

1303 2727 1371 2747 cum
1396 2716 1540 2747 Beneficiis
1558 2715 1839 2753 eisdemxpraediffls,
1856 2715 2084 2752 Metropolitanis
2104 2715 2136 2746 &
2160 2714 2364 2754 Suffraganeis,

1304 2756 1332 2823 {in
1349 2755 1462 2793 Scriptis
1477 2755 1567 2793 clare,
1586 2754 1800 2793 particulariter,
1818 2755 1850 2785 &
1865 2753 1996 2784 distincte
2020 2754 2182 2784 exhiberent
2203 2763 2288 2791 atque
2310 2762 2364 2784 tra-

1325 2802 1401 2824 erent

1343 2817 1479 2871 Alio’quin
1496 2831 1606 2861 Omnes
1621 2832 1654 2862 &
1669 2830 1795 2870 Singuli,
1814 2832 1862 2868 qui
1879 2830 1999 2867 praefatis
2014 2830 2138 2867 ipsorum
2163 2829 2363 2866 Metropolita-

1306 2880 1409 2901 norum
1424 2872 1456 2902 ὃ(
1473 2870 1737 2909 Suffraganeorum,
1756 2871 1826 2907 yrno
1851 2868 2022 2906 Apostolicis
2040 2867 2201 2898 Monitioni
2223 2869 2255 2900 ὅ(
2277 2867 2367 2898 Man-

1309 2909 1391 2947 dato,
1410 2909 1564 2939 rationabili
1579 2908 1661 2938 causa
1677 2907 1815 2943 ecflante,

1347 2948 1463 2986 Qiam,
1482 2948 1552 2977 infra
1575 2946 1685 2976 dictum
1707 2945 1900 2982 Terminum,
1917 2954 2016 2975 coram
2041 2944 2145 2975 eisdem
2166 2943 2369 2982 Metropolita-

1306 2988 1348 3016 nis
1364 2988 1396 3018 δε
1411 2986 1599 3022 Suffraganeis
1613 2984 1735 3020 Singulis
1746 3007 1755 3022 ,
1768 2984 1812 3014 seu
1827 2983 1929 3013 eisdem
1943 2982 2172 3022 Vicariis,prout
2185 2983 2287 3013 eisdem
2304 2984 2367 3013 sul)-

1308 3034 1400 3063 erant,
1418 3026 1462 3055 seu
1482 3026 1508 3054 in
1526 3023 1650 3061 ipsorum
1670 3021 1840 3053 Civitatibus
1856 3022 1889 3053 ὃς
1905 3021 2087 3052 Dicecesibus
2103 3023 2366 3059 commorabantur,

1307 3064 1429 3100 allegare
1441 3064 1599 3094 tenerentur
1608 3084 1617 3099 ,

1344 3102 1416 3132 Non
1431 3109 1555 3140 parerent
1571 3109 1640 3129 cum
1650 3098 1756 3129 effectu
1766 3122 1776 3137 ‚
1793 3098 1949 3133 huiusmodi
1965 3108 2066 3129 eorum
2081 3098 2269 3135 Prioratibus,
2289 3097 2364 3135 Dig-

1308 3142 1455 3178 nitatibus,
1474 3138 1683 3176 Personatibus,
1704 3137 2012 3175 Administrationibus,
2029 3137 2160 3168 Ecclesiis
2176 3161 2185 3174 ,
2203 3136 2367 3166 Canonica-

1308 3180 1383 3210 tibus
1398 3204 1406 3216 ,
1424 3180 1456 3209 «St
1480 3176 1639 3207 Praebendis
1652 3199 1661 3213 ,
1679 3175 1880 3206 Praestimoniis
1897 3198 1906 3213 ,
1930 3175 2075 3205 Beneficiis
2090 3200 2099 3212 ,
2124 3174 2363 3212 Erpestationuni

1309 3217 1432 3253 Gratiis,
1451 3216 1633 3253 capellaniis,
1650 3216 1682 3246 &
1701 3214 1816 3245 Officiis
1837 3215 1976 3252 perpetuis
1995 3223 2106 3244 exnunc
2129 3213 2191 3251 Ipso
2214 3213 2289 3243 ficto
2304 3222 2369 3250 pei·-

1312 3266 1397 3294 petuo
1411 3255 1497 3285 essent
1515 3254 1631 3291 privati,
2263 3289 2267 3293 .
2292 3289 2297 3293 ”

1350 3294 1475 3330 Ipsorum
1497 3292 1674 3322 prioratuum
1689 3315 1699 3325 ,
1718 3289 1901 3328 Dignitatiim
1915 3315 1924 3328 ,
1944 3290 2163 3325 Parsonatuum,
2183 3287 2369 3318 Administra-

1311 3333 1442 3370 tionum,
1459 3330 1664 3366 Ecclel'izirum,
1679 3328 1925 3366 Cmonicamum,
1942 3328 2179 3364 Praebendarum,
2200 3326 2369 3356 Praestimo-

1312 3372 1444 3406 niorum,
1465 3368 1690 3406 Beneficiorum,
1709 3369 1742 3398 8<
1758 3367 1934 3398 Officiorum
1947 3366 2124 3403 dispositione
2140 3365 2234 3395 eidem
2255 3364 2371 3395 Praede-

1311 3410 1411 3439 cellori
1426 3408 1575 3440 specialiter
1593 3405 1743 3444 reservata,

1350 3447 1388 3477 Et
1412 3449 1469 3477 tiiin
1497 3446 1571 3475 idem
1595 3444 1719 3474 Urbanus
1733 3467 1742 3482 ,
1758 3445 1844 3481 quam
1864 3442 2009 3472 Nonnulli
2031 3442 2099 3479 alii,
2119 3440 2210 3471 nostri
2232 3442 2265 3472 &
2287 3441 2369 3479 ipsius

1311 3486 1416 3515 Urbani
1437 3482 1655 3515 Pi‘aedeccsl'ores
1668 3505 1678 3521 ,
1698 3482 1826 3512 Romani
1846 3480 1996 3510 Pontifices
2014 3502 2023 3517 ,
2043 3479 2221 3518 quamplures
2240 3479 2369 3516 speciales

1312 3524 1541 3559 Reservationes,
1561 3522 1644 3551 etiam
1658 3531 1726 3551 cum
1742 3519 1915 3557 appolitione
1930 3518 2062 3553 Decreti,
2081 3519 2116 3548 de
2125 3517 2282 3548 Nonnullis·
2292 3517 2371 3554 Dig-

1313 3562 1442 3592 nitatibus
1458 3585 1467 3598 ,
1484 3559 1675 3590 Parsonatibus
1719 3556 2029 3593 Administrationibus,
2048 3556 2161 3586 Officiis
2175 3579 2183 3593 ,
2207 3555 2373 3586 Canonica-

1313 3601 1386 3630 tibus
1401 3623 1411 3638 ,
1430 3601 1461 3630 &
1484 3598 1645 3628 praebendis
1660 3620 1670 3635 ,
1689 3583 1898 3626 'parochialibus
1918 3595 2049 3625 Ecclesiis
2063 3620 2072 3632 ,
2092 3596 2124 3625 ὃς
2147 3594 2203 3624 aliis
2228 3593 2373 3624 Beneficiis

1315 3637 1526 3673 Eccicsnsticis,
1545 3636 1719 3666 Secularibus
1733 3636 1764 3665 ἃ
1780 3633 1982 3671 Regularibus,
2000 3635 2030 3663 in
2046 3633 2182 3671 pi‘aedie‘lo
2196 3631 2302 3671 Regno
2312 3632 2375 3663 An-

1315 3677 1379 3715 gliit:
1391 3674 1619 3712 continentibus,
1639 3674 1782 3710 fecerunt,
1802 3672 1902 3710 quibus
1922 3681 1976 3702 nec
2000 3682 2052 3702 nos
2074 3681 2128 3702 nec
2152 3670 2374 3702 Pri-edeceffores

1316 3716 1365 3753 ipsi
1381 3715 1419 3744 usi
1434 3714 1541 3749 liunus,

1356 3753 1392 3782 Et
1406 3777 1415 3789 ,
1432 3752 1496 3782 sicut
1521 3751 1703 3787 accepimus,
1728 3748 1905 3787 quamplures
1924 3747 2080 3786 hujusmodi
2104 3747 2319 3779 Reservationes
2340 3749 2373 3779 δε

1319 3791 1443 3821 Decreta
1457 3792 1628 3827 ignorantes,
1648 3787 1798 3817 Nonnulla
1812 3795 1847 3816 ex
1863 3786 2071 3825 Dignitatibus,
2091 3786 2283 3816 Parsonatibus
2315 3787 2377 3817 Ad-

1318 3828 1566 3859 ministrationibus
1579 3850 1588 3863 ,
1607 3825 1720 3856 Officiis
1733 3849 1742 3864 ,
1761 3825 1984 3855 Canonicatibus
2000 3847 2009 3862 ,
2027 3825 2060 3855 &
2080 3824 2242 3854 Praebendis
2257 3847 2267 3863 ,
2311 3835 2377 3855 aro-

1319 3869 1453 3897 chialibus
1470 3865 1617 3902 Eccleliis‚
1633 3864 1666 3894 ὃς
1679 3864 1736 3894 aliis
1751 3863 1896 3894 Beneficiis
1910 3862 2110 3894 Ecclesiasticis
2126 3863 2375 3902 hujusmodi,ali{is

1320 3906 1457 3936 canonice
1471 3905 1582 3934 fuerunt
1597 3902 1727 3939 affecuti,
2217 3916 2220 3920 -

1358 3945 1375 3963 *²
1396 3943 1463 3973 Nos
1483 3943 1583 3978 igitur,
1602 3942 1628 3970 in
1652 3939 1796 3978 praemiffis
1817 3939 1956 3970 salubriter
1977 3938 2126 3976 providere
2137 3939 2281 3978 volentes,
2299 3949 2371 3978 prae-
2389 3949 2525 3980 *V11,36,

1320 3982 1431 4013 inillam
1443 3980 1600 4019 generalem
1615 3978 1864 4016 Reservationem,
1882 3987 1930 4015 per
1944 3976 2054 4008 dictum
2077 3977 2233 4016 Urbanum,
2251 3987 2281 4008 ut
2303 3988 2373 4016 prae-

1320 4021 1456 4056 mittitur,
1473 4019 1594 4055 sathin,
1612 4018 1644 4048 ὃ(
1659 4018 1742 4047 etiam
1755 4016 1944 4054 quascumque
1956 4016 2082 4053 speciales
2095 4016 2310 4047 Reservationes
2325 4026 2373 4053 per

1319 4058 1474 4093 Urbanum,
1492 4058 1524 4087 &
1539 4056 1606 4086 alios
1622 4055 1840 4085 Praedecessores
1854 4054 1964 4084 nostros
1978 4054 2146 4094 praediecos,
2164 4054 2200 4085 de
2224 4054 2376 4093 Dignitati-

1319 4097 1388 4133 bus²
1406 4095 1601 4128 Patsonatibus
1614 4118 1623 4133 ,
1642 4093 1936 4162 Administrifionibus
1951 4117 1962 4132 ,
1980 4091 2095 4125 Officiis
2107 4116 2118 4133 ,
2141 4091 2379 4162 Canonicatibugg

1853 4140 1872 4161 2
