2561 4251
722 151 835 194 ET
919 150 1191 195 ACTA

2 255 80 287 ΑΜ,
93 252 133 285 D·
148 240 255 274 naverit
269 264 279 282 ,
302 241 339 272 de
360 240 455 275 nostra
475 238 586 273 licentia
603 243 614 279 3
637 238 673 272 ad
695 248 784 279 partes
804 238 905 278 Regni
935 240 1065 273 Franciae
1096 239 1239 271 destinan-

2 303 112 362 2¹⁴„fi59
150 280 248 359 dag&
264 317 377 356 quidem
395 314 632 361 Archiepiscopus
646 312 806 360 hujusmodi
820 316 958 355 Viagium
973 318 1146 357 acceptavit,
1172 326 1223 347 ne-

23 355 30 363 '
92 354 115 370 ³*
148 357 221 388 dum
237 367 288 395 pro
303 356 469 393 exequendis
483 354 640 395 promissis,
658 357 762 387 verum
784 356 872 388 etiam
892 363 922 386 ut
953 356 1105 387 Summam
1128 356 1225 387 Flore-

150 405 272 431 norum‚
290 395 325 430 ad
341 404 424 432 quam
438 394 602 432 composuit
616 403 685 426 cum
697 394 980 425 didio-n-Comite
999 404 1051 433 pro
1073 394 1222 433 Redemp-

149 435 226 465 tione
239 433 273 464 ὃς
287 433 468 464 Liberatione
483 433 523 468 sui
536 432 693 471 Corporis,
708 432 778 463 solvi
790 431 908 465 celerius
924 441 1102 471 procuraret,

187 471 285 502 Sciatis
301 471 381 509 quod
395 471 566 509 suscepimus
580 472 610 501 in
625 471 842 502 Protefflonem
849 471 993 511 nostram,
1010 481 1124 503 necnon
1139 472 1167 501 iri
1175 470 1226 501 sal-

152 520 225 541 vum
239 511 272 542 &
295 510 426 541 securum
449 509 641 541 Condmstum
663 509 791 540 nostrum
805 532 816 548 ,
839 509 1007 540 dietum-n
1026 509 1226 547 Archiepisco-

154 559 242 588 pum,
259 549 292 579 &
307 548 442 586 Triginta
454 548 568 591 Equites
583 547 618 580 de
633 548 680 582 sua
693 548 842 580 Comitiva
858 547 1226 585 Inermesdumtaxat,eun-

154 588 195 618 do
209 588 238 617 iii
255 587 368 621 dicitum
383 587 524 625 Regnum
539 586 724 626 Franciae,&
746 588 849 625 ubique
863 597 912 624 per
919 587 1020 618 Terras
1028 587 1133 629 nostrae
1143 586 1226 615 Obe—

151 626 287 696 gientiae,
305 627 335 656 in
351 625 443 657 Terra
455 625 489 656 δε
512 626 543 655 in
560 624 638 655 Mari
655 648 665 664 ,
691 627 830 657 morando
851 627 886 658 ὃς
909 626 1052 658 redeundo
1066 647 1077 663 ,
1095 625 1164 654 hmc
1190 622 1225 652 ad

176 675 317 696 iennium:

191 703 339 742 Qiocirca
355 702 519 733 mandamus
538 702 639 742 vobis,
662 701 724 738 &a
743 710 826 742 prout
839 705 870 733 in
884 701 1016 741 fimilibus
1038 700 1070 730 de
1088 699 1226 730 conduezu

155 744 271 772 Literis.

192 779 225 811 In
241 781 335 819 cujus,
350 781 412 812 ἃς.
429 789 478 818 per
491 779 642 810 Biennium
655 778 800 812 duraturas.
908 816 913 821 ι
1017 816 1033 821 ..

225 817 294 850 Dat.
312 819 385 858 apud
406 818 715 855 westmonasterium,
731 815 868 848 vicefimo
884 815 931 846 die
947 815 1045 847 Marii.

845 894 901 923 Per
915 891 999 934 ipficm
1015 895 1120 931 Regem.

481 1019 541 1049 Pro
564 1017 677 1049 Comite
698 1015 736 1050 de
758 1020 855 1052 Mar.

6 1094 84 1129 Ann.
99 1093 142 1124 D.

10 1141 127 1212 ἐξῇ.

9 1215 31 1239 Ε
65 1220 90 1247 3.

163 1096 311 1160 REX,
321 1102 384 1147 &a
418 1100 551 1150 Salutem.
588 1142 595 1147 ⁶
684 1141 690 1149 ⁴
852 1141 858 1147 ἢ

265 1143 377 1173 Sciatis,
399 1141 477 1179 quod
492 1141 660 1181 suscepimus
681 1152 714 1172 m
728 1140 949 1173 Proterstionem
971 1139 1005 1171 &
1023 1134 1228 1174 Desenfionem

159 1180 283 1210 nostram
292 1203 301 1218 ,
318 1189 432 1210 necnon
446 1181 476 1209 in
488 1179 594 1211 salvum
610 1181 643 1211 &
655 1180 783 1211 securum
792 1179 978 1210 Condqum
987 1178 1116 1209 nostrum
1126 1179 1228 1217 ,Tho-

35 1233 39 1237 ·
158 1227 237 1248 mam
255 1218 404 1252 Comitem
418 1217 454 1249 de
469 1218 537 1251 Mai·
548 1219 581 1254 in
596 1218 710 1257 Scotia,
728 1218 873 1249 veniendo
895 1219 924 1248 in
941 1216 1079 1256 Regnum
1100 1218 1227 1249 nostrum

7 1255 75 1278 ⁸⁶⁰²·
95 1257 139 1284 33·
157 1256 290 1296 Angliae,
306 1256 341 1287 ad
353 1255 509 1288 Civitatem
523 1256 646 1288 nostram
670 1256 830 1288 Londoniae
845 1279 856 1295 ,
880 1256 914 1288 &
933 1255 1000 1286 alibi
1016 1257 1063 1287 ubi
1084 1252 1175 1294 ipfiim
1189 1255 1229 1286 as-

6 1291 39 1315 13.
63 1297 87 1324 3-
102 1295 138 1315 η’·
156 1295 375 1334 signaverimus,
391 1305 461 1326 cum
476 1295 507 1326 T
524 1296 529 1301 '
551 1296 609 1326 inta
636 1295 767 1326 Personis
779 1295 816 1326 de
829 1295 942 1326 Familia
955 1295 1017 1332 sua,
1038 1295 1175 1332 Triginta
1189 1293 1228 1323 Ε-

9 1329 38 1353 ⁶·
156 1336 233 1373 quis,
249 1335 283 1365 &
300 1344 368 1365 cum
380 1334 487 1364 Tribus
538 1334 709 1365 creatoribus
722 1334 758 1365 de
781 1334 895 1372 Scotia,
920 1343 989 1364 cum
1010 1332 1125 1363 Decem
1139 1332 1228 1370 Equis

159 1373 189 1402 in
205 1373 352 1404 Comitiva
365 1372 446 1410 ipsius
461 1371 608 1412 Comitis,
625 1372 734 1403 ibidem
749 1372 908 1411 morando,
926 1373 960 1403 ὃς
976 1371 1045 1402 inde
1061 1373 1090 1401 in
1099 1371 1228 1402 Scotiam

157 1411 241 1481 re‘Eil
243 1412 316 1481 ἓξὲξ),
323 1449 404 1481 vobis
427 1449 594 1482 mandamus
613 1448 676 1485 &a
693 1456 776 1488 prout
788 1452 817 1480 in
822 1448 954 1490 fimilibus
976 1450 1083 1479 Literis
1102 1448 1134 1478 de
1152 1450 1224 1478 Con-

158 1489 339 1565 daliiucuius,
354 1526 416 1559 &o
433 1526 516 1567 usque
530 1527 565 1558 ad
581 1525 697 1558 Festum
710 1525 809 1558 Sancti
824 1526 973 1557 Michaelis
994 1526 1130 1566 proximo
1153 1525 1231 1557 futu-

159 1576 225 1600 tum
232 1566 419 1645 {2353de
435 1604 510 1643 apud
523 1601 837 1643 westmonasterium,
853 1604 991 1636 vicesimo
1007 1603 1054 1635 die
1068 1602 1175 1635 Martii.

898 1687 953 1716 Per
972 1684 1126 1716 Concilium.

203 1763 372 1795 Consimiles
389 1764 497 1797 Literas
513 1764 549 1796 de
565 1762 724 1796 conductu
737 1761 842 1795 habent
856 1762 1020 1802 subscripti,
1035 1762 1186 1800 videlicet,

160 1839 274 1871 Thomas
289 1840 376 1880 Bifflt
389 1841 482 1873 Miles.

161 1881 340 1909 Normannus
355 1880 495 1922 Lcffileye.

162 1917 307 1955 Johannes
327 1922 422 1950 Gram-
435 1919 530 1954 Miles.

713 1842 814 1874 Adam
828 1843 973 1879 Montagu.

717 1880 862 1920 Johamzes
877 1883 943 1912 Ros.

14 2051 81 2085 Ann
108 2048 151 2081 D.
402 2047 462 2078 Pro
487 2045 618 2078 Nunciis
641 2044 814 2078 civitatum
836 2044 980 2079 Franciae.

41 2099 55 2120 1
122 2112 127 2116 .

15 2097 132 2166 An.35393
168 2127 254 2184 RE
264 2126 314 2168 X,
331 2129 392 2162 δερ.
432 2129 567 2161 Salutem.

15 2173 47 2197 Ε.
69 2177 95 2205 3.
259 2168 359 2199 Sciatis
377 2169 457 2206 quod
480 2168 649 2206 suscepimus
664 2170 693 2200 in
708 2167 816 2200 salvum
830 2168 865 2199 &
887 2167 1016 2200 securum
1037 2166 1229 2199 Conductum

17 2210 107 2236 Franc.
156 2204 285 2238 nostrum
299 2207 464 2245 Johannem
478 2207 572 2246 Bigoti
586 2207 623 2239 de
640 2208 764 2246 Biteriis,
783 2210 817 2239 &
831 2207 1028 2247 Berengarium
1042 2207 1077 2238 de
1092 2206 1230 2237 Narbou-

15 2247 48 2272 E.
59 2250 110 2282 Ην.
121 2254 144 2273 ι.
153 2252 188 2274 na
196 2267 206 2282 ,
214 2245 350 2278 Nuncios
358 2246 544 2284 quarumdam
554 2245 714 2278 Civitatum
724 2247 895 2279 Senescalcae
903 2243 1107 2285 Carciassonae,
1116 2245 1151 2276 ad
1164 2244 1228 2279 Ad-

18 2284 92 2315 m.6.
158 2283 306 2315 versarium
317 2285 446 2317 nostrum
461 2284 588 2317 Franciae
602 2285 772 2325 destinatos,
790 2286 824 2317 &
836 2286 950 2317 Decem
971 2285 1086 2323 Equites
1107 2283 1152 2316 vel
1174 2282 1231 2328 Pe-

162 2320 235 2354 dites
249 2323 286 2354 de
300 2333 400 2356 eorum
414 2324 576 2364 Comitiva,
593 2325 796 2365 cujuscumque
818 2326 988 2357 conditionis
1010 2324 1130 2362 fuerint,
1151 2332 1231 2353 veni-

161 2362 240 2394 endo
255 2361 330 2401 infra
345 2363 480 2404 Regnum
493 2364 623 2395 nostrum
635 2365 768 2404 Angliae',
785 2364 896 2396 ibidem
910 2363 1070 2402 morando,
1088 2361 1232 2394 &exinde

164 2400 201 2433 ad
237 2409 304 2433 artes
321 2401 345 2432 F
346 2404 452 2434 ranciae
467 2403 617 2435 redeundo.

228 2448 238 2470 t
252 2440 319 2470 ideo
334 2442 417 2472 vobis
430 2442 595 2473 mandamus
607 2441 685 2481 quod
698 2441 802 2473 eisdem
809 2441 946 2483 ,johanni
958 2440 1234 2481 &Berengarimmxt

166 2478 252 2510 dietis
267 2479 484 2518 Equitibusrfive
504 2481 694 2512 Peditibusde
706 2491 810 2512 eorum
830 2480 993 2512 Comitiva.
1025 2479 1078 2516 &c
1100 2486 1185 2519 prout
1203 2481 1234 2512 in

164 2517 299 2558 fimilibus
315 2519 347 2549 de
363 2520 501 2551 Conduest'u
512 2522 628 2558 Literis,

205 2557 240 2587 In
256 2559 419 2597 cujuS,&c.
439 2558 524 2597 usque
531 2559 567 2589 ad
575 2558 691 2589 Festum
703 2559 884 2591 pentecostes
899 2559 1035 2598 proximo
1050 2557 1176 2589 futurum
1185 2558 1238 2590 du-

170 2603 280 2627 raturas.

173 2633 332 2704 Mar'tIiieste
347 2634 434 2675 Rege
454 2635 527 2677 apud
546 2635 837 2669 Westmonasterium
851 2660 861 2676 ,
885 2636 1025 2669 vicesimo
1050 2635 1175 2667 secundo
1191 2636 1237 2667 die

885 2716 939 2744 Per
957 2713 1041 2754 ipfiem
1060 2715 1166 2751 Regem.
1202 2734 1209 2741 .

39 2839 121 2905 *XL
354 2838 382 2867 δὲ
407 2842 457 2874 De
476 2842 652 2875 Dextrariis
668 2845 701 2875 in
716 2842 868 2889 Angliam
886 2840 1036 2876 ducendis.

23 2890 155 2947 Anna-D·
175 2923 319 2981 REX,
348 2928 410 2972 βω.
431 2926 562 2958 Salutem.

45 2962 129 3001 1357.
272 2965 370 2996 Seiatis
388 2966 487 3006 quod,

25 2997 77 3021 “¹⁷¹-
95 3003 139 3031 33·
210 3004 309 3043 Cum,
326 3005 448 3036 Nobilis
461 3003 694 3036 Vir---Comes
713 3004 749 3035 de
771 3003 937 3035 Tankervill
953 3027 964 3043 ,
990 3003 1162 3036 Prisonarius
1185 3014 1241 3036 no-

23 3036 120 3098 ssjnzt
173 3042 246 3084 ster,
264 3045 354 3077 mittat
370 3042 503 3082 quosdam
519 3043 679 3075 Familiares
690 3046 723 3076 &
740 3043 896 3074 Servientes
910 3044 971 3074 suos
990 3043 1026 3074 ad
1047 3053 1136 3083 partes
1151 3043 1174 3074 F
1176 3054 1241 3074 ran-

27 3115 61 3147 33
84 3113 102 3135 E
130 3117 145 3147 ἶ
173 3083 227 3151 (Ᾰίιε
234 3092 325 3152 'l'pnd
335 3083 468 3152 Qia‘tiuor
482 3081 633 3113 Dexn‘ariis
639 3083 685 3114 seu
699 3078 812 3121 magnis
825 3082 913 3122 Equis
926 3083 957 3113 in
965 3082 1099 3122 Regnum
1114 3082 1242 3114 nostrum

65 3130 109 3137 ··
152 3132 157 3138 ·
205 3132 225 3151 n
258 3131 293 3152 1ae
326 3132 442 3153 ucenis

26 3157 63 3175 m·
77 3147 118 3176 ¹8·
132 3154 160 3185 P·
210 3131 387 3198 Sigiscepimus
398 3144 470 3198 ipscis
489 3160 646 3192 Familiares
660 3161 694 3193 ὃς
707 3159 865 3192 Servientes
879 3160 1007 3199 praedicti
1023 3159 1241 3199 Comitis,eun-

30 3193 54 3212 ¹·
173 3197 214 3227 do
227 3197 261 3228 ad
273 3198 361 3230 dietas
376 3207 466 3238 partes
481 3198 609 3231 Franciae
622 3209 675 3237 pro
692 3199 775 3230 dietis
788 3199 942 3229 Dextrariis
960 3201 994 3231 ὃς
1011 3198 1096 3237 Equis
1113 3210 1243 3238 quaeren-

171 3236 233 3274 dis,
251 3236 358 3268 ibidem
376 3237 533 3276 morando,
551 3239 584 3269 &
598 3237 698 3268 exind‘e
722 3248 791 3268 cum
812 3238 917 3269 eisdem
933 3238 1089 3269 Dextrariis
1102 3241 1136 3271 ὃ(
1156 3238 1243 3276 Equis

146 3284 224 3314 ‘per
235 3283 327 3307 totum
341 3276 514 3307 Dominium
528 3277 561 3307 &
575 3275 749 3307 Potestatem
762 3276 856 3309 nostra
871 3299 882 3315 ,
907 3278 968 3308 tam
981 3279 1010 3308 in
1025 3277 1114 3308 Terra
1125 3301 1135 3316 ,
1154 3278 1241 3315 quam

174 3315 205 3343 in
220 3313 315 3354 Mari,
328 3315 359 3344 in
373 3314 512 3351 Angliam
526 3315 688 3353 veniendo,
697 3315 726 3344 in
743 3313 979 3355 protectionem,
993 3314 1053 3351 &a
1068 3323 1151 3355 prout
1166 3321 1194 3346 in
1203 3315 1242 3356 fi-

173 3351 279 3384 m1'libus
294 3356 399 3385 Litoris
412 3354 445 3384 de
459 3354 605 3383 Conduc‘lu.

210 3390 244 3421 In
257 3392 353 3459 gujm,
370 3393 431 3425 ὅτε.
446 3392 530 3434 usque
541 3392 576 3424 ad
591 3391 706 3422 Festum
720 3390 817 3423 Santsti
838 3390 988 3424 Michaelis
1010 3395 1144 3432 proximo
1165 3393 1242 3425 futu-

170 3439 236 3461 rum
278 3438 402 3461 uraturas.

210 3468 279 3500 Dat.
292 3468 365 3507 apud
379 3469 667 3502 Westmonasterium
675 3491 685 3510 ,
704 3469 849 3501 tricesimo
864 3469 910 3501 die
919 3469 1032 3504 Martii.

851 3549 905 3577 Per
924 3547 1008 3587 ipfhm
1025 3550 1131 3586 Regem.

172 3622 506 3695 COnsimilesLitei-as
520 3622 609 3664 Regis
620 3624 853 3669 habent-quidam
874 3624 1034 3655 Familiares
1055 3626 1088 3656 ὃς
1110 3624 1241 3655 Servien-

256 3672 296 3694 tes
309 3663 433 3708 Comitis
447 3663 483 3693 de
491 3662 583 3706 Juny,
599 3662 880 3708 'Prisonarii'RegiQ
891 3663 985 3694 eundo
999 3664 1138 3707 adr-partes
1152 3663 1241 3693 Fran-

176 3703 300 3747 ci3ae'pro
314 3712 431 3747 magnis·
446 3701 550 3770 Essuis,
568 3701 664 3739 Vmis,
687 3701 775 3745 Bladis
789 3703 822 3732 &
837 3702 894 3746 aliis
909 3702 1063 3746 necessarus
1077 3703 1159 3740 ipsius
1177 3701 1241 3732 Co1

177 3742 303 3819 {riaffisacsle
313 3741 481 3811 ἦέἓζέὲιςιω
488 3749 609 3809 »ἓξὲξ-ω
626 3739 742 3778 Angliae.
754 3739 905 3778 ducendis,
921 3750 970 3780 per
984 3740 1059 3770 idem
1073 3739 1242 3778 tempusdu-

31 3851 108 3884 Aim.
122 3850 163 3882 D.

61 3900 143 3931 1359-

31 3933 84 3959 An.
102 3939 147 3967 33.

32 3971 125 4043 {laist
179 3998 306 4056 REX
322 3998 532 4032 Colleetoribus
551 4000 754 4031 Custumarum
777 3996 888 4029 suarum
910 3999 940 4029 in
961 3997 1051 4031 Portu
1071 3999 1108 4031 de
1137 4000 1242 4033 Sancto

35 4049 118 4080 33.E.
135 4053 161 4081 3.
255 4038 434 4076 Botholpho,
452 4039 585 4070 Salutem.

34 4091 70 4109 m.
85 4092 130 4118 27.
219 4076 318 4115 Cum,
332 4077 411 4116 quta
428 4076 656 4115 Conventiones,

272 3917 332 3947 Pro
349 3914 504 3949 edwardo
522 3913 559 3948 de
577 3913 720 3957 Balliolo‚
743 3911 780 3945 de
799 3913 970 3946 Annuitate
983 3913 1141 3958 sblvenda.

1279 148 1758 198 PUBLICA.
2267 161 2339 199 181

1313 235 1390 269 Inter
1404 238 1472 270 Nos
1492 241 1525 272 ὃς
1540 263 1550 279 ,
1572 239 1710 271 ἀίΙεὲὶυῐη
1728 237 1985 278 consanguineum
2006 245 2040 274 ὃς
2061 241 2174 274 fidelem
2195 242 2343 280 nostrum,
2361 237 2435 268 Arm·
2451 240 2494 270 D·

1267 274 1441 308 Edwardum
1457 278 1492 308 de
1509 278 1639 317 Balliolo,
1658 289 1744 317 nuper
1760 278 1874 317 Regem
1891 280 2017 320 Scotiae,
2035 281 2114 318 super
2131 282 2293 312 Dim-itione
2308 283 2341 312 &e
2381 287 2463 316 1355*

1267 310 1458 358 Conceffione
1473 316 1509 347 de
1523 316 1633 351 Regno
1648 318 1680 348 &
1696 317 1813 347 Corona
1832 317 1955 356 Senti-e,
1975 330 2007 349 ac
2026 319 2132 350 detoto
2149 320 2216 358 Jure
2230 321 2263 351 ὃ(
2273 320 2339 349 Cli-
2361 317 2426 343 ἶοὲν-
2447 326 2457 354 2,

1264 362 1389 391 mioque
1403 355 1434 385 in
1449 354 1553 386 eisdem
1572 355 1676 395 Regno
1691 357 1723 388 ὅτ,
1740 355 1859 386 Corona
1874 356 1991 395 habuit,
2010 359 2092 388 nobis
2111 369 2162 396 per
2180 358 2270 397 ipsum
2280 358 2339 389 Ed-

1267 392 1398 425 wardum
1415 392 1512 430 fastis,
1529 395 1625 432 initas,

1302 427 1406 460 Eidem
1421 430 1577 468 Edwardo,
1596 443 1649 469 pro
1662 432 1859 463 sustentatione
1874 432 1917 464 sua
1930 456 1939 472 ,
1952 434 1985 464 &
2001 433 2071 464 statu
2086 433 2135 464 suo
2159 443 2343 466 manutenen=

1266 466 1341 507 ddo,
1358 469 1394 499 de
1408 468 1518 500 duobus
1535 469 1655 501 Milibus
1670 471 1837 510 Librarum,
1855 471 1889 502 ad
1905 473 2059 503 terminum
2074 474 2142 503 vitre
2163 473 2218 504 suae
2239 474 2345 504 haben-

1269 508 1329 550 tiis,
1349 508 1571 538 concesserimus
1593 510 1740 547 providere
1756 533 1765 548 ,
1791 518 1873 547 prout
1895 511 1924 540 in
1940 511 2060 548 quadam
2076 510 2228 543 indenturfi
2243 535 2253 550 ,
2279 513 2344 544 mue

1266 554 1338 576 inter
1351 556 1402 576 nos
1417 547 1450 578 &
1464 545 1612 584 prcefatum
1626 545 1799 578 Edwardum
1813 548 1945 580 confec‘ta
1956 572 1966 588 ,
1984 550 2017 580 &
2033 548 2148 579 Privato
2163 551 2264 588 Sigillo
2287 561 2342 582 no-

1268 582 1326 612 stro
1343 585 1463 623 signata,
1482 585 1588 622 plenius
1603 586 1781 623 continetur,

1291 621 1344 665 ¹Et
1359 633 1412 654 nos
1435 623 1580 659 (volentes
1599 623 1708 654 diffiiam
1733 625 1948 656 concessionem
1975 625 2100 657 nostram
2122 624 2238 656 effectui
2263 638 2345 658 man-

1270 661 1377 698 cipari)
1397 661 1558 692 dederimus
1572 662 1605 693 &
1624 662 1862 700 concesserimus,
1881 673 1933 701 pro
1949 666 2033 695 nobis
2051 666 2084 696 δί
2099 663 2270 695 Haeredibus
2293 677 2347 696 no-

1267 696 1346 735 stris,
1364 699 1457 730 eidem
1478 700 1625 731 Edwardo
1640 700 1697 730 duo
1714 700 1797 731 Milia
1813 701 1959 739 librarum,
1979 702 2106 733 habenda
2133 704 2165 734 &
2188 706 2346 741 percipien-

1267 734 1302 802 ἓξ
1321 737 1542 805 iiUgUiiSlAnnis
1557 740 1586 769 in
1602 739 1689 769 Portu
1705 739 1847 776 praedi'e'to
1863 740 1896 770 &r
1915 741 2004 771 Portu
2028 742 2063 771 de
2085 740 2254 781 Kyngessoii
2269 746 2349 781 luper

1303 784 1319 802 u
1347 798 1357 813 ,
1376 786 1404 805 vi
1427 785 1528 814 ercet,

1281 851 1286 856 .
1306 810 1339 842 In
1356 814 1483 851 quolibet
1505 815 1646 856 Portuum
1671 815 1876 852 praedid'corum
1901 815 2047 849 Ducentas
2072 818 2105 849 ὃς
2126 819 2345 857 Quinquaginta

1267 849 1351 881 libras
1369 852 1397 882 in
1416 851 1488 882 festo
1509 852 1642 889 Paichae,

1265 927 1283 967 J
1306 889 1343 958 ξε
1361 889 1559 961 Ιᾏυεὲεητςῇὃζ
1585 891 1801 930 Qinquaginta
1821 892 1903 924 libras
1922 894 1952 924 in
1973 894 2044 925 festo
2066 893 2232 927 Nativitatis
2249 895 2349 927 Sancti

1285 938 1304 958 0
1326 938 1404 961 annis
1439 938 1496 968 apti
1523 940 1565 968 ae,

1303 965 1341 998 Et
1359 967 1506 1000 Ducentas
1521 969 1554 999 &
1571 968 1791 1007 Qinquaginta
1806 969 1890 1000 libras
1912 971 1941 1000 in
1959 970 2033 1002 festo
2051 973 2151 1008 Sansti
2169 971 2320 1003 Michaelis
2337 996 2349 1012 ,

1307 1005 1346 1036 Et
1362 1006 1509 1037 Ducentas
1524 1009 1557 1039 ὃς
1575 1007 1792 1045 Qinquaginta
1808 1008 1891 1039 libras
1907 1010 1937 1039 in
1953 1009 2027 1040 festo
2046 1012 2157 1042 Natalis
2172 1011 2315 1048 Domini,

1306 1044 1355 1075 De
1384 1046 1503 1076 exitibus
1529 1045 1735 1076 Custumarum
1758 1048 1792 1078 &
1813 1046 2011 1078 Subsidiorum
2035 1050 2201 1080 nostrorum
2226 1049 2351 1088 ibidem,

1269 1092 1319 1120 per
1335 1093 1433 1114 manus
1449 1083 1649 1114 Colledtorum
1665 1085 1850 1123 eorumdem,
1866 1086 1900 1115 ad
1917 1094 2009 1117 totam
2027 1090 2116 1119 vitam
2132 1089 2214 1127 ipsius
2230 1086 2351 1118 Edwar-

1270 1122 1318 1159 di,
1342 1122 1443 1160 absque
1459 1122 1691 1161 Impedimento,
1709 1123 1742 1153 &
1756 1122 1990 1155 Contradifflone
2006 1127 2132 1165 aliquali,
2151 1136 2198 1158 aut
2218 1126 2354 1158 Revoca-

1269 1161 1366 1199 tione,
1383 1161 1449 1192 inde
1470 1161 1603 1192 faciendis
1619 1171 1652 1191 ex
1671 1171 1839 1201 quacunque
1859 1163 1959 1201 causa,
1979 1174 2064 1201 prout
2084 1167 2113 1196 in
2135 1167 2240 1197 Literis
2251 1166 2353 1195 nostris

1268 1198 1446 1238 Patentibus,
1462 1199 1529 1230 inde
1542 1200 1697 1238 confectis,
1715 1200 1823 1238 plenius
1838 1202 1936 1232 contin
1943 1211 2020 1242 etur,

1306 1238 1397 1268 Vobis
1415 1239 1581 1269 mandamus
1603 1239 1681 1277 quod
1697 1262 1706 1278 ,
1732 1239 1824 1270 solutis
1838 1239 2083 1277 Affignationibus
2106 1242 2229 1274 Isabellae
2259 1242 2352 1274 Matri

1271 1275 1392 1314 nostrae,
1408 1277 1467 1314 jam
1482 1277 1642 1315 defunctae,
1661 1278 1695 1308 &
1709 1277 1848 1315 Philippae
1863 1278 1998 1310 Consorti
2012 1281 2117 1311 nostrae
2127 1304 2136 1319 ,
2156 1282 2278 1320 Reginis
2287 1282 2351 1312 An-

1270 1313 1355 1352 gliae,
1374 1316 1404 1345 in
1419 1315 1500 1346 diCto
1516 1315 1606 1346 Portu
1618 1316 1654 1346 de
1676 1315 1783 1347 saneto
1804 1316 1968 1355 Botholpho
1983 1342 1993 1356 ,
2019 1330 2069 1359 per
2093 1331 2142 1350 nos
2165 1321 2202 1351 de
2230 1321 2352 1351 exitibus

1271 1351 1476 1384 Custumarum
1491 1355 1524 1385 ὃς
1541 1354 1735 1385 Subsidiorum
1751 1355 1959 1392 praedietomm
1976 1357 2010 1387 ad
2031 1359 2166 1389 terminos
2182 1358 2298 1389 statutos
2309 1359 2351 1388 fa-

1270 1390 1340 1428 etis,
1359 1391 1476 1429 praefato
1490 1392 1711 1432 Consanguineo
1743 1393 1839 1424 nostro
1863 1394 2009 1425 Duceutas
2029 1396 2062 1426 &
2084 1397 2303 1437 Quinquaginta
2316 1397 2352 1427 li-

1272 1428 1335 1472 bras
1350 1429 1418 1460 inde
1428 1453 1437 1468 ,
1456 1440 1508 1468 pro
1523 1433 1648 1462 termino
1661 1430 1776 1462 Paschae
1795 1434 1928 1469 proximo
1944 1436 2101 1472 praeterito,
2121 1436 2157 1466 de
2175 1437 2275 1474 primis
2291 1437 2350 1466 exi-

1271 1468 1344 1498 tibus
1359 1468 1561 1500 Custumarum
1577 1470 1610 1500 &
1627 1469 1821 1499 Subsidiorum
1838 1471 2039 1507 praedietorum
2049 1497 2059 1511 ,
2074 1483 2132 1509 pre
2149 1475 2285 1505 omnibus
2293 1474 2352 1505 aliis

1272 1506 1529 1546 Affignationibus,
1545 1507 1624 1546 super
1639 1508 1758 1538 exitibus
1779 1508 1922 1546 praedietis
1945 1518 1993 1547 per
2007 1521 2059 1540 nos
2075 1511 2156 1542 facitis
2172 1535 2181 1550 ,
2205 1514 2261 1543 sine
2278 1522 2353 1543 con-

1275 1545 1444 1577 tradifflone
1458 1546 1549 1585 aliqua
1567 1547 1695 1584 solvatis,

1310 1583 1496 1622 Recipientes
1514 1585 1602 1616 literas
1623 1585 1705 1623 ipsius
1727 1583 1815 1625 Regis
1843 1587 2040 1626 acquietantiae
2056 1609 2066 1625 ,
2092 1597 2157 1625 quae
2186 1588 2355 1620 sufficientes

1277 1622 1381 1654 fuerint
1396 1625 1426 1654 in
1441 1623 1494 1654 hac
1508 1632 1603 1663 parte,

1310 1661 1348 1694 Et
1361 1672 1411 1693 nos
1426 1663 1508 1693 vobis
1522 1662 1590 1693 inde
1599 1686 1610 1701 ,
1627 1664 1655 1693 in
1669 1670 1810 1702 compoto
1822 1662 1934 1702 vestro,
1952 1663 1986 1694 ad
2001 1663 2184 1695 Scaccai'ium
2197 1665 2328 1696 nostrum
2338 1688 2348 1704 ,

1271 1699 1396 1731 debitam
1412 1700 1623 1732 Allocationem
1638 1701 1740 1732 habere
1755 1702 1901 1732 faciemus.

1308 1738 1397 1770 Teste
1411 1739 1497 1778 Rege
1512 1739 1585 1778 apud
1599 1739 1907 1778 westmonasterium,
1925 1741 2022 1778 primo
2038 1741 2085 1772 die
2102 1739 2188 1772 Maii.

1312 1815 1499 1848 *Confimile
1515 1816 1603 1848 Breve
1618 1817 1747 1854 dirigitur
1763 1816 1976 1848 Colkrstoribus
1994 1817 2198 1848 Custumarum
2215 1819 2244 1847 in
2263 1818 2351 1849 Portu

1271 1854 1308 1885 de
1323 1854 1492 1895 Kyngeston
1507 1856 1585 1893 super
1600 1855 1689 1893 Hull,
1708 1865 1760 1893 pro
1787 1856 1893 1886 eodem
1917 1855 2003 1894 Rege
2028 1858 2064 1887 de
2079 1858 2136 1888 aliis
2156 1856 2300 1888 Ducentis
2319 1860 2353 1889 ὀί

1272 1893 1489 1933 Qiinquaginta
1509 1894 1601 1924 Libris
1614 1904 1669 1934 pro
1686 1894 1792 1924 eodem
1809 1895 1959 1925 Termino.

1348 1932 1436 1964 Teste
1456 1942 1485 1963 ut
1504 1934 1592 1971 supra.

2389 1835 2406 1854 ’³
2425 1837 2478 1867 Vi.

2391 1882 2452 1909 125.

1275 2064 1325 2100 De
1339 2060 1474 2100 omnIbus
1492 2065 1771 2114 Appellationibus‚
1797 2077 1832 2101 ut
1861 2067 1902 2102 ad
1922 2072 2029 2117 Regem
2051 2070 2182 2102 Franciae
2208 2069 2356 2116 interposi-

1696 2121 1757 2160 tis,
1783 2116 1952 2153 audiendis.

1272 2199 1422 2264 REX,
1439 2200 1548 2233 dilectis
1563 2202 1597 2234 &
1613 2201 1743 2235 fidelibus
1757 2202 1827 2242 suis,
1855 2201 2024 2243 Magistris,
2039 2204 2164 2242 Johanni
2186 2204 2222 2236 de
2239 2203 2356 2236 Stretlce
2373 2214 2448 2246 Am,
2465 2216 2504 2246 D-

1357 2240 1469 2280 Legum
1484 2241 1629 2280 Dotion,
1646 2243 1680 2273 &
1703 2242 1790 2273 Petro
1803 2243 1928 2282 Aymer,
1949 2243 2084 2274 Salutem.
2395 2264 2481 2293 1⁶59,

1305 2278 1400 2318 Quia,
1416 2280 1493 2318 juxta
1505 2280 1635 2312 debitum
1645 2281 1761 2319 suscepti
1776 2281 1952 2321 Regimiiiis,
1969 2283 2102 2312 omuibus
2116 2282 2149 2313 δε
2166 2281 2298 2319 singulis,
2316 2280 2352 2312 ad
2370 2277 2429 2322 Aa?
2444 2305 2488 2330 33,

1275 2315 1358 2356 Nos,
1373 2326 1403 2349 ut
1416 2318 1451 2348 ad
1475 2317 1594 2356 Regem
1609 2319 1737 2350 Franciae
1754 2321 1788 2352 &
1803 2320 1976 2358 superiorem
1992 2319 2157 2350 Dominum
2174 2320 2304 2351 Ducatsis
2318 2321 2359 2352 A·
2375 2337 2405 2360 E.
2424 2342 2450 2369 3,

1274 2357 1409 2393 quitaniae
1424 2357 1457 2388 &
1472 2356 1601 2389 Partium
1616 2357 1806 2395 adjacentium
1823 2381 1833 2396 ,
1860 2358 2097 2396 Querelantibus,
2114 2358 2359 2397 Provocantibus,
2379 2372 2442 2408 Vasa
2461 2380 2507 2408 23,

1274 2395 1557 2465 &IIJJppellantibuQ
1574 2396 1765 2428 desideramus
1780 2396 1838 2428 fieri
1857 2397 1941 2435 plene
1952 2396 2073 2436 Justitiae
2095 2397 2341 2435 complementum
2352 2421 2363 2437 ,
2379 2414 2406 2438 E.
2422 2421 2445 2448 3.
2455 2405 2493 2438 ff,

1350 2445 1383 2465 os

1317 2472 1365 2504 De
1385 2458 1482 2504 x’Jestris
1493 2472 1624 2504 fidelitate
1639 2474 1673 2505 &
1689 2473 1954 2512 circumspefiione
1973 2472 2095 2512 provida
2111 2474 2309 2513 confidentes,
2381 2453 2409 2479 6.

1315 2511 1361 2542 Ad
1377 2512 1571 2550 recipiendum
1587 2513 1620 2543 ὃς
1636 2512 1807 2543 audiendum
1823 2522 1926 2543 omnes
1942 2513 2096 2551 Querelas,
2115 2512 2341 2544 provocationes
2351 2537 2362 2553 ,

1279 2553 1313 2583 &
1329 2551 1556 2591 Appellationes,
1574 2550 1608 2581 ad
1626 2551 1710 2588 Nos,
1732 2559 1762 2581 ut
1785 2550 1904 2588 Regem
1929 2551 2057 2582 Franciae
2068 2574 2077 2590 ,
2103 2552 2133 2581 in
2148 2552 2232 2582 distis
2247 2552 2362 2583 Ducatu

1279 2592 1313 2622 &
1328 2589 1501 2657 partibusdsic
1517 2590 1604 2621 factas
1621 2589 1654 2620 δε
1669 2589 1842 2627 interpositas
1858 2613 1869 2628 ,
1894 2591 1928 2621 &
1953 2590 2142 2628 imposterum
2163 2590 2305 2622 faciendas
2328 2592 2363 2622 ὅ(

1279 2638 1349 2660 mter
1371 2638 1444 2658 oneri
1465 2638 1510 2666 as,

1316 2638 1396 2698 Etpin
1408 2667 1543 2697 omnibus
1557 2665 1642 2697 causis
1657 2666 1863 2706 Qerelarum,
1882 2666 2126 2698 Provocationum
2141 2667 2175 2698 δε
2189 2667 2365 2705 Appellatio-

1282 2716 1354 2738 num
1368 2705 1530 2744 hujusmodi
1541 2705 1691 2744 civilibus,
1700 2715 1770 2736 cum
1785 2706 2002 2744 emergentibus,
2011 2706 2367 2744 incidentibus,&depen·

1281 2744 1411 2776 dentibus
1425 2745 1454 2774 in
1474 2745 1508 2775 ὃς
1525 2743 1561 2774 ab
1577 2743 1693 2782 eisdem,
1700 2744 1912 2781 procedendum
1923 2744 2365 2783 ,citandum,cognolcendum,

1281 2782 1469 2814 inhibendum
1479 2806 1488 2821 ,
1503 2782 1751 2821 interloquendum
1761 2782 1980 2821 ,diffiniendum
1989 2805 1999 2821 ,
2014 2784 2210 2821 exequendum
2222 2785 2272 2821 ,δε
2281 2784 2347 2821 ipsas
2356 2807 2366 2822 ,

1283 2821 1438 2853 secundum
1459 2821 1567 2859 Leges,
1587 2821 1692 2858 Foros,
1707 2831 1741 2851 ac
1756 2821 1985 2852 Consuetudines
2003 2821 2142 2852 diffluum
2158 2821 2282 2852 Paruum
2301 2845 2311 2860 ‚
2327 2833 2362 2853 ac

1284 2860 1378 2891 stilum
1392 2861 1426 2891 &
1440 2860 1551 2890 cursum
1566 2859 1664 2890 Cui-iae
1675 2860 1778 2890 iiostrae
1788 2859 1997 2898 Franciae,Fiiie
2012 2859 2120 2890 debitio
2134 2861 2344 2892 terminandum
2354 2883 2364 2899 ,

1319 2899 1358 2930 Et
1371 2899 1470 2929 omnia
1488 2898 1539 2929 alia
1554 2899 1586 2929 δε
1601 2898 1707 2934 singula
1726 2897 1889 2929 faciendum
1903 2898 2155 2936 &exercendum,
2175 2909 2238 2936 quae
2256 2901 2285 2930 in
2292 2910 2366 2939 prae-

1286 2937 1373 2969 miffis
1385 2938 1418 2968 &
1433 2947 1465 2967 ea
1480 2937 1661 2975 tangentibus
1681 2936 1834 2967 neceffaria
1849 2936 1968 2975 fuerint,
1992 2938 2077 2967 etiam
2094 2937 2113 2967 fi
2129 2937 2292 2969 mandatum
2307 2939 2366 2969 exi-

1290 2984 1358 3017 gant
1374 2975 1510 3013 speciale,

1322 3015 1436 3053 Vobis,
1451 3024 1522 3045 cum
1536 3012 1696 3044 Punitionis
1708 3015 1741 3045 ὃς
1765 3013 1955 3044 Cohercionis
1976 3013 2084 3044 debitae
2104 3014 2239 3052 potestate
2250 3037 2260 3053 ,
2278 3014 2365 3044 vices

1284 3052 1395 3084 nostras
1410 3053 1639 3089 committimus,
1657 3053 1752 3083 donec
1771 3063 1815 3083 eas
1829 3052 1989 3083 duxerimus
2005 3053 2194 3083 revocandas:

1323 3092 1358 3123 Et
1374 3091 1442 3122 ideo
1458 3092 1541 3121 vobis
1560 3091 1724 3122 mandamus
1761 3092 1820 3122 uod
1835 3114 1845 3129 ,
1869 3092 1943 3121 circa
1964 3091 2105 3129 praemiffa
2128 3091 2254 3122 facienda
2269 3112 2279 3128 ,
2300 3089 2363 3119 dili-

1286 3140 1403 3170 genter,
1420 3129 1546 3167 solerter,
1563 3130 1597 3160 &
1614 3128 1729 3160 fideliter
1760 3131 1907 3160 mendatis.

1322 3170 1431 3200 Damus
1453 3177 1545 3199 autem
1578 3169 1714 3199 omnibus
1749 3168 1977 3206 Archiepiscopis
1993 3191 2001 3205 ,
2028 3167 2194 3206 Episcopis,
2212 3166 2362 3209 Ducibus,

1286 3209 1468 3246 Comitibus,
1485 3207 1730 3244 Vicecomitibus,
1750 3207 2164 3245 Marchionibus,Baronibus,
2183 3204 2361 3242 Senescallis,

1288 3248 1465 3286 Majoribus,
1484 3245 1659 3284 praepositis,
1676 3245 1858 3277 Officialibus
1874 3270 1883 3285 ,
1909 3245 2063 3282 Ministris,
2089 3246 2122 3275 ὃς
2146 3243 2279 3286 omnibus
2305 3242 2364 3273 aliis

1287 3286 1429 3317 Fidelibus
1451 3284 1549 3315 nostris
1564 3306 1573 3322 ,
1599 3284 1657 3313 tam
1681 3283 1841 3315 Nobilibus
1856 3307 1866 3323 ,
1892 3285 1978 3322 quam
2002 3283 2201 3325 Populatibu's,
2221 3281 2362 3312 dictarum

1286 3324 1429 3363 Partium,
1447 3333 1542 3354 tenore
1568 3323 1745 3360 praesentium
1760 3346 1771 3362 ,
1792 3324 1823 3353 in
1846 3322 1988 3353 Mandatis
2013 3331 2041 3352 ut
2064 3321 2146 3352 vobis
2167 3319 2313 3351 intendant
2328 3319 2363 3350 &

1290 3372 1402 3403 pareant
1421 3365 1449 3393 'in
1464 3360 1617 3400 praemiffis.

1323 3402 1357 3433 In
1371 3402 1463 3440 cujus,
1479 3403 1539 3432 δίς.
1557 3410 1610 3437 pro
1629 3399 1731 3430 nostro
1745 3400 1925 3439 beneplacito
1938 3399 2086 3441 duraturas..

1362 3440 1430 3472 Dat.
1448 3439 1522 3480 apud
1536 3437 1823 3471 Westmonasterium
1832 3462 1842 3477 ,
1859 3439 1953 3476 primo
1966 3437 2013 3468 die
2027 3436 2108 3467 Maii.

1979 3515 2033 3543 Per
2051 3512 2133 3553 ipftcm
2150 3515 2259 3552 Regem·

1971 3593 2012 3596 7⁷„
2038 3592 2126 3598 ᾅγ,-γ
2167 3595 2192 3597 ἡ,
2237 3594 2246 3595 e
2323 3588 2360 3595 .—-.

1301 3597 1327 3604 ..-

1287 3648 1336 3680 De
1344 3645 1412 3691 fide
1429 3645 1585 3685 Nemnis,
1607 3642 1663 3684 nisi
1677 3640 1713 3673 de
1734 3642 1908 3686 Aquitania
1926 3637 2079 3678 oriundis,
2105 3652 2160 3672 non
2177 3634 2360 3673 adhibenda.

1349 3730 1416 3761 EX
1433 3728 1587 3761 Senescallo
1610 3727 1659 3757 suo
1683 3725 1831 3756 Vaseoniae
1852 3725 1886 3756 &
1908 3724 2127 3767 Constabulario
2145 3723 2194 3754 suo
2213 3721 2361 3761 Burdega-
2375 3723 2454 3754 Ann.
2469 3722 2512 3755 D.

1368 3769 1432 3806 liae,
1450 3769 1499 3807 qui
1513 3776 1588 3797 nunc
1604 3765 1680 3802 sunt,
1700 3764 1745 3795 vel
1760 3765 1807 3802 qui
1824 3774 1878 3802 pro
1898 3773 2029 3802 tempore
2047 3763 2171 3800 fuerint,
2189 3770 2237 3793 aut
2259 3772 2360 3794 eorum
2405 3771 2487 3801 1359·

1290 3808 1370 3839 Loca
1385 3807 1561 3843 tenentibus,
1579 3804 1714 3835 Salutem.
2195 3839 2199 3844 Π
2251 3839 2257 3845 ι
2353 3840 2358 3844 ι
2377 3804 2429 3829 Aa.
2447 3810 2491 3837 33.

1326 3848 1421 3885 Quia,
1437 3853 1466 3876 ut
1481 3844 1653 3879 didicimus,
1671 3841 1818 3880 nonnulli,
1835 3840 1871 3872 de
1886 3840 1999 3871 Ducatu
2014 3837 2110 3869 nostro
2128 3837 2359 3877 Aquitaniae,qui
2376 3843 2405 3867 Ε.
2434 3848 2459 3874 3-

1288 3896 1342 3924 pro
1355 3884 1483 3915 Notariis
1500 3881 1624 3913 Publicis
1639 3881 1665 3911 se
1679 3889 1796 3918 gerunt,
1812 3881 1845 3911 ὃ(
1861 3880 2066 3910 Auctoritatem
2089 3888 2104 3907 a
2127 3876 2263 3908 Domino
2275 3878 2362 3908 Sum·
2379 3878 2511 3911 Μήλης.

1290 3934 1341 3954 mo
1357 3922 1515 3959 Pontifice,
1534 3929 1578 3950 aut
1601 3931 1617 3950 a
1640 3919 1737 3957 nobis,
1754 3919 1789 3948 ad
1806 3919 1865 3949 hoc
1884 3928 1943 3948 non
1969 3916 2071 3960 habent
2087 3938 2097 3953 ,
2121 3924 2169 3953 per
2190 3916 2267 3953 quod
2283 3915 2363 3948 Mala

1287 3961 1510 4002 quamplurima,
1526 3968 1561 3989 ex
1578 3969 1679 3990 eorum
1696 3957 1796 3995 saetis,
1815 3959 1845 3987 in
1860 3956 1980 3994 partibus
1994 3954 2048 3985 illis
2060 3963 2272 3992 perpetrantur,

1325 4000 1396 4031 Nos
2309 4030 2313 4035 .
2363 4033 2365 4035 η

1328 4022 1462 4068 Volei’ites
1477 4035 1620 4075 Dampnis
1633 4036 1669 4068 &
1688 4033 1823 4066 Periculis
1838 4056 1848 4072 ,
1873 4042 1938 4072 quae
1957 4041 1994 4071 ex,
2015 4031 2074 4064 hoc
2093 4031 2206 4064 evenire
2222 4037 2366 4068 poterint,

1287 4077 1405 4109 obviare
1414 4098 1427 4115 ,
1765 4108 1794 4142 Z
1815 4119 1828 4147 3
2308 4104 2370 4136 Vo-
