2561 4251
0 1231 4 1241 '
23 1226 153 1262 *v.858.

0 1320 3 1335 ³
22 1314 98 1346 Ann.
113 1312 153 1343 D.

582 166 696 207 ET
775 160 1054 209 ‘ACTA
1133 167 1246 211 PU

24 245 158 316 Arm-61)-
173 250 251 321 {ii-ilict
266 251 301 283 &
312 249 396 290 foial,
415 250 527 283 Mestre
540 249 616 284 Piers
637 252 759 294 Pigathe
778 252 884 293 Clerk,
901 254 1023 294 Seignur
1046 254 1082 285 de
1104 254 1241 286 Tourtle-

46 296 104 327 135
126 309 133 316 ·
223 300 255 329 e,

25 329 93 356 Σάν-
112 336 138 363 3·
212 330 242 359 Si
256 329 294 359 lui
305 339 394 360 avons
408 330 543 361 constitut
557 331 590 362 &
605 330 670 363 faite
685 331 781 363 nostre
792 331 866 371 Juge
881 332 914 363 &
929 332 1104 364 Governour
1117 332 1164 363 des
1178 331 1240 363 ditz

175 367 286 406 Lieux,
304 366 391 406 Paiis,
409 369 444 399 &
457 368 578 409 Subgitz

175 429 178 431 .
213 405 355 450 Donantz
369 406 446 444 plein
461 411 539 445 poair
553 419 568 439 a
583 393 622 440 fui
633 409 735 440 d'Oier
749 417 839 440 toutes
855 419 980 440 maneres
1001 409 1038 440 de
1059 408 1193 449 Qiereles
1208 409 1242 439 &

174 444 210 474 de
225 443 354 484 Carnes,
371 446 453 489 &de
469 447 617 478 Redresser
629 448 667 479 les
683 450 779 479 Tortz
795 448 881 487 faitz,
899 449 932 479 &
956 449 991 480 de
1010 448 1097 479 Punir
1110 449 1148 478 les
1161 446 1244 478 Cou-

175 482 284 530 pables,
302 484 335 514 &
350 494 365 514 a
379 484 446 515 faire
460 485 534 523 plein
550 485 635 517 Droit
651 489 685 518 ὃς
702 487 809 526 justice
826 497 841 518 a
864 495 932 518 touz
946 510 954 526 ,
978 487 1075 517 solone
1095 486 1133 517 les
1153 486 1243 525 Leys‚

176 520 346 560 Lustumcs‚
365 523 398 553 &
411 523 520 563 Usages
535 526 678 556 avantditz
686 550 696 565 ,

197 559 250 602 *Et
264 571 280 590 a
293 560 410 598 deputer
427 573 464 593 un
476 571 568 602 autre,
586 574 621 594 en
636 563 684 594 son
701 564 788 602 Lieu,
806 574 841 594 en
856 565 885 604 qi
907 564 926 594 il
941 563 1026 595 s'affie
1036 588 1046 603 ‚
1066 575 1094 595 as
1114 571 1185 594 totes
1205 562 1244 593 les

173 596 244 628 dites
258 599 356 630 choses
371 600 458 640 faire,
476 611 562 640 quant
576 602 594 631 il
609 613 644 632 ne
659 612 738 639 purra
754 603 871 633 mesmes
884 603 1035 641 enrendre,

211 635 249 667 Et
263 637 299 668 de
313 639 380 668 faire
396 638 564 679 Reicevier,
579 641 612 671 &
634 641 805 672 Sauvement
828 641 925 680 garder
945 653 960 673 a
979 641 1073 672 nostre
1086 650 1172 678 oepS,
1188 648 1243 669 ceo

170 683 226 713 que
239 677 430 713 appartiendra
443 689 459 708 a
473 689 544 708 nous
556 689 590 708 en
603 679 673 710 celle
687 679 796 718 partie,

176 728 184 756 ’-
210 712 248 744 Et
261 714 307 755 d’y
324 715 432 747 Metne
445 718 478 747 &
494 717 629 756 Estabhr,
647 728 697 758 pur
712 718 816 757 Nous,
834 718 867 749 δε
883 729 920 749 en
944 718 1038 749 nostre
1052 716 1164 755 Noun,
1180 716 1243 747 Ser-

171 760 269 791 Jantz,
287 754 321 785 &
335 762 416 787 toutz
430 764 518 786 autres
532 766 655 786 maneres
667 756 835 795 d'Officers,
853 766 939 787 come
954 756 1042 786 affiert
1051 779 1060 794 ,
1077 766 1093 786 a
1116 763 1243 795 meynte-

174 797 225 821 'ner
238 791 266 834 le
283 793 324 822 dit
338 792 437 824 Office
452 794 486 824 de
498 793 591 833 Juge,
607 795 641 826 ὃς
654 805 705 833 pur
720 795 814 826 nostre
836 794 924 825 Droit
938 796 970 826 &
981 793 1085 833 Justice
1099 794 1212 833 garder,

218 828 250 872 3¹.
264 830 402 862 mandons
416 832 450 863 ὃς
466 833 676 864 commandens
688 843 703 864 a
718 844 803 872 vous,
821 833 854 863 &
868 844 883 863 a
896 832 1019 863 chescun
1032 832 1067 863 de
1088 843 1173 870 vous,
1186 841 1241 870 que

172 876 208 897 au
222 866 264 898 dit
278 868 397 900 Meistre
411 870 500 911 Piers,
517 872 550 902 &
566 882 582 902 a
598 872 647 902 son
661 871 703 902 dit
716 871 788 902 Lieu
801 880 912 909 tenant,
929 881 965 901 en
986 870 1105 901 absence
1118 870 1162 900 'de
1174 870 1241 908 luy,

170 905 330 938 enfesantz
343 909 376 939 &
390 919 577 941 excerceantz
592 909 630 940 les
648 909 744 940 choses
765 908 899 940 defudites
912 933 922 948 ,
948 909 1006 939 leur
1021 909 1241 940 circumstances

174 944 210 975 &
223 944 436 986 dependences,
452 949 540 979 soietz
555 947 711 986 obeiffant,
730 948 898 986 emendant,
915 946 1142 986 &respoighant‚
1160 946 1239 979 &lui

172 981 269 1014 donez
282 986 315 1016 &
328 986 430 1017 balliez
445 985 577 1025 Conseil,
595 985 736 1025 Confort,
755 988 789 1018 ὃς
806 985 893 1025 Eide,
911 997 927 1017 a
939 994 1028 1017 toutes
1042 987 1079 1017 les
1099 986 1172 1017 foitz
1187 996 1241 1024 que

175 1031 245 1053 vous
259 1023 348 1055 serrez
363 1026 530 1063 premunitz.

212 1060 259 1091 En
275 1061 505 1103 Tesmoignance
514 1086 524 1102 ,
537 1061 596 1099 &a
611 1071 642 1093 ut
648 1062 743 1103 fiaepra.

212 1098 295 1131 Don.
310 1110 341 1133 ut
354 1102 439 1142 supra.

410 1235 434 1258 *
457 1239 506 1270 De
522 1234 637 1271 Ordine
651 1234 795 1268 ,Militari
809 1233 1001 1281 suftipiendo.

177 1319 302 1374 REX
321 1322 500 1353 Vicecomiti
515 1319 642 1359 Kantiae,
661 1320 793 1352 Salutem.

282 1360 465 1398 Praecipimus
480 1359 551 1397 tibi,
569 1358 683 1389 firmiter
698 1360 888 1398 injungentes,
907 1358 985 1396 quod
1003 1359 1030 1388 in
1046 1357 1150 1388 Ballivfi
1172 1357 1238 1396 tufi,

172 1399 244 1431 infra
258 1401 412 1430 Libertates
423 1399 455 1429 &
469 1406 559 1435 extra,
575 1399 605 1427 in
619 1398 689 1429 locis
705 1398 755 1428 ubi
766 1397 896 1435 expedire
910 1397 1029 1435 videris,
1044 1407 1077 1427 ex
1093 1405 1170 1434 parte
1186 1407 1238 1426 no-

175 1437 228 1470 stra
244 1439 359 1477 publice
371 1436 536 1475 proclamari
549 1437 631 1466 facias
639 1459 649 1474 ‚

209 1477 302 1518 Quod
316 1486 416 1506 omnes
422 1475 535 1514 illi,qui
551 1474 741 1513 Quadraginta
755 1474 879 1505 Libratas
893 1473 994 1504 Terrae
1003 1472 1182 1505 &Redditus
1191 1483 1240 1511 per

172 1519 289 1550 Annum
304 1515 404 1545 habent
413 1515 462 1552 ,δι’
474 1523 517 1543 eas
532 1522 581 1550 per
594 1513 668 1543 Tres
683 1513 781 1543 Annos
792 1514 913 1552 integros
921 1513 1122 1549 tenuerunt,&
1133 1511 1241 1542 Milites

168 1566 229 1588 non
234 1553 462 1592 iunt,2Ordinem
469 1551 613 1588 suscipiant
621 1550 776 1582 Militarem
785 1552 856 1582 citra
864 1550 977 1581 Festum
985 1551 1081 1581 Sanffl
1090 1551 1241 1581 Michaelis

169 1595 305 1636 proximo
326 1592 470 1629 futurum,
494 1589 539 1622 vel
553 1590 583 1619 in
598 1589 699 1620 eodem
721 1589 804 1620 Festo
825 1589 861 1620 ad
881 1589 1032 1628 ultimum,
1048 1589 1099 1620 sub
1113 1590 1238 1627 periculo

192 1633 248 1664 uod
264 1631 409 1662 incumbit

169 1645 189 1674 q
206 1671 244 1702 Et
257 1670 292 1700 de
306 1653 485 1700 Nomin’ibus
498 1667 611 1697 illorum
625 1690 636 1705 ‚
660 1668 710 1705 qui
733 1666 928 1705 Quadraginta
945 1666 1068 1697 Libratas
1080 1666 1180 1697 Terrae
1203 1667 1237 1697 &

167 1708 308 1741 Redditus
321 1718 371 1746 per
387 1707 505 1737 Annum
522 1706 628 1735 habent
641 1706 671 1734 in
688 1704 792 1736 Balliva
807 1705 855 1735 tua
867 1728 876 1742 ,
895 1705 963 1735 ficut
977 1706 1149 1743 praediCtum
1175 1705 1234 1743 est,

166 1748 311 1788 diligenter
323 1746 461 1786 inquiras,
478 1745 512 1776 &
527 1744 610 1774 nobis
624 1743 661 1773 de
673 1743 848 1774 Nominibus
864 1743 936 1782 illis,
952 1745 982 1774 in
997 1743 1171 1775 Cancellaria
1184 1754 1237 1775 no-

167 1786 225 1818 strai
234 1810 243 1824 ,
260 1785 386 1816 constare
396 1784 478 1814 facias
490 1791 553 1813 ante
565 1781 677 1812 Festum
690 1781 899 1820 supradicstum3

170 1842 173 1843 ⁷
206 1825 244 1856 Et
260 1825 318 1855 hoc
335 1823 488 1854 nullatenus
501 1822 621 1851 omittas.

202 1863 293 1900 Teste
306 1862 389 1902 Rege
401 1860 475 1900 apud
487 1858 790 1898 westmonasterium,
807 1859 901 1897 primo
915 1859 962 1890 die
977 1859 1104 1901 Augusti.

48 1352 132 1394 1356.

20 1397 75 1421 An.
93 1402 137 1429 30.

19 1441 107 1507 Clanis-2

21 1513 104 1546 30.E.
126 1518 152 1545 3.

19 1557 57 1577 m.
77 1547 152 1575 ΠΛ.

857 1918 911 1966 Per
927 1936 1010 1977 ipfhm
1027 1940 1131 1976 Regem.

188 2016 357 2088 ,Zrzfissilia
372 2018 481 2048 Brevia
491 2015 644 2053 diriguntur
655 2014 762 2054 fingulis
778 2013 973 2046 Vicecamitibus
986 2017 1073 2054 Regni
1084 2016 1198 2056 Angliae
1204 2017 1237 2047 de

166 2056 202 2088 εᾶ
309 2055 372 2087 ati.

167 2161 229 2194 Pro
246 2161 382 2205 Principe
400 2158 531 2201 Wzlliae,
555 2156 592 2191 de
618 2154 762 2240 {stellare
786 2155 940 2190 tradendi
956 2157 1049 2203 fitper
1074 2161 1151 2194 Pace
1167 2173 1236 2195 cum

323 2232 325 2234 .
649 2217 763 2240 rancia.

14 2278 91 2312 Ann.
106 2277 150 2309 D.

36 2318 119 2359 1356.

13 2361 67 2386 An.
98 2367 142 2394 30.

169 2294 227 2349 R
237 2293 302 2363 liL'X
319 2292 468 2326 Univerfis
482 2293 515 2325 &
529 2291 657 2332 fingu11's‚
678 2291 824 2331 praesentes
847 2292 964 2325 Litteras
986 2293 1168 2335 inspecturis,
1185 2296 1235 2329 Sa—

256 2340 343 2364 utem.

203 2371 250 2402 Ad
262 2371 368 2402 exaecae
383 2370 610 2402 considerationis
624 2380 742 2401 examen
757 2369 928 2409 frequentius
943 2370 1113 2403 deducentes
1134 2382 1234 2412 quanta

164 2410 197 2442 &
210 2410 297 2449 qu‘am
311 2410 379 2441 dura
393 2409 565 2441 Guerrarum
574 2410 661 2449 ,inter
678 2409 783 2440 Nos&
798 2409 998 2441 Adversarium
1012 2411 1140 2442 nostrum
1149 2413 1234 2444 Fran-

164 2450 217 2479 ciae
231 2449 336 2480 diutius
351 2450 527 2486 continuata,
545 2448 717 2478 Commotio
734 2447 850 2478 Mundo
868 2456 962 2486 patens
976 2471 985 2486 ,
1010 2459 1233 2490 quantorumque

163 2487 371 2518 Discriminum
386 2486 550 2525 Corporum
565 2487 599 2518 &
624 2487 708 2517 etiam
727 2487 898 2517 Animarum
919 2488 1028 2518 notoria
1045 2488 1075 2519 s1t
1090 2488 1232 2531 Occafio,

165 2527 199 2558 &
214 2527 306 2565 gravis
329 2525 488 2557 admodum
512 2525 643 2556 Afflictio
663 2524 828 2563 Popularis,
854 2535 935 2564 quae,
959 2527 1058 2564 agitata
1080 2528 1232 2569 prolixius,

164 2574 313 2606 praegnans
328 2566 361 2596 &
377 2564 458 2602 plena
473 2564 622 2602 Periculis,
639 2563 737 2595 Partus
751 2564 802 2595 erit
812 2563 961 2595 deteriores
980 2564 1162 2597 infallibiliter
1174 2568 1233 2598 edi-

164 2612 238 2635 tura:
257 2603 448 2634 molestissime
462 2603 569 2641 insuper
581 2611 705 2642 gerentes
722 2603 751 2632 in
771 2603 870 2633 animo
891 2604 1105 2642 contingentem
1129 2606 1231 2638 exinde

162 2642 327 2674 effufionem
342 2642 526 2680 multiplicem
539 2641 683 2682 Sanguinis
695 2640 953 2678 PopuliChristiani
962 2664 972 2680 ‚
990 2643 1031 2672 ob
1046 2646 1231 2676 reverentiam

163 2682 197 2712 ὅ(
209 2681 353 2712 honorem
368 2680 499 2711 Αυᾶὶοιίε
512 2680 592 2711 Pacis
610 2680 723 2719 (Qiem
736 2681 765 2710 in
780 2679 980 2710 Prosecutione
993 2681 1097 2712 nostrae
1110 2683 1232 2721 Justitiae

162 2720 271 2757 semper
288 2720 367 2757 pium
380 2720 530 2750 habuimus
545 2720 578 2750 ὃς
598 2719 755 2756 propitium
777 2718 954 2757 Adjutorem)
975 2719 1009 2750 ad
1025 2719 1105 2751 Pacis
1122 2722 1232 2753 bonum

166 2758 295 2788 fleximus
309 2759 458 2795 animum,
477 2767 540 2788 eam
556 2767 623 2788 cum
638 2757 815 2788 Hominibus
837 2757 949 2795 singulis
968 2757 1074 2789 fincero
1091 2761 1177 2791 corde
1191 2761 1232 2791 af-

165 2796 301 2827 fectantes
313 2796 432 2832 habere,
452 2796 503 2834 &,
521 2804 655 2833 quantum
669 2805 736 2825 cum
752 2795 820 2826 Deo
832 2797 866 2826 &
886 2795 995 2826 Nostro
1009 2798 1161 2834 poterimus
1178 2799 1232 2830 ho-

163 2844 248 2872 nore,
267 2843 394 2872 captare,
413 2833 488 2863 fideli
502 2832 599 2863 nostro
622 2833 732 2870 Populo
748 2856 757 2872 ,
779 2834 919 2864 mediante
941 2833 999 2864 Dei
1033 2836 1115 2874 tatia,
1134 2838 1231 2875 profu-

163 2882 273 2910 turam,
295 2872 329 2903 ad
345 2882 409 2902 eam
430 2872 558 2902 solicitati
577 2871 725 2909 saepiffime
748 2871 874 2902 Domini
890 2872 1002 2902 Summi
1040 2875 1176 2915 ontificis,
1195 2878 1228 2907 &

163 2911 374 2942 Venerabilium
388 2910 467 2940 Sedis
482 2909 660 2948 Apostolicae
673 2909 857 2940 Nunciorum
867 2933 876 2948 ,
895 2920 1037 2948 propterea
1060 2913 1230 2946 transmisso-

162 2960 243 2988 rum,
262 2949 362 2980 Literis
377 2950 459 2979 nobis
473 2949 616 2987 misfis,ac
632 2947 766 2979 cariffimi
780 2948 845 2978 Filii
859 2948 946 2978 nostri
961 2949 1230 2992 Primogeniti,Ed-

162 2989 249 3021 wardi
262 2987 401 3026 Principis
413 2987 529 3018 Walliae
546 2987 637 3024 (apud
651 2997 739 3025 quem
763 2987 889 3017 nonnulli
912 2987 1036 3019 Nobiles
1051 2991 1085 3020 δε
1100 2990 1231 3023 Potentes

161 3027 234 3058 dieti
248 3026 344 3065 Regni
367 3026 493 3057 Franeiae
512 3035 564 3063 pro
584 3024 666 3056 Pacis
687 3025 826 3056 Tractatu
843 3025 939 3056 sedulo
960 3026 1139 3066 insteterunt)
1163 3040 1229 3068 pro-

163 3065 256 3098 fundis
270 3064 409 3095 Instantiis
422 3065 533 3095 excitati
541 3087 550 3102 ,

198 3102 332 3135 Eundem
352 3103 458 3133 Filium
477 3101 605 3134 nostrum
625 3101 827 3133 Tradiatorem
842 3125 852 3141 ‚
877 3101 1097 3135 Procuratorem
1130 3107 1163 3137 &
1178 3118 1231 3138 no-

162 3143 252 3174 strum
264 3141 412 3179 specialem
426 3141 581 3172 Nuncium
601 3140 735 3179 facimus,
760 3140 925 3179 deputamus
940 3165 950 3180 ,
975 3143 1009 3174 &
1032 3129 1231 3177 conffituimus

164 3191 213 3221 per
228 3180 388 3219 praesentes,

201 3219 317 3257 Sibique
341 3218 441 3249 damus
458 3219 492 3249 &
523 3217 708 3249 concedimus
732 3216 843 3255 plenam
863 3219 1026 3250 &liberam
1041 3219 1209 3253 Potestatem
1220 3247 1230 3263 ,

165 3258 389 3294 Auctoritatem,
406 3257 439 3288 &
454 3256 627 3287 Mandatum
645 3256 762 3296 speciale
783 3257 818 3288 ad
831 3258 1047 3298 Traiiandum,
1065 3270 1118 3298 pro
1132 3263 1230 3301 nobis,

152 3297 199 3334 ‚Bc
213 3296 312 3326 nostro
322 3296 458 3332 nomine,
476 3305 546 3325 cum
561 3294 640 3325 did‘to
656 3294 822 3326 Adversario
843 3295 940 3326 nostro
955 3297 1097 3338 Franciae,
1117 3309 1149 3330 ac
1165 3300 1228 3331 De-

167 3336 280 3373 Ῑλιεεῑο,
297 3333 342 3364 seu
357 3332 533 3372 Deputandis
548 3343 596 3371 per
609 3332 717 3372 ipsum,
733 3333 766 3364 &
781 3343 850 3364 cum
865 3334 1088 3375 quibuscumque
1101 3338 1175 3377 aliis,

152 3394 155 3399 s
203 3372 250 3403 Ad
265 3372 460 3410 tractandum,
477 3371 664 3410 firmandum,
681 3372 714 3402 &
728 3371 891 3403 faciendum
905 3382 969 3410 quae
984 3375 1012 3404 in
1029 3375 1080 3406 hac
1094 3385 1169 3414 parte
1182 3377 1230 3407 fir-

149 3443 152 3447 ,
165 3411 236 3441 mari
251 3411 284 3440 δε
297 3410 356 3440 fieri
371 3419 503 3449 poterunt
515 3410 549 3441 &2
564 3410 700 3448 debeant,
717 3409 829 3448 plenam
849 3411 883 3442 &
903 3412 1087 3445 sufficientem
1105 3414 1229 3447 Potesta-

150 3457 226 3481 'tem
240 3448 274 3478 &
289 3447 495 3480 Austoritatem
510 3448 693 3487 habendbm,

205 3486 253 3517 De
267 3495 301 3516 ac
323 3485 400 3523 super
421 3487 499 3519 Pace
522 3486 597 3518 finali
617 3487 877 3526 Tranquilitateque
899 3498 948 3526 per
969 3490 1037 3520 etuis
1053 3491 1126 3521 inter
1142 3492 1229 3532 Nos,

167 3523 320 3560 Haeredes,
337 3523 486 3564 Subditos,
499 3525 533 3557 ὅτ,
553 3525 735 3557 Adhaerentes
756 3525 866 3557 nostros
880 3526 927 3565 sin,
939 3538 955 3558 u
966 3538 998 3557 os
1010 3537 1044 3558 ex
1064 3529 1121 3560 una
1135 3540 1211 3567 parte
1220 3554 1229 3570 ,

166 3575 201 3596 ac
216 3562 364 3602 praefatum
380 3562 508 3594 nostrum
523 3563 737 3602 Adversarium,
763 3564 899 3596 Haeredes
932 3576 980 3596 uos
991 3589 1000 3604 ,
1024 3566 1176 3607 Faventes,
1195 3570 1229 3600 δε

167 3603 350 3634 Adhaerentes
361 3600 476 3644 cidem,
493 3601 526 3631 &
538 3602 624 3640 alios,
641 3613 763 3641 quorum
780 3603 910 3642 interest,
936 3605 979 3635 vel
999 3605 1121 3636 intererit
1141 3608 1168 3636 in
1186 3608 1230 3638 fu-

169 3650 287 3709 turum,f
298 3639 477 3707 conjciiiindhm
491 3638 538 3669 seu
550 3640 678 3679 divisim,
696 3651 730 3672 ex
747 3641 851 3682 altera,
877 3643 1012 3682 feliciter,
1030 3654 1079 3682 per
1098 3643 1155 3675 Dei
1169 3655 1232 3685 gra-

168 3687 237 3713 tiam
284 3687 362 3708 acien
393 3688 416 3707 s.

207 3704 257 3748 De
271 3717 304 3748 &
317 3716 395 3753 super
411 3716 545 3758 omnibus
561 3716 594 3746 &
610 3715 717 3755 singulis
735 3717 950 3757 Quaestionibus
965 3743 976 3758 ,
1002 3720 1138 3760 Debatis,
1157 3722 1233 3754 Peti-

168 3757 310 3794 tionibus,
325 3754 594 3790 Vendicatlombus,
611 3755 644 3784 &
671 3755 842 3787 Actionibus
864 3758 1083 3797 quibuscumque
1101 3784 1110 3798 ,
1135 3760 1233 3792 Reali-

170 3794 238 3832 bus,
257 3793 468 3830 Personalibus‚
487 3794 542 3823 sive
557 3792 670 3830 Mirm,
688 3804 720 3823 ac
745 3792 948 3826 Controverliis
963 3798 996 3828 &
1021 3798 1145 3837 LitibuS,
1162 3801 1233 3831 inter

171 3831 257 3868 Nos,
274 3831 382 3862 nostros
397 3831 546 3869 Subditos,
559 3831 592 3861 &
607 3832 688 3861 nobis
709 3831 840 3864 Faventes
853 3856 862 3871 ,
887 3835 919 3865 &
944 3835 1121 3867 Adhaerentes
1144 3838 1234 3869 hu'us-

175 3870 271 3907 modi,
289 3881 323 3900 ac
337 3871 427 3908 ipsum
448 3869 640 3901 Adversarium
659 3869 804 3912 nostrum,
821 3872 872 3902 fibi
893 3872 1092 3912 Adhaereutes,
1115 3876 1170 3906 alio
1182 3888 1234 3915 que

173 3908 326 3977 graedic‘tos
342 3931 352 3947 ‚
378 3908 508 3946 Habitu,
535 3906 641 3946 Motis,
663 3907 806 3948 Agitatis,
830 3909 865 3940 δε
887 3908 1069 3952 Inexpeditis,
1089 3914 1234 3952 pendenti-

196 3956 227 3977 us

27 3991 173 4030 *νὴ-9,.
215 3969 287 4015 ¹¹‘’Et
301 3984 453 4022 specialiter
467 3985 546 4024 super
557 3985 643 4025 jure,
659 3985 737 4026 quod
749 3986 886 4030 habemus
900 3988 951 4031 ,vel
967 3989 1069 4021 habere
1084 3993 1236 4029 poterimus

166 4035 197 4055 m
210 4023 257 4054 vel
271 4023 306 4053 ad
322 4022 469 4055 Coronam
483 4026 516 4056 &
532 4024 665 4068 Regnum
680 4025 803 4056 Francue
820 4025 1023 4067 quovismodo,

207 4062 255 4096 Ac
267 4062 297 4094 in
311 4061 345 4094 &
359 4060 437 4101 super
450 4062 593 4103 praetmffis
607 4073 677 4098 cum
689 4062 792 4099 eisdem
800 4062 1061 4106 componendum,
1069 4067 1235 4109 Tranfigen-

13 2438 105 2463 Franc.

16 2477 99 2510 30.E.
116 2483 141 2511 3.

15 2520 51 2540 m·
68 2521 94 2540 2.

1287 167 1609 209 BLICA.

1282 254 1369 292 dum,
1387 253 1609 292 Paciscendum,
1624 255 1657 286 &
1672 253 1786 284 finaliter
1801 251 2059 290 concordandum,

1320 292 1446 323 Necnon
1463 293 1570 324 Pacem
1584 294 1617 325 δε
1634 291 1831 324 Concordiam
1847 302 1988 330 perpetuas
2003 292 2135 324 &finales
2149 290 2302 323 ineundum
2315 294 2349 324 &

1281 331 1365 361 etiam
1382 332 1544 362 faciendum
1554 355 1564 370 ‚

1322 369 1406 406 Ligas
1420 371 1528 408 insuper
1541 381 1574 402 ac
1591 380 1735 410 perpetuas
1747 370 1895 401 Amicitias
1909 370 1979 399 inter
1996 370 2079 409 Nos,
2097 370 2252 408 Haeredes,
2270 370 2345 401 Sub-

1283 407 1375 446 ditos,
1394 409 1427 439 ὃς
1453 409 1635 440 Adhaerentes
1659 410 1788 447 nostros,
1813 420 1847 440 ae
1871 410 1961 447 ipsum
1984 408 2178 440 Adversarium
2199 409 2346 448 nostrum,

1282 445 1418 477 Heredes
1433 446 1510 485 suos,
1527 458 1560 478 ac
1577 457 1692 479 caeteros
1704 448 1898 489 suprascriptos
1913 447 2134 479 contrahendum
2144 472 2154 488 ‚

1316 485 1444 525 Treugas
1480 485 1656 517 Sufferentias
1671 510 1680 525 ‚
1707 488 1739 518 &
1762 487 1951 518 Abstinentias
1975 487 2187 525 qualelcumque
2200 511 2210 526 ,
2235 486 2285 517 sub
2298 487 2346 524 spe

1281 522 1361 554 Pacis
1376 508 1534 593 Ιὲιιῂιίὶηιοάἰ
1551 526 1584 555 &
1602 524 1776 557 Concordiae
1790 549 1800 564 ,
1825 527 1997 566 ineundum,
2019 526 2234 564 stabiiientlum,
2251 527 2283 557 δε
2299 536 2346 557 ac-

1283 571 1382 600 ceptan
1404 573 1453 594 um

1319 601 1448 632 Necnon
1461 586 1626 639 ΞΓηιέὶναῐυε,
1643 601 1872 641 Τιαῃῑιιὲὶίοηεε,
1891 603 2066 634 Concordias
2078 627 2087 642 ‚
2118 603 2214 642 Ligas,
2234 603 2346 633 Amici-

1281 640 1346 678 tIas,
1363 640 1504 679 Treugas,
1522 640 1712 678 Sufferentias,
1729 642 1762 671 ὃς
1784 641 1971 672 Abstinentiis
1993 643 2142 673 antedictas
2167 642 2274 679 Panis,
2290 642 2343 678 Ju-

1281 680 1426 718 ramentis,
1445 680 1693 717 Sdpuladonibus,
1710 679 1962 718 PromillionibuS,
1979 681 2228 718 Obligationibus,
2244 681 2345 710 &aliis

1282 717 1507 759 quibuscumque
1522 718 1720 749 Securitatibus
1742 719 1775 748 &
1801 717 1985 749 Firmitatibus
1999 742 2008 757 ,
2027 719 2199 757 vallandum,
2216 720 2343 749 munien-

1281 754 1367 793 dum,
1386 757 1614 794 assecurandum,
1633 758 1666 787 &
1682 755 1869 793 firmandum,

1319 794 1382 832 Ac,
1399 794 1435 825 de
1450 796 1591 833 tenendo,
1611 794 1768 832 firmando,
1786 795 1818 824 ὃ(
1833 794 1946 825 fideliter
1959 796 2132 827 observando
2147 795 2294 826 Condffita
2309 796 2342 826 ὃ(

1280 830 1464 899 ἓοηὲοιάαῑα
1478 834 1507 862 in
1522 833 1575 864 hac
1597 841 1673 872 parte
1686 856 1696 871 ,
1718 833 1913 871 juramentum
1933 835 1963 864 in
1984 836 2120 866 Animam
2135 835 2256 866 nostram
2272 844 2344 873 prae-

1307 880 1341 899 an
1364 880 1411 900 um

1316 894 1549 940 Substit’uendum
1577 910 1610 941 &
1633 909 1824 948 deputandum
1851 910 1885 941 ad
1914 913 2047 948 praemissa
2063 913 2096 942 ὃς
2117 923 2219 943 eorum
2241 911 2344 951 fingula

1280 945 1377 977 Alium
1391 948 1441 978 vel·
1452 948 1532 979 Alios
1550 948 1634 979 Loco
1649 949 1707 987 sui,
1725 950 1772 987 qui
1785 948 1970 980 Conlimilem
1983 951 2100 980 habeant
2116 950 2343 988 Potestatem,&

1280 994 1343 1015 eam
1361 985 1570 1018 Revocandum
1584 989 1711 1026 quotiens
1725 989 1758 1017 &
1773 987 1886 1025 quando
1902 988 1951 1018 libi
1967 989 2103 1019 videbitur
2116 989 2262 1027 expedire,

1318 1024 1363 1055 Ac
1378 1027 1476 1056 omnia
1491 1026 1542 1056 alia
1557 1027 1590 1057 ὃ(
1607 1026 1712 1063 lingula
1725 1025 1903 1064 faciendum,
1920 1029 1953 1058 &
1969 1028 2170 1058 excercendum
2180 1050 2189 1064 ,
2206 1030 2239 1058 &c
2263 1036 2345 1064 expe-

1279 1062 1432 1103 diendum,
1450 1074 1513 1104 quae
1527 1066 1556 1094 in
1572 1065 1730 1102 praenimis,
1749 1066 1782 1096 ὃς
1798 1066 1874 1095 circa
1890 1075 1937 1103 ea,
1954 1067 1986 1097 ὃς
2001 1066 2140 1104 rumque
2154 1066 2276 1102 lupetius
2284 1066 2344 1095 sunt

1280 1101 1427 1142 Expressa,
1446 1103 1555 1141 Utilia,
1571 1103 1752 1142 Necessaria,
1770 1103 1813 1134 vel
1827 1102 1976 1140 Oportuna
1990 1103 2109 1142 fuerint,
2128 1106 2210 1134 ctum
2224 1104 2244 1133 li
2256 1103 2343 1134 Man—

1279 1140 1377 1171 datum
1392 1143 1501 1180 exigant
1513 1142 1648 1181 speciale,

1318 1179 1517 1210 Promittentes
1531 1190 1581 1210 nos
1598 1181 1703 1211 Rarum
1717 1181 1751 1212 ὅτ
1766 1179 1908 1218 Gratum,
1927 1181 2055 1212 Firmum
2071 1192 2103 1212 ac
2127 1181 2248 1218 Stabile,
2265 1182 2343 1211 habi-

1280 1226 1359 1248 turos
1382 1218 1530 1257 Quicquid
1548 1229 1596 1259 per
1614 1219 1725 1249 didtum
1749 1219 1850 1248 Filium
1871 1218 1998 1249 nostrum
2013 1243 2023 1257 ,
2049 1223 2082 1251 ὅ(
2107 1219 2292 1256 Deputandos
2309 1228 2343 1250 ac

1281 1256 1448 1287 Substitutos
1461 1268 1510 1295 per
1523 1267 1606 1296 eum,
1623 1258 1734 1289 Adrum
1747 1258 1776 1286 in
1793 1257 1937 1295 praemissis
1952 1258 2033 1288 fucrit
2049 1259 2103 1289 sive
2119 1258 2251 1289 Gustum.

1319 1294 1351 1324 In
1367 1297 1459 1334 cujus,
1477 1297 1538 1327 &c.

1354 1333 1424 1364 Dat.
1443 1336 1472 1364 in
1488 1334 1594 1366 Palatio
1608 1335 1706 1366 nostro
1720 1333 1846 1365 Westm.
1863 1335 1957 1372 primo
1971 1335 2016 1366 die
2032 1334 2160 1372 Augusti.

2278 181 2356 218 125

2369 245 2445 277 Ann-
2458 248 2499 284 D,

2391 288 2472 325 1356.
2497 285 2499 287 ¹

2367 326 2433 354 Edv.
2454 337 2481 362 3.

1352 1410 1499 1451 Constmiles
1516 1415 1622 1443 Literae
1633 1412 1713 1454 fiunt
1720 1411 1772 1451 fid*
1785 1413 1855 1442 data
1867 1424 1910 1442 xv
1924 1413 1976 1443 diez*
2006 1413 2167 1443 Decembris.

1278 1539 1336 1569 Pro
1353 1535 1510 1569 Edwardo
1525 1535 1561 1570 a'e
1580 1537 1702 1569 Balliolo
1717 1546 1807 1580 nuper
1827 1538 1902 1582 Rege
1921 1540 2039 1579 Scotiae,
2065 1538 2101 1569 de
2122 1550 2216 1582 4000
2241 1541 2339 1572 Mir-

1657 1596 1762 1618 carum
1770 1581 1831 1627 fibi
1846 1585 2009 1630 soluendis.

1277 1670 1357 1733 LE
1375 1671 1436 1702 Roi
1448 1683 1463 1704 a
1477 1680 1546 1704 touz
1560 1681 1680 1710 ceux,as
1695 1679 1787 1709 queux
1802 1669 1888 1701 cestes
1902 1671 1990 1703 cestes
2008 1672 2112 1703 Lettres
2125 1673 2282 1712 vendront,
2295 1673 2343 1704 Sa-
2364 1644 2495 1723 Alngnssl]

1349 1710 1416 1741 lUtZ·
2364 1727 2415 1749 Ax.
2434 1733 2479 1759 30.

1315 1749 1425 1780 Sachez
1436 1759 1507 1789 que,
2367 1766 2394 1788 κη
2408 1772 2432 1789 2

1316 1786 1429 1827 Corne,
1447 1799 1482 1819 en
1497 1789 1535 1818 les
1546 1787 1731 1824 Covenantz‚
1754 1789 1815 1819 n'ad
1838 1790 1905 1819 aires
1925 1787 2002 1818 faites
2016 1799 2031 1818 a
2047 1789 2245 1828 Baumburuh,
2263 1798 2340 1820 entre
2359 1782 2426 1827 540}
2454 1809 2497 1828 -0,

1276 1824 1365 1857 Nous
1377 1827 1410 1858 ὃς
1425 1827 1520 1858 nostre
1534 1827 1689 1857 Treschere
1704 1827 1798 1867 Cosyn
1839 1827 1936 1858 dward
1951 1827 1986 1856 de
2003 1827 2114 1866 Balliol,
2134 1829 2270 1864 n'adgairs
2281 1828 2342 1859 Roi
2363 1821 2495 1875 gest-3·

1275 1864 1427 1904 d'Escoce,
1444 1865 1486 1896 sur
1499 1866 1537 1896 les
1553 1865 1648 1896 Grant
1668 1867 1701 1896 &
1724 1866 1814 1896 Donn
1830 1890 1839 1905 ‚
1882 1877 1914 1896 ue
1930 1865 1955 1894 le
1973 1865 2013 1895 dit
2027 1866 2121 1896 nostre
2144 1866 2240 1908 Cosyn
2263 1866 2306 1897 fist
2326 1877 2343 1899 a
2399 1859 2411 1877 ³

1276 1914 1347 1935 nous
1361 1903 1396 1934 de
1409 1904 1434 1934 la
1448 1903 1565 1935 Corone
1579 1905 1612 1935 &
1627 1904 1665 1935 du
1682 1904 1813 1935 Roialme
1826 1904 1852 1934 d’
1881 1905 1980 1941 scoce,
1999 1914 2083 1935 come
2103 1905 2144 1935 est
2159 1915 2301 1936 contenuz
2315 1916 2344 1936 es

1276 1942 1449 1974 Endentures
1462 1944 1495 1974 &
1510 1943 1718 1980 Instrumentz,
1733 1943 1774 1973 sur
1789 1953 1822 1973 ce
1830 1943 1916 1981 faitz,
1934 1942 1993 1980 plus
2007 1954 2040 1973 au
2055 1944 2153 1984 playn,
2164 1954 2243 1975 entre
2257 1954 2347 1975 autres

1276 1981 1386 2020 choses,
1404 1981 1457 2013 soit
1470 1990 1593 2013 contenu
1611 1992 1665 2020 que
1681 1981 1764 2013 Nous
1782 1982 1904 2012 estoions
1925 1981 2051 2021 Obligez
2072 1983 2109 2012 <le
2129 1985 2203 2021 paier
2223 1994 2238 2014 a
2251 1983 2347 2014 nostre

1277 2020 1320 2051 dit
1336 2019 1426 2051 Cosm
1463 2031 1478 2052 a
1492 2020 1517 2051 la
1534 2021 1708 2057 Quinzeisne
1723 2019 1760 2050 de
1782 2020 1889 2059 Pasque
1904 2043 1914 2057 ,
1937 2021 2045 2051 darrein
2065 2021 2157 2059 paffe,
2176 2022 2262 2061 Cynk
2278 2022 2348 2053 Mill

1278 2058 1376 2090 Mares
1388 2043 1591 2098 d'E'sterlings,
1609 2071 1624 2090 a
1641 2070 1713 2104 queu
1728 2059 1838 2090 Terme
1852 2059 1868 2089 il
1876 2058 1957 2090 estoit
1966 2061 2046 2096 paiez
2059 2061 2094 2091 de
2108 2060 2177 2090 Mill
2187 2061 2284 2091 Mares
2292 2084 2302 2100 ,
2311 2062 2345 2092 ὅτ.

1277 2097 1313 2129 de
1327 2098 1365 2129 les
1380 2106 1467 2129 autres
1482 2099 1590 2138 Quatre
1605 2098 1673 2128 Mill
1687 2097 1784 2128 Marcs
1797 2098 1981 2135 demorantz,
2000 2108 2051 2137 pur
2065 2098 2171 2137 plusors
2186 2099 2344 2131 Groffes&

1277 2137 1469 2175 Chargeantes
1480 2137 1630 2175 Bosoignes
1645 2146 1735 2176 queux
1748 2147 1817 2167 nous
1830 2138 1926 2168 avions
1940 2137 2032 2168 affaire
2055 2138 2179 2176 adonqes
2193 2162 2203 2177 ,
2221 2149 2236 2169 a
2251 2138 2345 2169 nostre

1276 2176 1400 2217 requeste
1416 2176 1449 2207 &
1465 2176 1507 2207 ese
1519 2177 1554 2207 de
1562 2186 1648 2214 nous,
1656 2176 1675 2206 il
1683 2174 2016 2206 noussoeffribonement
2027 2176 2072 2207 del
2082 2176 2229 2208 Paiement
2239 2177 2348 2208 d’icelle

1277 2224 1359 2254 tanqe
1375 2226 1390 2246 a
1405 2215 1429 2245 la
1442 2215 1522 2246 Feste
1538 2216 1573 2246 de
1580 2215 1657 2246 Seint
1672 2214 1736 2245 Pier
1752 2214 1822 2253 q'est
1837 2214 1878 2244 dit
1886 2215 1919 2245 ad
1928 2214 2064 2254 Vincula,
2081 2215 2195 2257 darreyn
2210 2216 2345 2255 passe-,en

1276 2253 1434 2285 'affeurance
1449 2254 1549 2285 d’estre
1562 2255 1623 2293 paie
1637 2265 1652 2285 a
1668 2253 1775 2284 mesme
1791 2253 1816 2284 Ia
1830 2253 1929 2292 Feste,

1311 2293 1366 2331 Et,
1384 2303 1434 2331 pur
1452 2304 1506 2324 ceo
1521 2303 1574 2333 que
1588 2303 1658 2324 nous
1671 2302 1707 2322 ne
1720 2302 1838 2330 purrons
1852 2302 1974 2331 uncore,
1997 2293 2062 2324 sanz
2086 2293 2223 2330 tresgrant
2236 2294 2269 2325 &
2285 2303 2347 2333 gre-

1277 2343 1346 2363 vous
1358 2332 1597 2370 Empeschement
1612 2332 1648 2362 de
1660 2340 1719 2361 noz
1732 2330 1897 2370 Besoignes,
1916 2331 1990 2362 iffint
2012 2332 2230 2371 chargeaument
2251 2334 2345 2363 conti-

1276 2372 1382 2401 nuantz
1396 2371 1430 2401 de
1442 2374 1506 2411 jour
1522 2382 1557 2402 en
1571 2379 1664 2409 autre,
1682 2370 1707 2400 la
1721 2370 1778 2400 dite
1792 2369 1938 2400 Paiement
1952 2371 2128 2409 parfournir,

1311 2409 1346 2440 Et
1360 2409 1386 2440 le
1400 2409 1549 2441 dit‘nostre
1563 2409 1675 2450 Cosyn,
1693 2419 1709 2439 a
1720 2408 1815 2439 nostre
1824 2407 1950 2446 requeste
1959 2431 1969 2446 ,
1986 2419 2056 2440 nous
2069 2411 2107 2440 eit
2116 2419 2212 2446 grante
2225 2410 2259 2440 de
2270 2409 2344 2439 soef-

1274 2448 1329 2479 frer
1344 2459 1451 2480 uncore
1467 2449 1503 2479 de
1516 2449 1565 2480 son
1586 2448 1627 2479 dit
1649 2447 1795 2478 Paiernent
1809 2471 1818 2486 ,
1842 2446 1917 2478 iffint
1944 2457 1999 2486 que
2015 2449 2073 2478 bon
2096 2448 2293 2488 Affiguement
2305 2449 2345 2478 lui

1273 2487 1326 2518 soit
1339 2487 1421 2526 faite,
1437 2497 1475 2518 ou
1490 2487 1509 2517 il
1522 2488 1548 2518 le
1562 2498 1642 2525 purra
1658 2486 1775 2525 prendre
1788 2497 1822 2516 en
1838 2487 1962 2525 certem,

1311 2526 1342 2557 Si
1355 2537 1460 2565 avons,
1477 2526 1513 2557 de
1527 2526 1643 2556 l’Assent
1658 2526 1693 2555 de
1708 2524 1800 2555 nostre
1815 2524 1856 2555 dit
1871 2523 1966 2564 Cosyn
1977 2524 2124 2561 ,Grantez
2140 2527 2173 2557 &
2184 2525 2342 2559 Affizneza

1272 2565 1328 2603 lui,
1347 2576 1362 2595 a
1377 2565 1493 2604 prendre
1509 2575 1556 2602 par
1569 2565 1633 2604 luy,
1650 2563 1689 2594 ses
1704 2563 1875 2593 Executours
1889 2563 1922 2593 &
1939 2563 2096 2601 Affignez,
2114 2564 2155 2595 sur
2176 2564 2215 2594 les
2230 2564 2345 2595 Dismes

1272 2604 1308 2634 de
1323 2604 1418 2635 Seinte
1433 2603 1544 2641 Eghse,
1559 2603 1682 2653 'darreyn
1699 2611 1815 2645 grantes
1831 2612 1847 2632 a
1861 2612 1932 2633 nous
1948 2612 1996 2640 par
2010 2602 2036 2632 ia
2052 2602 2169 2642 Clcrgie
2185 2602 2221 2633 de
2233 2603 2257 2633 la
2273 2602 2344 2633 Pro-

1273 2653 1365 2711 vyffie
1372 2641 1590 2711 ἓέἓωὶωὶζῐῗὸ
1598 2652 1643 2711 '155
1651 2640 1691 2709 eg
1703 2640 1881 2710 ῧίῗνῧῖΐόὂ.
1900 2689 1916 2710 a
1932 2679 1956 2710 la
1970 2679 2050 2710 Feste
2065 2680 2100 2710 de
2123 2680 2201 2711 Seint
2224 2680 2340 2711 Andreu

1272 2720 1422 2758 proschein
1437 2730 1452 2749 a
1468 2720 1547 2749 venir

1308 2758 1345 2789 Et
1360 2758 1407 2788 M.
1423 2741 1567 2788 ccco<
1583 2760 1621 2787 L.
1638 2755 1690 2786 ΝΑ
1705 2759 1731 2785 S.
1749 2755 1802 2786 vi.
1817 2759 1856 2786 D.
1871 2756 1924 2786 ob.
1942 2767 1956 2787 a
1971 2757 1996 2788 12
2011 2757 2093 2788 Feste
2107 2757 2142 2788 de
2159 2757 2235 2788 Seint
2246 2757 2341 2795 Johan

1270 2796 1296 2827 le
1313 2796 1446 2835 Baptistre
1461 2796 1604 2834 preschein
1623 2795 1751 2833 ensuanr,

1309 2835 1347 2866 Et
1360 2835 1491 2867 XLVIII
1518 2837 1554 2864 L.
1572 2834 1621 2864 IV.
1635 2837 1661 2863 S.
1677 2832 1730 2863 m.
1744 2837 1784 2863 D.
1799 2844 1846 2871 par
1861 2833 1899 2864 les
1915 2844 2012 2874 mayns
2027 2833 2065 2865 du
2081 2834 2214 2866 Visconte
2223 2834 2340 2866 d’Ever-

1270 2875 1356 2915 wyk,
1372 2875 1406 2904 de
1420 2873 1512 2904 l'Iffue
1528 2874 1563 2903 de
1577 2872 1603 2902 sa
1618 2871 1729 2909 Baillie,

1308 2913 1354 2944 En
1369 2912 1448 2942 Plein
1462 2912 1608 2942 Paiement
1627 2911 1663 2940 de
1680 2911 1789 2949 Quatre
1805 2910 1871 2940 Mill
1887 2910 1983 2941 Mares
1997 2911 2167 2948 avantdites,

1306 2951 1354 2982 De
1377 2960 1468 2990 queux
1490 2949 1708 2988 Affignementz
1728 2959 1800 2979 nous
1819 2959 1906 2979 avons
1925 2949 1974 2980 fait
1993 2949 2068 2980 lever
2092 2950 2198 2980 Tailles
2212 2960 2229 2981 a
2243 2950 2335 2983 nostre

1271 2989 1413 3029 Escheqer
1422 3013 1432 3028 ,

1308 3029 1364 3097 {is
1371 3077 1417 3098 cas
1430 3077 1482 3105 que
1495 3066 1521 3096 le
1536 3066 1576 3096 dit
1585 3064 1678 3096 nostre
1692 3063 1786 3102 Cosyn
1796 3088 1804 3102 ,
1821 3065 1858 3095 ses
1876 3065 1894 3084 *
1912 3064 2068 3109 Executors
2083 3076 2121 3097 ou
2138 3065 2276 3104 Affignez
2289 3066 2338 3097 de-
2358 3063 2491 3100 *V.860,

1270 3106 1374 3136 faillent
1390 3106 1427 3137 du
1442 3106 1483 3135 dit
1496 3105 1659 3143 Paiement,
1676 3114 1691 3134 a
1705 3104 1755 3133 nul
1770 3103 1817 3133 des
1832 3104 1951 3135 Termes
1972 3105 2072 3136 tuiditz
2088 3127 2097 3142 ‚
2124 3115 2159 3135 en
2175 3104 2283 3142 Partie,
2300 3116 2337 3137 ou

1271 3155 1306 3175 en
1323 3145 1406 3175 Tout

1307 3168 1434 3221 Volons’‚
1453 3184 1504 3221 &,
1522 3191 1568 3220 par
1582 3180 1667 3211 cestes
1681 3190 1739 3211 noz
1750 3181 1886 3219 presentes
1901 3181 2026 3219 Lettres,
2045 3182 2189 3212 loialment
2206 3181 2334 3212 Promet-

1270 3231 1350 3260 tons,
1366 3232 1400 3253 en
1417 3222 1493 3252 bone
1508 3222 1573 3259 foy,
1593 3230 1641 3256 pur
1658 3218 1760 3258 Nous,
1778 3221 1811 3250 &
1833 3230 1882 3257 pur
1904 3229 1963 3251 noz
1987 3221 2071 3251 Heirs
2087 3244 2097 3258 ,
2115 3220 2150 3250 de
2165 3220 2242 3249 Paier
2257 3220 2279 3250 al
2293 3220 2334 3251 dit

1270 3261 1363 3291 nostre
1382 3259 1496 3301 Cosyn,
1514 3259 1552 3289 ses
1566 3257 1738 3288 Executours
1751 3260 1784 3289 δε
1800 3258 1956 3296 Affignez,
1974 3259 1992 3289 ii
2010 3258 2084 3290 toust
2100 3268 2188 3288 come
2200 3268 2333 3299 nouzon

1269 3309 1327 3330 noz
1342 3299 1442 3337 Heia,
1458 3299 1549 3329 soions
1561 3297 1650 3334 requis
1661 3305 1708 3333 par
1721 3295 1777 3334 lui,
1796 3296 1833 3326 ses
1850 3296 2023 3328 Executours
2036 3308 2073 3327 ou
2083 3296 2219 3332 Affignez
2233 3306 2267 3326 en
2282 3302 2334 3328 ion

1268 3339 1378 3376 Noun,
1395 3337 1459 3368 sanz
1470 3335 1517 3367 nul
1532 3344 1647 3365 manere
1659 3334 1696 3364 de
1710 3334 1884 3366 Excusacion
1898 3346 1937 3366 ou
1952 3335 2051 3373 Delai,
2069 3335 2103 3365 de
2124 3344 2231 3372 quanqe
2252 3345 2334 3372 purra

1268 3377 1402 3408 duement
1416 3375 1488 3406 estre
1503 3383 1584 3405 trove
1600 3383 1615 3403 a
1629 3372 1664 3402 de
1678 3372 1735 3403 Rer
1751 3384 1766 3403 a
1780 3383 1846 3411 eux,
1863 3384 1900 3404 ou
1915 3385 1930 3404 a
1950 3374 2034 3404 ascun
2048 3373 2083 3403 de
2105 3381 2174 3409 eux,
2189 3371 2233 3401 del
2249 3373 2334 3413 pleyn

1269 3417 1302 3447 &
1317 3416 1403 3446 entier
1417 3414 1562 3444 Paiernent
1574 3411 1621 3441 des
1636 3410 1743 3448 Quatre
1760 3411 1827 3441 Mill
1843 3413 1940 3442 Mares
1955 3411 2114 3441 avantdites.

1307 3453 1344 3484 Et
1358 3454 1451 3484 auxint
1464 3451 1646 3482 Promettons
1658 3449 1801 3480 loialrnent
1816 3461 1852 3479 en
1870 3451 1946 3480 bone
1963 3449 2029 3490 foy,
2047 3459 2096 3486 pur
2113 3448 2216 3487 Nous,
2233 3450 2266 3480 ὃς
2282 3460 2333 3488 pur

1268 3502 1327 3523 noz
1338 3492 1422 3522 Heirs
1430 3514 1439 3529 ,
1458 3501 1512 3529 que
1527 3489 1617 3519 nullez
1632 3487 1679 3517 des
1691 3487 1761 3518 dites
1779 3488 1990 3526 Affignementz
2002 3498 2037 3517 ne
2046 3488 2207 3525 Paimentz,
2226 3498 2262 3518 en
2272 3498 2332 3519 ma-

1269 3541 1334 3562 nere
1346 3530 1460 3567 susdite,
1478 3539 1514 3559 ne
1527 3527 1595 3558 serra
1605 3527 1743 3565 jammes,
1763 3526 1797 3556 de
1813 3536 1848 3565 cy
1863 3536 1897 3556 en
1919 3534 2001 3556 avant
2017 3549 2027 3563 ,
2051 3525 2171 3563 repelssez
2192 3536 2241 3563 par
2259 3527 2332 3557 nulle

1269 3579 1381 3639 magere
1393 3569 1428 3599 de
1443 3566 1530 3599 cause.

1334 3617 1344 3638 t
1353 3630 1362 3645 >

1308 3646 1355 3677 S'il
1368 3646 1483 3685 aveigne
1501 3653 1554 3681 que
1568 3652 1653 3679 nous,
1671 3652 1709 3671 ou
1726 3650 1784 3671 noz
1799 3640 1901 3678 Heirs,
1922 3640 2013 3670 soions
2029 3640 2093 3670 hors
2110 3640 2157 3670 des
2176 3639 2279 3669 Parties
2296 3639 2333 3671 de

1271 3684 1365 3716 nostre
1381 3684 1512 3714 Roialme
1527 3681 1731 3720 d'Engleterre,
1750 3682 1782 3709 ὅτ
1798 3679 1824 3708 le
1837 3679 1878 3709 dit
1894 3677 2039 3709 Paiement
2053 3678 2126 3709 nese
2142 3679 2201 3707 face
2208 3688 2242 3707 en
2251 3677 2334 3709 ascun

1272 3733 1363 3761 temps
1373 3733 1388 3753 a
1405 3723 1485 3753 venir
1522 3730 1606 3750 come
1618 3718 1693 3748 desus
1704 3717 1743 3747 est
1758 3719 1817 3755 dit,
2235 3756 2240 3760 .

1309 3762 1417 3794 Volons
1432 3761 1464 3790 ὃ(
1513 3767 1624 3788 rantons
1641 3766 1690 3794 pur
1704 3766 1792 3794 nous,
1809 3757 1842 3786 δε
1858 3765 1908 3792 pur
1922 3765 1979 3786 noz
2001 3756 2086 3786 Heirs
2101 3778 2108 3791 ⁷
2135 3764 2189 3791 que
2213 3765 2258 3793 qi,
2278 3766 2333 3793 que

1271 3801 1377 3838 soient,
1392 3809 1431 3829 ou
1446 3797 1514 3833 soit,
1534 3796 1604 3825 Lieu
1619 3803 1730 3824 tenantz
1743 3794 1778 3824 de
1795 3804 1882 3832 nous,
1901 3804 1940 3824 ou
1961 3796 1996 3825 de
2010 3804 2060 3823 nos
2081 3792 2178 3835 Heirs,
2197 3795 2226 3830 qi
2246 3794 2335 3825 soient

1272 3850 1326 3878 pur
1340 3839 1365 3869 le
1380 3846 1486 3873 temps,
1502 3835 1535 3864 δε
1549 3833 1668 3863 chescun
1680 3833 1715 3862 de
1732 3842 1801 3870 eux,
1820 3843 1855 3862 en
1874 3832 1992 3863 absence
2013 3833 2132 3868 d'autre,
2154 3834 2247 3862 tacent
2264 3833 2334 3870 plei-

1272 3886 1388 3909 nement
1409 3873 1574 3913 parfourmir
1594 3871 1632 3901 les
1650 3870 1710 3901 ditz
1732 3870 1882 3902 Paimentz.
1902 3881 1937 3901 en
1962 3879 2030 3901 touz
2047 3870 2146 3906 pointz
2159 3892 2169 3908 ,
2192 3870 2287 3902 selonc
2310 3870 2336 3901 la

1275 3918 1386 3948 fourme
1394 3911 1544 3944 avantdite.

1312 3954 1350 3985 Et
1364 3953 1457 3982 auxint
1472 3951 1571 3980 volons
1582 3949 1615 3979 &
1629 3956 1761 3986 grantons
1782 3959 1834 3991 pur
1851 3958 1935 3985 nous,
1955 3947 1988 3977 δε
2004 3957 2055 3985 pur
2075 3955 2131 3977 noz
2145 3945 2254 3991 Heirs,
2269 3956 2341 3990 que,

1275 4003 1326 4033 pur
1343 3991 1578 4026 l'Essoignement
1592 3987 1639 4017 des
1654 3987 1775 4018 Termes
1789 3985 1995 4023 sutditzmullcs
2010 3986 2058 4015 des
2071 3994 2157 4015 autres
2170 3985 2336 4015 condicions

1277 4033 1311 4063 &
1326 4037 1518 4064 covenanceS‚
1536 4037 1564 4057 es
1586 4024 1757 4056 Endentures
1775 4037 1790 4056 a
1813 4024 1997 4060 Baumburgh
2011 4046 2020 4061 ‚
2046 4033 2093 4061 par
2118 4033 2197 4053 entre
2216 4033 2285 4065 nous
2302 4024 2336 4052 &

1279 4069 1371 4102 nostre
1381 4068 1422 4099 dit
1439 4064 1536 4105 Cosyn
1551 4074 1588 4097 en
1605 4063 1687 4103 fain,
1705 4074 1790 4096 come
1809 4063 1910 4094 devant
1928 4061 1968 4093 est
1983 4062 2040 4100 dit,
2058 4072 2093 4092 ne
2107 4061 2194 4092 soient
2208 4061 2243 4090 de
2265 4068 2337 4089 nens

1750 4101 1793 4139 Q
1803 4111 1815 4138 3
2268 4105 2329 4128 ΦΨ
