2561 4251
63 195 193 227 AnnD.

60 244 169 302 1311370-

84 290 91 302 ι
105 286 129 302 υ.
149 285 175 312 3.

216 118 296 166 176

212 208 249 229 ne
270 197 431 237 presument
450 196 479 227 le
500 194 639 226 contraire
660 195 733 226 estre
749 195 815 234 fait,
834 194 878 225 sur
896 202 977 226 toute
987 194 1014 225 la
1026 194 1097 225 Pein
1114 194 1143 232 qi
1157 203 1175 234 y
1188 202 1286 233 appar-

296 248 306 266 i

211 246 336 307 ticffiiai?
345 275 382 305 les
403 273 553 310 Traitent,
579 272 703 311 Aident,
720 273 754 304 &
777 271 970 310 Confortent‚
988 281 1025 301 en
1044 279 1137 302 tontes
1158 269 1284 309 Choses,

210 314 278 345 auffi
299 324 384 345 come
405 321 464 341 iioz
484 320 597 349 propres
621 312 729 350 Amys,
750 321 797 348 par
815 310 871 341 ensi
887 310 913 340 le
927 309 1055 340 veullons
1068 309 1141 340 estre
1154 309 1203 340 fait
1219 310 1285 340 sanz

211 354 293 392 point
305 353 340 382 de
353 351 466 380 definire
480 359 520 379 ou
537 350 685 381 difficulte.

252 392 296 422 En
308 390 540 428 Tesmoignance
551 389 587 418 de
602 389 683 428 quele
697 386 782 418 chose
794 397 865 417 nous
876 397 964 417 avons
976 387 1024 418 fait
1041 387 1108 418 faire
1123 387 1211 418 cestes
1225 394 1284 416 noz

213 430 324 461 Lettres
345 428 491 466 Patentes,
510 437 526 457 a
547 427 630 458 durer
646 436 749 466 taxique
763 437 779 457 a
793 427 818 457 la
832 425 966 457 Nativite
982 426 1062 457 Seint
1071 426 1162 466 Jehan
1175 425 1285 463 Baptis-

212 477 253 499 tre
268 468 405 505 pi‘oclicin
421 474 536 497 venant.

249 507 329 537 Doii.
352 517 367 536 a
390 505 485 535 nostre
504 504 601 543 Paleys
622 502 658 533 dc
680 502 808 533 NVestm.
822 503 848 534 le
864 504 947 548 xxviij
959 505 1024 543 jour
1040 503 1076 534 de
1090 502 1283 541 Novembre,

209 545 273 576 l'An
296 545 333 575 de
355 552 415 574 noz
436 544 564 583 Regnes,
589 541 626 572 de
645 541 753 573 France
773 542 886 574 Trente
907 552 1013 582 primer
1035 543 1068 574 &
1089 541 1284 581 d'Engleterre

210 585 355 624 Qarrant
369 591 458 621 quart.

232 712 261 740 *ἒ
271 717 320 749 De
345 711 517 748 Traeiaudo
543 725 613 746 cum
633 713 720 745 Duce
741 714 777 749 ὅ]
797 704 1253 757 Εαωωιιηίιαῑίῗαηκειψύκς.

54 730 74 749 '¹¹‘
96 732 147 759 Vi.

55 773 110 796 6*o

54 789 133 837 Ᾰῃῃ,
145 806 175 837 D
268 800 428 839 Dwardus‚
447 799 504 831 Dei
524 798 625 838 gratia,
644 797 710 828 Rex
730 796 857 827 Franciae
880 796 913 826 &
931 795 1060 835 Angliae,
1079 796 1112 827 &
1129 794 1279 827 Dominus

85 855 170 886 ¹370·
282 840 451 879 Hiberniae,
470 838 623 875 omnibus,
641 836 677 867 ad
698 845 769 874 quos
788 834 936 875 praesentes
959 835 1065 866 Literae
1082 835 1277 874 pervenerint,

53 890 105 914 Aa.
120 897 170 923 44.
205 881 339 912 Salutem.

53 930 84 952 E.
107 934 131 962 3.
240 920 341 951 Sciatis
375 917 436 949 uod
451 916 535 955 Nos,

50 968 158 1001 Pat.44
242 959 291 990 De
312 958 456 995 fideitate,
472 952 745 992 circumspectione,
759 951 792 983 &
814 951 969 990 industrii,
988 951 1159 982 dilectorum
1183 950 1215 982 &
1240 950 1274 981 fi-

203 997 310 1029 delium
333 997 496 1028 nostrorum
513 1018 523 1034 ,
547 993 686 1032 johannis
705 991 832 1022 Domini
849 990 885 1021 de
906 990 1023 1020 Neville
1038 1013 1048 1028 ,
1072 985 1216 1020 Guidonis
1235 990 1271 1020 de

203 1036 339 1072 Brienne,
359 1035 508 1070 Militum,
527 1031 750 1063 Admirallorum
770 1029 949 1066 nostrorum,
966 1028 1041 1059 Petri
1055 1027 1092 1058 de
1108 1027 1197 1067 Lascy
1212 1027 1271 1058 Ca-

178 1065 183 1071 '
203 1077 303 1106 nonici
323 1074 470 1105 Dubiiniae
493 1070 631 1102 custodis
651 1069 756 1100 Privati
770 1068 857 1108 sigini
872 1067 977 1105 nostri,
995 1068 1027 1098 &
1045 1066 1173 1113 Magistri
1187 1066 1272 1096 Tho-

202 1125 261 1145 mae
279 1114 393 1145 Iuvenis
410 1111 572 1153 Jurisperti,
589 1109 773 1141 Clericorum
793 1105 975 1145 nostrorum,
993 1106 1101 1144 plenius
1123 1104 1271 1135 confiden-

201 1161 243 1185 tes

238 1179 332 1230 I’psos,
350 1191 383 1222 &
398 1199 498 1220 eorum
511 1187 684 1228 quemlibet,
702 1185 850 1223 Facimus,
867 1183 1056 1221 Ordinamus,
1075 1182 1271 1222 Depummus,

199 1230 234 1262 δε
256 1230 467 1261 Constituimus
478 1251 488 1267 ,
506 1237 554 1266 per
573 1225 742 1262 Praesentes,
768 1223 968 1254 Procuratores
989 1222 1116 1259 nostros,
1135 1222 1271 1261 Actores,

199 1270 347 1307 Sindicos,
366 1267 563 1307 Negotiorum
587 1264 740 1302 Gestores,
759 1264 792 1294 &
815 1262 951 1293 Nuncios
967 1261 1093 1299 speciales
1107 1261 1140 1292 &
1156 1269 1273 1300 genera-

201 1309 256 1347 les,
274 1307 471 1347 conjmffim,
491 1306 523 1336 ὃ(
542 1303 669 1340 divisim,
689 1302 721 1333 &
741 1310 841 1331 eorum
862 1300 1016 1339 quemlibet
1037 1300 1182 1368 separatim
1195 1300 1271 1330 &in

197 1347 319 1378 solidum
328 1370 338 1386 ,
352 1348 388 1377 ita
403 1344 487 1385 quod
500 1343 678 1381 Occupantis
690 1340 821 1371 conditio
835 1341 927 1377 potior
939 1349 999 1369 non
1013 1340 1068 1369 exii
1082 1348 1111 1368 at
1120 1338 1172 1377 ,set
1188 1338 1266 1376 quod

197 1396 270 1456 gnus
289 1396 391 1416 eorum
410 1384 560 1423 inceperit,
579 1381 645 1413 alter
665 1379 790 1421 ipsorum
813 1379 960 1417 prosequi,
979 1377 1119 1416 mediare,
1135 1378 1223 1408 valeat
1235 1378 1269 1410 &

219 1435 278 1456 nire
293 1435 299 1454 z

235 1463 348 1494 Damus
370 1471 466 1494 autem
484 1463 540 1498 eis,
561 1460 595 1491 &
616 1468 719 1490 eorum
736 1457 869 1495 cuilibet,
894 1455 1069 1487 Potestatem
1091 1455 1267 1494 generalem,

197 1503 232 1534 &
254 1502 425 1533 Mandatum
447 1500 563 1540 speciale
576 1522 586 1538 ,
611 1498 646 1529 ad
670 1497 852 1534 faciendum,
877 1495 1053 1533 ineundum,
1077 1494 1267 1532 firmandum,

196 1542 451 1578 concordandum,
470 1541 534 1570 vice
555 1536 670 1575 nostra,
690 1538 724 1568 &
743 1534 930 1567 Subditorum
945 1535 978 1565 &
995 1533 1195 1564 Dominorum
1213 1542 1268 1563 no-

196 1581 321 1612 strorum
344 1587 616 1619 quorumcumque,
633 1575 739 1606 Pacem
761 1576 794 1604 &
813 1583 910 1604 veram
924 1571 1140 1610 Concordiam,
1159 1571 1265 1602 Trans-

197 1620 342 1657 afflones,
359 1618 593 1654 conventiones,
619 1615 653 1646 &
675 1614 824 1645 Amicitias
842 1621 989 1651 perpetuas
1008 1612 1041 1642 &
1057 1611 1172 1650 solidaS,
1195 1620 1265 1641 cum

200 1658 307 1697 Duce,
326 1657 530 1694 Comunitate,
547 1656 580 1686 &
595 1651 1036 1689 Districtualibusjanuensibus,
1050 1657 1099 1680 aut-
1111 1660 1180 1681 cum
1195 1649 1266 1679 Pro-

195 1697 390 1734 curatoribus,
409 1694 528 1726 Sindico
552 1701 597 1724 aut
622 1691 742 1722 Sindicis
767 1690 909 1728 ipsorum,
925 1689 1123 1728 conjunCtim,
1142 1689 1175 1719 δε
1190 1688 1263 1718 divi-

194 1737 264 1775 sim,
280 1737 331 1766 sub
345 1734 570 1773 quibuscumque
587 1730 680 1761 forma
693 1731 738 1760 vel
753 1728 928 1767 expressione
938 1730 1106 1765 verborum,
1125 1727 1218 1758 modis
1229 1728 1264 1759 &

193 1775 293 1806 formis
308 1774 470 1804 melioribus
484 1772 587 1810 quibus
602 1778 734 1808 poterunt
750 1767 809 1797 fieri
824 1767 867 1797 seu
884 1768 968 1797 etiam
981 1766 1125 1805 ordinari,

234 1813 365 1845 Necnon
386 1811 511 1848 Pacem,
536 1809 753 1844 Concordiam,
775 1806 956 1843 Amicitiam,
975 1806 1009 1837 &
1032 1804 1264 1843 Conventioncs,

193 1851 415 1884 Transactiones
436 1851 498 1880 alias
520 1847 755 1886 qualescumque,
773 1854 843 1875 cum
864 1843 984 1882 praefatis
999 1843 1104 1882 Duce,
1120 1843 1265 1874 Comuni-

192 1899 265 1929 tate,
283 1891 317 1921 &
341 1888 566 1920 Distriemalibus
584 1885 768 1924 januensibus
783 1906 793 1921 ,
816 1892 861 1913 aut
887 1893 990 1914 eorum
1013 1883 1200 1914 Procuratore
1219 1882 1265 1913 vel

192 1929 448 1966 Procuratoribus,
474 1926 592 1957 Sindico
618 1932 665 1954 aut
690 1923 808 1953 Sindicis
832 1922 989 1960 praedietis,
1010 1931 1043 1952 ut
1065 1923 1264 1962 praeniittitur,

190 1970 288 2007 initas,
300 1968 400 2005 lactas,
419 1967 451 1997 &
465 1964 667 2000 concordatas,
686 1962 825 1992 faciendas
839 1961 883 1991 vel
895 1960 1125 1998 concordandas,
1145 1960 1263 1999 Pcenis,

191 2007 431 2038 promissionibus
440 2028 449 2043 ,
476 2002 709 2042 Stipulationibus
717 2024 737 2043 ,ι
748 2000 981 2038 Obligationibus
989 2022 999 2038 ,
1018 1999 1261 2030 Renunciationi·

191 2048 246 2078 bus
255 2069 264 2085 ,
283 2045 485 2076 Securitatibus
494 2067 503 2081 ,
517 2053 550 2073 ac
564 2042 621 2072 aliis
634 2041 857 2079 quibuicumque
870 2038 1064 2070 Firmitatibus
1079 2038 1240 2071 vallandum
1249 2062 1260 2078 ,

192 2085 397 2122 muniendum,
418 2085 451 2116 &
466 2080 651 2115 firmandum,
777 2117 781 2122 ¹

231 2124 288 2163 Et,
309 2124 433 2164 insuper,
452 2121 558 2151 Pacem
580 2120 613 2151 &
634 2116 846 2154 Concordiam,
861 2117 933 2147 inter
948 2115 1016 2147 Nos
1030 2117 1063 2148 &
1079 2115 1155 2156 Ipsos
1169 2126 1260 2155 nuper

192 2163 296 2201 flustas,
312 2163 348 2193 de
370 2172 449 2192 novo
462 2158 636 2190 firmandum
650 2158 683 2190 &
696 2155 928 2194 affecurandum,
945 2156 979 2187 &
991 2155 1095 2187 eisdem
1109 2155 1260 2197 solempni-

191 2210 234 2233 ter
248 2201 484 2232 consentiendum
493 2223 502 2238 ,

226 2241 358 2272 Necnon
378 2239 411 2271 ad
427 2236 623 2275 vastandum,
640 2233 878 2275 componendum
888 2257 898 2271 ,
914 2232 1142 2272 transigendum,
1161 2234 1196 2265 &
1210 2243 1258 2271 pa-

188 2280 372 2316 ciscendum,
390 2278 506 2309 finaliter
527 2277 560 2308 &
580 2277 735 2314 perpetuo,
753 2282 824 2304 cum
844 2272 948 2303 eisdem
963 2272 1064 2309 Duce,
1084 2271 1259 2304 Comunita-

188 2327 234 2358 te,
259 2321 291 2351 δε
312 2316 558 2352 Districtualibus,
581 2322 627 2344 aut
649 2312 830 2353 singularibus
849 2311 978 2342 Personis
994 2310 1193 2349 januensibus,
1211 2320 1258 2342 aut

187 2358 378 2389 Procuratore
394 2356 438 2387 vel
452 2352 698 2390 procuratoribus,
713 2349 831 2381 Sindico
842 2359 888 2380 aut
903 2349 1024 2380 Sindicis
1035 2350 1258 2389 ipsorum,con·

185 2397 323 2435 junc‘lim,
342 2396 376 2427 &
397 2394 526 2431 divisim,
544 2393 581 2424 de
593 2391 626 2421 &
638 2390 716 2431 super
732 2390 868 2419 omnibus
883 2388 915 2419 &
932 2388 1047 2425 singulis
1061 2388 1255 2427 Rancoribus‚

189 2434 324 2473 Debatis‚
351 2433 541 2469 Homicidiis,
565 2429 717 2467 Caedibus,
735 2427 857 2465 Ri01tis,
873 2426 1164 2466 Transgreffionibus,
1185 2427 1255 2459 Vio-

187 2474 295 2510 lentiis,
312 2474 462 2511 Roberiis,
482 2469 603 2507 Praedis,
617 2468 736 2506 Spoliis,
747 2465 1033 2511 'Depraedationibuz
1047 2463 1174 2508 Injuriis,
1188 2465 1256 2497 Ma-

186 2513 340 2544 livolentiis
351 2535 360 2547 ,
381 2510 551 2542 Actionibus
566 2531 575 2545 ,
594 2506 807 2545 Qiaestionibus
823 2527 831 2542 ,
852 2504 978 2542 Litibus,
993 2503 1102 2540 Cauiis,
1123 2502 1255 2536 Conten-

185 2552 328 2588 tionibus,
344 2549 547 2586 Petitionibus,
562 2545 834 2581 Vendicationibus,
849 2542 1010 2581 Dampnis,
1025 2542 1159 2574 Reahbus
1188 2543 1257 2575 Per-

185 2590 343 2627 sonalibus,
360 2589 416 2619 five
432 2587 548 2624 Mixtis,
565 2593 751 2625 quocumque
765 2583 884 2613 nornine
898 2581 1074 2619 censeantur,
1091 2592 1154 2621 quae
1167 2566 1255 2620 Dux,

186 2628 379 2666 Comunitas,
394 2627 438 2657 vel
457 2624 654 2656 DistriCtuales
669 2622 837 2662 januenses,
855 2619 901 2651 seu
921 2630 1022 2651 eorum
1037 2621 1155 2659 aliquis,
1175 2631 1255 2660 pete-

187 2678 235 2707 re,
253 2668 406 2704 intentare,
426 2673 600 2705 proponere,
619 2662 709 2692 facere
724 2668 858 2700 poterunt
871 2659 916 2689 seu
931 2659 1037 2690 habere
1053 2661 1255 2700 quovismodo,

185 2716 233 2737 aut
253 2705 478 2745 quibuscumque
500 2702 598 2734 colore
610 2701 655 2730 vel
671 2699 770 2736 causa,
789 2697 916 2728 adversus
928 2697 974 2727 seu
988 2706 1087 2728 contra
1102 2698 1186 2737 Nos,
1206 2700 1254 2731 seu

185 2746 310 2783 aliquem
328 2753 363 2774 ex
380 2742 503 2774 Subditis
526 2740 645 2777 nostris,
664 2739 698 2769 &
718 2736 870 2775 specialiter
891 2736 1042 2780 occasione
1056 2736 1253 2776 Dampnifica-

185 2785 287 2823 tionis,
303 2782 468 2822 Captionis,
484 2781 517 2811 &
535 2778 713 2809 Detentionis
728 2775 868 2813 cujusdam
883 2773 991 2810 Navis,
1011 2783 1119 2805 vocatae
1137 2776 1252 2808 Sanctae

184 2821 290 2853 Mariae
306 2821 503 2861 Magdalenae,
521 2819 554 2850 &
570 2818 688 2848 duarum
706 2814 876 2846 Cocharum
890 2812 944 2857 sive
957 2812 1118 2857 Tantarum
1128 2814 1252 2852 januen-

184 2861 273 2899 sium,
291 2862 321 2890 in
335 2860 479 2896 Personis,
495 2857 597 2895 Bonis,
618 2855 734 2892 Rebus,
752 2854 785 2884 &
801 2851 1055 2895 Mercirnoniis,in
1069 2852 1172 2883 eisdem
1187 2853 1252 2886 Na-

183 2900 214 2930 vi
235 2901 268 2931 &
286 2899 392 2929 Taritis
404 2896 613 2935 comprehensis
623 2895 657 2926 &
671 2893 801 2930 catcatis,
817 2888 852 2921 de
867 2891 956 2920 Annis
970 2889 1112 2929 Domini,
1133 2890 1251 2923 Millesi-

185 2947 254 2976 mo,
272 2937 525 2973 Trecentensimo,
542 2932 717 2973 Sexagesimo
733 2940 832 2968 nono,
848 2929 882 2961 ὃ(
895 2928 1111 2969 septuagesimO,
1122 2929 1168 2961 seu
1181 2941 1248 2962 cau—

185 2976 216 3007 sa
231 2977 275 3007 vel
290 2976 439 3007 occasione
451 2974 503 3005 alia
518 2973 731 3012 qualicumque,

222 3014 260 3046 Et
279 3014 314 3045 ad
328 3013 537 3054 Qfflandum,
556 3009 767 3046 Liberandum,
786 3009 820 3040 &
834 3006 1069 3045 Absolvendum,
1084 3005 1200 3038 Nostro
1213 3009 1247 3040 &

181 3053 371 3084 Subditorum
391 3052 552 3083 nostrorum
573 3051 709 3087 nomine,
730 3048 763 3078 ὃ(
784 3056 837 3086 pro
860 3046 943 3076 nobis
961 3047 995 3077 ὃς
1015 3046 1093 3083 ipsis,
1118 3047 1249 3083 praefatos

182 3092 302 3123 Ducem
311 3115 321 3130 ,
339 3090 572 3126 Comunitatem,
586 3090 619 3119 ὃ(
634 3083 1002 3124 Distrietualesjanuenses,
1015 3084 1052 3115 de
1065 3085 1203 3115 omnibus
1214 3086 1248 3116 &

181 3132 294 3170 singulis
306 3131 441 3167 Debatis,
459 3128 655 3164 Rancoribus,
673 3125 866 3162 Homicidiis,
882 3122 1038 3162 Caedibus,
1054 3121 1248 3154 Combustio-

183 3171 289 3209 nibus,
308 3169 435 3206 Riottis,
454 3165 750 3203 Transgreffionibus,
769 3162 935 3200 Violentiis,
955 3161 1107 3200 Roberiis,
1127 3160 1247 3201 Praedis,

181 3209 287 3247 Spoliis
302 3232 312 3247 ,
339 3206 604 3246 Depraedationibus
616 3226 627 3242 ,
651 3203 758 3241 Injuriis
774 3224 784 3239 ,
810 3200 1012 3232 Malivolentiis
1025 3223 1036 3240 ‚
1061 3201 1247 3240 Actionibus,

222 3248 403 3278 uaestionibus
418 3269 428 3284 ,
453 3245 562 3276 Litibus
577 3266 587 3280 ,
610 3242 708 3272 Causis
724 3265 733 3279 ,
758 3240 1019 3277 Contentionibus,
1045 3238 1249 3278 Petitionibus,

184 3286 458 3320 vendicationibus,
476 3283 632 3319 Dampnis,
653 3280 804 3315 Realibus,
823 3279 855 3309 δε
872 3278 1080 3316 Personalibus,
1097 3277 1152 3308 sive
1168 3278 1247 3308 Mix-

184 3327 237 3364 tis,
256 3333 442 3363 quocumque
463 3323 582 3354 nomine
594 3318 772 3356 censeantur,
792 3318 882 3348 Terra
896 3316 1026 3354 Marive,
1041 3318 1125 3347 etiam
1139 3318 1168 3347 in
1183 3326 1248 3354 pro-

182 3366 248 3402 priis
258 3365 356 3394 Terris
369 3362 488 3399 nostris,
507 3371 557 3398 per
570 3358 690 3389 Ducem
700 3380 709 3395 ,
723 3356 957 3393 Comunitatem,
974 3354 1168 3385 Distrizstuales
1176 3378 1186 3394 ,
1199 3364 1247 3386 aut

184 3403 307 3441 aliquem
330 3403 374 3432 seu
396 3402 502 3439 aliquos
523 3409 557 3430 ex
570 3399 624 3435 eis,
643 3397 704 3427 ullis
716 3404 840 3434 unquam
854 3394 1073 3441 temporalibus,
1091 3393 1172 3432 datis,
1191 3394 1248 3424 illa-

130 3433 133 3435 *
182 3442 235 3479 tis,
252 3442 350 3478 stetis,
371 3440 416 3470 seu
437 3438 589 3470 contractis
610 3444 790 3476 quacumque
804 3434 972 3472 occasione,
990 3442 1087 3469 causa,
1107 3431 1153 3463 vel
1167 3432 1247 3463 colo-

40 3568 55 3580 ,ι
72 3567 124 3593 VI·

37 3604 102 3637 671.

183 3490 213 3511 re
222 3479 547 3556 {lifigffllffss'eratione
555 3538 564 3552 ,
577 3514 761 3553 Qiitatione,
773 3511 807 3542 &
820 3509 1005 3541 Absolutione
1016 3508 1178 3548 hujusmodi
1192 3509 1248 3539 suf-

183 3556 312 3587 ficientes
325 3556 343 3575 *
355 3555 473 3592 Literas,
492 3553 661 3590 Cautioncs,
679 3551 862 3587 Securitates,
877 3550 910 3580 &
923 3547 1089 3586 Pactiones,
1111 3547 1245 3586 Tempo-

186 3596 251 3625 rales
267 3597 299 3626 δε
313 3593 478 3633 Perpetuas,
497 3592 613 3622 Secums
627 3593 659 3621 ὃ(
675 3588 801 3626 Validas,
820 3585 999 3626 faciendum,
1099 3625 1104 3631 ῃ
1130 3625 1135 3630 θ

228 3634 265 3663 Et
287 3632 447 3663 conlimiles
471 3631 577 3660 Literas
597 3631 629 3661 ὅ(
652 3629 819 3659 Securitates
831 3625 984 3664 petendum
1001 3626 1035 3657 ὅ(
1050 3624 1245 3663 recipiendum

185 3681 202 3701 a
223 3670 324 3709 Duce,
349 3670 551 3706 Comunitate,
578 3669 609 3698 &r
632 3665 860 3697 Districlualibus
881 3665 1057 3705 supradietis,
1082 3672 1128 3694 aut
1146 3672 1245 3694 eorum

186 3708 373 3739 Procuratore
386 3709 431 3739 seu
447 3706 694 3742 Procuratoribus,
714 3704 893 3741 conjunctim
903 3726 913 3742 ,
930 3703 975 3733 vel
990 3702 1116 3740 divifim,

225 3747 442 3785 Quodcumque
450 3746 649 3784 juramentum
662 3744 775 3773 licitum
788 3744 818 3772 in
829 3743 967 3773 Animam
975 3741 1103 3772 nostram
1111 3738 1245 3780 praestan-

185 3784 273 3822 dum,
290 3786 435 3815 occasione
450 3783 676 3819 Praemissorum,

222 3822 260 3852 Et
281 3824 314 3852 ad
330 3825 428 3853 omnia
440 3824 490 3853 alia
505 3824 537 3853 δε
555 3821 658 3859 lingula
669 3819 849 3857 faciendum,
867 3818 1091 3856 excercendum,
1109 3817 1143 3848 &
1158 3826 1243 3856 expe-

184 3861 340 3898 diendum,
357 3870 419 3899 quae
440 3863 468 3891 in
489 3859 649 3898 praemissu,
665 3868 711 3888 aut
732 3859 806 3888 circa
819 3868 865 3895 ea,
882 3857 1034 3888 necessaria
1047 3856 1168 3894 suerint,
1187 3856 1242 3887 uti-

183 3900 235 3933 lia,
254 3899 298 3928 vel
312 3907 465 3936 oportuna,
481 3901 563 3930 etiam
578 3899 598 3928 si
613 3897 781 3927 Mandatum
800 3898 886 3934 magis
898 3898 1009 3935 exigant
1022 3895 1155 3933 speciale,

223 3937 351 3973 Damus,
369 3937 473 3973 insuper
482 3959 491 3974 ,
510 3938 543 3967 ὃς
559 3935 755 3967 Concedimus
769 3934 872 3964 eisdem
884 3934 1117 3965 Procuratoribus
1131 3931 1242 3970 nostris,

184 3977 218 4009 &
240 3977 366 4016 ipsorum
386 3975 519 4012 cuilibet,
534 3984 632 4006 tenore
650 3973 847 4014 praesentium,
864 3973 1014 4012 specialiter
1035 3973 1066 4004 in
1086 3970 1242 4010 mandatis,

649 106 1453 157 CONVENTIONsss,

1530 109 1928 165 LITERAE,

1330 194 1412 238 quod
1429 194 1494 234 ipsi,
1513 195 1548 227 &
1566 206 1668 227 eorum
1684 197 1820 241 quilibet,
1830 198 1959 241 ¹poffint,
1975 198 2010 230 δε
2024 198 2124 239 possit,
2141 199 2209 232 huic
2223 196 2395 233 Procurato-
2412 199 2487 233 Asin.
2502 201 2550 237 D,

1329 243 1374 262 rio
1397 233 1498 264 addere
1510 234 1544 264 &
1566 235 1692 274 suplere,
1710 237 1729 265 li
1743 235 1811 273 quid
1828 246 1857 279 ιη
1873 246 1909 266 eo
1922 236 2132 281 Solempnitatis
2147 248 2193 270 aut
2205 239 2394 280 Substantiae,
2431 250 2515 280 1370.

1328 271 1406 316 quod
1421 272 1453 303 ad
1474 273 1592 317 praesens
1614 281 1756 316 perpetuae
1775 272 1855 303 Pacis
1876 276 1910 305 &
1924 275 2069 319 Amicitiae
2079 278 2174 308 solida:
2187 279 2336 318 negotium
2349 288 2398 311 aut
2412 281 2479 310 Edv.
2495 290 2524 320 3.

1327 311 1552 379 zti'lssiffipgadista
1574 312 1704 351 expedit,
1723 321 1773 351 per
1795 311 2062 352 praeoccupationes
2080 316 2126 347 vel
2147 317 2210 348 alias
2231 317 2344 349 forsitan
2364 318 2397 351 fit

1366 374 1568 420 Promit’tentes
1576 399 1645 434 ,pro
1659 388 1758 420 Nobis
1766 411 1776 427 ,
1791 389 1825 420 &
1837 388 2008 421 Haeredibus
2019 390 2122 422 nostris
2130 393 2255 430 ,Ratum
2269 396 2303 427 &
2315 395 2394 427 Gra-

1326 429 1869 507 ssssmnssii‘ssimfflul‘lfflffn‘ffiufflff
1881 429 2392 502 qffiffildfiffssiite‘iffe‘gpiloem‘ffi

1325 502 1474 573 lY3ronokrlutri
1488 489 1651 537 n'ostrorum
1666 507 1700 538 ὃ(
1714 477 1876 537 Ηεεῗεάυῐῐῖ
1888 506 2054 538 nostrorum
2068 475 2394 550 omrliDbl‘igaliigiiestAE

1356 552 1407 612 ppt
1418 553 1497 627 ceticialis
1516 582 1556 612 rei
1577 581 1795 614 Testimonium
1806 583 1853 614 has
1867 583 1974 614 Literas
1988 583 2096 616 nostras
2109 583 2239 618 Patentes
2252 586 2311 623 fieri
2323 589 2393 623 Ma-

1323 629 1382 660 gno
1394 621 1424 652 Si
1445 621 1494 651 illo
1508 619 1609 664 nostro
1621 621 1720 658 Regio
1727 627 1741 659 ,'
1751 632 1784 652 ac
1799 621 1954 666 Sigssi§›‚&
1968 623 2225 662 Subscriptionibus
2240 623 2394 665 Magistro-

1323 659 2241 731 {33²nssrl'ffissndivassrfiaillffffifffi&pffllssffffilssixigy'y-”g‘ffl'’
2254 664 2393 734 ·C¹⁰2'i¹⁶⁰·‘

1322 746 1387 768 mus
1402 739 1436 770 &
1450 737 1570 768 fecimus
1583 738 1766 768 communiri.
1781 721 1805 757 ·'
2047 752 2050 758 ’
2079 710 2232 742 tammum’
2248 713 2315 735 man
2335 715 2394 736 aw-

1358 776 1428 808 Dat.
1448 777 1481 808 &
1496 776 1564 807 Aa.
1581 777 1610 807 in
1625 776 1733 807 Palatio
1748 775 1847 807 nostro
1861 775 2121 817 Westmonasterii,
2129 778 2236 810 Mensis
2249 780 2391 813 Novem·-

1321 815 1378 846 bris
1391 815 1437 846 die
1451 816 1583 846 vicefima
1598 815 1722 854 octava,
1737 815 1825 846 Anno
1837 813 1963 845 Domini
1978 814 2148 861 Millesimo,
2165 819 2391 860 Trecenielimo,

1320 854 1551 899 SeptuagesimO,
1568 854 1602 885 ὃς
1625 853 1794 894 Regnorum
1815 852 1998 893 nostrorum,
2017 853 2146 886 Franciae
2159 854 2319 890 Tricefimo
2331 860 2390 898 pri-

1320 902 1388 932 mo,
1407 893 1520 933 Angliae
1535 894 1608 924 vero
1625 893 1852 934 Qadragesimo
1868 902 1978 931 quarto.

1660 1029 1710 1062 De
1738 1024 1843 1070 Obside
1864 1029 2043 1069 Licentiato.

1317 1111 1475 1183 LESllhi
1491 1124 1519 1146 as
1537 1121 1608 1146 touz
1625 1113 1725 1152 ceulx,
1747 1113 1796 1152 qui
1816 1112 1904 1144 cestes
1931 1113 2043 1145 Lettres
2061 1124 2178 1148 verront
2199 1127 2239 1149 ou
2261 1126 2381 1157 orrorit‚
2397 1129 2464 1163 Am,
2487 1133 2522 1165 D

1413 1163 1426 1182 a
1439 1161 1497 1184 utz.
2467 1157 2473 1164 ‘
2521 1158 2532 1168 ⁶

1351 1187 1410 1220 Por
1435 1202 1489 1222 ceo
1509 1201 1579 1230 que,
1596 1191 1700 1222 Noble
1722 1190 1844 1228 Enfant,
1862 1189 1984 1228 George
2005 1191 2040 1221 de
2057 1190 2142 1223 Clere
2163 1194 2197 1224 ad
2216 1195 2381 1236 longement
2395 1179 2510 1236 A¹37⁰‘

1313 1227 1431 1260 demore
1485 1241 1497 1260 r
1512 1231 1609 1260 devers
1626 1229 1729 1268 Nous,
1746 1240 1780 1260 en
1797 1229 1891 1260 nostre
1907 1228 2044 1261 Roialme
2058 1230 2263 1273 d'Engleterre,
2278 1245 2331 1274 por
2343 1237 2378 1267 δε
2400 1221 2445 1276 En.
2459 1222 2509 1249 44⁸

1314 1277 1351 1297 en
1366 1268 1421 1299 lieu
1455 1280 1470 1301 e
1483 1269 1532 1299 son
1547 1268 1644 1306 prere,
1663 1279 1677 1299 a
1693 1268 1772 1299 cause
1787 1267 1942 1308 d'Ostage,
2394 1271 2428 1315 F·
2450 1260 2476 1287 3·

1351 1307 1457 1347 Nous,
1475 1318 1523 1346 par
1538 1309 1644 1339 certein
1661 1307 1784 1338 Finance
1797 1306 2020 1345 (c'estaffavoir)
2039 1309 2150 1348 Quatre
2164 1309 2261 1341 Centz
2275 1311 2379 1344 Marcz
2414 1298 2482 1355 ⁷⁴⁶2:
2524 1332 2528 1336 .

1312 1345 1356 1390 de¹
1371 1346 1464 1378 nostre
1486 1347 1584 1377 Mono
1603 1357 1619 1376 e
1637 1344 1828 1385 d'Engleterre
1853 1346 1910 1382 (les
1950 1356 2022 1377 ueux
2042 1348 2067 1378 le
2086 1348 2128 1379 dit
2152 1348 2269 1389 George
2281 1351 2315 1380 ad
2330 1352 2380 1382 fait
2395 1335 2443 1362 44'
2483 1336 2526 1365 '3'

1312 1394 1389 1422 pater
1409 1396 1444 1416 en
1464 1385 1558 1416 nostre
1598 1390 1728 1430 ¹ecepte)
1753 1385 1898 1454 Qpssons,
1958 1386 2094 1426 eliurons,
2113 1388 2146 1418 &
2169 1387 2325 1419 Relaiffons
2345 1390 2382 1421 de
2396 1375 2432 1393 ἠ’
2446 1376 2477 1402 4'

1313 1432 1395 1454 toute
1411 1423 1520 1464 Ostage
1535 1425 1560 1455 le
1576 1424 1616 1455 dit
1631 1424 1767 1464 George,
1795 1435 1822 1455 ui
1837 1424 1951 1454 donons
1966 1425 2090 1463 expresse
2106 1425 2231 1457 Licence
2247 1429 2282 1460 ὃς
2297 1426 2381 1459 Con-

1312 1464 1360 1500 gie
1380 1462 1416 1493 de
1429 1463 1484 1494 s’en
1500 1464 1583 1501 partir
1597 1473 1659 1494 vers
1673 1464 1722 1493 son
1738 1462 1826 1502 Palis,
1845 1473 1885 1493 ou
1900 1462 2020 1494 ailliours
2033 1473 2072 1495 ou
2087 1464 2144 1496 Lui
2159 1465 2247 1503 plerra
2263 1467 2330 1498 hors
2344 1467 2381 1499 de

1309 1501 1404 1532 nostre
1419 1501 1579 1533 Poisfiince.

1348 1540 1430 1571 Don.
1453 1551 1501 1580 par
1523 1541 1755 1581 Tesmoignance
1776 1540 1813 1571 de
1826 1540 1922 1571 nostre
1937 1541 2031 1573 Grant
2044 1542 2121 1581 Seal,
2140 1553 2155 1574 a
2176 1543 2272 1575 nostre
2285 1543 2377 1578 Palaia

1308 1579 1344 1610 de
1363 1578 1603 1618 Westmonstier,
1619 1579 1644 1610 le
1665 1580 1768 1617 primer
1780 1580 1846 1618 jour
1859 1580 1895 1610 de
1909 1580 2092 1620 Decembre,
2111 1582 2179 1613 l'An
2193 1583 2229 1613 de
2241 1592 2299 1614 noz
2314 1584 2376 1615 Re-

1307 1626 1375 1696 gi&
1391 1641 1402 1656 ,
1423 1618 1460 1650 de
1480 1618 1589 1650 France
1608 1618 1719 1650 Trente
1741 1618 1774 1650 &
1795 1627 1849 1649 une
1863 1641 1873 1657 ,
1895 1620 1929 1651 &
1949 1618 2142 1660 d’Engieterre
2166 1621 2325 1661 Quarrante
2341 1623 2377 1655 &

1343 1664 1424 1687 uatre.
2184 1668 2187 1669 ⁷

1836 1697 1891 1725 Per
1904 1695 2008 1727 Billam
2020 1696 2217 1737 Thefhurariae.

1570 1823 1620 1854 De
1645 1818 1798 1854 Conduffu
1815 1828 1871 1865 pro
1896 1821 2004 1853 Sancio
2022 1822 2114 1868 Lupi.

1307 1905 1428 1963 REX
1444 1906 1574 1938 universis
1593 1905 1688 1948 &qsin
1709 1905 1759 1935 ulls
1780 1905 1895 1936 Locum
1917 1905 2049 1938 nostrum
2071 1908 2248 1947 tenentibus,
2266 1908 2373 1941 Admi-
2387 1896 2464 1931 ΑΜ·
2480 1897 2523 1931 D.-

1381 1946 1469 1984 rallis,
1488 1945 1671 1982 castellanis,
1716 1945 1845 1981 apitaneis
1862 1942 2032 1975 Castrorum
2046 1946 2079 1976 δε
2094 1946 2306 1978 Fortalitiorum
2316 1958 2372 1979 no·
2412 1947 2498 1979 1370·

1306 1983 1427 2015 strorum
1437 2008 1446 2022 ,
1464 1995 1497 2016 ac
1517 1986 1600 2015 etiam
1614 1983 1789 2013 Societatum
1805 1984 1838 2014 &
1854 1981 2072 2024 Episcopatuum
2088 1983 2264 2025 Praepofitis,
2284 1986 2372 2018 Vice-
2386 1981 2440 2008 ¹4⁷¹-
2453 1987 2519 2017 442
2538 2014 2543 2020 ,

1305 2025 1478 2062 comitibus,
1497 2023 1672 2054 Custodibus
1696 2021 1837 2052 Portuum
1857 2023 1891 2052 ὃς
1911 2023 2030 2053 aliorum
2049 2023 2195 2054 Locorum
2211 2025 2372 2057 Maritimo-
2387 2020 2416 2045 E,
2440 2027 2466 2054 3·
2513 2041 2521 2068 χ

1304 2072 1383 2101 rum,
1403 2061 1561 2102 Majoribus
1574 2060 1813 2098 Comunitatum,
1832 2059 1943 2092 Ballivis
1979 2061 2130 2101 MinistriS,
2143 2064 2177 2095 &
2192 2073 2293 2094 eorum
2308 2063 2370 2095 Lo-
2382 2057 2520 2093 Frane44,

1304 2102 1537 2145 ca'tenentibus,
1557 2101 1589 2132 &
1612 2100 1668 2131 aliis
1687 2098 1882 2142 Officialibus,
1901 2099 1935 2130 &
1950 2084 2111 2139 lssidelibus,
2128 2112 2162 2132 ac
2176 2101 2302 2133 Subditis
2315 2113 2372 2135 no·
2387 2097 2416 2121 Ε·
2435 2103 2462 2130 3·

1304 2139 1384 2178 stris,
1402 2141 1431 2171 in
1452 2140 1599 2171 Dominio
1615 2137 1729 2176 nostro,
1748 2138 1806 2168 tam
1822 2147 1852 2166 in
1865 2137 2085 2178 Transtnarinis,
2103 2149 2190 2180 quarn
2206 2139 2372 2173 cismarinis
2388 2141 2427 2162 m·
2441 2140 2461 2168 5
2462 2153 2473 2168 ·-

1304 2178 1450 2218 Partibus,
1468 2177 1646 2216 constitutis,
1659 2176 1692 2207 ad
1710 2186 1797 2214 qum,
1813 2176 1873 2207 &a
1889 2176 2024 2208 Salutem.
2367 2196 2371 2206 Ι

1341 2218 1440 2248 Sciatis
1455 2217 1535 2257 quod
1550 2216 1637 2254 Nos,
1652 2215 1790 2246 dilectum
1806 2214 1952 2254 nostrum,
1969 2216 2104 2247 Sancium
2120 2216 2195 2257 Lupi
2208 2218 2244 2249 de
2259 2217 2368 2251 Uricio

1302 2255 1487 2303 Armigerum
1500 2280 1511 2296 ,
1532 2255 1714 2286 Praesentium
1735 2253 1932 2298 'Portitorem,
1958 2255 2116 2295 veniendo,
2141 2258 2199 2287 tam
2220 2267 2271 2295 per
2291 2258 2370 2290 Ter-

1300 2304 1380 2364 {iibmi'
1388 2305 1561 2374 υἳζῗὲῒωξῧὲ
1573 2291 2370 2376 [ὲὲῗῗῗαέυἳήῖἷῧξὲἒῑῗωῗὲοῗῖὲῗὲἒξωωὲἓῗῗὸ,νέξ

1301 2373 1402 2404 exinde
1416 2373 1579 2411 redeundo,
1597 2381 1668 2403 cum
1686 2370 1900 2416 Qipquaginta
1912 2369 2036 2414 Personis
2052 2371 2097 2402 vel
2111 2372 2200 2411 infra,
2216 2374 2245 2403 in
2263 2372 2369 2404 Comi-

1301 2411 1359 2442 tiva
1381 2412 1446 2451 sua,
1464 2411 1665 2450 cujuscumque
1680 2409 1772 2440 Status
1787 2409 1832 2439 seu
1845 2408 2027 2441 Condicionis
2041 2409 2159 2449 fuerint,
2179 2421 2248 2442 cum
2262 2421 2369 2442 eorum

1300 2449 1404 2491 Equis,
1423 2450 1586 2487 Hernesiis,
1602 2449 1637 2480 &
1655 2449 1713 2479 aliis
1734 2447 1819 2478 Bonis
1829 2447 1872 2491 ,δε
1893 2447 1991 2479 Rebus
2004 2449 2055 2480 suis
2070 2449 2312 2489 quibuscumque,
2331 2451 2368 2482 Se

1300 2488 1401 2521 Naves
1423 2490 1496 2528 ipsos
1515 2489 1684 2526 deserentes,
1702 2488 1736 2518 ὃς
1759 2485 1928 2517 Marinarios
1943 2488 2130 2526 eorumdem,
2147 2498 2218 2519 curn
2231 2489 2367 2521 omnibus

1299 2526 1387 2558 Bonis
1407 2529 1441 2560 &
1455 2528 1555 2559 Rebus
1567 2528 1635 2565 suis,
1651 2526 1773 2556 {imiliter
1788 2526 1818 2555 in
1830 2526 1849 2544 *³
1865 2523 2084 2557 Protectionem
2102 2528 2135 2557 ὅτ,
2156 2527 2364 2559 Defenfionem

1297 2565 1426 2598 nostram
1463 2577 1578 2597 necnon
1600 2566 1630 2595 in
1649 2564 1757 2595 salvum
1777 2564 1811 2594 &
1832 2563 1962 2594 securum
1985 2564 2176 2595 Conductum
2189 2565 2321 2597 nostrum
2333 2576 2367 2597 ac

1299 2604 1402 2636 salvam
1423 2589 1561 2636 &ardiam
1579 2601 1706 2634 nostram
1720 2602 1863 2641 speciales,
1884 2601 2068 2641 suscepimus,
2087 2603 2120 2634 &
2136 2603 2298 2644 suscipimus
2317 2614 2367 2644 per

1299 2642 1579 2719 Prgelingg'vobis,
1597 2681 1630 2712 &
1645 2677 1772 2710 vestrum
1783 2678 1917 2717 cuilibet,
1936 2678 2117 2719 mandamus,
2131 2679 2194 2716 &c.
2205 2688 2237 2711 ut
2252 2684 2283 2712 in
2289 2680 2369 2721 fimi-⁴

1297 2719 1368 2752 libus
1383 2722 1414 2751 de
1429 2721 1567 2752 Conduo‘lu
1583 2722 1697 2750 Literis.

1337 2761 1370 2793 In
1384 2762 1463 2798 cujus
1497 2761 1549 2791 &c
1573 2768 1623 2797 per
1638 2766 1729 2788 unum
1745 2756 1864 2787 Annum
1877 2756 2025 2788 duraturas.

1369 2799 1459 2831 Teste
1471 2783 1560 2837 Pege
1572 2795 1647 2836 apud
1660 2794 1969 2834 Westmonasterium,
1988 2795 2080 2836 primi
2095 2796 2141 2828 die
2155 2795 2341 2830 Decembri&

2384 2547 2404 2568 ²²
2425 2549 2479 2578 v1.·

2384 2587 2452 2625 672.
2498 2615 2509 2627 ⁴,

1922 2874 1977 2903 Per
1989 2872 2072 2912 ipfitm
2085 2875 2189 2911 Regem.

1497 3002 1547 3034 De
1574 2997 1727 3033 Conduffu
1748 3009 1804 3044 pro
1821 2999 1950 3031 Nunciis
1968 2998 2136 3030 Navarra.

1294 3085 1419 3143 REX
1438 3085 1570 3117 universis
1590 3084 1624 3115 &
1645 3082 1754 3126 singulis
1774 3082 1854 3112 Loca
1876 3080 1970 3125 nostra
1983 3081 2360 3123 Tenentibus‚Judicibus,
2375 3084 2453 3117 Ann.
2465 3084 2510 3119 D.'

1375 3125 1552 3161 Admirallis,
1566 3122 1744 3159 Capitaneis,
1760 3120 1936 3158 Senescallis,
1954 3119 2355 3162 Vicecomitibus,Portuum‚
2398 3133 2483 3164 1370.

1292 3161 1506 3200 Paffigiorum,
1525 3162 1558 3192 &
1584 3159 1738 3203 Villarum,
1757 3159 1801 3203 seu
1817 3158 1966 3189 Locorum
1981 3158 2146 3189 nostrorum
2162 3158 2356 3200 Custodibus,
2373 3167 2426 3192 An.
2439 3173 2488 3200 44.

1292 3210 1408 3231 necnon
1428 3201 1462 3232 &
1482 3201 1539 3230 aliis
1560 3198 1701 3229 Fidelibus
1724 3197 1793 3236 suiS,
1809 3197 1845 3228 ad
1859 3207 1946 3236 quos,
1966 3199 2028 3229 &c.
2040 3197 2086 3229 vel
2100 3208 2202 3229 eorum
2216 3199 2298 3231 Loca
2310 3209 2356 3231 te·
2374 3207 2403 3230 Ε.
2425 3211 2452 3239 3.

1293 3240 1442 3277 uentibus,
1459 3238 1594 3268 Salutem.
2370 3242 2508 3277 Fra›1c.44.·
2552 3256 2561 3269 ι.

1329 3276 1426 3320 Sciatis
1445 3276 1525 3314 quod
1549 3274 1618 3306 Nos
1637 3275 1685 3312 (in
1701 3283 1837 3313 quantum
1852 3275 1882 3304 in
1897 3275 1980 3306 nobis
1993 3274 2051 3312 est)
2070 3275 2212 3314 volentes,
2230 3277 2350 3315 intuitu,
2370 3283 2399 3305 Ε.
2422 3289 2448 3315 3.
2503 3275 2506 3278 '
2552 3282 2555 3288 ·

1291 3316 1422 3346 cariffimi
1445 3315 1548 3346 Fratris
1561 3315 1595 3346 &
1610 3312 1818 3353 Consanguinei
1833 3313 1937 3351 nostri,
1956 3313 2043 3353 Regis
2059 3313 2217 3353 Navarrae,
2228 3315 2352 3353 Johanni
2370 3326 2406 3345 m.
2417 3328 2447 3353 4.

1291 3355 1327 3385 de
1342 3354 1427 3393 Telly
1442 3353 1533 3384 Militi
1545 3353 1581 3384 de
1595 3352 1748 3384 Securitate
1762 3351 1887 3391 congrua
1902 3353 2068 3393 providere,
2077 3352 2166 3392 ipsum
2177 3353 2354 3394 Johannem,
2446 3352 2449 3355 ⁴

1291 3395 1347 3424 unii
1369 3386 1445 3424 cuns
1457 3393 1592 3430 Triginta
1612 3391 1762 3430 Equitibus
1782 3392 1811 3420 in
1825 3390 1973 3420 Comitiva
1985 3391 2046 3429 sua,
2065 3391 2186 3422 Armatis
2200 3392 2245 3422 vel
2258 3393 2358 3424 luher-

1291 3433 1384 3462 mibus
1400 3455 1409 3471 ,
1426 3432 1632 3469 cujuscumque
1654 3429 1746 3461 Status
1767 3429 1812 3472 seu
1835 3427 2016 3473 Conditionis
2036 3429 2154 3460 existant
2169 3453 2177 3468 ,
2203 3431 2298 3461 eundo
2319 3431 2357 3462 ad

1291 3469 1385 3501 Partes
1423 3470 1608 3508 uascunique,
1629 3470 1662 3501 δε
1684 3469 1846 3499 Traniitum
1866 3467 1997 3498 faciendo
2012 3477 2061 3506 per
2076 3467 2211 3507 Regnum
2225 3470 2356 3508 Angliae,

1291 3510 1324 3540 ὃς
1338 3510 1388 3539 alia
1437 3510 1546 3540 ominis
1561 3508 1673 3544 nostra,
1692 3514 1749 3538 tam
1767 3507 1796 3535 in
1810 3504 1988 3544 Cismarinis,
2008 3508 2092 3544 quam
2109 3507 2137 3536 in
2150 3506 2355 3538 Transmarinis

1288 3548 1425 3587 partibus,
1444 3548 1549 3578 ibidem
1568 3545 1724 3582 morando,
1739 3545 1771 3576 &
1787 3544 1820 3574 ad
1836 3543 1954 3581 Propria
1967 3544 2126 3583 redeundo,
2139 3546 2193 3575 una
2206 3550 2274 3575 cum
2291 3545 2353 3575 Re-

1289 3588 1358 3625 bus,
1375 3585 1510 3624 Familia,
1527 3585 1632 3629 Equis,
1650 3583 1792 3613 Hernesiis
1804 3605 1814 3619 ,
1831 3583 1864 3612 &
1879 3583 1935 3613 aliis
1950 3582 2035 3613 Bonis
2045 3583 2097 3613 suis
2111 3583 2352 3622 quibuscumque,

1288 3625 1318 3654 in
1339 3624 1435 3655 nostra
1449 3624 1633 3655 Protectione
1646 3623 1680 3653 &
1692 3622 1761 3652 salva
1776 3620 1882 3651 Gardia
1895 3632 1928 3652 ac
1944 3623 1973 3652 iri
1988 3622 2063 3653 salvo
2079 3621 2236 3652 Conduetu
2250 3620 2352 3652 nostris

1288 3664 1472 3703 suscepimus,
1490 3663 1523 3693 ὃς
1536 3661 1697 3699 suscipimus
1713 3670 1763 3705 per
1777 3658 1943 3696 Praesentes3

1325 3701 1363 3732 Et
1383 3702 1451 3732 ideo
1467 3701 1570 3747 ,vobi-s,
1587 3702 1620 3732 ὃ(
1636 3699 1762 3730 vestrum
1775 3698 1910 3737 cuilibet,
1928 3698 2108 3736 praecipimus
2123 3697 2157 3727 &
2169 3696 2351 3738 mandamus,

1286 3738 1616 3818 &ffgffguizzgzggizazegg
1624 3737 1916 3808 &Gestssgnggterium
1924 3798 1934 3814 ,
1951 3776 2042 3815 prima
2053 3773 2100 3803 die
2112 3772 2291 3804 Decembris.

1964 3852 2018 3879 Per
2033 3848 2186 3879 Concilium.

1286 3930 1457 3962 Confimiles
1469 3930 1575 3962 Literas
1590 3931 1679 3970 Regis
1691 3930 1727 3961 de
1742 3929 1898 3960 Conduecu
1911 3926 2017 3957 habent
2031 3924 2189 3964 subscripti,
2207 3928 2242 3959 ad
2256 3937 2346 3968 partes

1321 3970 1486 4010 praedictas,
1506 3971 1538 4002 in
1559 3970 1654 4003 forma
1674 3967 1828 4010 praedicta,
1846 3963 2030 4002 transeundo,
2053 3964 2087 3997 ὃς
2106 3964 2346 4037 ῐεάεαηεὶζῖἒζιῃηέ
