2561 4251
201 151 279 199 198
620 139 1428 189 CONVENTIONES,

41 232 122 264 Ann.
136 231 177 263 D.
234 234 326 266 Teste
342 232 424 272 Rege
437 230 511 269 apud
527 229 804 270 Wstmonasterium,
821 229 998 261 duodecimo
1013 228 1059 259 die
1072 227 1187 266 Aprilis.

41 282 103 339 1³1ch
109 272 155 340 826.
233 311 378 351 Johannec
392 309 423 338 de
437 306 580 338 lValtham
594 304 710 337 Clericus
725 309 822 344 recepit
837 309 958 335 Attorn.

264 384 434 417 Confimiles
456 384 564 416 Literas
585 383 689 420 Regis,
708 383 744 413 de
766 382 890 421 generali
911 382 1084 421 Attornatu‚
1100 382 1206 413 habent

604 422 763 460 subscripti,
782 422 840 452 viz.

226 499 339 532 Thomas
354 499 386 530 de
399 501 480 540 Percy
486 498 595 538 junior.

230 538 382 569 Richardus
400 541 479 575 Hoo,
499 536 596 567 Miles.

229 577 344 607 Thomas
361 578 394 607 de
412 575 534 613 Routhe,
553 574 688 607 Chivaler
704 573 740 606 de
758 574 848 606 Com.
867 573 1009 605 Eborum.

228 616 346 646 Thomas
365 620 454 655 Boys,
472 613 571 653 Miles,

227 654 370 685 Gilbertus
387 654 475 693 Jues,
494 652 636 692 Armiger.

227 693 361 724 Robertus
379 695 412 722 de
431 689 574 729 Standish,
596 690 690 722 Miles.

227 732 343 763 Thomas
361 731 393 761 de
410 730 602 768 Sotheworth,
621 729 719 760 Miles.

228 770 378 801 Nicholaus
397 769 430 799 de
445 769 596 799 Athirton.

227 809 367 840 PValterus
383 811 451 838 Fitz
467 809 600 845 Wauter,
618 804 762 838 Chivaler.

227 850 271 878 W
270 847 395 878 illielmus
410 847 442 877 de
457 845 640 886 Swylyngton.
753 861 761 869 .

227 889 364 917 Henricus
381 886 414 916 de
431 885 603 926 Reddeford,
622 882 719 915 Miles.

228 925 363 956 Robertus
382 923 473 954 Morle
488 935 518 962 e,
537 923 624 954 Miles
638 922 742 962 Junior
760 921 797 954 de
814 919 906 953 Com.
925 916 1030 951 Norff.

230 967 347 1002 Rogerus
362 964 394 993 de
408 967 460 994 Sca
471 973 515 1000 er,
531 961 676 993 Chivaler.

226 1002 384 1043 Radulphus
402 1003 434 1031 de
453 1000 580 1039 Shelton,
599 999 745 1032 Chivaler.

227 1044 309 1079 Hugo
327 1043 359 1072 de
378 1039 517 1078 Thorerby.

228 1081 379 1111 Nicholaus
396 1079 479 1110 Alie.

226 1119 384 1158 Radulphus
403 1120 435 1147 de
454 1121 546 1157 Ipres,
566 1115 661 1147 Miles.

226 1158 372 1196 Johannes
389 1156 537 1186 Horwode.

227 1197 358 1225 Robertus
377 1196 409 1225 de
428 1194 500 1234 West
518 1191 678 1232 Stratfhrd,
697 1191 733 1224 de
753 1190 844 1223 Com.
862 1189 946 1221 Buks.

225 1235 342 1265 Thomas
356 1235 388 1264 de
406 1232 598 1272 Erpyngham,
613 1231 759 1262 Chivaler.

229 1276 241 1303 1
245 1273 394 1303 Villielmus
414 1274 542 1310 Notion,
561 1271 704 1309 Armiger.

228 1312 326 1341 Adam
342 1315 523 1349 Davenport,
542 1308 680 1340 Clericus.

226 1350 373 1389 Johannes
393 1351 424 1379 de
442 1349 596 1388 Gypthorp‚
616 1347 712 1379 Miles.

226 1388 372 1428 Johannes
388 1388 513 1428 Hauley,
530 1386 677 1418 Chivaler.

225 1427 372 1467 Johannes
389 1427 534 1465 Braham,
554 1425 649 1456 Miles.

229 1466 393 1496 Willielmus
412 1464 593 1495 Brokworth.

230 1505 369 1535 Walterus
388 1507 520 1535 Dominus
538 1506 606 1533 Fitz
625 1503 757 1539 quter‚
773 1501 807 1532 &
826 1499 975 1532 Dominus
993 1496 1029 1528 de
1043 1495 1223 1528 Wodeham.

229 1542 376 1582 Johannes
394 1544 426 1573 de
445 1542 610 1580 Loudham,
627 1540 731 1580 Junior
750 1539 846 1570 Miles.

231 1582 377 1622 Johannes
395 1584 523 1620 Norton,
540 1580 659 1612 Ballivus
676 1579 713 1610 de
731 1578 836 1618 Savoy.

459 1709 519 1741 Pro
537 1683 796 1751 Ambaffiztoribus
814 1701 1002 1748 Portugaliae.

39 1787 116 1819 Ann-
133 1786 175 1819 D·
197 1792 332 1851 REX
358 1790 507 1822 Univerfis
530 1792 564 1823 &
587 1790 700 1827 singulis
718 1788 850 1827 Regibus
863 1811 873 1825 ,
891 1785 1092 1825 Principibus,
1112 1784 1261 1824 Ducibus,

61 1827 146 1865 138⁶·
276 1831 508 1868 Marchionibus,
525 1830 709 1867 Comitibus‚
729 1827 902 1864 Baronibus,
920 1825 983 1856 &c.
1000 1825 1134 1856 Salutem.

39 1869 93 1894 An·
110 1876 138 1901 9-
227 1869 325 1902 Sciatis
339 1870 419 1909 quod
436 1868 519 1907 Nos,

38 1908 77 1949 R..
90 1914 117 1933 2·
231 1907 486 1946 Contemplatione
503 1908 573 1938 boni
593 1906 647 1938 zeli
662 1930 672 1944 ,
699 1915 786 1944 quern
806 1913 870 1944 erga
891 1902 1048 1934 Personam
1069 1925 1079 1940 ,
1105 1900 1200 1933 Incliti
1228 1901 1262 1934 &

36 1942 105 1970 Ibus·
194 1947 345 1987 Magnifici
367 1947 503 1985 Principis
520 1969 531 1985 ,
552 1949 630 1983 Regis
652 1943 818 1983 Portugaliae
835 1966 845 1981 ‚
870 1942 1014 1974 Amici&
1030 1941 1086 1973 Alli
1121 1942 1142 1972 ti
1158 1940 1263 1979 nostri,

38 1990 75 2010 m·
93 1989 137 2018 ¹3·
191 1988 315 2024 gerimus
334 1988 367 2019 &
390 1987 526 2017 habemus
541 2009 552 2022 ,
578 1985 740 2016 affectantes
753 1983 854 2014 intime
868 1980 1068 2020 quoscumque
1105 1979 1218 2010 ubditos
1229 1980 1263 2010 &

188 2026 302 2095 ὲῇςοΙεε
315 2024 463 2095 Κεςηξίὶέιῄ
477 2024 586 2056 Favore
601 2023 732 2063 prosequi
746 2020 886 2060 gratioso,
904 2021 938 2051 ὃ(
954 2019 1026 2058 ipsos
1039 2020 1147 2058 ubique
1159 2019 1263 2050 amica-

230 2073 281 2095 iter
317 2074 387 2096 ertra
436 2074 458 2094 ti

38 2132 59 2153 ,Β
229 2075 407 2144 δυΐςὲρίηωε
423 2087 519 2141 &'per
536 2101 687 2132 Praesentes
700 2101 834 2139 ponimus
855 2099 889 2131 &
910 2098 1088 2136 suscipimus,
1108 2095 1264 2128 Venerabi-

80 2135 147 2162 νῙῘ·
193 2142 252 2173 lem
274 2142 385 2174 Patrem
408 2143 564 2181 Episcopum
589 2139 762 2179 Elborensem
775 2161 786 2177 ‚
809 2136 1024 2177 &Gonſslvum
1048 2137 1066 2157 ⁴¹²
1083 2138 1204 2166 Gometii
1225 2136 1264 2167 de

40 2180 58 2209 5
62 2181 108 2209 09·
192 2180 292 2251 lSalw,
310 2181 523 2212 Ambassatores
543 2180 577 2211 &
596 2179 730 2210 Nuncios
754 2177 883 2216 special&
904 2176 987 2216 ipsius
1010 2176 1101 2216 Regis
1123 2174 1263 2215 Portuga-

206 2230 241 2251 1ae

230 2242 290 2328 {ui
307 2269 392 2298 penes
406 2258 509 2290 Sedem
529 2256 725 2296 Apostolicam
744 2255 907 2287 transituros
927 2263 981 2294 pro
1005 2254 1089 2285 certis
1109 2252 1264 2293 Negotiis,

191 2307 314 2368 Ξιέηάρῗη
332 2298 444 2338 Regem
459 2297 627 2337 Portugaliae
641 2295 793 2335 specialiter
809 2294 1069 2333 concernentibus,
1087 2292 1115 2324 se
1130 2294 1262 2325 ordinant

264 2347 270 2367 1
323 2346 394 2368 nunt

230 2347 361 2407 Neggon
384 2364 487 2406 e’orum
510 2373 642 2405 Famulos
655 2397 664 2412 ,
688 2372 825 2411 Equites,
843 2371 890 2404 vel
904 2369 1034 2408 Pedites,
1053 2369 1078 2401 E
1101 2380 1168 2409 uos,
1188 2370 1264 2409 Res,

190 2413 289 2454 Bona,
307 2415 340 2446 &
362 2413 500 2445 Hernefia
520 2413 565 2444 sua
586 2420 778 2451 quaecumque
793 2435 802 2449 ,
826 2412 1002 2448 ubicumque
1022 2418 1072 2447 per
1119 2410 1264 2441 ominium

193 2453 227 2484 ὃ(
248 2452 423 2484 Potestatem
444 2452 558 2490 nostra,
582 2461 641 2482 tam
662 2461 712 2491 per
728 2450 849 2481 Terram
860 2472 870 2488 ,
886 2449 973 2487 quam
989 2457 1040 2486 per
1055 2446 1157 2486 Mare,
1175 2457 1264 2479 trans-

193 2491 289 2522 eundo
302 2514 312 2530 ,
337 2492 478 2522 morando
494 2515 503 2529 ,
527 2492 562 2523 &
584 2489 729 2520 redeundo
743 2512 753 2527 ,
770 2490 799 2519 in
822 2489 928 2519 salvum
950 2488 983 2518 &
995 2487 1125 2517 securum
1141 2485 1265 2518 Condu-

197 2529 278 2598 &iffn
295 2531 423 2599 ncsistrutrli
433 2554 442 2569 ,
458 2541 493 2562 ac
509 2530 538 2560 in
555 2529 788 2566 Protefflonem,
805 2526 994 2564 Tuitionem,
1013 2525 1046 2557 &
1056 2524 1264 2557 Defensionem

193 2577 235 2599 ΠΟ
262 2579 304 2599 fas
348 2579 407 2600 ecla
418 2580 446 2599 eS
455 2581 460 2586 ⁴

234 2606 270 2637 Et
287 2579 355 2637 idelg
373 2617 424 2638 vos
441 2593 561 2638 Amicos
575 2606 607 2637 &
619 2605 772 2637 Benivolos
787 2603 902 2635 nostros
914 2626 924 2641 ,
948 2604 1081 2635 attentius
1094 2613 1154 2642 quo
1168 2603 1266 2643 possu-

197 2654 277 2683 mus,
298 2645 482 2683 Requirimus
495 2646 527 2675 &
545 2643 715 2682 Rogamus,
733 2644 871 2682 vobisque
891 2641 982 2682 Ligeis
1003 2644 1037 2673 &
1055 2642 1198 2673 Fidelibus
1212 2653 1265 2672 no—

197 2683 258 2714 stris
274 2683 479 2722 Praecipinius,
495 2683 611 2713 firmiter
626 2682 824 2720 injungendo,
843 2681 972 2718 quatinus
987 2682 1101 2711 eosdem
1116 2681 1266 2711 Ambassa-

195 2731 289 2761 roreS‚
308 2733 376 2754 cuni
400 2723 471 2760 ipsos
497 2732 543 2760 per
565 2720 743 2751 Dominiurn
766 2721 799 2751 ὅ(
821 2718 996 2749 Potestatem
1012 2719 1126 2758 nostra,
1145 2730 1203 2750 tam
1217 2730 1267 2758 per

195 2760 337 2800 Terram,
356 2763 443 2800 qu'am
460 2771 509 2799 per
526 2760 628 2798 Mare,
644 2769 676 2789 ac
691 2759 788 2796 Loca,
808 2756 982 2794 Dimidios,
1000 2758 1045 2788 seu
1061 2757 1202 2788 Dominia
1217 2769 1267 2789 ve-

198 2800 269 2837 stra,
289 2801 403 2831 transire
423 2800 468 2830 seu
491 2800 630 2830 declinare
653 2799 828 2836 contigerit,
856 2805 925 2826 cum
942 2795 1082 2835 Famulis,
1102 2796 1267 2835 Equitibus‚

196 2839 243 2870 vel
256 2839 422 2877 Peditibus,
440 2838 543 2877 Equis,
563 2837 679 2874 Rebus,
699 2836 785 2867 Bonis
799 2836 831 2866 ὃ(
847 2833 990 2865 Hernesiis
1007 2835 1059 2865 suis
1082 2835 1268 2872 quibuscum-

197 2888 270 2947 Rue,
277 2877 405 2946 Ppacifibce
419 2877 568 2947 gassfire,
588 2875 717 2913 Morari,
735 2876 769 2906 &
784 2875 870 2905 libere
885 2874 1003 2904 Reverti
1024 2874 1190 2912 permittatis
1211 2884 1267 2905 no-

226 2927 478 2985 rlislogessifeirissnoes
493 2925 614 2992 eriril'gergi’,
633 2951 694 2987 (ἐνί.
708 2958 788 2991 prout
802 2954 831 2981 in
846 2953 952 2981 Litoris
967 2951 1000 2982 de
1014 2950 1161 2981 Conduc‘lu.

234 2992 269 3023 In
284 2994 378 3031 cujus,
397 2993 456 3024 &c.
476 3003 524 3030 per
539 3002 627 3022 unum
645 2991 764 3022 Annum
780 2990 929 3020 duraturas.

272 3030 364 3063 Teste
376 3031 458 3071 Rege
473 3031 547 3070 apud
563 3029 842 3071 Westmonasterium,
861 3029 978 3060 decimo
993 3028 1077 3059 tertio
1090 3026 1136 3057 die
1153 3027 1266 3066 Aprilis.

678 3107 732 3137 Per
746 3103 830 3145 ipsum
845 3108 940 3144 Regem
955 3103 993 3141 ὁ·
1009 3102 1161 3136 concilium.

246 3248 297 3280 De
316 3242 478 3288 Navibus,
501 3256 556 3292 pro
572 3242 703 3290 Paffagio
723 3244 811 3290 Regis
831 3240 975 3286 Castellae,
1001 3239 1212 3274 accelerandis.

51 3341 128 3373 Ami.
138 3342 176 3373 D⁸
199 3331 321 3389 REX
331 3355 341 3371 ,
358 3331 466 3363 ἀίῐειῖὶο
481 3330 547 3368 sibi,
561 3328 691 3369 Johanni
705 3327 877 3368 Elyngham,
895 3327 1032 3359 Servienti
1049 3326 1149 3357 nostro
1163 3325 1198 3356 ad
1213 3324 1269 3356 Ar-

52 3382 158 3454 ,4523896
239 3381 323 3449 Quia?
333 3371 566 3440 ’cesriiilifiriiialiter
589 3405 776 3436 intelleximus
796 3404 876 3443 quod
886 3429 895 3442 ,
914 3404 1069 3436 carissimus
1082 3402 1200 3434 Patruus
1215 3412 1269 3433 no-

53 3462 73 3486 R
106 3468 118 3485 2
203 3446 273 3486 ster,
292 3448 435 3487 Johannes
452 3451 510 3477 Rex
525 3444 646 3486 Castellae
668 3443 706 3478 ὠ
729 3447 873 3481 Legionis,
894 3442 963 3473 Dux
980 3442 1169 3480 Lancastriae‚
1184 3441 1269 3479 usque

54 3480 141 3525 Flaui.
158 3507 182 3531 9·
202 3486 338 3523 Plvmuth
355 3491 398 3517 vei
414 3486 509 3517 Partes
525 3486 627 3515 vicinas
640 3482 753 3514 accessit
771 3507 780 3520 ,
803 3483 835 3513 &
854 3482 960 3512 ibidem
979 3482 1079 3512 residet
1112 3481 1268 3511 adventurn

55 3539 75 3561 R
102 3545 128 3563 2,
150 3546 186 3562 m.
206 3525 336 3555 Navium
357 3526 389 3555 &
413 3525 438 3554 V
442 3531 550 3555 iiorum
575 3532 627 3561 pro
650 3521 778 3560 passagio
799 3520 849 3551 suo
870 3520 962 3550 versus
984 3530 1072 3559 partes
1086 3504 1222 3558 ispanniae
1235 3518 1268 3549 &

207 3563 376 3603 Portugaliae
390 3562 585 3601 expediando,

243 3601 412 3641 QOdque,
432 3612 480 3640 per
498 3601 671 3631 Dilationem
685 3595 822 3628 adventus
837 3596 968 3627 Navium
983 3597 1016 3628 &
1030 3596 1190 3633 Vasorum,
1204 3604 1270 3632 quae

205 3640 271 3671 illuc
304 3651 355 3678 pro
384 3640 516 3670 Transitu
544 3639 592 3669 suo
619 3639 713 3667 venire
735 3637 871 3666 deberent
887 3659 896 3673 ,
920 3635 1012 3666 dietus
1031 3635 1151 3666 Patruus
1171 3633 1268 3664 noster

206 3677 375 3746 ,Igssmpnum
391 3679 423 3709 ὅ(
433 3679 577 3718 Jadiuram
593 3686 653 3706 nori
670 3675 782 3706 modica
805 3673 989 3704 verisimiliter
1003 3673 1193 3705 sustinebit&
1207 3672 1271 3703 sub-

204 3728 213 3747 i
236 3726 270 3752 it,

244 3754 334 3785 Unde
343 3778 352 3792 ,
371 3765 430 3785 nori
444 3755 591 3784 immerito
599 3775 609 3790 ,
627 3760 852 3782 commovemur
861 3773 871 3788 ,

247 3792 451 3831 Assignavimus
464 3794 548 3826 igitur
564 3792 613 3821 Te
628 3791 660 3820 ad
676 3799 867 3827 quoecumque
880 3787 979 3819 Naves
994 3789 1027 3820 &
1042 3787 1113 3819 Vasa
1125 3810 1135 3825 ,
1161 3795 1215 3825 pro
1228 3785 1270 3816 di-

209 3829 260 3861 ἃο
277 3830 400 3868 Passagio
415 3841 493 3869 capta
509 3832 542 3861 ὃ(
557 3828 688 3865 arestata,
707 3837 770 3865 quae
793 3827 973 3858 Solutionem
995 3827 1030 3857 de
1050 3827 1150 3857 Nobis
1169 3825 1202 3855 ea
1216 3834 1270 3854 oc-

210 3869 321 3898 casione
335 3879 516 3906 receperunt,
534 3870 560 3897 in
576 3876 762 3905 quocumque
776 3865 865 3895 Portu
879 3866 936 3896 five
951 3866 1036 3896 Loco
1052 3865 1170 3895 inveniri
1189 3872 1270 3901 pote-

210 3916 293 3942 runt,
314 3907 403 3936 versus
417 3908 526 3936 dietum
541 3906 661 3936 Portum
676 3905 711 3934 de
728 3904 913 3940 Plymmuth,
929 3905 1065 3934 omnibus
1083 3904 1134 3933 viis
1155 3903 1188 3932 &
1205 3910 1271 3931 mo·

210 3945 250 3975 dis
266 3944 437 3981 possibilibus
447 3969 455 3979 ,
473 3946 506 3976 ὃς
521 3946 604 3974 etiam
623 3944 768 3973 Dilatione
782 3941 953 3979 postposita,
973 3941 1191 3976 Festinandum,

249 3982 286 4013 Et
306 3982 339 4011 ad
363 3982 506 4022 Dominos
520 4005 529 4020 ,
559 3981 728 4020 Magistros,
748 3982 781 4012 &
804 3978 973 4010 Marinarios
988 3979 1121 4010 Navium
1133 3980 1167 4010 &
1181 3976 1272 4008 Vaso-

211 4032 275 4052 rum
298 4020 501 4055 praedistiorum
517 4044 525 4055 ,
549 4029 583 4048 εκ*
608 4030 685 4054 parte
704 4018 803 4049 nostra
816 4041 825 4055 ,
849 4018 929 4055 super
942 4016 1132 4048 Forisfacmra
1145 4016 1221 4046 Vitae
1237 4016 1271 4046 &

213 4059 423 4090 Membrorum
439 4058 471 4089 ὃ(
486 4059 620 4088 omniurn
633 4058 753 4089 aliorum
768 4066 833 4095 quae
854 4058 938 4088 nobis
957 4057 1111 4096 aliqualiter
1127 4055 1272 4086 forisface-

62 3555 104 3607 1'5.

1293 1762 1350 1802 stri
1363 1765 1456 1800 Regis,
1474 1764 1568 1804 verfics
1585 1762 1689 1793 Villam
1703 1762 1735 1792 de
1751 1764 1778 1792 K
1782 1761 1901 1802 yngeston

1497 140 1885 194 LITERAE,

1303 234 1540 296 ἓῐξξὲιέῐὲῑῑίπξ
1548 226 1651 296 gagia
1666 226 1913 296 Iffnprismsiamenti
1926 225 2094 296 (Ilorporum
2105 230 2223 277 suorum
2233 251 2244 269 ‚
2261 228 2363 274 &Sei-
2380 229 2455 262 Ann.
2470 229 2517 263 D.

1303 303 1366 334 liter
1379 303 1567 347 Diligentiam
1580 305 1613 334 &
1627 275 1902 335 l'tgtgiilalixejmuffii'rrr?
1909 276 1972 334 {diii
1984 268 2246 345 uggsstldggiegggd]
2259 268 2365 338 'Ilii-ittig
2383 269 2490 338 15³8?-

1303 343 1337 373 &
1361 340 1432 372 Vaia
1453 342 1544 373 versus
1563 342 1675 387 dietum
1686 342 1809 387 Portum
1828 342 1865 372 de
1873 342 2062 387 Plymmuth,
2080 354 2110 375 ut
2123 346 2293 383 praedictum
2307 344 2366 385 est,

1303 380 1484 424 acceleranda
1495 403 1507 424 ,
1526 381 1615 425 'quod
1641 381 1774 426 Viagium
1792 380 1982 419 praedidium,
2000 391 2050 419 per
2063 383 2186 419 ipsorum
2203 384 2237 415 N
2241 385 2368 424 egligen-

1303 421 1420 488 ἓξὲξ-ε
1436 419 1602 459 Delidium,
1621 420 1735 451 ulterius
1749 421 1904 451 nullatenus
1919 420 2074 451 retardetur
2087 421 2133 452 seu
2145 422 2298 461 aliqualiter
2311 422 2369 454 dif-

1343 495 1380 527 Et
1400 480 1435 526 ad
1456 506 1558 527 omnes
1574 497 1635 528 illos
1649 520 1659 536 ,
1683 507 1756 536 quos
1778 497 1808 541 in
1829 496 1883 541 hac
1899 504 1975 535 parte
1989 495 2158 528 Contrarios
2170 499 2308 531 inveneris
2320 500 2366 532 seu

1304 533 1457 572 Rebelles,
1475 535 1665 567 Arestandurn
1674 558 1684 574 ‚
1698 538 1731 568 &
1745 536 1866 566 Prisonis
1879 535 1983 566 nostris
1994 535 2045 566 sub
2059 544 2116 567 arta
2127 535 2266 568 Custodia
2278 539 2367 570 Mari*

1302 573 1523 617 cipandum‚·in
1538 574 1641 604 eisdem
1661 583 1836 612 moratur03‚
1855 574 2000 614 quousque
2019 585 2073 613 pro
2090 584 2195 606 eorum
2217 575 2370 609 Punitione

1301 611 1380 642 aliter
1394 611 1557 642 duxerimus
1569 612 1759 643 ordinandum
1768 636 1778 651 ‚

1340 650 1379 680 Et
1393 650 1460 680 ideo
1474 651 1527 695 tibi
1540 649 1830 695 Praecipimus3quod
1851 651 1926 682 circa
1946 651 2092 683 Praemissa
2109 652 2256 693 diligenter
2273 654 2367 685 inten-

1301 688 1365 725 das,
1383 689 1418 720 &
1430 698 1463 719 ea
1474 689 1557 719 facias
1572 689 1604 720 ἃ
1621 699 1764 728 exequaris
1777 698 1806 719 m
1820 689 1914 720 soi-rna
1926 689 2074 726 praedissa:

1324 726 1452 774 ‘Damus
1467 736 1562 758 autem
1577 729 1710 759 universis
1723 729 1757 759 &
1768 728 1880 767 singulis
1894 727 2123 760 Vicecomitibus
2137 753 2147 769 ,
2165 728 2227 765 ὡς.
2239 736 2323 769 prout
2335 733 2367 761 in

1304 777 1348 805 eju
1360 766 1434 810 modi
1442 769 1556 796 Literis.

1355 815 1468 876 nfghug
1476 806 1570 882 ’Raetgce
1582 842 1657 882 apud
1671 842 1949 885 Wstmonasterium,
1966 843 2105 877 vicesimo
2117 843 2166 875 die
2179 844 2292 884 Aprilis.

2044 923 2100 952 Per
2114 919 2268 953 Concilium.

1340 996 1452 1028 Eodem
1470 997 1561 1029 modo
1573 997 1742 1037 affignantur
1754 997 1901 1038 Johamm
1916 998 2043 1029 Orewell
2050 1021 2061 1038 ‚
2078 999 2212 1031 Serviens
2227 998 2318 1037 Regis
2332 1000 2369 1032 ad

1303 1035 1412 1080 Arma,
1428 1037 1462 1067 ad
1477 1036 1593 1075 Viginti
1609 1037 1710 1068 Naves
1725 1038 1758 1068 &
1777 1038 1864 1076 Vasa,
1880 1039 1910 1067 in
1925 1038 2076 1069 Admiratu
2087 1037 2136 1069 del
2146 1037 2266 1077 North,
2284 1039 2371 1078 usque

1301 1074 1412 1105 dictum
1427 1075 1550 1106 Portum
1565 1077 1602 1106 de
1616 1076 1781 1115 Plymmuth
1793 1076 1993 1107 festinandum.

1340 1112 1429 1144 Teste
1443 1112 1530 1153 Rege
1543 1116 1617 1154 apud
1634 1114 1914 1155 Wstmonasterium,
1931 1115 2069 1147 vicesimo
2084 1116 2167 1147 tertio
2179 1115 2226 1146 die
2239 1115 2352 1154 Aprilis.

2043 1192 2098 1222 Per
2113 1191 2267 1223 Concilium.

1339 1266 1454 1299 Eodem
1467 1269 1558 1300 modo
1577 1268 1748 1307 assignantur
1768 1269 1917 1309 Johannes
1935 1267 2030 1308 Staple
2047 1293 2057 1308 ‚
2081 1268 2213 1300 serviens
2231 1267 2321 1308 Regis
2332 1269 2369 1300 ad

1302 1306 1392 1337 Arma
1429 1308 1462 1337 ad
1485 1318 1527 1339 tot
1549 1308 1650 1339 Naves
1673 1310 1707 1339 &
1726 1308 1795 1339 Vasa
1809 1332 1818 1346 ‚
1844 1310 1873 1339 in
1890 1309 2037 1341 Admiratu
2049 1308 2207 1348 praedido,
2223 1307 2311 1347 usque
2323 1308 2369 1339 di.-

1300 1344 1382 1375 crum
1398 1330 1521 1377 Portum
1537 1348 1574 1377 de
1590 1347 1758 1386 Plymmuth
1772 1347 1971 1379 festinandum.

1339 1382 1432 1415 Teste
1447 1395 1478 1416 ut
1490 1386 1578 1424 supra.

2044 1427 2098 1456 Per
2112 1422 2268 1456 Concilium.

2385 1559 2403 1578 ⁸
2414 1563 2483 1591 vn.

1389 1654 1473 1692 Eiuro
1485 1655 1508 1693 i}
1518 1657 1537 1678 A
1549 1655 1634 1677 NDU
1645 1654 1674 1677 M
1690 1669 1700 1685 ,
1723 1646 1799 1687 quod
1816 1646 1860 1676 die
1885 1648 1975 1675 Lunae
1991 1668 2002 1684 ,
2027 1648 2056 1675 in
2078 1632 2236 1689 Septimana'
2259 1644 2370 1686 Paschae
2388 1608 2465 1669 ffi—
2478 1640 2521 1673 D.

1343 1726 1347 1730 ἑ
1398 1684 1547 1724 (videlicet)
1564 1685 1686 1725 vicesimo
1701 1689 1783 1714 tertio
1798 1685 1841 1714 die
1850 1683 1958 1723 Aprilis
1973 1686 2075 1722 ,Anno
2086 1685 2212 1724 praeJenti
2220 1689 2370 1724 ,Dominus
2415 1680 2504 1717 ¹386·

1302 1723 1430 1755 Michael
1451 1723 1487 1754 de
1506 1725 1530 1755 la
1552 1724 1624 1756 Pole
1637 1746 1646 1761 ,
1665 1726 1756 1753 Comes
1769 1723 1899 1762 Suffblciae
1916 1724 1924 1759 (
1946 1726 1989 1761 ui,
2008 1723 2039 1752 de
2055 1726 2182 1753 Licentia
2195 1727 2308 1756 Domini
2320 1734 2368 1754 no·
2388 1720 2441 1745 An.
2457 1728 2486 1753 9-

1907 1733 1989 1801 fiper
2003 1760 2091 1799 Hull,
2105 1761 2144 1797 &¹
2156 1763 2282 1802 diversas
2295 1762 2367 1792 alias
2386 1759 2406 1783 R
2437 1766 2464 1784 ²-

1295 1809 1391 1848 parter
1406 1802 1538 1840 Angliae,
1553 1810 1604 1842 pro
1612 1803 1735 1839 Negotiis
1743 1799 1801 1840 ficis
1812 1803 1926 1840 propriis
1941 1800 2123 1839 exp-diendo,
2136 1800 2364 1840 proficiscebatur)
2381 1794 2473 1831 Claus:
2492 1806 2524 1833 9.

1301 1841 1674 1920 tlzrpraesesstziaRClericorktm
1689 1847 1775 1907 ,liam
1783 1843 1881 1887 primi,
1899 1838 1982 1907 quiza
1989 1837 2101 1907 standi
2115 1840 2242 1908 Ggidiis,
2259 1838 2370 1886 Cancel-
2387 1837 2497 1902 Κ-ἰ-Μ·

1302 1888 1456 1959 ηοχῖὶιῖἶ»,
1471 1891 1606 1965 Ερῖῗέἑρῑ
1620 1888 1958 1962 &fg‘sssslzssffisTi-Z'Z.
1972 1889 2042 1947 {iem
2056 1877 2372 1956 {isseatz'sst‘cff'iiiz‘t
2390 1880 2419 1909 ς’
2449 1893 2457 1901 ’

1302 1961 1361 1995 tur)
1385 1957 1518 2004 liberavit
1539 1961 1656 1988 Domino
1674 1926 1801 1996 Fohanni
1820 1956 1858 1988 de
1878 1927 2030 1987 vlaltham
2045 1979 2055 1993 ,
2080 1955 2187 1995 Custodi
2209 1956 2371 1986 Rotulorum

1303 1996 1478 2027 Camellariae
1500 2000 1526 2035 ip
1537 2008 1577 2026 ius
1598 1999 1712 2027 Domini
1731 1998 1810 2034 Regis
1822 2020 1832 2034 ,
1850 1998 1985 2034 Magnum
2000 1993 2121 2032 Sigillum
2128 1993 2244 2034 praefati
2257 1997 2372 2025 Domini

1302 2038 1382 2103 {Regis
1389 2059 1399 2075 ,
1411 2040 1509 2115 {usqua
1527 2047 1572 2066 am
1585 2034 1667 2073 Baga*
1681 2035 1714 2066 de
1726 2037 1828 2074 coriis,
1839 2033 1893 2074 fieb
1908 2032 1999 2074 Sigillo
2013 2033 2091 2074 ipsius
2106 2033 2270 2064 Cancellarii
2278 2033 2374 2075 fignas

1318 2086 1337 2104 a
1373 2086 1415 2105 mc
1427 2087 1444 2105 u
1456 2085 1517 2105 um.-

1342 2097 1402 2154 {Qi
1421 2114 1526 2158 quidem
1543 2113 1689 2154 Johanues
1708 2112 1829 2152 Sigillum
1845 2114 2006 2153 praediclum
2019 2111 2038 2142 ax
2048 2110 2168 2151 praefato
2181 2111 2376 2152 Cancellariog·

1297 2160 1439 2192 praetextu
1451 2151 1588 2193 cuyufflam
1603 2156 1709 2184 Literae
1724 2154 1756 2183 de
1771 2155 1896 2191 Signeto,
1908 2152 1963 2192 fibi
1978 2160 2027 2191 per
2040 2152 2142 2181 dicium
2158 2154 2302 2181 Dominum
2316 2153 2373 2180 Re-

1300 2203 1360 2230 gem
1376 2203 1409 2223 ea
1420 2194 1452 2223 de
1465 2191 1546 2232 causa
1561 2193 1669 2223 direllae
1678 2215 1688 2231 ,
1703 2195 1732 2221 in
1747 2191 1856 2221 Filaciis
1870 2193 1902 2221 de
1915 2195 2002 2221 Anno
2011 2189 2140 2229 presenti
2152 2189 2288 2230 residentis
2299 2212 2310 2229 ,
2328 2196 2379 2220 re-'

1304 2235 1390 2270 cepit,
1405 2230 1443 2267 ὠ
1450 2232 1541 2270 ficum
1556 2232 1597 2261 ad
1607 2230 1759 2271 Hospitium
1768 2229 1848 2270 ficum
1865 2229 1964 2270 deferri
1972 2228 2045 2269 fecit
2054 2240 2063 2258 ,-

1341 2271 1384 2299 Et
1408 2272 1451 2301 die
1463 2269 1594 2312 sequente
1615 2273 1724 2308 Bagam
1738 2269 1901 2309 praediHam
1917 2272 2030 2308 aperIri,
2051 2266 2089 2303 (θ’
2102 2266 2224 2305 Sigillum
2238 2265 2311 2296 illud
2321 2276 2372 2296 ex-

1578 1560 1628 1592 De
1646 1557 1836 1593 Liberatione
1853 1561 1970 1607 Magni
1985 1560 2097 1606 sigilli.

1302 2308 1405 2347 trahi,
1430 2308 1557 2350 Literas
1563 2320 1595 2339 ue
1616 2311 1747 2340 Potentes
1767 2307 1806 2343 &
1827 2310 1935 2338 Brevia
1950 2332 1959 2346 ,
1985 2312 2014 2337 in
2029 2308 2177 2345 presentia
2208 2305 2371 2336 clericorum

1301 2346 1417 2388 ejufiiem
1437 2321 1614 2380 Canceleriae
1631 2372 1641 2387 ,
1655 2346 1774 2390 figillari
1789 2346 1862 2388 ficit
1874 2370 1883 2385 ,
1909 2344 1948 2380 &⁴
1953 2344 1993 2386 fic
2006 2353 2121 2383 extunc,
2139 2344 2170 2375 de
2185 2345 2227 2375 die
2242 2348 2271 2374 in
2284 2345 2372 2382 diem,

1303 2390 1425 2426 cartas,
1446 2390 1562 2417 Literas
1578 2390 1727 2425 Patentes,
1750 2384 1788 2421 &¹
1804 2389 1912 2416 Brevia
1929 2408 1938 2423 ,
1962 2389 1992 2414 in
2015 2385 2195 2423 Expeditione
2211 2385 2373 2422 Prosequen-

1302 2430 1391 2464 tium,
1404 2434 1487 2464 prout
1502 2430 1583 2457 moris
1601 2426 1656 2466 est,
1665 2424 1794 2466 fimiliter
1814 2429 1843 2454 in
1863 2423 2008 2463 praesentia
2030 2424 2180 2453 eorumdem
2195 2421 2374 2459 clericorum,

1304 2477 1320 2494 u
1352 2476 1383 2494 ue
1399 2465 1672 2504 ‘Quartumdecimum
1692 2465 1762 2494 diem
1785 2466 1859 2493 fisaii
1873 2487 1882 2501 ,
1900 2470 1998 2492 extunc
2008 2461 2132 2501 proximo
2152 2462 2318 2502 sequentem,
2332 2459 2376 2499 fi-

1300 2476 1394 2543 gislari
1402 2506 1491 2544 fecit:
1511 2516 1562 2546 quo
1581 2505 1624 2534 die
1646 2505 1716 2533 idem
1731 2502 1877 2541 Johannes
1897 2500 2015 2540 Sigillum
2029 2500 2191 2540 praedie‘lum
2205 2524 2214 2538 ,
2233 2503 2262 2529 in
2283 2499 2376 2528 eadem

1303 2543 1384 2581 Baga
1394 2566 1404 2581 ,
1413 2542 1467 2583 fich
1482 2543 1574 2581 Sigillo
1583 2542 1633 2583 fico
1640 2541 1772 2582 fignatd,
1789 2539 1917 2579 inclusum
1930 2565 1939 2577 ,
1965 2540 2048 2569 eidem
2064 2537 2233 2568 cancellario
2251 2538 2292 2566 ad
2302 2537 2374 2566 redi-

1303 2590 1363 2612 tum
1371 2583 1470 2621 sicum,
1488 2585 1518 2612 in
1535 2584 1643 2619 Magna
1662 2579 1744 2610 Aula
1760 2577 2028 2620 W'estmonasterienfi
2051 2576 2201 2614 (videlicet)
2215 2580 2246 2605 in
2261 2575 2313 2605 loco
2346 2585 2375 2605 ro

1303 2620 1475 2652 Cancellaria
1495 2621 1620 2650 ordinato
1633 2644 1642 2657 ,
1665 2622 1693 2648 in
1703 2618 1851 2657 praesentia
1867 2617 2016 2646 eorumdem
2029 2616 2206 2652 clericorum,
2225 2612 2263 2648 ό·
2277 2624 2321 2643 mu
2333 2622 2374 2643 to-

1303 2672 1364 2690 rum
1385 2660 1499 2689 aliorum
1513 2684 1521 2697 ,
1548 2658 1679 2689 liberavit
1696 2667 1705 2694 ‚¹
1726 2661 1774 2698 qui
1788 2657 1894 2697 quidem
1909 2654 2090 2684 Cancellarius
2107 2652 2228 2691 Sigillum
2242 2651 2313 2681 illud
2325 2651 2376 2681 ab·

1303 2702 1364 2730 inde
1379 2698 1458 2738 usque
1480 2700 1519 2728 ad
1531 2695 1685 2737 Hospitium
1697 2696 1778 2735 suum
1790 2695 1894 2736 deftrri
1901 2693 1990 2734 fecit,
2009 2692 2133 2733 Officium
2149 2689 2314 2723 cancellarii
2325 2701 2377 2720 ex-

1303 2747 1383 2776 tunc,
1397 2745 1479 2777 prout
1494 2740 1574 2767 moris
1588 2735 1644 2777 est,
1661 2737 1746 2766 indies
1762 2736 1931 2765 excercenda.

1469 2877 1687 2923 Confoederatio
1703 2879 1793 2925 Regis
1811 2873 1936 2920 Castellae
1946 2874 2018 2921 [ἐμ
2037 2876 2209 2907 memorati.

1304 2975 1498 3035 UNiversis
1515 2974 1623 3005 Christi
1645 2973 1802 3011 Fidelibus,
1820 2969 1968 3009 praesentes
1982 2968 2091 2999 Literas
2106 2965 2284 3004 inspetsturis,
2304 2973 2373 3003 nos,
2394 2961 2463 2993 Arm
2482 2961 2525 2993 D.

1379 3014 1526 3054 Johannes
1548 3015 1580 3043 de
1603 3016 1744 3043 Marmion
1770 3010 1855 3041 Miles
1868 3032 1878 3048 ,
1896 3010 1929 3040 δε
1944 3009 1986 3037 W
1986 3006 2108 3037 illielmus
2123 3005 2155 3034 de
2167 3002 2302 3043 Arsbeton
2317 3002 2372 3033 Le·
2415 3002 2501 3041 1386.

1306 3062 1379 3090 gum
1397 3053 1531 3089 Dedior,
1551 3051 1725 3082 Sereniffimi
1740 3049 1879 3086 Principis
1893 3048 1927 3078 δε
1944 3045 2069 3076 Domini
2083 3066 2093 3082 ‚
2120 3043 2244 3074 Domini
2258 3040 2372 3080 Johan-
2393 3044 2444 3070 Aa.
2460 3051 2490 3076 9.

1306 3095 1364 3130 nis,
1383 3091 1442 3122 Dei
1461 3090 1548 3130 gratia
1562 3114 1570 3127 ,
1596 3092 1675 3127 Regis
1695 3086 1819 3128 Castellae
1841 3087 1875 3117 &
1897 3087 2039 3122 Legionit,
2057 3083 2180 3113 Domini
2197 3080 2286 3111 nostri
2305 3079 2374 3110 Illu-
2392 3084 2420 3107 R.
2443 3089 2469 3107 2.

1306 3129 1430 3160 sttisfimi
1442 3153 1452 3169 ,
1478 3129 1680 3159 Procuratores
1700 3128 1734 3159 &
1755 3124 1968 3161 Commissarii,
1986 3122 2020 3153 ad
2035 3121 2207 3159 infrascripta
2223 3119 2376 3159 specialiter
2394 3123 2431 3146 Ex
2449 3121 2507 3147 Au-

1306 3169 1448 3206 deputati,
1465 3167 1590 3198 Salutem
1605 3166 1634 3196 in
1649 3166 1783 3195 omnium
1798 3163 1951 3194 Salvatore.
2393 3165 2458 3195 togr.

1345 3206 1444 3244 Cum,
1462 3207 1535 3236 inter
1551 3205 1685 3242 gloriosas
1702 3202 1881 3240 Reipublicae
1897 3199 1987 3230 Curas
2009 3199 2043 3230 &
2064 3198 2219 3237 Regalium
2241 3197 2376 3228 Solicitu-

1306 3245 1407 3276 dinum
1424 3244 1530 3275 frustus
1544 3243 1658 3280 uberes,
1674 3242 1809 3273 habeatur
1826 3241 2001 3278 praecipuum
2012 3261 2022 3277 ,
2046 3237 2209 3268 sublimium
2225 3237 2258 3267 &
2273 3245 2377 3276 poten-

1306 3292 1368 3315 tum
1387 3282 1552 3320 Principum
1569 3282 1618 3312 sibi
1632 3281 1754 3312 adunare
1769 3279 1897 3310 Praesidia
1911 3303 1920 3316 ,
1945 3288 1977 3308 ac
1994 3287 2062 3307 cum
2078 3277 2177 3308 talibus
2192 3275 2326 3314 Ligarum
2340 3275 2376 3306 &

1307 3323 1509 3353 Amicitiarum
1526 3321 1688 3358 specialium
1705 3321 1776 3350 inire
1786 3318 1924 3355 Foedera,
1943 3327 1993 3355 per
2008 3325 2080 3354 quos
2094 3314 2290 3352 Principatus,
2307 3313 2378 3344 hinc

1307 3361 1390 3399 inde,
1409 3361 1512 3391 amoris
1536 3358 1731 3389 indissolubilis
1752 3367 1827 3388 nexu
1846 3356 1994 3390 coniunffl
2009 3377 2019 3392 ,
2045 3353 2259 3390 Insurgentibus
2278 3361 2312 3382 ex
2324 3351 2375 3383 ad-

1306 3400 1388 3431 verso
1409 3399 1552 3437 potentius
1571 3397 1695 3428 resistere
1712 3421 1721 3435 ,
1739 3398 1771 3428 &
1789 3397 1826 3426 ab
1840 3397 1925 3425 omni
1941 3392 2139 3434 Oppreffionis
2150 3390 2246 3429 clade,
2266 3390 2375 3421 coadu-

1306 3440 1375 3469 natis
1390 3439 1514 3475 viribus,
1533 3445 1665 3475 poterunt
1680 3436 1793 3466 uberius
1805 3435 1834 3465 se
1849 3434 1929 3464 tueri.

1343 3477 1419 3507 Haec
1435 3476 1589 3516 siquidem,
1609 3474 1804 3506 Sereniffimus
1816 3472 1952 3509 Princeps
1976 3471 2010 3502 &
2024 3470 2171 3501 Dominus
2194 3466 2292 3498 noster
2312 3476 2375 3498 me-

1307 3514 1502 3547 tuendiffimus
1523 3515 1694 3552 supradidtus
1710 3535 1720 3550 ‚
1746 3513 1775 3542 in
1797 3511 1946 3548 profundae
1963 3509 2192 3540 considerationis
2209 3507 2264 3537 suae
2278 3505 2373 3536 revol-

1307 3565 1376 3586 veris
1391 3555 1535 3592 examine,
1556 3553 1640 3582 nobis
1655 3550 1828 3587 Trafflndi,
1848 3547 2074 3586 Concordandi,
2093 3548 2126 3578 ὃς
2140 3544 2301 3582 Firmandi,
2318 3553 2374 3574 no-

1309 3596 1386 3624 mine
1401 3594 1468 3630 su0‚
1489 3592 1571 3631 Ligas
1584 3613 1594 3628 ,
1621 3590 1766 3620 Amicitias
1781 3612 1790 3624 ,
1809 3590 1842 3619 &
1857 3587 2150 3622 Confoederationes,
2166 3584 2250 3614 reales
2262 3583 2295 3613 ὃς
2308 3591 2374 3619 per-

1308 3642 1419 3670 petuas,
1436 3641 1524 3668 cum,
1541 3629 1700 3661 Nobilibus
1717 3628 1750 3658 ὅ(
1766 3627 1791 3657 Ε
1813 3629 1894 3663 regiis
1909 3625 1997 3663 Viris,
2018 3624 2170 3660 Dominis,
2191 3620 2325 3651 Richardo
2340 3619 2372 3649 de

1309 3671 1483 3709 Atterbury,
1499 3669 1632 3707 Johanne
1646 3666 1778 3704 clavare,
1841 3666 1958 3701 ilicibus,
1978 3665 2010 3694 &
2027 3661 2162 3693 Richardo
2174 3657 2373 3704 'Rouh-ale'Le-

1310 3719 1378 3749 gum
1389 3708 1536 3744 Doctore,
1546 3706 1783 3737 Procuratoribus
1798 3706 1830 3736 &
1844 3702 2053 3734 Commissariis
2062 3724 2071 3739 ,
2080 3698 2255 3730 Illustriffimi
2264 3696 2376 3727 Princi-

1310 3749 1351 3786 pis
1363 3749 1396 3778 &
1413 3747 1535 3777 Domini
1551 3746 1658 3782 nostri,
1680 3744 1803 3774 Domini
1819 3741 1967 3778 Richardi,
1984 3740 2082 3771 eadem
2098 3736 2200 3804 glratia,
2218 3737 2296 3778 Regis
2305 3738 2373 3765 An-

1306 3786 1369 3824 gliae
1393 3785 1430 3821 &⁴
1449 3788 1572 3815 Franciae
1588 3807 1597 3822 ,
1626 3794 1674 3820 per
1697 3783 1815 3813 Litteras
1834 3782 1891 3811 suas
1911 3779 2042 3810 Parentes
2055 3800 2065 3815 ,
2084 3776 2109 3806 N
2157 3784 2195 3803 no
2208 3773 2307 3813 Sigilio
2321 3774 2372 3819 suo

1312 3825 1432 3855 munitas
1447 3847 1456 3862 ,
1482 3833 1600 3861 quarum
1613 3822 1716 3852 Tenor
1730 3821 1844 3851 inferius
1859 3818 2022 3849 describitur
2034 3838 2045 3854 ,
2063 3813 2136 3844 Pote
2162 3820 2236 3842 atem
2250 3821 2376 3844 commi-

1311 3864 1341 3893 sit
1355 3863 1388 3892 &
1402 3863 1526 3892 attribuit
1540 3860 1711 3898 specialem,
2161 3889 2166 3895 ⁸
2225 3891 2240 3896 ..
2367 3889 2374 3895 ·

1348 3900 1382 3930 In
1403 3902 1482 3939 cujus
1505 3901 1608 3935 vigore
1622 3921 1630 3934 ‚
1657 3908 1726 3928 cum
1747 3894 1985 3927 Procuratoribus
1998 3893 2032 3935 &-
2046 3888 2254 3936 Commiffariis
2268 3888 2376 3934 praefati

1312 3938 1438 3968 Domini
1453 3939 1540 3977 Regis
1554 3937 1667 3974 Angliae
1682 3938 1715 3968 &
1731 3936 1861 3966 Franciae
1879 3931 2054 3970 supradiffis,
2073 3939 2089 3958 a
2104 3928 2221 3965 praefato
2237 3928 2374 3958 Domino

1312 3977 1360 4007 suo
1383 3977 1416 4007 ad
1439 3976 1605 4012 infrascripta
1627 3974 1754 4005 facienda
1776 3971 1949 4003 Potestatem
1970 3967 2016 3998 seu
2036 3967 2274 4010 Procurationem
2288 3989 2298 4004 ,
2322 3965 2374 3996 sub

1314 4014 1428 4053 Magno
1442 4015 1538 4053 Sigillo
1554 4013 1661 4050 praefati
1677 4012 1801 4042 Domini
1815 4011 1871 4046 sui,
1889 4017 1942 4045 pro
1956 4014 2033 4050 parte
2054 4007 2136 4046 ipiius
2150 4028 2160 4043 ,
2179 4004 2375 4048 exhibentibus

1314 4054 1407 4092 (cujus
1419 4054 1504 4084 etiam
1517 4052 1620 4083 Tenor
1636 4050 1772 4087 inseritur)
1787 4048 1889 4087 Ligus,
1907 4045 2072 4083 Amicitias,
2086 4042 2376 4110 Confoederatiomss,

2341 4088 2377 4110 eu
