2561 4251
15 288 107 321 -Ann
123 285 165 319 D.

53 327 138 366 1386.

33 370 84 394 th.
103 375 128 394 2.

31 471 84 496 An.
109 478 149 494 ιο.

31 511 62 534 R.
84 516 108 533 2.

31 548 168 572 Eranam.

28 588 58 611 R.
81 592 106 609 2.

27 630 66 648 m.
85 629 130 647 22.

36 1411 113 1444 Ann.
129 1409 171 1439 D.

60 1449 144 1487 1386.

35 1493 87 1517 An.
110 1497 151 1514 10.

35 1532 64 1555 R.
86 1535 112 1553 2.

34 1564 169 1601 Claus-ro.

35 1608 64 1631 R.
86 1612 111 1629 2.

34 1651 72 1669 m.
87 1649 132 1676 30.

34 1679 51 1696 ⁴*
69 1680 136 1707 VlI.

34 1725 101 1753 549·

27 2226 104 2259 Ann.
121 2226 163 2257 D.

50 2265 136 2304 1386.

27 2308 80 2332 An.
104 2315 146 2333 ιο.

27 2346 57 2371 R.
78 2353 105 2370 2.

28 2384 166 2408 Franmo.

27 2423 57 2447 R.
79 2428 106 2446 2.

25 2466 65 2485 m.
85 2466 130 2492 24.

26 2896 104 2927 Ann.
121 2897 161 2929 D.

48 2936 130 2975 1386.

26 2979 70 3001 An
100 2985 142 3004 10.

26 3014 55 3040 R.
77 3022 103 3038 2.

64 3051 128 3078 ibid.

26 3097 62 3116 m.
83 3091 124 3117 16.

735 200 851 240 ET

287 375 344 405 Pro
366 373 518 404 comitiva
538 374 625 417 Regis
642 368 765 413 Castellae
780 374 811 402 in
827 370 948 416 [spania
967 379 1137 403 moratura.

281 456 408 487 Illielmus
421 456 578 487 Lan-braun
590 454 722 485 Chivaler
736 477 745 492 ,
765 456 810 492 qui
827 456 855 484 in
878 453 1022 493 Obsequio
1038 453 1124 494 Regis
1138 456 1165 484 in
1181 455 1242 499 Co-

295 496 408 533 mitiva,
424 495 556 525 carissimi
572 493 666 523 Patrui
683 493 771 530 Regis
785 517 794 531 ‚
812 492 954 530 Johannis
968 495 1045 529 Regis
1065 492 1184 560 czstellae
1202 500 1240 527 (γ

183 536 308 572 Legionis
324 536 406 563 Ducis
423 532 609 569 Lancastriae,
623 532 652 569 in
665 532 785 568 partibus
798 530 912 567 Ispaniae
928 539 1052 560 moratur
1067 553 1076 569 ,
1103 532 1177 561 iabet
1191 532 1240 561 Li-

184 582 254 603 teras
269 572 359 611 Regis
372 572 408 602 de
421 571 616 607 Protefflone,
634 578 701 599 cum
714 568 829 599 clausula
846 568 1003 607 Volumus,
1017 579 1066 607 per
1079 579 1168 599 unum
1177 570 1238 599 An-

179 621 252 642 num
265 611 413 641 duraturas.

217 649 344 719 PrTfiitce'
357 687 439 725 Rege
449 684 522 722 apud
541 680 814 723 Wstmonastcrium,
831 684 916 715 xxvii.
931 683 976 714 die
991 683 1136 714 Oetobris.

677 762 730 790 Per
744 760 847 790 Billam
860 761 891 791 de
906 763 1025 790 Privato
1037 759 1136 798 Sigillo.

252 839 419 872 Confimiles
433 840 537 870 Literas
553 838 641 877 Regis
654 837 690 868 de
701 837 882 868 protectione
895 836 999 867 habent
1011 835 1170 874 subscripti,

219 920 353 949 Henricus
365 920 468 955 Grene,
489 915 582 946 Miles.
699 953 704 958 .
903 952 907 957 η

220 957 364 996 Johannes
379 959 550 990 Trevenour,
568 953 604 982 de
616 952 763 983 Comitatu
777 950 943 982 Cornubtae.

219 992 383 1025 willielmus
396 993 427 1022 de
443 991 613 1031 Wyllughby,
633 990 774 1020 Chivaler.
915 1030 920 1034 1

219 1032 384 1063 Willielmus
397 1033 550 1069 Keteryng,
571 1030 607 1059 de
621 1026 801 1061 Bukesworth
812 1050 821 1066 ,
840 1028 979 1068 Armiger.

219 1071 348 1101 Risardus
362 1068 520 1098 Grenelane.
1174 1103 1178 1108 ι

219 1109 364 1148 Johannes
385 1110 491 1147 Reymes
503 1129 514 1145 ,
537 1105 598 1136 alias
617 1105 706 1136 dicius
719 1128 728 1143 ,
747 1104 891 1143 Johanner
906 1107 1012 1144 Reymes
1031 1103 1067 1134 de
1090 1103 1240 1134 Comitatu

184 1146 214 1178 N
220 1145 368 1177 orffolciae.

184 1272 233 1304 De
254 1267 420 1316 qffignando
447 1270 579 1301 Domum
597 1297 606 1310 ‚
630 1280 684 1314 pro
709 1267 902 1311 CalefaHnra
925 1270 999 1299 Cerae
1022 1270 1106 1312 Regis
1124 1294 1134 1310 ,
1159 1255 1243 1310 infra

476 1318 630 1350 Palatium
646 1313 947 1360 I‘W’stmonasterienft.

190 1402 278 1459 RE
288 1402 319 1433 X
329 1424 338 1440 ,
355 1402 476 1434 Custodi
492 1401 589 1433 Palatii
603 1400 689 1431 nostri
707 1398 1029 1439 VVestmonasteriensis,
1047 1400 1091 1431 vel
1106 1402 1162 1439 ejus
1183 1400 1242 1431 Lo-

267 1443 442 1472 cumtenenti
457 1442 578 1477 ibidem,
597 1440 729 1470 Salutem.
1091 1477 1096 1482 ⁵

225 1478 305 1510 Cum
327 1480 456 1518 quaedam
479 1479 595 1509 Domus
609 1500 618 1516 ,
644 1477 715 1508 infra
736 1476 811 1508 idem
830 1476 965 1507 Palatium
984 1477 1020 1506 ab
1041 1485 1096 1520 anti
1119 1486 1171 1514 uo,
1190 1486 1243 1521 pro

186 1516 376 1557 Pergamena,
394 1517 487 1555 Cera,
505 1518 538 1547 ὃς
549 1516 606 1546 aliis
625 1515 778 1546 necessariis
790 1537 799 1552 ,
816 1514 927 1545 Officio
942 1514 1076 1545 Custodis
1123 1525 1243 1553 anapern

187 1554 369 1585 Cancellariae
384 1556 487 1586 nostrae
503 1554 729 1584 incumbentibus
742 1576 751 1591 ‚
769 1553 839 1582 inibi
862 1553 1039 1583 conservand’
1051 1575 1060 1591 ,
1076 1564 1109 1584 ac
1129 1563 1183 1593 pro
1196 1563 1244 1583 ca-

185 1593 317 1624 lefaecurfi
329 1592 414 1624 Cerae
429 1593 532 1624 nostrae
563 1601 616 1631 pro
632 1592 742 1630 Magno
756 1591 855 1634 Sigillo
868 1591 983 1628 nostro,
999 1591 1128 1630 affignata
1165 1593 1183 1608 *
1192 1602 1240 1636 per

184 1632 310 1662 subitum
326 1632 512 1662 infortunium
533 1615 607 1668 sgnis
627 1629 840 1668 supervenientis
859 1629 996 1660 casualiter
1017 1631 1126 1661 combu
1153 1640 1167 1660 a
1185 1640 1242 1660 exi-

185 1669 255 1707 stat,
270 1671 303 1701 ὃς
315 1671 425 1707 penitus
440 1669 598 1706 destructa,
700 1706 705 1712 .
1019 1708 1022 1712 Ι
1196 1708 1202 1713 ὓ

221 1708 293 1738 Tibi
315 1708 515 1746 Praecipimus,
533 1707 648 1737 firmiter
666 1707 863 1748 injungenteS,
879 1705 977 1745 quod,
996 1706 1102 1736 dilecto
1125 1706 1242 1738 Clenco

180 1746 297 1785 nostro,
311 1745 441 1784 Johanni
461 1747 492 1776 de
512 1745 668 1784 Ravensbr,
687 1743 809 1774 Custodi
825 1744 976 1782 Hanaperii
992 1745 1134 1784 prrcdicti,
1152 1756 1242 1784 quan-

179 1784 246 1815 dam
270 1786 352 1816 aliam
374 1784 524 1822 Domum,
542 1793 594 1822 pro
614 1782 726 1813 Officio
740 1783 877 1823 praedicto
895 1784 991 1821 (eam,
1010 1783 1159 1822 videlicet,
1175 1794 1240 1824 quc:

178 1824 251 1853 inter
269 1823 411 1860 Magnam
432 1823 595 1862 Coquinam
607 1821 731 1852 nostram
746 1821 778 1851 &
794 1820 929 1851 Domum
940 1830 1070 1852 vocatam
1085 1822 1109 1852 la
1125 1821 1241 1852 Picher-

178 1862 266 1892 house
279 1885 289 1901 ,
313 1862 391 1901 super
412 1861 586 1891 Cornerium
600 1883 609 1899 ,
631 1859 701 1890 infra
723 1858 831 1889 dststum
852 1858 987 1889 Palatium
1002 1883 1011 1897 ,
1036 1860 1165 1896 fituatur)
1184 1861 1241 1890 fine

177 1900 344 1930 difficultate
361 1899 451 1938 aliqua
471 1899 600 1938 assignes,
619 1898 665 1928 seu
684 1897 812 1934 assignari
827 1897 926 1936 facias,
946 1898 1115 1928 Habendam
1132 1899 1164 1928 &
1177 1898 1240 1928 Oc-

177 1939 338 2007 fjupandam
353 1938 488 1982 Domum
501 1939 576 2007 illaim
591 1936 740 2003 inForma
741 1935 915 2004 gffi‘gssffis’n
917 1937 1060 1975 quousque
1075 1936 1124 1966 fibi
1137 1936 1174 1967 de
1188 1937 1239 1968 alia

212 1985 284 2006 omo
318 1987 367 2007 om
389 1985 516 2007 etentiorr
556 1985 693 2006 uxerimus
918 1998 924 2004 .

215 1986 404 2056 TestecRege
419 2014 492 2055 apud
508 1984 782 2054 westmonasterium,
799 2012 922 2044 secundo
937 2012 982 2043 die
998 2012 1187 2044 Novembris.

433 2142 491 2172 Pro
517 2139 690 2170 Camerario
710 2140 798 2185 Regis
818 2140 977 2171 Armeniae.

184 2227 239 2282 R
249 2225 275 2256 E
285 2225 332 2263 X,
349 2234 398 2264 per
418 2224 525 2255 Literas
537 2223 591 2254 suas
605 2222 752 2261 Parentes,
770 2223 854 2263 ustlue
867 2222 901 2253 ad
917 2222 1031 2253 Festum
1048 2224 1158 2255 Natalis
1173 2224 1238 2255 Do-

261 2265 349 2301 mini,
367 2264 499 2301 proximo
521 2263 664 2300 futurum,
681 2261 837 2299 duraturas,
855 2261 968 2302 suscepit
980 2263 1009 2292 in
1026 2262 1239 2293 Protec‘tionem

182 2301 216 2331 &
238 2301 442 2332 Defenlionem
466 2301 560 2338 suam,
577 2310 690 2330 necnon
703 2301 733 2329 in
746 2300 848 2330 salvum
863 2300 896 2330 &
910 2301 1034 2331 securum
1050 2300 1238 2332 Conducmm

182 2339 281 2379 suum,
298 2351 332 2371 ac
345 2341 373 2370 in
390 2340 489 2369 salvam
504 2338 637 2369 Gardiam
654 2339 746 2375 suam,
760 2337 945 2377 Franciscum,
959 2338 1154 2370 Camerarium
1170 2343 1240 2369 Leo-

182 2381 224 2407 nis
243 2381 321 2417 Regis
344 2381 485 2408 Armeniae
505 2386 574 2408 cum
593 2377 636 2407 sex
651 2376 797 2414 Equitibus
831 2377 973 2407 veniendo
985 2377 1054 2407 infra
1067 2377 1240 2409 Dominium

184 2417 217 2447 &
239 2416 377 2456 Regnum
396 2415 483 2455 Regis
503 2415 631 2454 Angliae,
658 2416 716 2444 tam
737 2424 786 2454 per
838 2425 944 2453 erram,
965 2417 1051 2454 quam
1070 2426 1118 2455 per
1141 2416 1240 2455 Mare,

184 2455 293 2485 ibidem
317 2454 480 2492 Morando,
500 2454 534 2485 &
550 2454 650 2484 exinde
665 2452 841 2490 Redeundo,
858 2463 971 2484 necnon
987 2453 1063 2492 Res,
1080 2454 1188 2493 Equos,
1205 2457 1238 2485 δε

182 2492 318 2523 Hernesia
331 2494 375 2523 sua
388 2501 592 2532 quaecumque,
630 2491 671 2522 Ita
684 2500 776 2522 tamen
790 2491 870 2530 quod
885 2492 954 2523 dicti
968 2492 1082 2532 Equites
1091 2493 1128 2523 de
1140 2493 1240 2524 Inimi-

181 2532 247 2563 citia
261 2530 348 2569 Regis
361 2541 419 2560 non
436 2530 561 2561 existant.

216 2569 250 2600 In
265 2570 360 2607 cujus,
380 2570 441 2599 &c.

253 2607 342 2638 Teste
360 2607 441 2647 Rege
455 2606 528 2647 apud
545 2607 818 2647 lWstmonasterium,
835 2608 893 2637 viii.
907 2607 952 2638 die
967 2607 1156 2639 Novembris.

598 2687 652 2714 Per
670 2684 751 2724 ipfitm
766 2687 860 2721 Regem
873 2684 911 2720 ῤ’
926 2685 1079 2715 Concilium.

483 2812 542 2842 Pro
564 2806 784 2852 Ambaffiatore
804 2807 927 2854 Januae.

182 2895 238 2949 R
248 2893 274 2923 E
284 2893 330 2932 X,
346 2893 494 2924 Univerfis
505 2894 538 2924 δε
554 2893 673 2932 Singulis
688 2892 863 2932 Admirallis,
882 2894 941 2924 δίε.
963 2893 1095 2925 Salutem.

293 2932 392 2963 Sciatis
410 2932 507 2970 quod,

216 2968 297 3001 Cum
319 2973 474 3000 Damianus
495 2973 633 3007 catanus,
653 2969 765 3009 Legum
780 2968 896 3000 1)οᾶοτ
911 2971 944 3001 &
957 2969 1100 3009 Januensis
1115 2971 1235 3002 Ambas-

177 3006 274 3046 fiator,
293 3009 339 3046 qui
361 3018 413 3046 pro
437 3008 522 3038 Duce
543 3018 575 3038 ac
598 3007 816 3038 Communitate
829 3008 1027 3047 Januensium,
1045 3020 1111 3040 cum
1126 3009 1235 3049 Viginti

176 3045 368 3086 Hominibus,
387 3047 575 3077 Servientibus
589 3046 622 3077 &
639 3046 758 3077 Famulis
772 3046 841 3084 suis,
859 3057 891 3077 ac
905 3046 1012 3085 Viginti
1030 3047 1114 3086 Equis
1129 3050 1157 3078 in
1174 3048 1236 3079 Co-

176 3085 274 3115 mitiva
298 3085 342 3115 sua
356 3108 366 3123 ,
389 3094 441 3122 pro
462 3084 586 3125 ipsorum
607 3083 701 3114 Ducis
720 3085 754 3115 &
775 3085 999 3116 Communitatis
1022 3086 1175 3125 Negotiis,
1200 3088 1234 3118 &

176 3121 348 3160 Voluntate,
372 3123 450 3160 super
472 3123 554 3154 certis
575 3122 719 3160 Materiis,
744 3122 841 3153 Nobis
861 3124 894 3154 δε
914 3123 1050 3154 Concilio
1070 3124 1169 3155 nostro
1187 3135 1235 3155 ex-

174 3161 264 3197 presse
284 3161 448 3191 declaranda
461 3183 471 3198 ,
492 3161 527 3192 ad
550 3160 676 3191 nostram
701 3160 881 3193 Praesentiam
895 3185 905 3200 ,
927 3171 957 3192 ut
979 3163 1180 3202 intelleximus,
1205 3165 1234 3194 in

173 3199 305 3265 Ρτῗξῐίῐτιο
317 3199 348 3229 sit
362 3207 511 3237 venturus,

249 3247 280 3267 ος

212 3274 271 3305 Pro
285 3260 407 3312 ipsorum
420 3274 571 3313 Adventu,
587 3274 692 3314 Mora,
708 3277 743 3307 δε
757 3275 881 3307 Receffu
895 3276 995 3308 securis
1009 3279 1041 3309 ὃς
1058 3280 1156 3318 quictis
1171 3278 1199 3310 V
1201 3290 1234 3309 0-

174 3313 260 3343 lentes
272 3335 281 3350 ,
296 3322 326 3342 ut
341 3314 493 3350 convenit,
510 3313 658 3350 providere
670 3336 679 3351 ,
916 3343 922 3350 ,

211 3351 386 3390 Suscepimus
406 3351 476 3390 ipsos
494 3373 502 3387 ,
528 3350 719 3389 Damianum,
736 3360 851 3382 necnon
873 3352 983 3392 Viginti
1005 3354 1146 3384 Homines
1167 3356 1231 3387 Ser-

172 3390 277 3419 vientes
300 3390 334 3419 &
353 3389 497 3427 Famulos,
517 3389 660 3419 veniendo
678 3390 708 3419 in
729 3390 840 3420 dictum
861 3390 997 3430 Regnum
1019 3392 1149 3422 nostrum
1173 3395 1232 3424 An-

173 3428 237 3466 gila:
252 3451 261 3466 ,
287 3437 335 3466 per
357 3427 529 3457 Dominium
558 3427 591 3457 &
614 3427 786 3458 Potestatem
809 3427 902 3459 nostra
916 3452 926 3468 ,
947 3430 1005 3460 tam
1027 3441 1074 3467 per
1092 3432 1231 3471 Terram,

173 3466 260 3503 quam
283 3476 330 3504 per
354 3465 450 3503 Mare,
467 3465 502 3496 ad
518 3464 696 3496 Praesentiam
711 3465 853 3505 nostram,
870 3476 903 3497 ex
918 3468 995 3498 causa
1010 3469 1160 3506 ptaedicsta,
1179 3471 1231 3500 ibi—

174 3505 241 3534 dem
264 3503 424 3541 morando,
450 3503 483 3533 &
504 3503 603 3533 exinde
623 3503 659 3534 ad
679 3503 797 3544 Propria
815 3504 974 3543 redeundo,
999 3517 1110 3537 necnon
1135 3508 1230 3548 Bona,

174 3542 235 3572 Res
250 3565 259 3580 ,
278 3541 374 3579 Equos
387 3564 396 3579 ,
417 3540 587 3578 Monetam,
601 3541 726 3581 Jocalia,
750 3544 784 3574 &
805 3543 937 3574 Hernefia
957 3545 1000 3574 sua
1022 3555 1230 3586 quaecumque,

173 3581 204 3611 in
219 3581 333 3611 Salvum
349 3581 382 3610 &
393 3579 529 3609 Securum
542 3579 730 3611 ConduCtum
743 3580 873 3612 nostrum
882 3606 891 3619 ,
910 3592 944 3612 ac
956 3583 985 3612 in
999 3582 1211 3615 Protec‘tionem
1220 3609 1231 3624 ,

126 3635 129 3637 ·
173 3618 360 3656 Tuitionem,
379 3618 411 3648 ὃς
427 3617 537 3647 Salvam
552 3616 688 3648 Gardiam
700 3619 804 3650 nostras
816 3619 961 3664 speciales,

211 3657 352 3687 Nolentes
369 3656 447 3695 quod
469 3656 598 3693 praefatus
617 3659 786 3696 Damianus,
804 3666 851 3688 aut
867 3660 961 3697 aliquis
979 3659 1143 3689 Hominum
1165 3661 1228 3692 Ser-

172 3696 303 3726 vientum
325 3695 369 3725 seu
391 3694 575 3724 Famulorum
598 3695 816 3734 praedictorum,
831 3696 916 3734 usque
931 3697 963 3727 ad
975 3698 1143 3728 Numerum
1158 3709 1229 3736 prae-

173 3734 282 3764 dictum
299 3756 308 3772 ,
325 3743 360 3763 ex
379 3732 456 3763 causa
474 3731 607 3772 praedieta
629 3743 812 3763 venturorum
828 3756 838 3772 ,
855 3735 900 3764 seu
922 3745 1021 3766 eorum
1040 3736 1132 3771 Bona.
1156 3738 1229 3777 Res,

174 3771 264 3810 Equi,
280 3779 325 3802 aut
349 3770 485 3808 Moneta,
501 3770 623 3808 jocalia,
639 3771 683 3801 vel
697 3771 831 3801 Hernefia
848 3773 998 3811 (praesente
1011 3775 1097 3805 Salvo
1110 3774 1230 3806 Condu-

174 3809 223 3838 ἂι]
238 3809 337 3840 nostro
348 3809 480 3845 durante)
499 3809 657 3847 capiantur,
675 3809 864 3847 detineantur,
882 3810 926 3841 seu
941 3812 1093 3851 aliqualiter
1109 3814 1230 3846 atesten—

173 3855 225 3878 tur.

211 3884 249 3914 Et
263 3884 328 3915 ideo
342 3887 423 3916 vobis
440 3884 624 3923 mandamus,
640 3886 700 3916 &c.

213 3922 246 3952 In
269 3923 363 3961 cuius,
377 3925 436 3954 ὅτε.
457 3925 539 3962 usque
560 3924 674 3954 Festum
695 3923 858 3955 Nativitatis
878 3925 1122 3965 SanfflJohannis
1136 3928 1230 3968 Bapti-

176 3961 242 3997 stae,
258 3962 391 3997 proximo
408 3963 533 3993 futurum
548 3963 696 3993 duraturas.

213 3997 303 4029 Teste
317 3997 398 4038 Rege
408 4002 482 4040 apud
498 3999 772 4042 Westmonasterium,
791 4001 854 4031 xxii.
867 4001 913 4032 die
925 4001 1110 4034 Novembris.

598 4080 652 4109 Per
663 4076 744 4118 ipfitm
759 4080 854 4118 Regem
869 4076 907 4114 ᾤ’
920 4079 1070 4111 Concilium.

214 4116 292 4145 Tome
309 4115 366 4144 ΙΙΙ.
385 4116 417 4145 Ρ.
435 4117 483 4145 IV.

934 199 1197 240 ACTA
1280 199 1750 243 PUBLICA.

2290 213 2306 244 1
2317 213 2333 243 1

2347 286 2424 317 Ann.
2441 281 2482 320 D,

2371 325 2456 365 1386.

1287 366 1314 395 *ἓ
1326 368 1480 416 Jolmnnis
1490 398 1500 414 ‚
1525 373 1598 405 Filii
1622 375 1752 406 Hmrici
1759 400 1768 415 ‚
1796 371 1934 417 Bastardi
1960 370 1996 406 de
2022 372 2146 417 Castella
2157 399 2165 415 ,
2191 375 2341 421 Ligarum
2353 366 2454 430 §hx-71²1*

1584 433 1652 453 cum
1680 423 1810 454 Francia
1834 421 2034 466 Confirmatio,
2355 449 2422 476 550·
2452 422 2459 431 ⁶

1283 502 1378 570 JQH
1389 512 1439 533 AN
1450 512 1472 548 15
1483 513 1539 547 Es,
1560 504 1618 535 Dei
1640 504 1804 550 gratiiRex
1828 505 1968 545 Castellae,
1987 507 2129 551 Legionis,
2146 505 2184 541 &
2208 508 2342 551 qutuga-
2354 519 2405 544 An,
2425 525 2466 547 χο,

1330 541 1389 579 ltae,
1407 541 1554 573 Univerlis
1576 544 1609 573 ὃς
1628 544 1767 583 Singulis,
1786 545 1833 575 has
1847 545 1952 576 nostras
1968 545 2074 576 Literas
2085 545 2266 584 Inspecturis,
2284 554 2341 577 tam
2354 559 2383 582 R.
2405 566 2432 582 2.

1285 577 1481 618 Praesentibus,
1499 582 1585 619 quam
1602 580 1719 611 Futuris.
2356 592 2426 630 Infra

1323 618 1487 648 NOTUM
1509 620 2114 661 FACIMUS&TESTAMUunod,
2354 632 2487 660 Bibacot.

1325 655 1406 686 Cum
1424 658 1511 695 olim,
1529 658 1628 687 aeterni
1649 656 1736 695 Regis
1758 657 1939 690 Providentia
1958 660 2140 700 disponente,
2158 661 2244 699 inter,
2262 659 2341 690 Sere-

1286 693 1414 725 niffimos
1438 694 1595 733 Principes,
1614 695 1696 725 clarae
1712 695 1865 727 Memoriae
1876 721 1884 734 ,
1903 698 2064 729 Dominum
2080 698 2231 737 Karolum,
2246 700 2342 734 Regem

1286 732 1431 768 quondam
1453 733 1631 770 Francorum,
1648 733 1698 766 δί,
1717 734 1835 772 ejusdem
1859 735 2014 766 Memoriae
2056 736 2219 767 Dominum
2241 739 2344 766 Henri-

1287 780 1362 807 cum,
1381 772 1523 809 quondam
1548 770 1668 811 Castellae
1688 771 1726 805 ό·
1743 776 1868 810 Legionis
1879 776 1992 812 Regem,
2011 760 2181 805 Genitorem
2195 775 2344 812 nostrum,

1287 806 1432 838 Ordinatae
1449 832 1459 847 ,
1483 810 1642 847 Conceptae
1656 832 1666 847 ,
1691 808 1771 840 Initae
1786 834 1795 849 ,
1817 812 1850 842 &
1874 812 2003 842 Firmatae
2023 814 2130 842 fullient
2145 822 2230 843 certae
2247 813 2345 853 Ligae,

1287 845 1552 877 Confoederationes
1567 871 1576 885 ,
1598 847 1828 887 Compolitiones
1842 874 1851 888 ,
1875 849 2107 888 conventiones,
2133 852 2165 882 δε
2185 851 2287 890 Pacta,
2312 851 2344 881 in

1289 882 1498 915 Exrerminium
1514 885 1678 924 Malorum,
1696 887 1729 917 &
1745 889 1880 927 utriusque
1894 889 2071 926 Reipublicae
2085 889 2235 926 pacificum
2250 888 2346 920 Incre-

1286 931 1432 962 mentum,

1324 960 1392 991 Nos

1324 985 1537 1031 Post'Obitum
1559 1000 1630 1032 dicti
1645 1025 1656 1040 ,
1687 1000 1769 1032 clarae
1791 1002 2007 1035 Recordationis
2022 1029 2032 1042 ,
2054 1004 2176 1035 Domini
2199 1003 2348 1034 Genitoris

1285 1037 1390 1083 nostri,
1409 1040 1473 1077 qui,
1492 1040 1559 1069 licut
1575 1041 1667 1070 eidem
1682 1042 1710 1070 in
1728 1040 1775 1071 Re
1795 1043 1823 1071 ni
1839 1040 1916 1072 Cura
1931 1043 1963 1073 ὃς
1979 1042 2193 1073 Gubernatione
2206 1041 2346 1072 Successi-

1287 1083 1364 1114 muS,
1382 1086 1419 1108 1ta
1439 1079 1468 1107 in
1490 1077 1564 1108 felici
1587 1077 1753 1118 Proposito,
1800 1080 1912 1111 ltiffimo
1931 1081 2110 1119 disponente,
2128 1079 2273 1111 Suceffiffe
2287 1079 2347 1120 spe<

1285 1124 1395 1153 ramus,

2354 674 2449 701 Tama.
2461 680 2488 709 3.

1325 1152 1426 1184 Certos
1437 1153 1655 1193 Procuratores,
1672 1155 1822 1194 Nuncios,
1840 1158 1873 1188 &
1888 1157 2100 1187 Embaffiatores
2117 1155 2227 1187 nostros
2240 1155 2352 1190 consti-,2

1288 1192 1389 1222 ruimus
1410 1194 1442 1223 &
1463 1193 1624 1224 ordinamus
1646 1193 1679 1223 ad
1699 1195 1883 1225 Firmandum
1896 1219 1906 1233 ,
1931 1195 2154 1226 Ratifficandum
2167 1218 2176 1233 ,
2202 1196 2236 1225 δε
2258 1193 2346 1224 Inno-

1289 1230 1412 1260 vandum
1424 1231 1513 1261 dictas
1526 1232 1624 1269 Ligas,
1642 1231 1890 1271 Compolitiones,
1909 1235 1942 1265 &
1957 1233 2040 1264 Pacta
2056 1245 2141 1272 cum,
2160 1232 2347 1264 Illustriffimo

1289 1267 1435 1308 Principe,
1455 1268 1590 1300 Domino
1607 1270 1724 1307 Karolo,
1745 1282 1820 1302 nunc
1834 1275 1903 1309 Rege
1918 1276 2054 1309 Franciae,
2073 1273 2238 1312 praefanque
2252 1281 2347 1309 quon-

1289 1306 1371 1344 dam,
1399 1307 1484 1337 bonae
1506 1307 1660 1339 Memoriae
1712 1309 1836 1340 Domini
1856 1311 1944 1348 Regis
1969 1309 2065 1340 Karoli
2087 1311 2155 1340 Filio
2175 1310 2343 1346 (videlicet)

1290 1347 1401 1374 Petrum
1422 1348 1494 1384 Lupi
1515 1346 1551 1376 de
1567 1347 1652 1383 Ayala
1666 1331 1809 1387 Militem,
1827 1349 1860 1379 &
1878 1351 2048 1379 Fernana'um
2064 1347 2176 1388 Alfonfi
2192 1351 2226 1378 de
2240 1349 2346 1388 Algana

1290 1382 1485 1414 Decretorum
1513 1384 1677 1416 Doctorem
1704 1385 1912 1427 Decanumque
1938 1388 2131 1426 Burgensem,
2162 1386 2268 1417 Fideles
2293 1396 2347 1417 no-

1287 1420 1373 1459 strOS,

1327 1460 1388 1499 Qii
1404 1460 1518 1498 quidem
1533 1460 1732 1494 Procuratores
1747 1464 1779 1494 ὃ(
1794 1463 2007 1495 Ambaxiatores
2018 1463 2108 1495 nostri
2123 1463 2229 1494 easdem
2247 1463 2347 1503 Ligas,

1289 1496 1535 1537 Compoiitiones,
1554 1500 1836 1540 confoederationes,
1852 1505 1885 1534 &
1910 1502 2012 1542 Pacta,
2031 1503 2129 1533 nostro
2149 1504 2180 1533 &
2197 1502 2345 1540 Primoge-

1287 1537 1338 1566 niti
1358 1536 1445 1567 nostri
1464 1537 1536 1568 Nati
1556 1539 1600 1569 vel
1620 1540 1764 1571 Nascituri
1786 1541 1936 1579 Nomine,
1954 1551 2068 1572 necnon
2090 1551 2142 1579 pro
2154 1541 2267 1577 Terris,
2285 1540 2347 1570 Re-

1287 1576 1362 1613 gnis,
1383 1575 1416 1606 ὃς
1438 1575 1563 1606 Subditis
1585 1577 1702 1616 nostris,
1727 1578 1955 1617 innovaverunt,
1978 1587 2209 1617 acceptaverunt,
2225 1579 2344 1617 aproba-

1287 1621 1388 1644 verunt
1398 1636 1407 1652 ,
1425 1614 1459 1644 &
1473 1614 1725 1653 confirmaverunt,
1743 1625 1825 1655 prout
1840 1617 1902 1654 haec
1925 1618 1957 1648 &
1971 1619 2020 1648 alia
2032 1618 2214 1648 continentur
2227 1619 2256 1647 in
2273 1626 2344 1654 quo-

1286 1651 1353 1682 dam
1375 1653 1491 1690 publico
1511 1651 1701 1684 Instrumento
1720 1665 1785 1693 per,
1802 1655 1927 1685 Nobiles
1950 1657 1982 1686 &
2000 1655 2228 1693 circumspectos
2243 1655 2346 1692 Viros,

1288 1689 1451 1728 Domitios,
1477 1690 1635 1728 Johannem
1659 1695 1805 1722 Dominum
1825 1693 1857 1723 de
1877 1693 2030 1732 Follevs'lle,
2053 1694 2223 1732 Magistrum
2243 1694 2345 1722 Rober-

1286 1734 1345 1757 tum
1365 1729 1515 1767 c'ordelier,
1535 1729 1733 1770 Consiliarios,
1751 1742 1805 1762 nec
1821 1742 1880 1762 non
1896 1732 2069 1769 Magistrum
2084 1731 2269 1761 Theobaldum
2285 1734 2345 1761 Ho-

1287 1770 1324 1796 tie
1338 1790 1347 1802 ,
1363 1768 1565 1807 Szci·2tarium,
1584 1768 1798 1808 Procuratores,
1816 1770 1968 1809 Nuncios,
1985 1771 2018 1801 δε
2040 1771 2253 1802 Ambaxiatores
2273 1771 2345 1802 dieti

1286 1805 1457 1836 Sereniffimi
1473 1806 1612 1843 Principis
1626 1806 1713 1846 Regis
1728 1809 1911 1838 Francorum.

1323 1843 1371 1874 De
1388 1854 1510 1884 quorum
1533 1844 1732 1876 Procuratorio
1751 1847 1861 1877 constat
1880 1857 1928 1885 per
1952 1847 2057 1878 Literas
2070 1847 2138 1878 dieti
2154 1848 2245 1886 Regis
2259 1848 2348 1880 Fran-

1286 1891 1405 1920 corum,
1423 1883 1472 1913 suo
1490 1883 1587 1921 sigillo
1609 1885 1743 1922 munitas,
1762 1885 1864 1915 nostrae
1885 1885 2066 1916 Excellentiae
2084 1886 2276 1924 Praesentatas,
2295 1898 2346 1918 cu-

1283 1920 1328 1958 jus
1339 1920 1490 1951 Tenorem
1504 1921 1687 1952 Praesentibus
1700 1923 1895 1954 mandavimus
1907 1926 2049 1962 annotari,

1326 1958 1370 1989 Ad
1394 1970 1517 1998 quorum
1541 1960 1657 1997 quidem
1676 1960 1894 1992 Procuratorum
1915 1964 1948 1994 ὃ(
1968 1963 2201 1993 Ambaxiatorum
2216 1962 2346 2003 Requisi-

1286 1997 1393 2027 tionem
1407 2000 1440 2029 &
1454 1998 1634 2036 Instantiam,

1322 2035 1406 2074 Nos,
1426 2038 1473 2076 qni
1487 2037 1581 2076 supra,
1600 2036 1745 2075 Johannes
1764 2041 1825 2068 Rex
1840 2038 1979 2079 Castellae,
1997 2043 2136 2077 Legionis,
2156 2038 2194 2074 ὠ»
2211 2042 2344 2079 Portuga-

1285 2072 1329 2103 Iiae
1344 2097 1353 2112 ,
1374 2085 1425 2112 pro
1446 2073 1543 2106 Nobis
1558 2098 1568 2113 ,
1585 2077 1619 2107 &
1638 2086 1691 2116 pro
1710 2076 1906 2116 Primogenito
1927 2088 1959 2108 ac
1980 2078 2102 2108 Haerede
2120 2077 2218 2109 nostro
2232 2101 2241 2116 ,
2259 2079 2343 2110 Nato

1285 2112 1330 2142 vel
1345 2113 1514 2152 Nascituro,
1532 2114 1647 2153 Terris,
1666 2114 1790 2154 Regnis,
1808 2117 1840 2147 ὃ(
1862 2116 1985 2147 Subditis
2006 2116 2106 2147 nostris
2119 2141 2128 2155 ,
2146 2116 2272 2154 praefatas
2291 2118 2344 2147 Li-

1285 2158 1331 2189 gas
1344 2174 1354 2189 ,
1377 2151 1528 2182 Tradiatus
1544 2175 1553 2190 ,
1580 2152 1810 2190 compositiones
1821 2177 1830 2192 ,
1854 2154 2120 2185 Consoederationes
2134 2177 2144 2193 ,
2163 2154 2344 2187 Conventio-

1285 2199 1350 2227 nes,
1368 2191 1401 2221 ὃ(
1415 2189 1518 2229 Paeta,
1533 2191 1566 2221 δε
1579 2193 1678 2222 omnia
1692 2192 1741 2221 alia
1755 2194 1788 2223 δε
1803 2193 1921 2232 fingula,
1937 2194 1965 2223 in
1980 2193 2118 2233 praediffls
2133 2194 2165 2224 &
2178 2195 2253 2224 circa
2267 2194 2345 2225 Prae-

1286 2228 1365 2259 missa
1387 2238 1435 2266 per
1456 2238 1627 2260 memoratos
1649 2229 1845 2261 Procuratores
1862 2232 1895 2262 &
1916 2231 2115 2262 Ambaxatores
2137 2232 2249 2263 nostros
2261 2233 2343 2272 aeta,

1284 2266 1359 2305 gesta
1372 2289 1381 2305 ,
1407 2266 1499 2297 habita
1515 2290 1525 2306 ‚
1550 2267 1583 2297 &
1614 2277 1755 2299 conventa
1771 2292 1780 2306 ,
1810 2269 2066 2302 APRoBAMUS
2080 2294 2089 2309 ‚
2114 2270 2343 2302 RATIFICA-

1284 2312 1364 2335 Μυς
1381 2328 1390 2344 ,
1412 2305 1684 2337 ΑεεΕΡΤΑΜυε
1700 2331 1710 2345 ,
1740 2307 1773 2338 &
1795 2317 1830 2338 ex
1858 2317 1932 2339 certa
1955 2307 2077 2340 Scientia
2095 2308 2343 2340 CONFIRMA-

1284 2351 1310 2372 Μ
1321 2352 1344 2372 U
1353 2353 1364 2374 s
1376 2367 1386 2382 ,

1321 2381 1419 2421 anue
1433 2384 1466 2415 ὃς
1478 2393 1576 2414 eorum
1590 2383 1719 2423 Singula,
1738 2385 1882 2423 propositis
1896 2385 1993 2417 Nobis
2006 2387 2141 2425 radiisque
2155 2388 2342 2419 Sacrosanffls

1286 2420 1442 2461 Evangeliis
1455 2422 1487 2452 ὃς
1504 2423 1663 2453 Venerabili
1678 2424 1768 2463 Signo
1786 2423 1903 2462 Crucis,
1921 2424 2027 2465 semper
2043 2426 2075 2456 &
2091 2427 2119 2455 in
2134 2428 2215 2457 omni
2229 2436 2342 2464 tempo-

1285 2469 1314 2489 re
1329 2459 1496 2497 Custodire,
1516 2469 1710 2500 manutenere,
1728 2462 1762 2493 ὃς
1774 2462 1970 2493 inviolabiliter
1981 2465 2142 2502 observare,
2161 2475 2214 2503 pro
2226 2464 2343 2504 Nobis,

1284 2498 1317 2527 &
1338 2498 1419 2529 dieto
1442 2498 1531 2537 Filio,
1550 2508 1583 2529 ac
1600 2500 1720 2530 Haerede
1734 2499 1849 2538 nostro,
1870 2500 1951 2531 Nato
1967 2503 2012 2532 vel
2028 2501 2198 2542 Nascituro,
2217 2505 2342 2544 Regnis,

1285 2535 1384 2567 Terris
1417 2537 1448 2568 &
1469 2537 1594 2567 Subditis
1617 2538 1734 2576 nostris,
1752 2540 1780 2568 in
1802 2538 1900 2569 Verbo
1913 2539 2015 2579 Regis,
2034 2540 2233 2573 Promittirnus
2246 2545 2279 2575 &
2294 2544 2343 2573 fir-

1285 2575 1368 2604 miter
1411 2575 1563 2613 olicemur,
1583 2576 1616 2606 &
1639 2587 1781 2615 nunquam
1803 2585 1901 2607 contra
1920 2578 2012 2609 facere
2027 2579 2071 2610 vel
2084 2581 2178 2611 venire
2192 2590 2240 2619 per
2256 2581 2324 2612 Nos

1285 2613 1328 2642 vel
1349 2623 1396 2651 per
1420 2613 1534 2652 Alium,
1551 2614 1595 2643 leu
1619 2614 1713 2652 Alios,
1731 2614 1821 2653 aliqua
1843 2615 1967 2646 Ratione
1983 2617 2027 2647 vel
2043 2617 2150 2658 Causa,
2169 2619 2282 2657 publice
2297 2606 2342 2651 vei

1285 2651 1397 2681 occulte
1414 2675 1424 2690 ,
1457 2651 1507 2682 sub
1528 2652 1679 2689 Ypotheca
1699 2654 1732 2684 ὃς
1756 2653 1940 2693 Obligatione
1961 2654 2131 2696 Regnorum
2152 2659 2185 2689 &
2207 2659 2342 2689 omnium

1283 2688 1428 2719 Bonorum
1447 2690 1625 2727 nostrorum,

1322 2728 1367 2757 Ac
1383 2738 1506 2765 quorum
1519 2729 1704 2760 Testimonio
1719 2730 1864 2768 praesentcs
1879 2730 1986 2763 Literas
1999 2731 2055 2763 fieri
2069 2734 2234 2765 mandamus
2246 2736 2279 2766 &
2298 2735 2343 2766 Si·-

1282 2766 1340 2804 gilli
1355 2765 1438 2804 Regii
1455 2765 1618 2797 Munimine
1633 2767 1783 2798 Roborari.

1320 2804 1428 2846 Actum
1451 2805 1564 2841 Segobiae
1590 2807 1619 2835 in
1640 2805 1743 2836 Castro
1765 2805 1880 2846 Regio,
1900 2807 1988 2839 Anno
2006 2819 2022 2839 a
2043 2809 2198 2841 Nativitate
2218 2810 2340 2841 Domini

1283 2840 1458 2911 IIQJAEHfflmEO,
1475 2844 1706 2882 'l'recentelimm
1725 2845 1929 2884 Oetuagefimo
1949 2847 2052 2887 Sexto,
2068 2848 2127 2879 Die
2145 2849 2210 2879 xxiii
2234 2849 2346 2880 Mentis

1320 2890 1407 2912 ovem
1430 2891 1463 2911 ris
1484 2891 1490 2910 z

1710 2958 1892 2991 Praesentibus
1899 2985 1908 2999 ,

1320 3035 1492 3068 Reverendis
1512 3036 1537 3066 in
1560 3035 1677 3066 Christo
1696 3035 1839 3075 Patribus,

1357 3077 1389 3104 P.
1408 3073 1606 3113 Archiepifiopu
1623 3072 1769 3104 Thaletan.

1355 3112 1392 3144 Et
1411 3117 1445 3143 G.
1465 3116 1578 3142 Oneten.

1355 3151 1392 3181 Et
1410 3154 1446 3180 D.
1467 3148 1588 3180 Abulen.

1354 3189 1516 3227 Episcopis,

1353 3228 1482 3257 Necnon
1492 3251 1501 3264 ,

1354 3265 1499 3304 Religioiis
1516 3264 1607 3303 Viris,

1317 3307 1444 3333 Martino
1461 3303 1601 3342 Johannis
1621 3303 1758 3343 Magistro
1775 3304 1810 3336 de
1831 3303 1991 3344 Alcantara,
2007 3307 2039 3338 δε
2059 3310 2158 3336 Fratre
2177 3310 2336 3347 Fcrnando,

1278 3341 1449 3373 Confess'ore
1462 3342 1575 3380 nostro,
1595 3342 1710 3373 Ordinis
1724 3343 1819 3375 Sancti
1836 3344 1980 3375 Francilci.

1321 3476 1347 3503 'k
1366 3480 1459 3512 Tener
1479 3474 1550 3510 verb
1567 3476 1640 3510 dissi
1657 3475 1866 3521 Instrumenti,
1894 3476 1929 3509 de
1945 3489 2000 3523 quo
2017 3477 2111 3522 fitpra
2128 3476 2232 3512 hahita
2246 3479 2283 3524 est

1514 3529 1657 3569 Mentio,
1676 3528 1815 3572 seqnitur
1842 3529 1873 3557 in
1895 3524 1949 3558 haec
1978 3524 2086 3559 Verba.

1314 3623 1347 3654 N
1366 3623 1548 3653 Nomine
1566 3619 1757 3659 Domini,
1778 3621 1909 3650 AMEN.

1364 3662 1433 3691 Hoc
1455 3660 1494 3689 est
1519 3658 1599 3689 fidele
1612 3659 1824 3697 Transcriptum
1841 3658 2022 3696 quarumdam
2041 3659 2214 3698 Literarum,
2230 3661 2332 3694 Nobic

1277 3699 1307 3730 lis
1322 3723 1331 3737 ,
1349 3700 1381 3730 &
1403 3698 1527 3728 Potentis
1548 3696 1629 3735 Viri,
1648 3700 1725 3727 Petri
1740 3700 1811 3735 Lupi
1825 3697 1859 3726 de
1877 3697 1960 3735 Ayala
1974 3696 2078 3727 Militis
2090 3699 2123 3728 &
2141 3699 2280 3730 Vexillarii
2294 3701 2331 3732 Il-

1276 3737 1426 3769 lustriffimi
1446 3738 1477 3766 &
1498 3735 1684 3765 Potentiffirni
1700 3735 1836 3774 Principis
1851 3734 1972 3765 Domini
1985 3734 2124 3773 Jolmnnis
2137 3739 2215 3774 Regis
2229 3738 2332 3778 castel.

1277 3776 1311 3807 Ιώ·
1327 3775 1364 3811 &
1380 3777 1502 3812 Legionis
1520 3772 1698 3812 Praelidisque
1709 3774 1749 3803 sui
1765 3774 1794 3803 in
1809 3772 2055 3811 Guipusta‚atque
2068 3776 2204 3805 Fernandi
2218 3777 2330 3823 Aljonfi

1276 3815 1312 3846 de
1341 3815 1443 3853 Algana
1461 3811 1653 3842 Decretorum
1674 3811 1811 3841 Dostoris
1839 3812 1871 3842 δε
1895 3811 2013 3850 Burgen.
2039 3811 2172 3844 Ecclesiae
2193 3813 2331 3856 Decani,

1278 3853 1496 3884 Procuratorum
1512 3850 1616 3888 praefati
1628 3849 1752 3880 Domini
1766 3849 1871 3888 Regis,
1889 3859 2042 3888 eorumque
2057 3850 2172 3891 sigillis,
2191 3853 2220 3882 in
2235 3853 2329 3893 dupli-

1277 3894 1304 3922 ci
1328 3890 1424 3921 Cauda
1447 3889 1626 3927 Pergamenae
1646 3887 1878 3926 impendentibus,
1894 3889 1925 3917 in
1940 3887 2014 3918 Cera
2027 3889 2112 3920 rubea
2122 3889 2327 3931 Sigillatarurn,

1277 3928 1445 3966 Formaeque
1462 3927 1596 3965 sequentis
1609 3926 1643 3956 &
1661 3926 1791 3956 Tenoris.

1315 3972 1413 3998 Petrus
1435 3968 1511 4042 Ltyqy
1530 3964 1566 3994 de
1590 3964 1677 4002 Ayala
1700 3964 1786 3995 Miles
1806 3964 1840 3995 ὃς
1854 3962 2014 3995 Vexillarius
2027 3963 2204 3999 nlustriffimi
2220 3966 2330 4000 Princi‹

1278 4008 1334 4046 pis,
1354 4005 1385 4040 (ᾖ
1393 4017 1412 4034 c.
1427 4011 1457 4033 ut
1481 4011 1547 4041 upra
1553 4003 1647 4042 Jbript.

1315 4081 1434 4113 Faustum
1456 4088 1548 4111 autem
1569 4078 1622 4110 fuit
1636 4077 1978 4149 praesensffganscriptum
1992 4079 2110 4123 Parifius
2123 4081 2212 4114 Anno
2225 4082 2337 4152 D⁰mis³

2349 3509 2440 3537 mn.

2351 3556 2416 3583 55¹2
