2561 4251
0 3791 1 3818 ἶ
52 3791 129 3821 Ann.
141 3789 181 3820 D.

701 168 734 213 E
775 171 815 213 T
898 173 936 214 A
976 172 1014 214 c
1051 172 1092 213 T
1128 174 1168 214 A

4 258 131 337 fligi?

2 335 54 374 Rir.
71 345 98 363 2.

343 345 439 389 Super
452 345 570 376 Mutuo
576 342 662 390 fabio
677 346 714 382 (ῤ’
731 342 767 376 de
784 341 1010 379 Securitatibus.

2 446 53 471 A„-
79 452 119 470 ¹0.
155 427 286 486 REX
303 427 439 471 omnibus
452 428 487 459 ad
500 438 588 468 quos,
604 428 666 460 &c.
684 427 816 459 Salutem.

1 486 21 510 R
51 491 65 508 2
264 467 362 497 Sciatis
374 465 453 505 quod
461 489 472 505 ‚
670 498 673 500 ,
1168 487 1171 488 ⁷

188 504 267 537 Cum
276 528 286 544 ‚
305 504 475 535 Venerabilis
488 500 584 543 Pater,
603 503 764 534 Willielmus
779 503 994 552 Archiepifiopus
1008 506 1206 547 cantuarienfis

153 543 334 581 Qiingentas
350 542 461 574 Marcas
474 543 679 585 sterlingorum
694 542 792 580 nobis,
810 544 839 573 in
852 552 952 582 magna
966 544 1140 577 Neceffitate
1152 556 1206 576 no-

152 581 208 613 stra
240 583 323 621 gratis
335 582 368 613 δε
382 581 481 620 sponte
501 588 668 611 mutuaverit

227 630 276 659 os,
294 630 348 659 pro
361 619 513 650 Securitate
526 617 606 662 ipsius
617 603 831 662 Arciiiepil‘copi
839 642 848 657 ,
860 629 912 659 pro
922 620 1070 652 Solutione
1084 622 1206 660 ejusdem

172 668 279 689 ummae
287 682 297 698 ,
315 659 434 690 fatemur
446 656 515 687 Nos
526 656 620 690 eidem
633 656 857 695 Archiepiscopo
871 659 901 688 in
914 659 1087 698 Qingentis
1100 659 1207 691 Marcis

148 697 395 765 P‘aediffiffi‘ffie‘i
413 693 533 725 firmiter
552 704 602 732 per
615 695 759 732 praesentes
770 718 780 734 ,
800 705 865 735 quas
883 698 917 728 ὃς
932 697 1047 729 Solvere
1065 699 1209 739 promitti-

149 736 395 813 missstpoiitaeideein
410 767 637 840 Archie‘piscopo
651 771 691 816 de·
700 771 780 803 dietis
797 772 969 811 Qingentis
982 773 1106 814 Marcis,
1120 782 1151 806 ut
1161 776 1209 813 ju-

151 814 187 845 ris
212 813 253 844 est
300 812 435 850 prompte
457 811 490 840 &
532 811 628 841 delitet
647 809 753 841 satisfiat
766 834 776 849 ,
802 811 943 841 Volumus
962 812 997 842 δε
1012 811 1209 844 Concedimus

150 851 232 890 quod
247 835 322 880 idem
332 848 567 892 Archiepiscopus
581 849 679 879 habeat
693 849 726 879 &
741 850 874 892 percipiat
882 850 1030 880 Summam
1045 852 1208 890 praedictam

150 892 188 922 de
203 889 347 928 Decimis‚
367 887 401 918 δε
450 887 665 925 uintisdecimis‚
684 886 832 924 Sublidiis,
851 887 896 917 seu
908 888 965 917 aliis
978 888 1083 927 Qiotis
1094 912 1105 928 ,
1125 890 1210 920 nobis

150 938 200 969 per
220 926 338 957 Clerum
364 925 409 957 vel
1005 929 1008 931 ’

151 965 268 1003 dendis‚

190 1004 228 1034 Et
251 1002 329 1041 quod
349 1002 446 1032 habeat
465 1000 532 1031 inde
552 1000 776 1039 Affignationem
793 1001 822 1030 in
846 1002 933 1033 Locis
948 1026 957 1042 ,
976 1003 1025 1034 ubi
1046 1004 1144 1035 melius
1162 1005 1211 1035 fibi

152 1043 219 1086 inde
235 1041 354 1109 satisfiaieri
366 1040 486 1107 tatpsterit,
505 1039 607 1078 absque
622 1038 882 1079 alia'Affignatione
895 1041 939 1072 seu
955 1041 1132 1074 Mandatoin
1140 1053 1214 1075 con-

153 1088 270 1113 tranum
311 1088 372 1108 Clen
416 1100 422 1106 .

194 1119 322 1185 Infeusssss
328 1116 495 1195 iticg‘ei'apud
511 1152 784 1196 westmonasterium,
801 1157 857 1188 xvi.
872 1156 919 1188 die
933 1156 1111 1198 Septembris.

2 502 77 548 Pin..
91 528 133 547 10.

0 563 29 586 R.
50 566 76 585 2.

2 603 25 634 p.
45 605 68 622 ι.

2 644 38 663 m.
54 642 100 661 20.
146 647 159 664 Γ

460 927 679 956 emmunitatem
701 923 798 963 Regni
818 924 906 955 nostri
931 929 1065 965 proximo
1092 928 1210 959 Conce-

793 1235 847 1263 Per
862 1233 942 1273 ipfiaem
956 1238 1060 1273 Regem.

233 1312 402 1345 Confimiles
417 1312 525 1344 Literas
543 1310 630 1350 Regis
651 1308 687 1339 de
702 1309 853 1341 Securitate
868 1311 971 1342 habent
982 1311 1142 1351 subscripti,

472 1351 507 1381 de
521 1349 644 1381 Summis
657 1347 828 1387 subscriptis,
848 1351 903 1381 viz.

198 1427 313 1457 Thomas
327 1425 463 1465 Epifiop'us
478 1424 577 1464 Elien,
595 1425 631 1456 de
646 1424 775 1456 Centum
790 1425 890 1458 Libris.

198 1464 361 1496 Willielmus
374 1463 515 1504 Epifiopus
531 1466 647 1503 Wnton
682 1464 719 1494 de
731 1463 870 1495 Ducentis
884 1465 984 1497 Libris.

196 1503 330 1534 Robertus
343 1503 481 1542 Episcopus
494 1503 624 1540 London,
664 1511 679 1531 e
694 1500 836 1533 Ducentis
849 1503 965 1534 Marcis.

198 1542 334 1571 Robertus
347 1544 426 1571 Prior
438 1541 532 1570 Sandis*
545 1539 676 1570 swithini
691 1541 825 1579 Wynton,
840 1541 874 1571 de
890 1541 1017 1573 Centum
1031 1541 1150 1574 Marcis.

198 1579 353 1610 Richardus
367 1578 468 1609 Abbas
481 1579 513 1609 de
525 1578 627 1615 Reding
635 1600 645 1615 ‚
659 1577 696 1608 de
711 1578 902 1618 Qadraginta
915 1580 1017 1611 Libris.

199 1616 345 1657 Johannes
359 1617 497 1656 Episcopus
512 1615 646 1654 Lincoln,
663 1615 699 1646 de
715 1616 842 1647 Centum
859 1618 959 1649 Libris,

199 1655 343 1696 Johannes
358 1655 496 1695 Eptfiopus
509 1653 660 1692 Herefhrd,
676 1654 712 1684 de
727 1654 854 1686 Centum
871 1656 972 1687 Libris.

202 1693 348 1725 Walterus
359 1697 488 1723 coventr.
505 1692 543 1729 ὠ
557 1692 636 1722 Lich.
650 1689 805 1732 Epifiopus,
823 1693 860 1723 de
875 1694 1002 1727 Centum
1015 1695 1117 1727 Libris.

203 1730 357 1772 Abbatiffli
369 1732 402 1762 de
416 1732 557 1771 Berkyng,
574 1730 610 1761 de
624 1730 815 1770 Quadraginta
829 1731 930 1763 Libris.

160 1784 165 1787 ·
202 1770 368 1802 Willielmus
382 1769 510 1810 Dyghton
545 1768 677 1807 Clericus,
695 1768 731 1799 de
745 1769 871 1801 Centum
887 1771 1003 1803 Marcis.

201 1808 304 1840 Abbas
318 1809 349 1839 de
362 1811 462 1839 Sancto
477 1793 608 1846 Albano,
622 1807 658 1838 de
672 1807 865 1847 Qadraginra
876 1809 977 1841 Libris.

205 1848 289 1878 Probi
302 1850 430 1877 Homines
444 1849 471 1877 V
474 1846 528 1876 illae
542 1845 740 1884 Cantebrigiae,
757 1846 792 1878 de
808 1846 956 1887 Sexaginta
966 1849 1068 1879 Libris.

160 1889 286 1958 ·DPrior
307 1887 340 1916 de
358 1888 512 1916 Dunmowe
525 1907 536 1925 ,
554 1885 589 1915 de
607 1884 771 1917 Trel'decim
792 1884 896 1925 Libris,
909 1887 964 1919 Sex
984 1887 1086 1919 Solidis
1100 1887 1133 1919 ὃ(
1147 1886 1230 1919 06ὶο

205 1934 310 1956 enanis.

205 1964 286 1994 Probi
299 1965 430 1994 Homines
444 1965 472 1993 V
472 1961 528 1993 illae
543 1962 574 1993 de
586 1961 743 2003 circestria,
759 1961 795 1994 de
811 1962 920 2002 Viginti
933 1963 1034 1995 Libris.

205 2002 308 2033 Abbas
320 2002 352 2032 de
368 2001 511 2032 Waltham
524 2002 629 2031 Sandiae
643 2004 749 2039 Crucis,
765 2001 802 2031 de
818 2002 1026 2042 Qaterviginti
1042 2001 1145 2034 Libris.

207 2041 311 2072 Abbas
324 2041 355 2070 de
370 2040 466 2079 Hida,
482 2039 519 2070 de
532 2039 743 2108 anuaginta
759 2039 860 2071 Libris.
1152 2063 1155 2066 -

206 2079 310 2109 Abbas
324 2079 355 2108 de
368 2078 497 2119 Glaston,
515 2078 550 2108 de
594 2087 693 2109 entum
710 2077 812 2109 Libris.
1013 2089 1015 2092 ·

207 2118 289 2148 Probi
304 2119 431 2147 Homines
443 2120 577 2146 Civitatis
591 2127 670 2147 novae
685 2120 800 2156 Sarum,
816 2117 852 2149 de
868 2117 1008 2149 Ducentis
1022 2117 1123 2148 Libris.

209 2156 291 2186 Probi
305 2158 432 2185 Homines
445 2158 579 2186 civitatis
592 2156 623 2185 de
638 2158 791 2194 Coventre,
805 2155 841 2186 de
855 2155 995 2188 Ducentis
1008 2155 1125 2188 Marcis.

208 2194 309 2224 Abbas
324 2195 357 2223 de
370 2193 446 2224 Bello
460 2197 547 2233 Loco,
564 2193 599 2223 de
616 2193 730 2232 Qadra
751 2193 807 2223 inta
822 2194 923 2225 Libris.

209 2233 291 2263 Probi
305 2234 433 2262 Homines
446 2231 530 2263 Villae
543 2230 658 2272 Bristol,
675 2231 710 2262 dc
757 2234 866 2263 ucentis
881 2233 982 2264 Libris.

209 2275 291 2302 Cives
304 2273 437 2301 Civitatis
448 2270 596 2309 cicestriae,
611 2271 646 2301 de
662 2270 853 2309 Qadraginta
868 2271 970 2302 Libris.

214 2310 235 2331 ²*
253 2309 334 2340 Probi
350 2311 478 2338 Homines
492 2311 520 2338 V
519 2308 576 2339 illae
588 2309 621 2338 de
632 2312 729 2347 Lenn,
745 2309 781 2339 de
794 2309 922 2340 Centum
936 2310 1037 2341 Libris.

211 2352 294 2379 Cives
307 2350 439 2378 Civitatis
452 2350 530 2385 Regis
544 2349 659 2388 Wygorn
667 2370 676 2385 ,
691 2347 727 2377 de
740 2346 851 2387 Viginti
865 2349 964 2379 Libris.

171 2390 180 2408 -'
215 2387 296 2418 Probi
316 2389 444 2416 Homines
467 2385 551 2416 Villae
570 2387 602 2416 de
622 2385 761 2425 Leyceslre
775 2409 785 2424 ,
804 2386 840 2418 de
858 2386 1002 2427 Sexaginta
1022 2388 1056 2419 &
1076 2385 1120 2417 sex
1144 2386 1236 2418 Libris

175 2426 344 2458 Tresdecim
359 2424 459 2455 Solidis
472 2424 505 2454 ὃς
521 2425 652 2463 Qatuor
667 2424 805 2454 Denariis.

177 2503 198 2534 b
215 2463 298 2494 Probi
312 2466 440 2493 Homines
454 2465 482 2492 V
480 2461 534 2493 illae
549 2460 692 2501 Gloucestr.
707 2463 743 2493 de
758 2463 968 2503 Quinquaginta
981 2465 1015 2497 &
1030 2464 1164 2504 Quatuor
1186 2463 1237 2495 Li-

199 2513 242 2533 ris.
494 2533 497 2535 Α

212 2541 313 2572 Abbas
324 2542 421 2571 Sanni
435 2539 583 2580 Augustini
597 2543 731 2571 Cantuar.
747 2539 783 2573 de
796 2538 925 2572 Centum
940 2541 1044 2573 Libris.

216 2584 298 2610 Cives
313 2583 446 2611 Civitatis
459 2580 590 2619 Lincoln,
606 2581 641 2611 de
655 2580 779 2610 Centum
793 2579 892 2610 Libris.

216 2623 298 2649 Cives
313 2622 447 2649 Civitatis
461 2618 598 2657 Eborum,
615 2618 650 2648 de
665 2618 792 2649 Centum
809 2618 911 2650 Libris.

218 2657 299 2688 Probi
314 2660 442 2687 Homines
456 2659 484 2687 V
484 2656 539 2686 illae
554 2658 648 2686 Sanoii
662 2657 816 2696 Edmundi,
832 2657 868 2688 de
881 2657 1027 2698 Sexaginta
1041 2658 1073 2690 &
1085 2657 1130 2688 sex
1145 2657 1239 2689 Libris

180 2695 347 2728 Tresdecim
362 2696 452 2726 solidis
468 2696 499 2725 ὃ(
513 2695 645 2734 Qatuor
659 2695 795 2727 Denariis.

220 2734 302 2764 Probi
317 2737 444 2763 Homines
458 2736 486 2762 V
485 2733 541 2763 illae
554 2737 642 2764 Oxon.
655 2734 692 2764 de
706 2734 900 2774 Qiadraginta
915 2734 1016 2764 Libris.

220 2772 301 2802 Probi
313 2775 438 2801 Homines
450 2774 479 2801 V
480 2771 534 2801 illae
549 2771 686 2812 Notyngh.
702 2773 738 2803 de
754 2773 835 2810 Qiin
856 2773 963 2812 uaginta
980 2773 1082 2803 Libris.

220 2814 300 2840 Cives
313 2813 447 2840 Civitatis
465 2811 593 2850 Norwyc.
611 2811 648 2841 de
663 2810 789 2841 Centum
806 2783 906 2841 Libris.

219 2848 302 2879 Probi
316 2851 442 2877 Homines
456 2850 484 2877 V
485 2847 539 2877 illae
555 2851 713 2886 Gippewici,
730 2849 766 2879 de
783 2849 975 2888 Qadraginta
991 2849 1091 2880 Libris.

222 2890 302 2917 Cives
317 2889 448 2917 Civitatis
464 2888 589 2925 PVynton.
603 2887 640 2916 de
654 2887 863 2931 Qiinquagi'nta
878 2887 975 2917 Libris.

224 2925 306 2955 Probi
321 2928 447 2954 Homines
459 2927 486 2954 V
489 2925 544 2954 illae
557 2923 620 2954 Salo
641 2948 644 2954 .
658 2926 694 2955 de
706 2925 851 2964 Sexaginta
864 2927 897 2957 &
911 2926 965 2956 Sex
979 2926 1079 2956 Libris.

224 2963 307 2994 Probi
319 2966 445 2993 Homines
460 2965 487 2992 V
488 2963 542 2993 illae
555 2933 641 2993 Derb.
656 2963 691 2993 de
704 2962 812 3003 Viginti
827 2964 927 2994 Libris,

227 3006 308 3032 Cives
323 3005 456 3032 Civitatis
475 3005 609 3032 cantuar.
626 3002 662 3032 de
679 3002 892 3041 Quinquaginta
908 3002 1009 3033 Libris.

225 3040 306 3070 Probi
317 3043 444 3071 Homines
459 3043 486 3071 V
486 3040 541 3071 illae
557 3038 701 3079 Hereford.
714 3040 750 3070 de
766 3041 978 3079 Qiinquaginta
994 3041 1094 3073 Libris.

225 3080 304 3108 Prior
319 3078 451 3110 Lanthon
463 3082 492 3109 in
509 3078 622 3118 PVallia,
639 3079 676 3109 de
689 3078 802 3116 Viginti
820 3080 854 3110 &
874 3079 1005 3118 Qatuor
1019 3080 1121 3119 Libris,
1138 3080 1171 3110 δε
1187 3080 1249 3111 De-

189 3126 254 3149 cem
274 3118 308 3148 &
322 3117 437 3155 Septem
453 3117 564 3148 Solidis.

228 3155 309 3185 Probi
327 3158 454 3185 Homines
472 3158 500 3186 V
500 3155 554 3186 illae
574 3157 606 3186 de
625 3159 759 3186 Coventre
773 3178 783 3194 ‚
800 3155 836 3187 de
857 3155 1068 3195 Qiaterviginti
1082 3157 1116 3187 &
1131 3156 1251 3188 Duabus

190 3192 288 3225 Libris
304 3194 336 3224 &
353 3193 477 3224 Duobus
489 3194 600 3224 Solidis.

230 3231 312 3261 Probi
325 3233 452 3261 Homines
466 3233 494 3261 V
495 3231 549 3261 illae
561 3232 593 3261 a'e
605 3236 757 3271 Coventre,
775 3232 811 3263 de
823 3232 950 3264 Centum
966 3233 1066 3264 Libris.

195 3271 310 3338 sd'Prior
331 3271 363 3299 de
384 3269 575 3309 Huntyngdon.
593 3270 629 3301 de
652 3270 764 3308 Viginti
782 3271 816 3301 &
836 3271 952 3309 Septem
973 3272 1066 3302 Libris
1079 3273 1112 3304 &
1129 3272 1183 3303 Sex
1198 3272 1252 3304 So-

205 3318 213 3338 i
235 3318 263 3338 is.

233 3348 313 3375 Prior
325 3347 418 3376 SanHi
431 3344 717 3384 Bartholomaeijuxta
730 3347 817 3376 Smith
839 3345 897 3384 eld,
914 3347 950 3377 de
965 3347 1074 3388 Viginti
1087 3348 1188 3380 Libris.

231 3384 332 3413 Abbas
346 3385 378 3414 de
392 3384 506 3423 Oseney,
523 3384 558 3414 de
575 3384 711 3423 Quinqua
732 3384 790 3414 inta
830 3385 903 3414 ibris.

234 3422 317 3452 Probi
331 3425 457 3452 Homines
469 3424 497 3450 V
499 3420 553 3451 illae
566 3423 599 3452 de
606 3421 710 3462 Lichfie
722 3423 751 3460 d,
763 3421 799 3453 de
814 3422 990 3454 Tresdecem
1008 3423 1113 3463 Libris,
1129 3424 1184 3455 Sex
1198 3425 1253 3455 So-

197 3460 258 3492 lidis
271 3461 304 3490 δί
318 3460 400 3490 Otito
413 3461 548 3490 Denariis.

231 3501 312 3528 Cives
333 3501 465 3542 cipitatis
479 3497 602 3528 Lincoln.
625 3498 661 3529 de
676 3498 827 3537 Sexaginta
842 3500 876 3531 &
891 3499 1004 3530 Decem
1020 3499 1122 3539 Libris,
1137 3501 1170 3531 &
1185 3500 1255 3531 Sex—

197 3536 540 3618 degemqysuolicgsbaffiffl.
551 3574 677 3643 Ἐπί-[ἕψω
691 3575 864 3606 cathedralis
879 3578 973 3606 Sanc‘li
990 3576 1070 3606 Pauli
1082 3577 1203 3606 London.
1219 3576 1254 3607 de

200 3613 349 3649 Sexaginta
363 3613 395 3643 &
411 3612 464 3642 Sex
479 3612 571 3642 Libris
581 3635 590 3650 ,
637 3615 772 3644 resdecim
790 3615 892 3645 Solidis
908 3615 940 3645 ὃ(
956 3614 1089 3653 Qiatuoi·
1105 3615 1242 3645 Denariis.

236 3651 335 3681 Abbas
349 3652 380 3680 de
394 3651 543 3693 Abyndon,
560 3651 595 3681 de
607 3651 716 3691 Viginti
734 3654 767 3683 ὃς
783 3653 839 3683 Sex
855 3653 959 3692 Libris,
974 3654 1140 3684 Tresdecim
1156 3653 1256 3684 Solidis

198 3691 231 3721 &
246 3691 380 3728 Quatuor
397 3689 535 3719 Denariis.

236 3724 337 3758 Abbas
349 3729 379 3758 de
390 3728 536 3766 Gerne,de
551 3727 727 3765 Quindecim
745 3728 848 3767 Libris,
861 3729 916 3760 Sex
929 3728 1028 3760 Solidis
1042 3730 1075 3761 &
1095 3729 1176 3760 Οᾶο
1194 3729 1258 3761 De-

200 3768 290 3798 nariis.

26 2323 44 2340 ·
71 2320 139 2349 vn.

27 2369 94 2398 544·

74 3829 158 3868 1336.

52 3872 105 3895 An.
127 3878 168 3895 ιο.

52 3910 81 3934 R.
104 3916 129 3933 2.

55 3948 113 3971 Par.

53 3986 81 4008 R.
100 3992 125 4009 2.

52 4026 77 4056 p.
95 4029 119 4047 i.

53 4067 90 4085 m.
108 4067 152 4086 20.

341 3894 390 3924 De
405 3895 491 3924 certis
507 3892 642 3924 Summis
652 3916 662 3933 ,
688 3893 761 3937 Regi
775 3893 937 3924 Mutuatis
947 3917 957 3934 ,
983 3890 1129 3924 levandis.

146 3954 187 3971 '⁰'
205 3974 333 4032 REX
349 3998 358 4012 ‚
376 3975 497 4007 Diieffis
518 3977 551 4007 &
572 3975 713 4006 Fideiibus
733 3975 801 4013 suis,
818 3975 890 4005 Phili
902 3983 936 4014 po
956 3975 1069 4016 afim,
1087 3974 1215 4014 Johanni
1229 3976 1261 4006 de

277 4012 429 4052 Rochford,
447 4014 567 4053 Philippo
581 4017 709 4051 Garnon,
728 4013 856 4053 Johanm‘
888 4026 901 4044 e
915 4013 1058 4046 Helmeton
1074 4036 1084 4053 ‚
1102 4015 1135 4048 &
1149 4014 1263 4047 Roberto

205 4052 236 4082 de
252 4051 362 4089 clayton
371 4074 380 4089 ,
397 4052 432 4082 de
447 4053 552 4085 Sancto
566 4053 729 4095 Botholpho
743 4052 874 4086 Salutem.

243 4092 315 4121 Tom.
334 4093 392 4121 ΠΙ.
421 4092 454 4121 Ρ.
471 4093 519 4121 IV.

1246 174 1724 217 PUBLICA.
2282 196 2316 231 9

1281 259 1381 290 Sciatis
1394 261 1487 300 quod,
2310 264 2387 296 Anu.
2401 261 2444 297 Di

1282 297 1379 336 Cum,
1398 301 1479 329 certis
1498 299 1676 331 Rumoribus
1688 300 1798 331 noviter
1814 301 1868 332 'am
1881 302 1999 341 receptis
2017 301 2097 342 quod
2110 300 2221 332 Carolus
2234 301 2302 334 Ada
2335 303 2418 344 1386.

1246 334 1385 375 versbr'ius
1404 337 1490 377 noster
1509 342 1631 368 Franciae
1647 361 1657 377 ,
1673 348 1773 369 omnes
1825 341 1935 371 omines
1956 340 1990 371 ad
2009 350 2086 372 arma
2100 363 2110 378 ‚
2126 340 2301 380 BalistariOS,
2312 343 2365 371 Ric.
2381 348 2408 371 2.

1246 373 1346 405 Naves
1359 375 1419 418 ²2&
1443 376 1510 407 Vasa
1531 377 1567 408 de
1589 376 1716 416 Guerra,
1732 387 1797 416 quae
1851 379 1929 417 terit,
1946 386 2117 418 congregare
2131 379 2215 418 fecit,
2233 389 2298 418 quae

1243 411 1279 442 ad
1306 411 1485 455 Veniendum
1507 415 1541 445 &
1559 425 1595 453 ap
1614 415 1755 446 licandum
1774 387 1850 446 impia>
1865 416 2001 456 Regnum
2022 417 2151 448 nostrum·
2172 417 2303 458 Angliae,

1245 458 1308 480 ante
1334 449 1438 482 instans
1459 451 1575 483 Festum
1615 454 1691 484 ancti
1712 453 1862 485 Michaelis
1875 477 1886 494 ,
1910 456 2044 493 proximo
2063 455 2190 487 futurum
2204 479 2215 495 ‚
2237 456 2300 487 sunt

1244 496 1351 526 parata,

1284 526 1394 557 Omnes
1410 527 1553 572 Homines
1566 528 1600 560 ad
1614 528 1703 560 Arma
1717 529 1750 560 δε
1766 529 1929 569 sagittarios
1937 531 2031 571 Regni
2045 531 2148 571 nostri,
2164 542 2237 571 quos
2250 532 2300 563 iia-2

1245 564 1312 595 bere
1332 574 1487 603 poterimus
1499 590 1509 606 ,
1528 576 1596 597 cum
1613 568 1694 597 omni
1715 567 1903 600 Festinatione
1919 579 1970 600 nos
1982 576 2111 608 oporteat
2124 572 2300 611 convenire,

1245 603 1281 633 ad
1302 603 1499 635 Refistendum
1520 605 1658 636 Invasioni
1672 606 1707 636 &
1729 605 1850 638 Mautiae
1873 608 2016 638 dierorum
2037 607 2225 640 Inimicorum
2246 619 2301 640 rio-

1245 640 1391 679 strorum*⁷
1410 641 1519 674 Divina
1541 642 1640 673 Gratia
1654 643 1794 675 mediante
1806 666 1816 683 ‚
1833 646 1864 675 in
1876 645 2064 677 Salvationem
2083 645 2187 677 Nostri
2203 657 2235 679 ac
2254 656 2301 679 to-

1247 680 1300 710 tius
1312 679 1408 719 Regni
1422 680 1511 711 nosti-i
1525 681 1671 721 supradicti
1679 703 1688 719 ,

1282 717 1320 761 Et
1333 719 1430 755 vobis,
1449 729 1498 756 per
1511 719 1599 750 Breve
1613 718 1740 750 nostrum
1755 720 1791 750 de
1804 719 1920 752 Privato
1932 722 2030 761 sigillo
2049 721 2164 762 nostro,
2180 723 2304 755 Manda-

1246 765 1371 787 verimus
1386 757 1466 794 quod
1481 757 1623 788 Homines
1635 756 1721 788 dietae
1740 758 1823 789 Viilae
1835 758 1872 790 de
1884 758 1992 791 Saneto
2004 759 2169 800 Botholpho
2184 762 2304 793 Ducen-

1247 802 1288 825 tas
1309 793 1424 838 Marcas
1437 817 1447 833 ,
1465 796 1495 825 in
1508 796 1588 826 dieto
1607 795 1747 827 Mandato
1768 796 1867 828 nostro
1886 796 2058 837 Contentas,
2076 799 2174 830 Nobis
2188 802 2217 830 in
2232 810 2306 839 prae-

1247 833 1317 862 senti
1336 832 1495 876 necestitate
1515 833 1610 864 nostra
1622 841 1780 865 mutuarent
1794 858 1804 873 ,
1821 836 1854 867 ὃς
1867 835 2015 868 Summam
2030 837 2104 867 illam
2119 838 2304 869 Thesaurario

1248 869 1471 912 &1Camerariis
1491 871 1631 903 Scaccarii
1649 871 1737 902 nostri
1749 895 1758 910 ,
1783 874 1812 903 in
1833 873 1966 905 Crastino
1986 875 2104 912 ejusdem
2127 876 2200 906 Festi
2211 877 2307 908 Sanffi

1249 907 1398 939 Michaelis
1413 909 1447 940 ad
1462 909 1612 949 ultimum,
1629 918 1686 941 tota
1700 911 1874 942 excusatione
1885 913 2058 950 ceffante,in
2073 914 2233 953 Auxilium,
2249 915 2307 946 So-

1248 946 1622 1017 lugonisrgladiorumffiuae
1635 947 1797 980 Excercitui
1812 949 1909 982 nostro
1923 960 1958 982 ex
1971 951 2023 982 hac
2038 951 2117 983 causa
2129 951 2208 983 Solvi
2221 962 2308 993 opor-

1262 995 1278 1015 e
1300 996 1309 1015 i
1328 1009 1338 1025 ,
1368 996 1374 1015 ι
1398 995 1521 1026 erarem,

1291 1024 1375 1063 Nos,

1290 1062 1338 1094 Ut
1357 1064 1543 1104 unusquisque
1561 1063 1646 1095 Villae
1661 1065 1806 1104 praedistae
1825 1066 1859 1097 &
1878 1065 2084 1098 Suburbiorum
2105 1067 2243 1106 eiusdem,
2261 1067 2311 1105 qui

1253 1099 1333 1131 Bona
1347 1102 1380 1133 &
1394 1101 1500 1134 Catalla
1514 1103 1547 1134 ad
1562 1102 1696 1135 Valorem
1710 1104 1818 1144 Viginti
1832 1105 2021 1137 Librarum&
2035 1107 2105 1137 ultra
2117 1107 2218 1144 habet,
2232 1107 2311 1144 quta

1254 1139 1409 1171 Facultates
1421 1141 1494 1180 suas,
1511 1141 1627 1173 fideliter
1643 1142 1677 1172 &
1691 1144 1830 1181 aequaliter
1842 1144 2003 1175 contribuat
2016 1145 2049 1175 δε
2063 1144 2222 1182 affideatur,

1295 1177 1353 1208 Affi
1373 1180 1499 1210 navimus
1519 1180 1597 1218 Vos,
1616 1181 1796 1212 con'unffim
1812 1203 1821 1218 ,
1840 1182 1873 1212 &
1887 1181 1995 1212 divifim
2007 1204 2016 1220 ,
2033 1182 2066 1213 ad
2080 1192 2182 1214 omnes
2196 1183 2229 1213 &
2246 1182 2313 1225 Sin7

1257 1216 1338 1253 gulos
1386 1218 1496 1248 omines
1516 1218 1638 1256 ejusdem
1683 1220 1738 1249 illae
1751 1220 1784 1250 &
1804 1220 2011 1250 Suburbiorum
2026 1221 2247 1259 praedietorum,
2266 1229 2316 1258 qui

1259 1255 1336 1299 Bona
1352 1257 1391 1300 ,86
1410 1255 1518 1287 Catalla
1537 1257 1574 1300 ad
1596 1256 1729 1287 Valorem
1750 1257 1859 1294 Viginti
1879 1258 2028 1289 Librarum
2050 1260 2083 1290 ὃ(
2096 1260 2166 1290 ultra
2180 1259 2316 1296 habeant,

1256 1293 1422 1330 (videlicet)
1441 1295 1593 1332 quemlibet
1616 1305 1716 1325 eorum
1732 1296 1809 1333 juxta
1829 1306 1929 1327 eorum
1942 1295 2101 1327 Potentiam
2116 1298 2149 1328 &
2165 1296 2318 1328 Facultates

1259 1332 1383 1368 (nemini
1405 1334 1433 1362 in
1454 1333 1506 1364 hac
1526 1332 1607 1363 Parte
1628 1334 1794 1370 parcendo)
1812 1333 1926 1365 fideliter
1942 1334 2126 1365 Aslidendum
2144 1335 2177 1366 &
2200 1335 2316 1365 Taxan-

1257 1369 1346 1408 dum,
1363 1371 1396 1401 ὃς
1415 1370 1569 1402 Summam
1588 1371 1767 1410 praedictam,
1783 1383 1851 1403 cum
1872 1373 1910 1403 fic
1924 1372 2030 1403 Affessa
2045 1374 2077 1404 &
2095 1373 2203 1404 Taxata
2215 1374 2316 1411 fuerit,

1259 1409 1316 1438 sine
1331 1409 1462 1452 dilatione
1475 1411 1508 1441 ὃ(
1522 1409 1686 1442 difficultate
1698 1410 1788 1449 aliqua
1803 1411 1970 1443 Levandum
1987 1413 2006 1431 ²⁷⁵
2021 1412 2054 1443 δε
2069 1411 2167 1442 Nobis
2182 1412 2211 1442 in
2226 1412 2316 1443 forma
2333 1412 2352 1433 ¹²
2370 1411 2439 1441 vti.

1258 1446 1393 1485 praedicta
1406 1448 1593 1487 mittendum,
2334 1460 2413 1489 545.<

1296 1483 1335 1528 Et
1349 1494 1451 1515 omnes
1462 1486 1495 1517 δε
1509 1486 1629 1526 singulos
1646 1486 1731 1518 Villae
1745 1486 1890 1525 praedietae
1903 1488 1936 1518 &
1950 1487 2158 1519 Suburbiorum
2178 1488 2320 1527 ejusdem,

1259 1532 1307 1562 qui
1320 1522 1398 1554 Bona
1411 1524 1444 1554 &
1457 1523 1563 1555 Catalla
1577 1525 1611 1555 ad
1625 1523 1761 1556 Valorem
1775 1526 1916 1557 dictarum
1930 1526 2039 1565 Viginti
2054 1527 2205 1557 Librarum
2225 1527 2258 1558 δε
2275 1527 2319 1557 ul-

1259 1570 1300 1593 tra
1318 1561 1437 1592 habeant
1449 1584 1460 1600 ,
1483 1563 1531 1602 qui
1552 1563 1587 1594 ad
1609 1562 1788 1594 Solutionem
1803 1564 1961 1603 hujusmodi
1978 1567 2007 1594 in
2020 1565 2112 1595 forma
2130 1564 2262 1602 praedieca
2277 1563 2319 1595 fa-

1260 1599 1390 1632 ciendam
1407 1598 1547 1632 Contrarii
1562 1601 1665 1633 fuerint
1677 1602 1722 1632 seu
1738 1602 1870 1633 Rebelles
1881 1625 1891 1643 ,
1912 1612 1960 1640 per
1975 1602 2228 1633 Incarcerationem
2244 1602 2321 1634 Cor-

1261 1648 1365 1677 porum
1379 1638 1509 1678 suorum,
1527 1649 1560 1670 ac
1573 1639 1710 1671 omnibus
1724 1639 1779 1670 aliis
1796 1641 1848 1670 viis
1868 1641 1901 1671 &
1924 1640 2017 1670 modis
2038 1641 2138 1680 quibus
2154 1641 2253 1672 melius
2267 1650 2322 1679 po-

1262 1677 1350 1708 teritis
1365 1678 1399 1708 &
1413 1677 1572 1717 volueritis,
1587 1678 1722 1716 compelli
1736 1678 1770 1709 δε
1785 1677 1912 1717 distringi
1925 1678 2101 1709 faciendum:

1301 1715 1340 1746 Et
1361 1715 1427 1745 ideo
1449 1715 1540 1747 Vobis
1554 1739 1564 1755 ,
1589 1717 1667 1755 super
1690 1716 1839 1754 Ligeantia
1861 1717 1895 1748 ὃς
1910 1716 2094 1747 Ροτίεῐειὲὶυτει
2107 1718 2239 1748 omnium
2258 1726 2323 1755 quae

1263 1752 1365 1784 Nobis
1384 1753 1544 1785 forisfacere
1564 1755 1690 1792 poteritis
1701 1778 1711 1793 ,
1730 1754 1900 1786 considerata
1915 1755 2041 1795 praesenti
2057 1755 2232 1793 necestitate,
2270 1765 2323 1785 Γε-

1265 1791 1346 1823 missa
1360 1792 1456 1822 omnia
1470 1794 1503 1824 &
1517 1794 1555 1824 sin
1578 1794 1621 1824 ula
1633 1793 1755 1830 faciatis,
1773 1793 1806 1824 &
1820 1794 1994 1832 exequamini
2008 1794 2038 1823 iri
2052 1793 2145 1824 forma
2157 1764 2303 1832 praedigni:

1303 1830 1341 1861 Et
1355 1829 1494 1861 Volumus
1507 1831 1540 1862 ὃ(
1555 1801 1750 1862 ᾗῐοιῃὶῑῑίιῃυε
1763 1854 1773 1870 ,
1789 1831 1866 1876 bona
1881 1831 1936 1862 fide
1950 1854 1960 1870 ,
1977 1831 2056 1870 quod
2069 1831 2227 1869 hujusmodi
2240 1832 2326 1863 Sum*

1267 1878 1315 1900 ma
1328 1868 1526 1900 Ducentarum
1541 1869 1705 1901 Marcarum
1749 1870 1832 1900 nobis
1846 1870 1883 1900 fic
1901 1869 2122 1900 Mutuandarum
2136 1871 2169 1901 ὃ(
2183 1870 2326 1901 solvenda-

1267 1917 1332 1938 rum
1347 1906 1554 1951 ,nHominibus
1575 1909 1658 1940 dietae
1679 1892 1761 1939 Vislae
1782 1909 1818 1938 de
1832 1908 1928 1939 sancto
1942 1908 2105 1948 Botholpho
2125 1909 2158 1938 &
2172 1908 2328 1939 Suburbio—

1267 1946 1693 2016 {irffise'iffiiss'ffissssfflssiisssse
1706 1945 2245 2024 {ibisssffnffiiffiaeiiigffiestff
2254 1957 2327 2023 553:

1267 2023 1360 2062 dieti,
1384 2023 1638 2055 concedendorum
1683 2008 1755 2062 ipsos
1776 2022 1978 2062 Contingens,
2000 2024 2028 2053 in
2052 2023 2180 2054 manibus
2195 2024 2246 2054 suis
2259 2033 2327 2064 pro-

1268 2062 1334 2101 priis
1347 2062 1512 2100 retineatur,
1530 2063 1563 2093 &
1578 2064 1616 2093 eis
1628 2046 1663 2093 aci
1677 2061 1847 2104 scaccarium
1860 2061 1992 2092 nostrum
2005 2061 2154 2092 allocetur:

1307 2100 1419 2130 Damus
1431 2109 1526 2131 autem
1540 2102 1669 2132 universis
1683 2101 1716 2131 &
1729 2099 1839 2139 lingulis
1854 2099 2029 2130 Hominibus
2045 2099 2128 2130 Villae
2142 2099 2327 2137 praedietae&

1270 2138 1478 2170 Suburbiorum
1493 2139 1615 2177 ejusdem
1628 2163 1638 2178 ,
1658 2139 1708 2169 sub
1728 2137 1914 2169 Forisfac‘tura
1928 2138 2005 2169 Vitae
2021 2139 2053 2169 ὃ(
2073 2137 2276 2169 Membrorum
2295 2139 2329 2170 &

1269 2177 1403 2208 omnium
1424 2177 1542 2208 aliorum
1563 2188 1628 2216 quae
1648 2176 1746 2207 Nobis
1766 2177 1924 2207 forisfacere
1946 2184 2103 2214 poterunt,
2120 2176 2237 2207 Tenore
2250 2175 2330 2206 Prae-

1270 2216 1389 2246 sentium
1403 2238 1413 2253 ,
1430 2214 1545 2246 firmiter
1569 2218 1597 2247 in
1615 2216 1760 2255 praeceptis
1779 2215 1859 2254 quod
1881 2214 1990 2253 Vobis,
2009 2215 2042 2245 &
2055 2215 2168 2245 cuilibet
2184 2213 2330 2253 vestrum,

1272 2254 1303 2284 in
1329 2253 1504 2284 Executione
1525 2256 1657 2286 omnium
1677 2254 1710 2286 δε
1728 2252 1903 2292 ungulorum
1926 2252 2133 2293 praemifforum
2147 2276 2157 2292 ‚
2179 2252 2332 2290 obediant,

1271 2300 1399 2331 pareant,
1416 2292 1450 2322 δε
1464 2293 1618 2325 intendant.

1308 2330 1533 2409 Iniziilg'Rggge
1546 2369 1619 2409 apud
1631 2369 1889 2411 Westmonasterium
1901 2370 1964 2401 xxii
1978 2369 2024 2401 die
2039 2369 2218 2408 Septembris.

1731 2450 1785 2478 Per
1797 2447 1880 2487 ipfirm
1892 2449 1988 2485 Regem
2002 2444 2040 2481 ό
2049 2445 2200 2477 Concilium.

1384 2593 1433 2625 De
1450 2588 1659 2638 Herbergatiis
1671 2588 1864 2636 providendis
1883 2599 1939 2635 pro
1957 2590 2107 2621 excercitu
2126 2588 2224 2632 Regis.

1278 2679 1333 2733 R
1344 2674 1409 2706 EX
1429 2674 1534 2714 Majori
1550 2675 1582 2706 &
1601 2673 1830 2705 Vicecomitibus
1843 2672 2003 2703 Londoniae
2019 2672 2152 2703 Salutem.
2352 2671 2426 2703 Ann.
2443 2671 2484 2702 D.

1393 2715 1470 2753 Quia
1485 2724 1537 2752 pro
1558 2722 1638 2744 certo
1649 2713 1798 2743 didicimus
1813 2712 1892 2750 quoii
1907 2710 2024 2741 Karolus
2044 2709 2233 2755 Adverfiaritfs
2251 2707 2338 2748 noster
2374 2711 2459 2749 1386.

1276 2756 1397 2783 Franciae
1413 2775 1422 2791 ,
1439 2753 1471 2783 δε
1495 2752 1610 2789 Alligati
1625 2752 1662 2782 sui
1677 2774 1686 2789 ,
1704 2761 1737 2781 ac
1753 2751 1795 2781 alii
1815 2752 1862 2780 sibi
1876 2749 2062 2787 adhaerentes,
2080 2754 2224 2788 aggregata
2242 2746 2335 2777 secum
2351 2753 2404 2777 An.
2424 2759 2465 2776 io.

1277 2791 1407 2823 Potentia
1425 2791 1456 2821 ὃ(
1473 2790 1649 2821 multitudine
1667 2789 1791 2819 maxima
1806 2789 2004 2825 Armatorum,
2023 2787 2113 2818 versus
2129 2787 2265 2824 Regnum
2284 2794 2336 2814 no-
2352 2792 2380 2815 R.
2403 2797 2429 2815 2.

1278 2830 1365 2861 strum
1389 2829 1503 2866 Angliae
1516 2853 1526 2867 ,
1544 2839 1612 2860 cum
1628 2828 1815 2858 Ordinatione
1830 2824 1969 2864 inaudita,
1986 2826 2011 2855 se
2028 2825 2194 2863 disponunt,
2213 2823 2248 2853 ad
2268 2823 2336 2853 Nos
2352 2825 2485 2861 clausio.

1279 2870 1312 2900 &
1336 2867 1472 2898 Reonum
1493 2867 1620 2898 nostrum
1644 2876 1711 2896 cum
1731 2867 1811 2895 omni
1825 2865 1963 2895 celeritate
1976 2863 2114 2893 hostiliter
2128 2861 2336 2898 invadendum,
2354 2868 2382 2891 R.
2404 2874 2428 2890 2.

1279 2909 1313 2938 δε
1333 2906 1367 2937 ad
1383 2893 1529 2944 'Linguam
1554 2905 1738 2943 Anglicanam
1756 2902 1969 2933 Destruendum
1982 2902 2016 2932 &
2029 2900 2272 2938 Subvettendum,
2289 2899 2340 2930 nisi
2355 2910 2427 2937 m.4.
2439 2900 2467 2929 d.

1281 2954 1381 2975 eorum
1396 2944 1515 2974 Malitiae
1532 2944 1636 2973 virilius
1651 2941 1804 2979 resistatur,
2186 2978 2190 2982 ·

1319 2982 1373 3013 Per
1394 2982 1472 3020 quod
1493 2981 1692 3012 Mandavimus
1714 2981 1770 3010 tam
1794 2977 1924 3009 universis
1945 2978 1979 3009 &
1992 2977 2100 3017 singulis
2114 2976 2260 3014 Ducibus,
2278 2975 2343 3020 Co-

1283 3022 1414 3059 mitibus,
1432 3020 1599 3058 Batonibus,
1618 3029 1650 3050 ac
1665 3020 1720 3049 aliis
1733 3017 1868 3048 Dominis
1880 3017 1948 3047 dieti
1965 3017 2058 3054 Regni
2072 3015 2160 3046 nostri
2175 3038 2185 3053 ,
2202 3013 2288 3058 quod·
2300 3025 2343 3052 ip-

1282 3060 1320 3098 si,
1335 3070 1403 3091 cum
1427 3061 1484 3089 rota
1500 3058 1663 3088 Retinentia
1684 3057 1746 3094 sua,
1762 3058 1847 3095 quam
1869 3055 2076 3093 quampluribus
2096 3055 2154 3085 aliis
2166 3054 2344 3084 Hominibus

1283 3100 1317 3129 ad
1338 3108 1433 3135 arma,
1448 3097 1625 3133 Hobeiariis,
1643 3096 1676 3126 &
1690 3095 1840 3134 Sagittariis
1851 3117 1861 3132 ,
1879 3093 1988 3123 fortiori
2013 3093 2101 3123 modo
2120 3102 2178 3132 quo
2193 3099 2341 3132 poterunt,

1284 3147 1368 3175 penes
1389 3135 1538 3166 Personam
1559 3133 1683 3164 nostram
1697 3157 1707 3169 ,
1728 3142 1796 3163 cum
1817 3133 1899 3163 omni
1918 3132 2094 3162 festinatione
2117 3130 2172 3168 qua
2193 3138 2342 3172 poterunt,

1285 3176 1332 3205 tali
1352 3173 1509 3205 neceffitate
1528 3173 1668 3209 causante,
1689 3171 1792 3210 Equis,
1812 3171 1905 3200 Armis
1927 3171 1959 3200 δε
1980 3170 2133 3199 Armaturis
2154 3176 2343 3208 competenti-

1286 3214 1336 3244 bus
1357 3212 1523 3243 sufficienter
1547 3211 1661 3241 Arraiati
1679 3212 1711 3242 δ(
1730 3209 1856 3246 Muniti,
1873 3207 1906 3237 ad
1926 3207 2081 3238 Civitatem
2103 3207 2226 3236 nostram
2240 3206 2342 3272 praedi—

1285 3253 1361 3283 <fitam
1376 3251 1400 3281 se
1414 3250 1540 3288 trahunt,
1562 3249 1602 3279 Ita
1621 3248 1699 3287 quod
1714 3248 1764 3278 sint
1782 3248 1906 3284 ibidem,
1922 3246 1955 3276 ad
1971 3245 2084 3276 Festum
2097 3245 2191 3275 Sancti
2212 3244 2235 3273 Ι»
2252 3243 2344 3285 ichae-

1285 3291 1332 3329 lis,
1373 3291 1483 3319 roximo
1500 3288 1641 3324 futurum,
1659 3287 1692 3316 ad
1707 3287 1854 3323 ultimum,
1873 3285 1908 3315 ad
1924 3281 2341 3325 Proficii'ceiiduniNobiscum

1288 3330 1317 3359 iri
1359 3328 1473 3358 'xercitu
1496 3325 1592 3356 nostro
1613 3333 1711 3355 contra
1731 3325 1823 3354 diebos
1843 3322 1951 3352 Hostes
1970 3321 2078 3364 nostros
2090 3344 2100 3359 ,
2114 3321 2147 3351 ad
2163 3323 2233 3363 iplos
2248 3342 2257 3356 ,
2271 3328 2342 3349 cum

1288 3366 1346 3397 Dei
1361 3366 1499 3404 adjutorio
1513 3387 1522 3402 ‚
1542 3363 1750 3394 Debellandum
1765 3386 1774 3402 ,
1794 3363 1826 3394 ὅς
1840 3370 1939 3392 eorum
1954 3360 2096 3390 Malitiam
2111 3357 2344 3398 Repi‘imendum

1289 3407 1322 3437 &
1337 3404 1559 3444 Repellendum,

1325 3443 1359 3474 N
1362 3453 1411 3481 03>
1968 3475 1973 3480 .
2013 3474 2018 3479 .
2123 3474 2128 3478 .
2173 3473 2177 3478 .

1327 3482 1459 3513 Volentes
1478 3477 1556 3516 quod
1578 3477 1724 3508 Exercitus
1741 3476 1855 3512 noster,
1880 3485 1913 3505 ac
1939 3474 2020 3513 Liger
2042 3472 2130 3518 nostri
2143 3497 2155 3516 ,ἦ
2171 3473 2235 3503 rlluc
2255 3472 2292 3503 sic
2310 3471 2346 3502 de

1290 3520 1432 3550 Mandato
1454 3516 1551 3547 nostro
1572 3517 1713 3546 venientes
1734 3515 1899 3552 (videlicet)
1927 3512 2125 3550 Unusquisque
2149 3520 2222 3548 luXta
2237 3510 2347 3541 Statum

1289 3559 1372 3589 suum
1394 3557 1491 3595 aptiori
1510 3554 1598 3584 modo
1618 3564 1677 3593 quo
1693 3563 1823 3591 poterunt
1837 3575 1846 3589 ,
1865 3561 1953 3593 prope
1966 3550 2120 3592 Civitatem
2139 3549 2263 3593 nostram
2277 3559 2348 3586 prae-

1289 3598 1396 3628 dietam
1419 3594 1611 3631 hospitentur,
1626 3593 1659 3623 &
1680 3594 1717 3622 eis
1736 3592 1771 3622 de
1793 3589 1963 3621 Victualibus
1981 3589 2013 3619 δε
2036 3589 2092 3619 aliis
2108 3587 2277 3618 Neccilari-is
2294 3596 2348 3626 pro

1289 3645 1391 3665 eorum
1406 3632 1534 3663 Denariis
1547 3631 1745 3661 rationabiliter
1764 3629 1899 3659 serviatur.
2270 3663 2274 3667 .
2306 3663 2311 3668 ¹

1327 3673 1366 3703 Et
1387 3671 1414 3701 id
1436 3670 1513 3709 quod
1535 3669 1569 3700 ad
1590 3668 1814 3706 Rempublicam
1829 3667 1973 3704 pertinet,
1991 3674 2048 3702 prae
2061 3665 2184 3702 caeteris,
2198 3662 2288 3694 oculis
2303 3673 2348 3693 in-

1291 3719 1416 3748 tuenteS‚
2114 3740 2118 3744 ⁴

1330 3749 1378 3779 De
1397 3746 1567 3778 avisamento
1587 3744 1785 3775 Dominorum
1799 3766 1808 3780 ,
1827 3741 2014 3780 Magnatum,
2031 3742 2066 3782 ὃς
2083 3739 2254 3783 'ahorumde
2267 3737 2351 3769 Con-

1293 3788 1360 3818 cilio
1381 3786 1478 3817 nostro
1497 3784 1687 3813 ordinavimus
1707 3781 1788 3820 quod
1805 3782 1977 3819 quicumque
1998 3778 2190 3822 Hoipitatores
2203 3782 2259 3808 iive
2272 3777 2349 3822 Her-

1293 3827 1482 3864 bergeatores‚
1499 3831 1690 3861 quorumcum
1711 3830 1746 3850 ue
1772 3818 1970 3860 Dominorum
1987 3817 2082 3855 Regni
2104 3816 2191 3845 nostri
2207 3815 2353 3854 praediffi,

1294 3874 1326 3895 ac
1348 3863 1568 3903 Capit-aneorum
1583 3882 1593 3897 ,
1612 3859 1668 3889 sive
1721 3858 1854 3896 uotorum
1878 3856 2039 3886 Hominum
2061 3855 2095 3884 ad
2110 3864 2201 3898 arma,
2219 3855 2353 3885 Armato-

1295 3912 1376 3940 rum,
1393 3902 1425 3932 ὃς
1441 3899 1652 3937 Sagittariorum
1668 3897 1718 3927 sint
1730 3896 1765 3926 ad
1778 3894 1933 3926 Civitatem
1950 3893 2074 3923 nostram
2089 3893 2352 3936 praedietam,apud

1296 3940 1458 3978 Hospitium
1479 3939 1587 3966 Comitis
1609 3933 1768 3974 Marefialli
1782 3956 1792 3971 ,
1809 3934 1838 3963 in
1861 3934 1934 3964 Vico
1956 3940 2059 3975 vocato
2079 3931 2103 3961 la
2120 3930 2245 3969 Roperie
2262 3955 2272 3969 ,
2286 3934 2355 3969 ejul-

1296 3978 1363 4009 dem
1379 3975 1523 4012 Civitatis,
1541 3973 1611 4003 infra
1634 3973 1717 4004 octo
1729 3973 1787 4003 dies
1798 3973 1813 4001 a
1829 3972 1903 4002 Data
1916 3969 2097 4000 Praeientium
2107 3991 2116 4006 ‚
2132 3970 2166 3999 ad
2181 3969 2334 4007 petendum
2344 3991 2354 4006 ,

1298 4018 1331 4048 δε
1347 4012 1540 4053 recipiendum
1554 4014 1568 4042 a
1581 4011 1697 4049 praefato
1707 4010 1873 4041 Marescallo
1885 4008 2108 4047 Herbergagium
2120 4007 2176 4039 sive
2187 4007 2353 4047 Hospitium

1298 4064 1351 4093 pro
1366 4052 1502 4086 Dominis
1514 4051 1548 4083 ὃς
1566 4048 1710 4090 Magistris
1722 4050 1774 4082 suis
1767 4070 1791 4117 ἐ
2314 4079 2354 4111 Et
