2561 4251
699 164 812 210 ET
895 171 1163 212 ACTA

144 258 232 320 ET
252 256 416 288 mandatum
437 254 478 285 est
499 254 641 285 Militibus
655 277 665 293 ,
684 254 794 286 Liberis
810 255 1005 295 Hominibus,
1023 257 1056 287 &
1070 257 1205 288 omnibus

220 296 277 327 aliis
289 293 464 325 Tenentibus
477 293 513 323 de
529 293 697 332 Episcopatu
712 295 866 332 praedicto,
888 294 967 332 quod
980 295 1072 325 eidem
1086 296 1203 334 lemae,

7 339 61 367 aiv.
83 347 107 374 3.
141 344 274 374 tanquam
294 333 436 370 Episcopo
456 333 488 363 &
504 332 636 362 Domino
657 333 723 371 sut),
742 334 771 363 in
785 335 933 372 omnibus,
957 344 1021 371 quoe
1036 333 1070 363 ad
1084 334 1202 372 Episco-

141 384 239 412 patum
252 371 421 410 praedffium
434 372 591 410 pertinent,
610 370 788 403 Intendentes
802 373 852 403 lint
867 373 900 403 ὃς
914 372 1127 412 Respondentes
1135 396 1146 412 ,

179 412 214 444 In
229 411 324 448 cujus,
343 410 404 440 &c.

214 447 304 496 Teste*
316 456 347 478 ut
361 448 448 487 supra.

7 261 70 302 &pn-
85 257 127 290 D.

7 305 102 357 5¹3⁷4'

825 489 878 516 Per
891 487 973 526 szicm
987 489 1091 524 Regem.

464 618 523 648 Pro
536 617 668 649 Hem-ico
685 614 722 648 de
737 616 884 662 Douglaes.

7 719 61 756 &nn
86 722 117 752 D
143 702 271 763 REX
290 706 350 736 &c.
371 703 505 734 Salutem.

36 771 46 781 ,
65 747 70 752 “
118 744 126 752 ’
235 744 333 774 Sciatis
345 742 424 780 quod
433 765 443 780 ,

17 770 99 827 ¹27⁴&
179 780 260 813 Cum
280 783 413 810 Henricus
433 781 466 810 de
485 780 606 818 Douglas
621 804 631 819 ,
648 780 684 811 de
699 781 795 812 Scotia
810 781 961 821 Chivaler,
979 782 1050 812 infra
1064 782 1203 820 Regnum

7 806 45 850 aa.
59 811 77 836 4
100 820 106 827 ‘
141 820 270 851 nostrum
292 819 405 858 Angliae
419 842 428 856 ,
452 830 486 850 36
511 819 684 850 Dominium
705 821 739 850 &
762 821 935 851 Potestatem
947 822 1059 858 nostra,
1078 822 1136 851 tam
1152 831 1203 859 per

45 849 70 875 3'
142 858 264 889 Terram
279 879 292 895 ,
315 858 400 895 quam
420 868 470 895 per
491 858 577 889 Mare
589 882 598 896 ,
625 868 694 888 cum
707 858 816 895 Viginti
831 858 1023 889 Familiaribus
1037 859 1204 897 Equitibus,

8 885 58 934 ,ω’
77 877 124 943 ‘283
140 896 174 927 ad
194 895 347 935 gloriosum
372 896 524 927 Martirem
543 900 662 926 Beatum
675 895 805 925 Thomam
820 896 1057 936 Cantuarienfi’m,
1076 898 1110 928 ὃς
1123 898 1201 936 alibi,

8 936 16 943 ⁴
43 925 55 953 3
117 936 122 942 '
140 944 224 973 prout
239 935 289 965 fibi
303 935 452 974 placuerit,
471 936 584 974 peregre
600 935 791 973 profecturus,
811 935 942 967 Licentia
953 935 1051 967 nostra
1071 935 1201 967 median-

8 972 24 982 ''
140 982 186 1012 te,
202 974 299 1004 venire
310 974 464 1011 proponat,

177 1012 244 1042 Nos
262 1010 321 1046 &c.
340 1019 372 1040 ut
386 1015 415 1040 in
431 1009 566 1040 Similibus
580 1011 612 1040 de
626 1012 762 1041 Condud‘t'u
776 1015 888 1042 Literir.

177 1049 210 1080 In
226 1051 319 1087 cajus,
338 1050 398 1080 &c.
417 1059 467 1087 per
481 1059 572 1079 unum
589 1060 695 1080 annum
710 1051 860 1080 duraturas.
1073 1079 1079 1086 ,

213 1088 304 1120 Teste
317 1087 401 1126 Rege
413 1087 487 1125 apud
503 1087 810 1128 Westmonasterium,
828 1090 885 1120 xvi.
905 1089 951 1120 die
966 1088 1050 1119 Maii.

143 1216 192 1248 De
208 1210 449 1260 Y‘emporalibus,
475 1213 673 1247 renunciando
691 1217 727 1252 ὠ
747 1217 858 1247 Gratia:
879 1216 964 1260 Regis
975 1212 1199 1259 fizbmittendo,

390 1261 615 1309 Archiepifiopo
634 1261 767 1295 Eborum
788 1261 959 1296 liberandis.

211 1346 236 1378 E
247 1346 277 1378 X
286 1371 296 1387 ,
313 1314 480 1379 1311661ἔᾶ
492 1346 567 1378 fideli
580 1348 644 1385 suo,
665 1347 813 1378 Willielmo
826 1349 858 1378 de
872 1346 900 1377 la
909 1347 984 1386 Vale,
999 1347 1140 1379 Escaetori
1154 1347 1203 1379 suo

218 1388 246 1416 in
259 1387 450 1417 Coniitatibus
465 1385 596 1417 Eborum
612 1387 645 1417 &
656 1387 899 1425 Northumbriae,
917 1387 1051 1417 Salutem.

7 1353 125 1386 ssnn.D.
145 1348 195 1403 R

37 1403 46 1413 Ἰ
55 1403 69 1414 Ὗ
76 1410 78 1413 v

9 1403 106 1467 111ῗῇ
182 1423 263 1455 Cum
288 1424 432 1455 Dominus
452 1425 575 1455 summus
597 1424 732 1455 Pontifex
745 1448 755 1463 ,
772 1435 861 1463 nuper
876 1434 993 1456 vacante
1007 1423 1131 1455 Ecclesia
1145 1423 1204 1454 Ca-

9 1476 23 1498 ;.
47 1480 72 1507 3.
142 1458 259 1494 thedrali
274 1464 346 1494 beati
354 1463 430 1494 Petri
445 1462 576 1494 Eborum
590 1473 638 1507 per
654 1473 793 1508 mortem,
811 1465 897 1493 bonae
912 1465 1077 1506 memoriae,
1095 1463 1204 1501 Johan-

0 1508 108 1543 2÷at.48.
142 1508 201 1539 nis,
220 1501 309 1531 ultimi
321 1501 517 1541 Archiepifiopi
532 1503 608 1532 1.,061
623 1502 707 1540 1111113,
726 1502 819 1532 eidem
833 1502 966 1531 Eccleliae
979 1502 1032 1539 de,
1052 1502 1203 1532 Reveren-

143 1542 183 1573 do
197 1539 286 1578 Viro,
303 1540 469 1570 Alexandro
494 1540 723 1578 ElecIaEborum
737 1563 747 1578 ,
773 1549 841 1570 tunc
861 1540 981 1578 ejusdem
995 1540 1132 1570 Ecclefiae
1147 1539 1205 1570 Ca-

144 1581 252 1612 nonico
267 1601 277 1617 ,
303 1578 457 1616 providerit
470 1602 479 1616 ,
498 1580 631 1616 &ipsum
646 1580 674 1608 in
691 1577 944 1616 Archiepiscopum
959 1578 1034 1609 Loci
1048 1579 1119 1609 illius
1135 1589 1206 1617 prae-

144 1619 244 1650 fecerit
262 1619 295 1649 &
314 1616 458 1651 Pastorem
473 1640 482 1655 ,
506 1617 575 1647 ficut
596 1627 645 1654 per
668 1617 785 1647 Litteras
810 1616 927 1647 Bullatas
941 1640 950 1656 ,
977 1617 1058 1655 ipsius
1079 1617 1204 1648 Domini

143 1657 257 1690 Summi
278 1655 441 1694 Pontificis,
458 1655 558 1686 Nobis
573 1655 640 1686 inde
654 1655 788 1694 (11166133,
804 1656 887 1686 nobis
901 1654 1029 1694 constat,

181 1696 251 1727 Nos

179 1734 239 1764 Pro
259 1717 298 1763 ³eo
321 1731 401 1770 quod
415 1731 492 1763 idem
510 1731 749 1770 Archiepiscopus
764 1732 897 1763 omnibus
910 1733 944 1763 &
958 1733 1070 1770 lingulis
1085 1733 1204 1772 Verbis,

32 1800 37 1805 ,
141 1770 240 1804 Nobis
255 1772 288 1802 &
308 1770 436 1802 Coronae
448 1770 552 1801 nostrae
566 1771 819 1809 praejudicialibus,
836 1772 865 1800 in
878 1770 960 1801 dietis
977 1771 1077 1802 Literis
1095 1772 1206 1802 Bullatis

0 1835 1 1850 ¹
23 1814 36 1827 *⁴
55 1831 57 1833 -
141 1810 300 1847 contentis,
319 1819 418 1840 coram
433 1810 516 1839 nobis
531 1809 656 1846 Sponte,
675 1810 786 1848 palam,
804 1811 837 1841 ὃς
854 1810 980 1849 expresse
994 1810 1202 1849 Renunciavit,

0 1855 28 1884 i·¹
43 1854 65 1873 ”“-
141 1851 175 1881 &
195 1849 289 1888 gratiae
307 1848 410 1878 nostrae
433 1848 576 1878 humiliter
598 1848 625 1878 se
639 1848 781 1887 submisit,
799 1848 934 1880 Volentes
948 1858 1018 1879 cum
1032 1848 1135 1879 eodem
1151 1849 1205 1880 Ar-

0 1889 1 1917 l
59 1899 64 1903 ·
142 1888 325 1925 chiepiscopo
338 1895 419 1923 agere
434 1886 575 1924 gratiose,

0 1927 1 1932 ’
180 1925 317 1963 Cepimus
341 1923 517 1955 Fidelitatem
537 1924 619 1962 ipfius
644 1923 855 1964 Archiepiscopi
869 1949 879 1963 ,
905 1926 939 1956 &
952 1925 1135 1963 Temporalia
1149 1925 1206 1956 Ar-

145 1960 366 2031 chiepiscofiatsis
379 1962 524 2002 praedicti,
542 1973 611 1994 cum
625 1964 812 2003 pertinentiis,
830 1972 916 2005 prout
928 1965 1015 1994 moris
1034 1964 1094 2003 est,
1112 1964 1206 1995 Resti-

145 2011 247 2033 tuimus
261 2011 286 2031 ei
307 2011 368 2031 em·

182 2040 219 2071 Et
249 2039 315 2070 ideo
342 2025 416 2069 's'ibi
443 2040 622 2077 praecipimus
645 2039 725 2078 quod
746 2040 838 2071 eidem
861 2040 1085 2079 Archiepiscopo
1105 2043 1205 2073 omnia

143 2077 328 2116 Temporalia
342 2078 605 2115 Archiepiscopatfis
618 2079 742 2115 praedicti
757 2102 767 2117 ,
786 2089 854 2110 cum
869 2080 1057 2118 pertinentiis,
1076 2081 1106 2109 in
1123 2079 1204 2110 Balli-

143 2127 179 2150 va
194 2127 255 2155 tua,
273 2117 372 2146 liberes
384 2116 523 2146 Habenda
542 2118 570 2146 in
585 2117 678 2147 forma
692 2119 842 2156 praedirfta,
860 2118 936 2148 salvo
948 2118 1010 2155 jure
1026 2118 1182 2157 cujussibet.

181 2155 270 2187 Teste
281 2155 364 2194 Rege
375 2154 449 2192 apud
462 2155 750 2186 Westmonasterium
758 2180 768 2196 ,
786 2157 862 2187 sexro
875 2157 921 2186 die
932 2155 1019 2195 Junii.

9 1552 80 1584 2134>
103 1557 126 1575 1.

9 1595 30 1614 2.
48 1595 90 1623 13.

0 2228 2 2272 l
833 2234 888 2262 Per
901 2231 985 2272 ipficm
995 2236 1100 2271 Regem.

196 2307 363 2339 Confimilia
383 2307 482 2338 Brevia
501 2307 658 2376 diriguntug
677 2307 849 2376 lsubscriptis,
869 2308 919 2340 sub
942 2309 1041 2340 eadem
1057 2309 1149 2349 Data,

609 2357 638 2378 vi
660 2356 759 2386 ercet,

179 2423 286 2453 Thomae
301 2423 333 2453 de
349 2422 472 2462 Illeslon,
492 2423 631 2454 Escaetori
647 2423 696 2453 suo
711 2425 740 2454 in
755 2423 901 2454 Comitatu
916 2424 1118 2456 Middelsexiae.

153 2467 156 2471 ’
179 2461 320 2500 Radulpho
333 2463 365 2490 de
377 2462 494 2499 Thresk,
513 2461 653 2492 Escaetori
667 2463 716 2492 suo
732 2466 760 2492 in
777 2462 928 2493 Comitatu
945 2463 1115 2494 Lincolniae.

179 2499 309 2539 Johanm'
320 2501 453 2538 Foucher,
472 2500 615 2530 Escaetori
630 2501 678 2531 suo
694 2502 723 2530 in
737 2500 886 2532 Comitatu
901 2502 937 2532 N
939 2502 1132 2541 otinghamiae.

152 2538 155 2540 ’
179 2537 308 2578 Johamzi
323 2547 358 2577 ap
372 2541 452 2577 Rees,
469 2538 611 2569 Escaetori
626 2540 675 2570 suo
692 2541 721 2569 in
734 2539 885 2571 Comitatu
900 2539 1100 2572 Gloucestriae.

146 2615 235 2676 ET
261 2613 425 2645 mandatum
447 2614 488 2645 est
510 2614 653 2645 Militibus
666 2638 675 2653 ,
695 2616 804 2647 Liberis
819 2616 1012 2655 Hominibus,
1031 2619 1064 2649 &
1076 2618 1209 2648 omnibus

224 2653 297 2691 aliis,
314 2653 495 2684 Tenentibus
515 2653 551 2684 de
575 2655 825 2693 Archiepil'copatu
847 2655 997 2694 Eborum,
1017 2656 1097 2695 quod
1114 2657 1207 2687 eidem

144 2691 304 2722 Alexandro
315 2717 323 2729 ,
343 2700 473 2730 tanquam
489 2693 712 2732 Archiepiscopo
727 2695 760 2725 &
777 2693 912 2724 Domino
925 2694 993 2732 suo,
1013 2696 1041 2724 in
1057 2696 1207 2733 omnibus,

145 2739 209 2766 quae
228 2731 261 2760 ad
283 2731 566 2768 Archiepiseopatum
590 2732 759 2769 praedictum
778 2734 939 2771 pertinent,
961 2733 1141 2764 Intendentes
1154 2733 1206 2764 sint

146 2769 179 2799 δε
194 2767 414 2805 Respondentes.

182 2805 217 2836 In
231 2807 325 2844 cuius,
344 2807 404 2836 &c.

220 2843 310 2875 Teste
326 2853 357 2874 ut
372 2845 458 2882 supra.

150 2921 168 2941 ’Ψ
246 2921 277 2951 Τ
304 2920 466 2951 mandatum
481 2919 522 2950 est
538 2919 668 2958 Johanni
681 2920 711 2949 de
727 2921 844 2960 Nevill,
866 2922 1005 2961 Magistro
1027 2924 1157 2963 Johanni
1175 2925 1208 2954 de

262 2960 414 2990 Branketre
436 2959 620 2989 Thesaurario
629 2959 765 2989 Ecclesiae
779 2961 852 2990 beati
866 2961 941 2991 Petri
956 2962 1086 2994 Eborum
1095 2965 1145 3002 ,&
1159 2967 1209 2993 Ri-

147 2997 227 3028 cardo
240 2998 271 3028 cle
286 2998 390 3028 Theren
404 2982 536 3035 Olerico,
545 2997 624 3036 quod
636 2998 756 3041 praefato
771 2998 995 3038 Archiepiscopo
1010 3003 1208 3033 omniaTem-

145 3037 249 3074 poralia
273 3035 534 3074 Archiepiscopatfis
553 3037 682 3073 [οῖ-«16111611
698 3061 707 3074 ,
732 3047 800 3067 cum
815 3041 1003 3079 pertinentiis,
1022 3051 1086 3078 quie,
1101 3043 1129 3071 in
1146 3040 1209 3072 Cu·-

146 3074 237 3104 stodia
257 3075 302 3105 sua
324 3085 358 3105 ex
382 3074 594 3105 Commiffione
618 3074 706 3114 Regis
726 3076 848 3108 existunt
860 3102 870 3115 ,
895 3078 1012 3109 liberent
1032 3079 1159 3111 habenda
1178 3081 1207 3110 in

147 3113 240 3156 forma
253 3114 401 3153 praedic'ffia,
417 3113 485 3146 Vult
500 3115 578 3145 enim
592 3113 657 3144 Rex
672 3115 744 3153 ipsos
756 3117 822 3146 inde
839 3126 903 3156 erga
912 3118 1002 3155 ipsum
1012 3118 1125 3158 Regem
1140 3128 1208 3150 exo-

147 3160 244 3180 neran.

185 3188 276 3219 Teste
290 3198 320 3219 ut
333 3187 419 3227 supra.

19 2933 133 2971 v11.38.

842 3234 895 3262 Per
910 3231 991 3273 ipfism
1003 3236 1106 3272 Regem.

254 3360 350 3404 Super
367 3360 514 3391 Financia
535 3369 626 3406 nuper
641 3359 755 3393 David
768 3359 804 3393 de
821 3363 913 3410 Bruys
928 3365 1105 3410 recipt'ena'a.

20 3444 79 3475 im.
91 3445 130 3477 D.

21 3493 115 3559 tiit.

150 3440 230 3503 LE
247 3441 316 3481 Roy
339 3451 356 3472 a
368 3464 377 3477 ‚
400 3451 459 3472 noz
478 3443 574 3474 cheres
593 3444 627 3475 &
649 3443 734 3474 foialx
747 3467 757 3482 ‚
783 3444 897 3475 Thomas
916 3448 949 3477 de
968 3448 1119 3486 Mufigrave
1133 3449 1208 3480 Gar-

229 3479 301 3523 deyn
316 3504 325 3518 ,
350 3480 449 3547 {ohan
467 3481 499 3520 de
519 3481 635 3511 Boulton
653 3482 866 3521 Chamberleyn
880 3509 890 3523 ,
914 3485 950 3516 de
972 3487 1068 3517 nostre
1085 3488 1158 3518 Ville
1170 3489 1207 3519 de

152 3518 284 3549 Berwick
298 3518 341 3548 sui·
388 3518 485 3558 wede,
504 3520 596 3560 Aleyn
610 3519 655 3550 del
664 3521 787 3551 Strother
803 3521 924 3555 Viscont
944 3525 980 3555 de
998 3525 1208 3566 Rokesburgh,

153 3557 215 3626 &Sa
228 3557 324 3626 nlostre
340 3556 457 3588 Viscont
470 3557 505 3588 de
518 3558 552 3588 N
554 3559 740 3598 orthumbre,
759 3560 862 3592 Salutz..

209 3606 242 3626 ac
265 3605 299 3625 ez
314 3603 385 3633 que,

170 3632 173 3635 ’
191 3633 295 3665 Come
310 3633 398 3664 Nous
422 3634 502 3664 eions
525 3634 647 3673 affignez
661 3658 671 3672 ,
689 3646 738 3674 par
751 3646 810 3668 noz
828 3637 939 3669 Lettres
954 3638 1098 3678 Parentes,
1116 3641 1212 3673 nostre

153 3671 218 3703 bien
243 3673 335 3703 Amee
349 3695 359 3711 ,
379 3671 506 3702 William
521 3673 552 3701 de
569 3673 703 3713 Beaufi’ye
717 3675 930 3715 deNombrer,
948 3677 1211 3718 Compter,Trier,

152 3707 185 3740 &
207 3711 302 3741 Poiser
315 3734 324 3748 ,
349 3721 402 3750 pur
424 3710 512 3740 Nous
528 3734 537 3749 ,
562 3712 595 3741 &
615 3721 650 3741 en
668 3712 762 3743 nostre
777 3713 888 3753 Noun,
907 3725 941 3745 en
956 3716 1052 3746 nostre
1064 3718 1121 3747 dite
1137 3718 1211 3749 Ville

152 3748 189 3778 de
202 3748 348 3788 Berwick,
367 3749 476 3787 Qiatte
489 3748 586 3779 Milles
600 3748 695 3780 Mares
710 3751 906 3791 d’Esterlinges
927 3753 964 3783 de
978 3755 1072 3786 nostre
1085 3755 1210 3788 Monoie

151 3785 364 3826 d’Engleterre,
381 3798 419 3817 ou
435 3787 480 3817 Or
490 3797 529 3817 ou
544 3787 656 3824 Argent
669 3798 684 3817 a
697 3789 722 3818 la
735 3790 828 3828 value,

189 3824 246 3855 Lui
270 3826 356 3864 quiels
371 3851 381 3864 ,
407 3826 443 3856 lui
466 3826 627 3856 Tresnoble
645 3827 679 3857 &
699 3827 825 3866 Puzffiznt
846 3830 941 3859 Prince
954 3854 964 3868 ‚
979 3830 1096 3870 Robert,
1115 3833 1210 3864 nostre

153 3861 238 3893 chere
252 3862 368 3903 Cousyn
383 3864 510 3902 d'Ecoce,
531 3865 618 3894 Nous
632 3864 693 3894 doit
707 3867 780 3902 paier
795 3876 810 3896 3
831 3866 907 3897 ceste
920 3867 1066 3906 pr'oschein
1081 3871 1163 3901 Feste
1175 3873 1212 3903 de

150 3900 332 3938 SeintJohan
347 3903 371 3932 le
386 3902 537 3942 Baptistre,
555 3913 590 3932 en
604 3902 787 3941 Dedutftion,
806 3904 917 3944 Rebar,
936 3907 968 3937 &
983 3907 1074 3938 Partie
1087 3909 1122 3939 de
1137 3912 1211 3947 paie-

151 3948 231 3970 ment
245 3938 282 3968 de
295 3940 422 3978 Qarant
438 3942 535 3972 Milies
550 3941 664 3979 Mares,
683 3952 776 3980 queux
791 3943 880 3973 Nous
890 3944 953 3975 sont
967 3946 1120 3978 clerement
1136 3949 1209 3980 duez

149 3978 185 4008 de
202 3977 226 4006 13
241 3977 361 4008 Somme
374 3979 410 4009 de
423 3979 612 4019 Cyncquante
629 3981 661 4011 ὃ(
676 3980 708 4011 fis
722 3980 818 4011 Milles
832 3981 931 4013 Mares
945 3983 1162 4025 d'Esterlinges,

186 4015 242 4045 Les
263 4024 356 4053 queuz
377 4017 473 4060 nostre
492 4019 532 4049 dit
553 4018 639 4049 Cous
651 4029 670 4049 n
683 4042 693 4058 ,
715 4020 749 4050 &
770 4029 860 4050 autres
876 4019 987 4053 Prelatz
1000 4047 1010 4060 ,
1029 4022 1155 4063 Contes,
1173 4027 1207 4057 &

146 4052 261 4084 Nobles
271 4053 309 4083 du
324 4053 458 4086 Roialme
469 4057 605 4089 d’Escoce

181 4095 253 4123 Tm.
266 4094 323 4123 ΙΙΙ.
341 4094 375 4122 Ρ.
395 4095 454 4127 ΙΙΙ.

22 3579 134 3645 soff-'48-

23 3657 35 3664 ..
53 3647 77 3674 3.
98 3649 136 3667 m-

650 4068 700 4089 ous
714 4066 765 4090 ont
777 4059 919 4091 accordez
931 4061 965 4093 &
981 4063 1087 4100 promis
1101 4073 1117 4094 3
1134 4066 1209 4102 paier

1248 167 1729 227 P-UBLICA.
2261 180 2312 227 17

1241 266 1290 294 par
1314 255 1373 286 leur
1396 256 1506 287 Lettres
1525 255 1699 296 Obligatoirs
1716 281 1726 295 ,
1748 267 1764 288 a
1783 258 1862 288 cause
1874 258 1949 289 dela
1964 258 2053 290 Reste
2069 259 2106 291 de
2117 260 2143 291 13
2157 260 2299 291 Ranceon
2314 257 2388 289 Ann.
2402 258 2444 291 D:

1237 295 1273 325 de
1288 318 1298 334 ,
1324 294 1420 325 nostre
1443 296 1529 325 chere
1545 295 1567 324 F
1569 305 1627 326 rere
1641 321 1651 334 ,
1669 296 1775 326 David
1786 296 1818 325 de
1830 299 1937 337 Bruys,
1957 299 2024 336 (que
2039 298 2115 329 Dieu
2130 299 2251 337 assoille)
2264 300 2296 330 &
2334 305 2420 337 1374.

1238 343 1287 371 par
1309 342 1398 363 autres
1419 335 1538 363 certeins
1556 332 1659 365 Causes
1680 335 1728 372 qui
1744 334 1806 365 sont
1828 336 1898 372 pluis
1912 336 2063 376 largement
2076 338 2201 376 compris
2215 348 2251 368 en
2263 338 2305 369 les
2317 338 2382 365 Edv·
2401 346 2427 374 34

1240 372 1350 440 Leffires
1366 371 1556 411 Obligatoirs,
1573 383 1588 403 a
1601 383 1671 404 nous
1686 382 1734 404 ent
1749 373 1841 412 faites,

1315 420 1366 440 ous

1278 432 1447 484 (Confi’antz
1466 458 1501 479 au
1522 449 1596 487 plein
1614 449 1650 480 de
1667 458 1725 481 voz
1739 449 1813 488 Seri,
1832 450 1961 489 Loialte,
1979 451 2013 482 δε
2029 451 2204 490 Discretion)
2222 454 2300 484 eions

1239 486 1362 525 affignez
1384 488 1417 517 &
1431 486 1552 524 deputez
1573 498 1660 524 vous,
1679 488 1782 528 Trois,
1800 491 1833 520 ὃς
1850 488 1935 520 Deux
1949 489 1986 519 de
2000 489 2097 529 vous,
2116 491 2151 521 de
2168 491 2302 522 Surveoir

1240 526 1266 555 16
1282 525 1420 560 Nombre
1433 548 1444 564 ,
1467 524 1597 563 Compte
1613 549 1622 563 ,
1640 525 1722 556 Poisc
1735 528 1768 558 &
1785 528 1935 559 Triement
1951 529 1999 558 des
2015 529 2064 560 diz
2080 530 2191 568 Qatre
2206 529 2303 560 Milles

1241 563 1356 603 Mares,
1376 573 1468 602 queux
1484 564 1588 594 serront
1602 564 1676 595 iffint
1691 566 1767 596 faites
1781 577 1829 603 par
1842 567 1868 597 16
1882 568 1925 597 dit
1941 565 2083 606 William,

1279 603 1316 633 Et
1334 604 1370 633 de
1391 601 1510 641 prendre
1528 604 1561 634 &
1582 603 1717 633 resceivre
1740 605 1858 635 mesmes
1879 606 1916 635 les
1937 606 2047 644 Qatre
2069 606 2164 637 Milles
2185 606 2300 644 Mares,

1241 650 1328 679 quant
1351 642 1382 672 ils
1403 644 1511 672 serront
1532 640 1605 671 iffint
1625 642 1766 672 nombrez
1781 666 1791 681 ,
1808 653 1961 683 comptez,
1979 646 2090 682 poisez,
2111 646 2144 676 &
2157 646 2245 684 triez,
2263 644 2300 675 de

1240 679 1338 710 nostre
1358 680 1399 711 dit
1421 679 1537 719 Cousyn
1561 689 1600 710 ou
1621 679 1657 709 de
1677 680 1716 710 ses
1735 680 1896 719 Ministres,
1914 692 1948 713 au
1961 683 2018 713 dite
2032 684 2106 715 Ville
2118 684 2154 715 de
2170 683 2303 722 Berwik,

1236 726 1285 757 par
1300 718 1463 749 Endenture
1476 727 1523 749 ent
1537 728 1573 748 en
1589 717 1645 749 due
1660 728 1771 749 manere
1784 730 1799 749 a
1813 720 1893 757 faire,

1260 760 1263 763 ’
1278 755 1315 786 Et
1335 757 1371 787 de
1394 757 1431 787 les
1451 757 1518 787 faire
1530 756 1690 787 sauvement
1704 757 1856 797 Amesner,
1874 759 2035 798 d’illoeqes,
2053 761 2110 790 sans
2124 760 2202 799 delay
2213 784 2222 800 ,
2241 768 2303 790 tan-

1240 804 1296 830 0116
1316 804 1331 824 3
1353 795 1447 826 nostre
1464 794 1553 825 *Citee
1572 795 1608 825 de
1628 795 1772 836 Everwyk
1787 819 1796 834 ,
1821 807 1836 827 a
1859 807 1918 828 noz
1930 797 2084 833 Coustasses
2100 799 2147 829 des
2164 799 2250 829 Issues
2264 799 2301 830 de

1241 832 1375 864 Countee
1395 834 1431 863 de
1452 833 1656 864 Northumbre
1669 858 1678 871 ,
1702 844 1717 864 a
1739 835 1874 866 deliverer
1893 846 1908 865 a
1921 836 2017 866 nostre
2032 837 2149 868 Viscont
2163 839 2199 868 de
2211 838 2302 868 Ever-

1241 871 1307 909 wyk
1321 894 1330 909 ,
1353 874 1386 904 &
1407 882 1440 902 au
1463 871 1540 902 Mair
1561 871 1596 902 de
1618 872 1715 902 nostre
1735 872 1818 904 Citee
1838 874 1966 905 avandite
1981 897 1991 913 ,
2016 885 2068 913 pur
2088 876 2125 905 les
2141 876 2303 907 sauvement

1240 910 1365 940 arnesner
1377 910 1520 948 d'illoeqes
1534 921 1550 940 a
1565 910 1695 941 Londres
1710 911 1775 941 sanz
1788 912 1884 950 delay,

1278 947 1316 978 Et
1328 948 1364 979 de
1380 949 1474 979 baillet
1487 949 1520 980 &
1533 949 1669 979 deliverer
1682 959 1698 979 a
1713 949 1809 980 nostre
1823 950 1941 990 Cousyn
1955 950 2102 990 deffusdit,
2120 962 2160 982 ou
2187 952 2225 982 ses
2241 952 2304 983 De-

1241 995 1327 1023 putez
1341 997 1376 1018 en
1390 997 1444 1018 ceo
1457 997 1520 1026 cas,
1536 996 1596 1018 noz
1605 987 1715 1018 Lettres
1728 988 1966 1027 d'Acquietance,
1987 990 2178 1026 Absolucion,
2199 991 2232 1021 &
2242 991 2304 1020 De-

1239 1025 1379 1056 liverance
1398 1026 1436 1057 de
1455 1027 1480 1057 la
1502 1027 1625 1057 Somme
1644 1025 1680 1056 de
1702 1026 1812 1064 Qatre
1831 1027 1927 1059 Milles
1948 1027 2046 1059 Mares
2066 1028 2235 1066 avantdites,
2253 1029 2305 1066 δε,

1241 1064 1260 1092 fi
1284 1064 1396 1095 mestiet
1417 1065 1476 1104 est,
1490 1066 1526 1095 de
1548 1065 1615 1095 faire
1638 1072 1726 1095 autres
1744 1065 1855 1096 Lettres
1870 1066 2111 1105 d'Acquietance,
2130 1067 2150 1096 fi
2166 1067 2254 1096 bones
2269 1067 2303 1097 ὃς

1239 1102 1403 1134 sufficeantz
1419 1106 1467 1142 qui
1481 1105 1539 1135 leur
1554 1104 1639 1134 deura
1653 1102 1765 1142 suffier,
1782 1104 1826 1134 sur
1839 1105 1945 1136 mesme
1963 1106 1989 1136 la
2003 1105 2124 1136 Somme
2144 1104 2180 1135 de
2196 1105 2306 1142 Quatre

1180 1169 1188 1171 ,
1241 1140 1338 1172 Milies
1356 1141 1455 1173 Mares
1462 1168 1471 1181 ,

1278 1179 1316 1210 Et
1328 1180 1364 1211 de
1376 1180 1441 1211 faire
1454 1188 1585 1212 executer
1600 1180 1633 1211 &
1647 1180 1777 1218 expedier
1791 1189 1883 1211 toutes
1897 1189 1987 1213 autres
2002 1182 2100 1213 choses
2114 1205 2124 1221 ,
2142 1181 2307 1212 necessaires

1240 1227 1276 1248 en
1290 1219 1346 1248 tieu
1366 1230 1429 1258 cas,
1447 1219 1543 1257 supose
1557 1219 1639 1256 q’eles
1657 1219 1867 1250 demandassent
1885 1219 2073 1251 Mandement
2090 1222 2151 1259 plus
2171 1220 2306 1259 especial;

1279 1256 1477 1290 Promettantz
1500 1259 1580 1288 avoir
1601 1257 1685 1288 Ferm
1707 1259 1739 1288 &
1762 1258 1924 1297 Aggreable
1947 1268 2089 1297 quantque
2109 1260 2179 1289 serra
2194 1260 2242 1290 fait
2256 1269 2305 1297 par

1241 1305 1312 1325 vous
1320 1296 1453 1365 ,dTrois,
1471 1307 1511 1327 ou
1527 1296 1613 1326 Deux
1633 1296 1668 1326 de
1689 1306 1760 1328 vous
1776 1306 1811 1327 en
1834 1297 1930 1328 Noun
1946 1299 1981 1328 de
1992 1308 2079 1336 nous,
2097 1299 2140 1328 sur
2155 1299 2192 1329 les
2208 1298 2308 1329 choses

1243 1344 1326 1365 avant
1348 1343 1413 1365 ites:

1277 1372 1315 1402 Et
1338 1384 1390 1411 pur
1410 1383 1464 1403 ceo
1486 1372 1567 1403 Vous
1590 1371 1735 1403 Mandons
1750 1396 1760 1411 ,
1783 1374 1952 1406 fermement
1967 1374 2173 1414 Enjoignantz„
2193 1384 2250 1412 que
2264 1374 2304 1405 1ae

1243 1410 1338 1440 choses
1353 1413 1504 1442 avantdites
1518 1412 1598 1441 facez
1611 1412 1781 1449 parfourmir
1797 1423 1833 1442 en
1848 1413 1872 1444 13
1888 1423 2000 1444 manere
2016 1413 2179 1452 dessusdite,
2198 1414 2238 1444 Et
2249 1423 2304 1444 ceo

1242 1459 1278 1479 ne
1292 1450 1376 1479 leffez
1390 1460 1425 1479 en
1442 1451 1516 1480 nulle
1531 1460 1653 1480 manere.

1282 1488 1362 1518 Don.
1383 1498 1429 1526 par
1448 1488 1680 1525 Tesmoignance
1700 1489 1736 1519 de
1751 1489 1844 1520 nostre
1867 1489 1959 1521 Grant
1974 1490 2052 1529 Seal,
2069 1501 2085 1521 a
2099 1490 2195 1521 nostre
2210 1489 2308 1528 Paiays

1244 1525 1280 1556 de
1295 1526 1422 1557 Westm.
1441 1526 1467 1556 le
1482 1528 1520 1558 vi.
1535 1527 1599 1564 jour
1614 1526 1649 1556 de
1661 1526 1746 1567 Juyn.

1590 1654 1649 1684 Pro
1670 1650 1811 1695 Galfrido
1833 1638 1979 1685 chancer.

1247 1733 1376 1791 REX
1399 1735 1548 1774 omnibus,
1563 1734 1599 1766 ad
1614 1746 1703 1775 qum,
1720 1738 1781 1768 &c.
1801 1736 1935 1767 Salutem.

1343 1773 1441 1804 Sciatis
1462 1775 1542 1812 quod
1556 1775 1744 1806 concessimus
1758 1798 1768 1812 ,
1792 1775 1897 1805 (1116ἃο
1917 1775 1998 1804 nobis
2008 1799 2016 1813 ,
2036 1774 2161 1814 Gaffria'o
2173 1775 2305 1814 chancer,
2344 1784 2429 1814 1374.

1244 1809 1387 1841 Officium
1409 1811 1681 1844 Contrarotulatoris
1701 1813 1850 1845 Custumae
1873 1815 1905 1845 &
1926 1813 2045 1843 Subsidii
2062 1814 2222 1852 Lanarum,
2242 1813 2306 1845 Co·
2321 1818 2373 1841 Aa.
2389 1815 2435 1850 48.

1243 1849 1351 1879 riorum
1366 1873 1376 1888 ,
1399 1852 1431 1882 ὃς
1448 1850 1569 1882 Ρ611111111
1582 1852 1757 1891 lanutarum,
1776 1853 1806 1882 in
1823 1852 1913 1883 Portu
1926 1852 2091 1883 Londoniae
2103 1878 2112 1890 ,
2139 1853 2303 1884 habendum
2321 1857 2351 1880 E·
2373 1863 2398 1889 3-

1245 1888 1380 1925 quamdiu
1395 1890 1477 1919 nobis
1491 1890 1643 1929 placuerit,
2316 1895 2375 1919 Pat.
2385 1890 2432 1927 43-

1282 1925 1469 1966 Percipiendo
1491 1930 1519 1958 in
1535 1928 1646 1960 Officio
1668 1928 1717 1959 illo
1729 1937 1856 1967 tantum,
1875 1937 2012 1967 quantum
2026 1929 2069 1959 alii
2086 1928 2301 1961 Contrarotula-
2317 1935 2347 1957 Ε-
2358 1936 2415 1966 3-p-
2428 1937 2452 1957 ¹·

1243 1971 1317 1995 tores
1336 1965 1485 1997 Custumae
1505 1967 1523 1986 ³¹²
1546 1968 1578 1998 &
1593 1967 1715 1998 Subsidii
1728 1968 1889 2007 hujusmodi
1904 1969 1933 1997 in
1949 1967 2037 1998 Portu
2052 1968 2190 2006 praedicto
2206 1969 2304 2000 hafte-
2318 1978 2355 1995 m·
2374 1977 2399 2002 7·

1242 2012 1293 2033 nus
1308 2006 1452 2043 percipere
1465 2005 1671 2036 consueverunt
2316 2005 2454 2042 *VII.39.

1280 2041 1321 2072 Ita
1335 2045 1413 2081 quod
1432 2044 1506 2074 idem
1522 2043 1665 2083 Galfridus
1678 2030 1804 2076 botulos
1816 2044 1878 2075 suos
1887 2068 1896 2082 ,
1911 2044 2020 2075 dictum
2029 2044 2171 2075 Officium
2186 2054 2302 2084 tangen-

1243 2088 1298 2119 tes,
1319 2091 1405 2114 manu
1428 2083 1474 2114 sua
1489 2082 1605 2121 propri&
1624 2083 1725 2114 scribat
1739 2108 1749 2122 ,
1774 2085 1808 2115 &
1831 2084 1968 2114 continue
1983 2092 2109 2114 moretur
2125 2084 2251 2122 ibidem,
2269 2086 2303 2116 ὃς

1242 2122 1339 2150 onmia
1353 2144 1363 2160 ,
1389 2132 1453 2160 quae
1470 2122 1504 2152 ad
1522 2121 1666 2152 Officium
1680 2122 1746 2153 illud
1762 2123 1918 2160 pertinent,
1937 2123 1966 2151 in
1980 2124 2091 2160 propria
2106 2122 2228 2154 Persona
2241 2124 2305 2161 sua,

2320 1735 2395 1766 Ann.
2405 1736 2449 1767 D,

1243 2158 1278 2188 &
1291 2169 1350 2190 non
1364 2170 1414 2199 per
1428 2160 1616 2192 Substitututn
1630 2161 1728 2199 suum,
1746 2161 1827 2191 faciat
1842 2162 1876 2192 &
1889 2170 2057 2201 exequatur,

1280 2197 1319 2228 Et
1332 2198 1414 2236 quod
1430 2199 1513 2229 altera
1525 2209 1586 2237 pars
1598 2199 1705 2238 Sigilli,
1724 2199 1801 2237 quod
1823 2198 1927 2230 dicitur
1942 2199 2038 2229 Ooket
2051 2224 2061 2238 ,
2079 2201 2108 2230 in
2122 2199 2249 2231 custodia
2261 2201 2306 2240 ip-

1244 2236 1297 2267 fius
1313 2237 1436 2281 Galfridi
1449 2247 1608 2277 remaneat,
1626 2238 1760 2276 quamdiu
1776 2237 1920 2269 Officium
1937 2238 2064 2269 habuerit
2079 2239 2278 2276 supradietum.

1281 2275 1532 2354 In'f'ssiilg'mggicp'so
1544 2314 1618 2353 apud
1632 2314 1939 2353 westmonasterium,
1957 2314 2064 2347 0613νο
2078 2315 2124 2346 die
2135 2315 2224 2355 Junii.

1741 2395 1795 2422 Per
1809 2394 1902 2422 Breve
1915 2391 1948 2422 de
1962 2393 2081 2422 Privato
2095 2391 2187 2431 Sigillo

1523 2520 1582 2550 Pro
1602 2520 1677 2564 Rege
1700 2519 1855 2550 Navarra
1869 2520 1906 2555 (ᾤ’
1928 2518 2018 2551 Filio.

1246 2604 1299 2658 R
1308 2601 1332 2632 E
1343 2601 1374 2632 X
1383 2625 1393 2640 ,
1407 2602 1466 2633 &c.
1486 2601 1620 2632 Salutem.

1338 2641 1434 2670 Sciatis
1447 2641 1526 2678 quod
1535 2663 1544 2677 ,
2322 2613 2399 2645 Ann.
2412 2614 2453 2645 D.

1283 2677 1364 2708 Cum
1386 2678 1502 2708 dilectus
1526 2677 1756 2717 Consanguineus
1777 2678 1872 2709 noster
1886 2703 1896 2718 ,
1914 2681 1974 2709 Rex
1992 2680 2156 2719 Navarrae,
2173 2690 2226 2719 pro
2241 2683 2304 2720 qui·-
2321 2662 2437 2728 Αὲζζῗξ

1245 2717 1360 2746 buldam
1375 2717 1463 2747 arduis
1477 2717 1612 2756 Negotiis
1626 2717 1692 2754 suis,
1709 2718 1767 2755 jam
1781 2729 1795 2747 3
1810 2718 1915 2757 Regno
1928 2719 1978 2748 suo
1991 2717 2146 2757 Navarrae,
2164 2721 2221 2750 una
2235 2730 2304 2751 curn
2323 2735 2352 2758 13.
2374 2741 2400 2767 3,

1242 2754 1344 2785 Καναῖα
1358 2757 1536 2794 Primogenito
1543 2756 1592 2795 suo
1606 2779 1615 2794 ,
1634 2755 1720 2793 usque
1734 2755 1867 2787 Castrum
1882 2758 1915 2788 &
1930 2756 2034 2787 Viilam
2049 2757 2085 2787 de
2097 2757 2262 2797 Chirburgh
2275 2760 2303 2789 in
2321 2769 2454 2804 Fram48,

1245 2794 1450 2862 ¹Normannifi,
1467 2795 1538 2825 infra
1551 2795 1662 2826 dietum
1676 2794 1813 2835 Regnum
1825 2796 1955 2827 nostrum
1968 2795 2109 2835 Franciae,
2128 2797 2157 2826 in
2172 2799 2304 2835 proximo
2325 2812 2353 2835 E.
2373 2817 2395 2844 3⁴
2409 2817 2447 2835 m,

1256 2841 1277 2862 it
1290 2841 1422 2863 venturus

1284 2856 1440 2910 Veientes,
1455 2871 1677 2902 consideratione
1691 2871 1790 2909 ipsius,
1809 2873 1866 2902 tam
1889 2882 1943 2909 pro
1965 2871 2116 2903 Securitate
2130 2873 2177 2903 sua
2190 2874 2223 2905 &
2237 2874 2306 2904 dieti

1246 2909 1431 2949 primogeniti
1445 2910 1501 2948 sui,
1519 2911 1606 2948 quam
1622 2920 1674 2947 pro
1689 2910 1832 2940 Gentibus
1845 2912 1877 2941 ἃ
1893 2910 2009 2941 Familia
2023 2911 2092 2949 suis,
2111 2912 2140 2941 in
2157 2912 2306 2944 Comitivfi

1245 2947 1291 2979 11113.
1305 2949 1371 2979 111116
1387 2950 1577 2986 venientibus,
1595 2949 1723 2985 quatinus
1738 2947 1771 2977 ad
1787 2958 1839 2978 nos
1854 2950 1988 2987 pertinet,
2006 2949 2171 2988 providere,

1281 2987 1458 3025 Suscepimus
1474 2987 1561 3024 ipsum
1579 2986 1691 3024 Regem
1713 2988 1746 3018 ὃς
1769 2986 2001 3024 primogenitum
2025 2987 2106 3018 suum
2120 2988 2307 3028 praedictum,

1243 3027 1276 3057 &
1291 3036 1393 3056 eorum
1410 3027 1582 3064 quemlibet,
1600 3025 1742 3055 veniendo
1754 3034 1804 3062 per
1820 3025 1974 3063 Regnum,
1995 3025 2184 3065 Dominium,
2203 3027 2306 3058 &Po-

1244 3064 1375 3096 testatem
1396 3064 1490 3094 nostra
1504 3087 1513 3102 ,
1529 3064 1586 3093 tam
1604 3073 1654 3100 per
1666 3064 1803 3101 Terram,
1823 3066 1909 3101 quam
1924 3074 1974 3101 per
1988 3064 2101 3103 Aquam
2112 3089 2121 3102 ,
2139 3065 2233 3096 versus
2246 3065 2305 3096 Ca-

1244 3104 1333 3134 strum
1349 3104 1381 3134 δε
1399 3103 1502 3132 Villam
1524 3102 1558 3131 de
1578 3100 1760 3139 Chirburgh,
1781 3102 1835 3132 una
1849 3112 1916 3133 curn
1933 3103 2153 3143 Qiadringentis
2164 3104 2307 3143 personis,

1245 3142 1394 3180 Equitibus
1414 3142 1447 3172 &
1469 3140 1629 3177 peditibus,
1647 3141 1675 3170 in
1689 3140 1837 3170 Comitiva
1850 3141 1914 3177 sua,
1931 3141 2055 3172 Armatis
2070 3143 2115 3172 vel
2128 3142 2304 3181 Inermibus,

1246 3182 1352 3211 ibidem
1368 3179 1524 3217 morando,
1542 3177 1602 3212 &a
1621 3186 1651 3206 ut
1665 3182 1693 3207 in
1707 3179 1832 3218 similibus
1846 3180 1878 3208 de
1893 3181 2029 3209 Conduau
2045 3183 2157 3210 Literis.

1283 3219 1349 3249 Dat.
1375 3220 1424 3250 sub
1454 3217 1553 3255 Magni
1579 3216 1665 3255 Sigilli
1686 3218 1773 3248 nostri
1795 3217 1980 3249 Testimonio
1994 3241 2004 3256 ,
2028 3220 2057 3248 in
2076 3218 2182 3249 Palatio
2204 3218 2302 3249 nostro

1245 3258 1372 3288 XVestm.
1387 3257 1443 3287 viii.
1463 3256 1509 3286 die
1525 3254 1727 3293 Menlisjunii.

2329 2855 2373 2881 ις,

1978 3297 2031 3324 Per
2047 3294 2195 3324 Concilium.

1523 3421 1580 3451 Pro
1598 3415 1818 3464 Archiepisbopo
1835 3419 2038 3460 Ravenatcrfi.

1245 3505 1375 3566 PIlleus
1391 3503 1519 3542 Archiepi
1532 3510 1605 3541 copus
1626 3506 1767 3533 Ravenat.
1787 3502 1864 3532 Sedis
1887 3501 2061 3540 Apostolicae
2077 3501 2231 3543 Nuncius,
2252 3505 2301 3535 ha-
2319 3510 2447 3543 AmLD„

1311 3546 1360 3575 bet
1380 3545 1484 3574 Literas
1536 3542 1596 3578 egis
1619 3541 1654 3572 de
1671 3541 1828 3571 Conductu
1850 3540 1883 3570 ad
1906 3550 1997 3577 partes
2009 3541 2233 3582 Transmarinas,
2251 3553 2302 3580 per
2338 3558 2425 3589 1374,

1247 3582 1424 3613 Dominium
1437 3582 1470 3611 &
1485 3579 1656 3610 Potestatem
1672 3580 1774 3617 Regis,
1790 3581 1847 3610 tam
1864 3589 1912 3616 per
1921 3579 2056 3621 Terram,
2076 3581 2161 3617 quarn
2176 3592 2225 3620 per
2235 3582 2300 3611 Ma-
2317 3592 2369 3615 Aa.
2385 3589 2434 3624 48,

1247 3631 1295 3659 re,
1313 3631 1383 3652 cum
1405 3619 1579 3649 Hominibus
1599 3618 1789 3648 Familiriribus
1808 3619 1840 3648 ὃς
1860 3617 1949 3655 Equis
1969 3617 2169 3650 lufficientibus
2187 3643 2196 3659 ,
2214 3630 2300 3651 trans-
2319 3631 2348 3653 E.
2371 3637 2396 3663 3,

1247 3659 1360 3697 eundo,
1379 3659 1482 3689 ibidem
1504 3657 1644 3686 morando
1658 3680 1667 3693 ,
1685 3658 1717 3688 ἃ
1731 3656 1830 3686 exinde
1845 3657 1872 3685 in
1888 3656 2021 3695 Angliam
2037 3657 2197 3696 redeundo,
2216 3659 2302 3696 usque
2316 3665 2381 3694 Ihm,

1246 3697 1280 3728 ad
1293 3697 1406 3728 Festum
1420 3695 1516 3727 83111511
1533 3694 1650 3724 Martini
1665 3695 1694 3724 in
1709 3694 1820 3733 Yeme,
1838 3696 1972 3732 proximo
1988 3694 2130 3733 futurum,
2149 3695 2301 3729 duraturas.

1282 3736 1370 3766 Teste
1384 3735 1464 3774 Rege
1478 3733 1550 3771 apud
1563 3732 1869 3771 VVestmonastei-ium,
1885 3733 1991 3765 octavo
2006 3732 2052 3763 die
2065 3733 2151 3771 Junii.

1467 3870 1524 3900 Pro
1546 3865 1691 3912 Johanne
1706 3865 1742 3899 de
1761 3867 1887 3916 Neyvill
1900 3867 2080 3912 Prisbmzrio.

1273 3953 1401 3983 ohannes
1424 3952 1456 3981 de
1479 3950 1595 3991 Neyvill
1610 3950 1743 3983 Chivaler
1764 3951 1801 3982 de
1820 3951 1954 3989 Francia,
1972 3951 2142 3984 Prisonarius
2160 3952 2305 3984 Willielmi
2318 3955 2392 3986 Ann.
2406 3954 2449 3985 D.

1238 4015 1252 4025 ,
1291 3994 1400 4021 Domini
1415 3991 1446 4019 de
1460 3993 1620 4028 Latyniere,
1636 3990 1719 4021 habet
1735 3990 1840 4020 Literas
1849 3989 1936 4029 Regis
1951 3989 1986 4019 de
1994 3988 2151 4023 Conduetu
2165 3993 2199 4024 ad
2215 4001 2304 4031 partes
2340 4001 2424 4031 1374.

1244 4028 1391 4066 Franciae,
1410 4039 1462 4066 pro
1484 4028 1697 4059 Deliberatione
1715 4030 1723 4058 i
1746 4028 1796 4058 iius
1809 4027 1950 4066 Johannis
1966 4030 2152 4067 perquirenda
2166 4032 2223 4062 five
2237 4040 2305 4068 pro-
2316 4035 2367 4059 An.
2384 4032 2431 4067 48,

1243 4067 1366 4100 curanda
1378 4089 1388 4106 ,
1412 4077 1462 4105 per
1476 4066 1649 4098 Dominium
1665 4068 1698 4099 &
1744 4066 1892 4098 otestatem
1908 4065 2014 4106 Regis,
2032 4069 2091 4099 tam
2106 4079 2155 4109 per
2167 4070 2304 4104 Terram,
2320 4074 2349 4095 Ε.
2370 4078 2395 4105 3.

1744 4103 1772 4135 C
2217 4106 2303 4145 quam
2318 4107 2384 4136 thid.
