2561 4251
23 221 98 253 Arm.
112 220 156 250 D.

44 263 128 300 1360.

23 303 76 326 ΑΛ.
89 309 133 335 34.

24 342 54 363 13.
96 359 104 365 ,

23 379 99 402 Penes

25 417 129 441 Camcr.

52 958 70 976 *
83 959 135 985 Vl.

66 996 130 1026 208.

55 2879 131 2909 Ann.
150 2877 189 2908 D.

82 2918 165 2956 1360.

55 2961 108 3002 4η.
127 2966 173 2993 34.

56 3035 135 3060 Fran.

60 3080 103 3106 34.
121 3075 149 3097 E.
164 3079 190 3107 3.

59 3120 81 3135 71,

175 148 255 189 214

176 312 224 344 De
254 302 431 346 tranando,
457 301 549 348 fiaeper
578 304 657 382 PaZe
680 303 717 381 (ἔ
741 301 820 345 Liga
837 306 1001 346 perpetua,
1037 307 1107 330 cum
1129 292 1243 330 David

642 362 657 382 e
707 359 802 395 ruyce.

180 443 236 497 R
247 441 272 472 E
281 437 477 485 X.Qm¹¹st?u⁵
490 435 524 467 ad
539 444 610 474 quos
622 434 683 466 ὅτε.
722 431 856 463 Salutem.

275 479 373 509 Sciatis
385 475 468 514 quod
484 474 570 511 Nos,

215 518 261 549 De
278 516 408 547 fidelitate
423 515 457 546 &
472 509 745 548 circumspeetione,
759 507 971 540 Venerabilium
986 507 1115 544 Parrum,

767 595 902 635 strorum,

729 636 842 664 Henrici
860 634 893 663 de
906 634 988 671 Percy
997 654 1006 670 ‚

728 672 865 712 Radulphi
883 673 915 702 de
933 669 1052 707 Nevill,

728 712 834 742 Thomae
851 711 884 741 de
901 713 975 748 Lucy
986 732 995 748 ,

728 753 841 781 Henrici
860 748 885 779 Ie
902 752 980 787 Scrvp

729 791 771 818 Et
789 788 895 818 Thomae
913 788 945 817 de
963 783 1135 824 Muskrave,

215 808 402 868 Dilectorum
428 833 462 864 ὃς
489 829 614 862 fidelium
639 838 694 858 no·
730 827 845 858 Plenius
862 825 1050 863 confidentes,

215 605 358 646 Johannis
390 598 585 638 Archiepifi’opi
616 597 691 628 Ebo—

250 655 327 681 rum,
347 640 460 678 Angliae
485 640 632 676 Primatir,

215 683 323 713 Thomae
338 676 524 715 Dunolmenfis
533 699 542 715 ,

220 723 262 751 Et
280 719 398 751 Gilberti
416 713 607 754 Karliolenfis,

214 759 422 829 {piscoporum
433 777 443 794 ,

223 921 316 961 Ipsos,
331 921 467 960 Septem,
485 918 559 957 SeX,
575 918 609 949 ὃς
628 915 765 955 Quinque
777 923 896 952 eorum,
1047 948 1052 954 .
1233 945 1240 951 ι

222 962 241 981 *
263 962 404 1000 Qiorum
422 959 568 997 praefatum
593 953 844 992 Archiepiscopum
855 975 865 990 ‚
889 950 1006 981 alterum
1024 947 1170 978 dierorum
1185 943 1255 989 Epi-

182 1000 355 1038 scoporum,
380 999 413 1030 &
436 997 521 1027 Duos
545 994 747 1033 praedictorum
769 991 890 1022 Henrici
908 989 944 1020 de
966 988 1077 1026 Percy,
1093 982 1255 1021 Radulphi,

184 1041 219 1071 &
232 1039 363 1069 Thomae
381 1037 417 1068 de
434 1036 534 1075 Lucy,
551 1035 682 1072 Qiatuor
697 1030 754 1062 effe
767 1030 915 1066 volumus,
1168 1059 1174 1065 ³

220 1076 268 1109 Ad
282 1075 478 1111 tractandum,
497 1070 749 1112 componendum,
763 1069 797 1100 &
815 1064 1043 1105 transigendum,
1059 1062 1093 1093 ὃ(
1111 1059 1255 1100 paciscen-

183 1116 253 1147 dum
263 1139 272 1155 ‚
288 1117 321 1146 &
339 1113 524 1144 effectualiter
545 1108 781 1141 concordandum
795 1115 881 1144 cum,

224 1154 348 1185 Patricio
362 1151 508 1190 Episcopo
524 1148 718 1185 Brechinensi,

224 1193 350 1224 Patricio
364 1191 400 1221 de
417 1190 552 1226 Dunbar,
572 1187 692 1218 Comite
703 1183 861 1221 Marchiae,

224 1231 260 1262 Et
276 1231 333 1261 aliis
354 1227 587 1260 Procuratoribus
608 1226 641 1256 ὃ(
660 1223 788 1255 Nunciis
806 1220 903 1252 David
920 1219 956 1250 de
977 1217 1063 1257 Eruys
1082 1216 1119 1247 de
1139 1214 1255 1254 Scotifi,

186 1270 287 1301 Fratris
301 1268 404 1305 nostri,
421 1267 595 1303 aliorumque
609 1264 811 1298 Praelatorum,
828 1259 1004 1297 Procerum,
1022 1255 1199 1292 Nobilium,
1220 1255 1254 1285 &

186 1308 369 1347 Popularium
384 1306 485 1343 Regni
498 1304 605 1334 Scotiae
628 1302 711 1340 (quos
728 1298 879 1337 negotium
896 1296 988 1334 ipsum
1002 1294 1101 1335 tangit)
1126 1293 1256 1325 habenti-

188 1347 240 1378 bus
254 1348 290 1378 ab
304 1345 405 1377 eisdem
425 1343 459 1375 ad
480 1342 626 1378 subscripta
920 1375 924 1379 ⁴
1177 1370 1181 1375 ·

187 1396 247 1416 ram
257 1384 429 1417 Potestatem
438 1406 448 1421 ,
465 1382 500 1413 de
513 1381 546 1412 δε
561 1380 637 1416 supet
655 1376 877 1418 quibuscumque
885 1373 1128 1409 Diffenfionibus,
1141 1370 1260 1401 Discor-

187 1424 256 1462 diis,
274 1426 308 1456 &
324 1423 460 1460 Debatis,
482 1422 552 1450 inter
568 1418 654 1455 Nos,
676 1416 826 1452 Subditos,
845 1413 1002 1450 Alligatos,
1021 1412 1054 1443 &
1077 1410 1260 1441 Adhaerentes

189 1462 300 1494 nostros
313 1472 347 1493 ex
361 1460 437 1498 una,
454 1462 488 1493 ὅ(
505 1457 612 1496 praefati
626 1455 722 1486 David
742 1454 843 1484 Fratris
864 1450 967 1489 nostri,
984 1449 1135 1488 Subditos,
1154 1448 1259 1488 Alliga-

187 1509 233 1533 tos
245 1503 278 1534 &
297 1500 481 1532 Adhaerentes
496 1498 557 1528 suos
572 1505 606 1526 ex
620 1503 695 1533 parte
707 1493 807 1530 altera,

228 1540 267 1571 Et
280 1540 315 1571 ad
330 1540 438 1570 Pacem
448 1560 457 1576 ,
475 1537 508 1567 &
522 1536 603 1573 Ligas
623 1541 782 1572 perpetuas,
797 1532 831 1562 &
847 1527 960 1566 finales,
974 1526 1091 1558 Nostro
1106 1526 1140 1557 &
1154 1524 1258 1556 Haere-

190 1579 263 1610 dum
277 1578 443 1609 nostrorum
458 1575 593 1609 nomine,
613 1581 681 1602 cum
696 1569 811 1607 David,
827 1568 969 1605 PraelatiS,
986 1565 1160 1604 Nobilibus,
1185 1564 1259 1595 Sub-

190 1617 309 1655 ditisque
330 1615 473 1655 praedietis
492 1611 674 1644 effectualiter
693 1608 867 1645 ineundum,

230 1656 355 1693 Pacem,
372 1656 406 1686 &
424 1653 521 1691 Ligas,
540 1660 573 1681 ac
588 1648 656 1687 alia,
673 1657 737 1688 quae
756 1646 888 1682 tractata,
905 1643 1080 1682 composita,
1098 1640 1263 1681 pacificata,

192 1695 226 1726 &
240 1694 366 1725 ordinata
385 1692 488 1722 fuerint
502 1691 531 1719 in
548 1687 712 1727 praemiffis,
729 1694 775 1716 aut
793 1684 915 1722 ipsorum
929 1682 1040 1722 aliquo,
1055 1681 1154 1712 Poenis
1182 1680 1264 1719 Jura-

192 1733 311 1803 anemis,
344 1732 377 1763 &
410 1728 636 1768 quibuscumque
667 1724 866 1756 Securitatibus
895 1720 1057 1753 vallandam
1086 1721 1121 1752 ὃ(
1183 1728 1263 1750 man-

213 1782 263 1803 um

231 1795 281 1842 Ac’
297 1808 394 1841 omnia
417 1806 467 1838 alia
488 1806 521 1837 &
543 1802 651 1843 singula
672 1800 835 1833 faciendum
855 1799 896 1842 &.
910 1795 1133 1841 expoliendum,
1156 1806 1220 1837 quae
1233 1796 1265 1827 in

197 1848 340 1888 praemissis
355 1848 416 1878 sunt
431 1844 596 1881 necessaria,
621 1841 666 1873 vel
681 1849 837 1879 oportuna,
860 1840 967 1868 etiamn
988 1835 1158 1867 Mandatum
1174 1836 1266 1872 magis

198 1885 449 1958 effantfgpsefiale,
462 1885 494 1915 ὃ(
509 1893 574 1922 quae
588 1881 656 1913 Nos
670 1880 720 1921 ipsi
734 1879 907 1914 faceremus,
926 1875 946 1906 fi
961 1875 992 1905 in
1012 1873 1158 1913 praemiffis
1172 1873 1266 1912 perso-

198 1937 217 1957 n
254 1937 294 1958 ter
341 1936 349 1955 i
373 1933 453 1955 emus

234 1966 370 2002 Plenam,
390 1964 424 1994 &
440 1946 574 1998 liberam,
593 1967 690 1990 tenore
702 1955 896 1997 praesentium,
913 1952 1120 1992 concedimus,
1133 1952 1167 1984 &
1182 1960 1266 1983 com-

196 2006 334 2038 mittimus
350 2000 541 2036 potestatem,

234 2044 343 2075 Rarum
357 2042 389 2072 &
405 2048 515 2077 gratum
531 2037 653 2069 habituri
667 2033 802 2077 quicquid
816 2043 865 2073 per
880 2031 990 2071 dieros,
1000 2029 1268 2074 Archiepiscopum,

198 2082 224 2114 E
245 2082 373 2119 iscopos,
397 2078 577 2115 Hernicum,
602 2074 807 2113 Radulphum,
832 2071 1002 2110 Thomam,
1025 2069 1208 2108 Henneum,
1234 2069 1269 2100 &

199 2092 368 2158 simmam,
387 2117 520 2155 Septem,
538 2115 611 2154 Sex,
628 2114 662 2145 δε
679 2114 816 2153 Quinque
831 2120 949 2149 eorum,

237 2160 373 2199 Quorum
389 2156 536 2195 praefatum
557 2152 742 2191 Archiepisco
763 2161 832 2189 um,
853 2149 969 2181 alterum
984 2147 1129 2180 dietorum
1151 2145 1271 2185 Episco-

201 2208 332 2270 ffiffissi
347 2196 384 2266 ἓξ
400 2194 483 2273 ῗέἒξ
501 2192 718 2270 Ρᾶῖῗέἔὲᾓ
738 2187 902 2260 νὲῗᾶἶξῖιέε
922 2188 1032 2227 Pe‘cy'
1058 2186 1216 2225 R³d¹²¹⁹h³³
1236 2186 1270 2217 ἃ

241 2275 367 2313 Actum,
385 2255 529 2309 Gesturii,
543 2270 732 2306 Trastatum,
749 2249 970 2305 Compo'situm,
986 2263 1193 2302 Transaetum
1216 2263 1272 2294 Pa-

203 2314 347 2345 cificatum
357 2335 367 2350 ,
384 2313 417 2343 &
427 2308 647 2341 Concordatum
661 2307 741 2337 fuerit
755 2307 785 2336 in
799 2305 942 2344 praemiffis
951 2326 961 2342 ,
977 2304 1010 2335 &
1019 2303 1143 2342 quolibet
1157 2311 1272 2333 eorum-

202 2354 287 2391 dem,
314 2351 364 2382 sub
388 2349 531 2380 Cautione
557 2347 590 2378 &
617 2345 805 2383 Obligatione
826 2343 960 2374 omnium
985 2341 1133 2373 Bonorum
1159 2341 1272 2372 nostro-

202 2402 276 2422 rum.

241 2429 273 2460 In
289 2429 384 2466 cujus,
399 2427 459 2458 &c.

277 2466 364 2499 Teste
382 2466 468 2504 Rege
480 2462 554 2503 apud
568 2459 870 2498 Westmonasterium,
891 2457 1026 2491 vicesimo
1047 2457 1094 2488 die
1109 2456 1235 2496 Augusti.

647 1338 776 1370 facienda
793 1337 924 1375 plenam,
940 1334 1095 1373 expressam
1105 1356 1115 1371 ,
1138 1342 1172 1363 ac
1187 1330 1258 1362 libe-

678 2550 731 2579 Per
748 2546 832 2586 ipfitm
845 2548 941 2585 Regem
959 2543 998 2580 &⁴
1019 2543 1171 2577 Concilium.

207 2702 258 2733 De
283 2699 482 2743 Attemptatis
512 2704 613 2727 contra
644 2692 801 2736 Treugas,
838 2690 914 2720 inter
941 2690 1046 2733 Regem
1080 2689 1117 2725 ᾤ’
1145 2678 1274 2732 Consan-

247 2751 393 2795 guincum
418 2745 513 2791 simm
546 2744 676 2776 Franciae
698 2740 804 2772 ultimo
836 2739 945 2778 initas,
986 2733 1082 2768 debite
1106 2735 1272 2780 reforman-

252 2797 310 2829 dis.

210 2881 297 2939 RE
306 2882 336 2913 X
349 2905 359 2920 ,
376 2882 435 2913 &e
462 2878 592 2910 Salutem.

303 2922 401 2953 Sci-atis
438 2918 496 2949 uod

248 2961 348 2997 Cum,
369 2968 397 2989 ut
418 2930 454 2988 {lx
475 2941 557 2986 relatu
580 2953 766 2992 plurimorum
788 2949 969 2986 accepimuS,
996 2944 1101 2976 diversa
1124 2944 1276 2984 Dampna‚

209 2999 340 3038 Injuriae,
358 3000 391 3030 &
410 2994 584 3027 Gravamina
604 2991 745 3021 Gentibus
764 2988 800 3018 de
817 2987 925 3024 Regno
948 2985 1090 3021 Franciae,
1107 2994 1156 3022 per
1171 2983 1276 3014 Subdi-

209 3048 253 3070 tos
268 3037 419 3069 &Gentes
433 3033 559 3068 nostros,
576 3029 636 3069 post
651 3030 683 3059 &
700 3035 798 3057 contra
806 3025 958 3069 'Treugasy
976 3024 1046 3053 inter
1061 3022 1130 3052 Nos
1144 3024 1177 3054 &
1193 3021 1277 3052 Con-

210 3078 393 3115 sanguineum
408 3072 533 3104 nostrum
545 3069 669 3100 Franciae
685 3067 787 3096 ultimo
803 3065 900 3102 initas,
915 3060 1104 3093 diversimode
1115 3062 1276 3099 inferantur,

210 3116 284 3147 unde
299 3113 454 3153 plurimum
469 3108 691 3143 conturbamur,
968 3138 973 3143 1

247 3154 303 3192 Et,
323 3153 387 3190 quia
402 3151 435 3182 ad
452 3147 674 3179 observationem
689 3143 866 3180 Treugirum
886 3137 1088 3178 praedietarum
1104 3136 1198 3167 sumus
1213 3138 1277 3167 vin-

209 3194 277 3224 culo
289 3190 445 3230 Juramenti
458 3185 579 3223 astricti,
597 3183 700 3213 intime
721 3180 902 3211 desiderantes
921 3175 1002 3214 quod
1023 3174 1152 3213 Treugae
1172 3175 1226 3206 illae
1246 3176 1275 3205 in

212 3232 362 3267 omnibus,
397 3235 510 3258 uatenus
523 3223 557 3254 ad
570 3232 622 3252 nos
634 3221 747 3257 attinet,
765 3217 866 3256 absque
880 3216 1033 3246 violatione
1046 3222 1187 3245 teneantur
1195 3236 1205 3251 ,

248 3270 285 3300 Et
301 3268 379 3307 quod
428 3266 599 3302 elinquentes
614 3267 711 3290 contra
725 3257 832 3287 easdem
848 3256 1012 3293 puniantur,

366 3305 495 3336 fidelitate
513 3302 545 3332 &
565 3296 834 3334 circumspectione,
851 3293 1022 3324 dilectorum
1034 3290 1067 3320 &
1082 3289 1207 3320 fidelium
1223 3299 1278 3320 no-

214 3307 354 3383 strldrcugie,
374 3342 492 3375 Ricardi
511 3340 546 3370 de
564 3335 707 3372 Stafford,
731 3333 851 3364 Milonis
869 3331 905 3362 de
924 3330 1089 3367 Stapelton,
1112 3330 1145 3360 &
1165 3328 1276 3366 Nigelli

211 3386 248 3415 de
270 3385 401 3424 Loryng,
419 3380 529 3419 plenius
547 3375 734 3418 confidentes,
841 3410 846 3414 η
942 3408 947 3413 ·
1080 3405 1103 3412 η
1241 3405 1245 3410 ⁶

252 3423 299 3453 Ad
317 3419 528 3452 informandum
553 3415 625 3454 ipsos
644 3423 697 3444 vus
715 3413 748 3442 &
768 3408 876 3446 modis,
903 3407 1003 3445 quibus
1020 3405 1122 3436 melius
1147 3404 1279 3442 expedire

216 3461 352 3497 viderint,
369 3460 403 3489 de
421 3457 552 3488 omnibus
573 3452 734 3490 Datnpnis,
752 3448 863 3485 Injur'iis
882 3446 915 3476 &
933 3445 1172 3482 Gravaminibus,
1197 3442 1280 3473 Gen-

216 3501 293 3530 tibus
317 3498 352 3528 de
371 3497 451 3527 dieto
468 3495 577 3530 Regno
595 3491 742 3527 Franci-x,
766 3485 829 3526 post
846 3486 889 3529 .&
915 3492 1012 3527 contra
1030 3481 1158 3520 Treugas
1179 3481 1282 3518 praedi-

218 3538 293 3575 etas,
312 3546 359 3574 per
377 3534 507 3565 Subditos
523 3533 555 3563 &
572 3529 680 3560 Gentes
699 3526 828 3563 nostros,
844 3533 874 3567 in
892 3521 1113 3566 quibuscumque
1130 3518 1227 3550 Terris
1246 3520 1280 3551 ὃς

219 3576 324 3613 locis,
343 3576 372 3604 in
390 3572 473 3603 dietis
493 3570 613 3607 partibus
626 3565 828 3600 transmarinis,
845 3562 940 3597 illatis,

258 3615 294 3644 Et
312 3614 345 3644 ad
363 3611 463 3642 eadem
479 3609 631 3644 Dampna,
648 3605 776 3643 Irijurias,
797 3604 831 3634 ὃς
852 3599 1042 3636 Gravamina,
1059 3606 1092 3627 ac
1105 3597 1203 3625 omnia
1220 3596 1283 3635 alia,

219 3661 317 3681 contra
338 3652 461 3681 formam
475 3647 656 3681 Treugarum
676 3641 892 3680 praedictarum,
908 3648 954 3679 per
974 3636 1105 3666 Subditos
1122 3635 1155 3665 ὅ(
1174 3633 1284 3665 Gentes

219 3690 328 3719 nostros
345 3695 524 3725 attemptata,
537 3683 632 3714 debite
650 3679 833 3718 reparandum
854 3677 887 3707 ἃ
904 3674 1135 3711 retormandum,
1149 3672 1183 3703 &
1206 3683 1283 3710 repa-

219 3728 273 3757 rari
293 3729 324 3758 &
338 3725 482 3757 reformari
500 3719 674 3756 faciendum,
1029 3751 1034 3756 ·

262 3764 295 3794 Et
317 3764 350 3793 ad
366 3773 463 3793 omnes
486 3761 566 3798 illos,
588 3767 658 3795 quos
676 3757 714 3786 eis
733 3754 883 3791 Rebelles,
902 3751 1127 3787 Contrariantes,
1145 3748 1191 3778 vel
1214 3747 1281 3778 Ino-

224 3802 366 3833 bedientes
382 3801 554 3836 invenerint,
569 3796 711 3832 affumpto
731 3794 801 3831 sibi,
826 3792 845 3821 si
864 3791 974 3821 neceffe
995 3789 1095 3826 fuerit,
1113 3795 1176 3817 toto
1198 3785 1282 3817 Poffe

246 3841 300 3871 uod
318 3840 353 3869 de
371 3839 509 3868 Fidelibus
522 3834 621 3866 nostris
636 3835 665 3862 in
677 3832 804 3862 Partibus
818 3830 869 3859 illis
881 3837 1060 3865 congregare
1074 3833 1219 3863 poterunt,
1237 3835 1283 3855 ca-

224 3877 378 3917 piendum,
392 3875 566 3905 arestandum
577 3896 586 3911 ,
605 3868 852 3904 incarcerandum,
870 3868 902 3896 &
918 3867 1022 3905 Terras
1045 3867 1078 3896 δε
1094 3863 1172 3894 Bona
1191 3862 1236 3893 sua
1254 3864 1284 3893 in

226 3925 346 3948 manum
361 3913 486 3943 nostram
500 3911 662 3942 seisiendum
677 3909 710 3939 &
726 3905 934 3938 confiscandum
944 3927 954 3942 ,
974 3903 1098 3941 ipiosque
1116 3902 1194 3938 alias,
1209 3902 1284 3939 juxta

225 3964 324 3986 eorum
345 3951 505 3987 Demo-ita,
530 3947 722 3986 castigandum
744 3946 776 3976 ὅτ
793 3942 984 3985 puniendum,
1001 3941 1105 3972 eodem
1121 3939 1210 3970 modo
1228 3949 1287 3977 quo

226 3995 294 4025 Nos
315 3990 364 4028 ipsi
381 3990 537 4019 faceremus
557 3988 576 4016 i'i
595 3985 738 4023 praesentes
756 3983 889 4018 essemus,

264 4029 392 4066 Eisdem,
410 4025 554 4062 Ricardo,
574 4023 696 4060 Miloni,
713 4023 746 4054 ὃς
761 4019 898 4059 Nigello,
916 4019 948 4050 ὅ(
963 4027 1061 4049 eorum
1078 4016 1210 4052 cuilibet,
1230 4015 1288 4054 ple-

628 94 1889 172 coNvENT1oNEsgL1TER‘AE‚

1277 216 1364 245 nam,
1380 215 1477 239 tenore
1497 205 1517 227 ⁴¹²
1537 207 1731 245 praelentium,
1747 204 1946 237 Concedimus
1965 205 2000 237 δε
2023 202 2243 236 Committimus
2262 203 2349 237 Pote-
2370 202 2448 235 Ann.
2462 201 2508 235 D.

1280 245 1430 314 stalgixt‘um
1451 282 1584 314 habentes
1603 283 1637 314 &
1653 290 1767 326 gratum
1782 265 1920 326 quicquid
1942 280 2049 319 iidem,
2072 280 2211 313 Ricardus
2223 304 2233 320 ,
2256 281 2353 321 Milo,

2389 242 2476 283 1360.

2370 285 2400 309 Ε.
2419 291 2446 318 3.

1281 322 1315 353 &
1330 321 1480 361 Nigellus,
1497 322 1543 353 vel
1564 331 1665 352 eorum
1680 321 1792 360 aliquis,
1803 329 1875 351 'vice
1892 321 1927 352 δε
1944 320 2063 350 nomine
2079 319 2198 359 nostris,
2217 321 2355 360 fecerint,
2386 318 2470 349 *VL

1283 358 1328 392 vel
1344 359 1459 399 fecerit,
1477 361 1507 390 in
1523 358 1688 398 praemiffis,

1309 396 1446 443 *Ettideo
1463 399 1564 443 yobis,
1583 399 1616 443 ὃς
1637 395 1754 428 cuilibet
1773 395 1921 435 vestrum,
1938 396 1967 426 in
1983 394 2056 434 fide,
2073 395 2219 435 ligeantia,
2234 397 2268 428 &
2283 397 2355 428 obe-

1286 436 1410 475 dientia,
1424 438 1524 475 quibus
1537 438 1620 467 nobis
1633 437 1790 474 tenemini,
1808 437 1842 467 &
1857 434 1907 466 sub
1926 433 2101 465 forisfafitura
2114 433 2191 465 Vitae
2204 435 2238 466 &
2254 434 2357 466 Mem-

1286 475 1422 519 brorum,
1437 476 1472 507 &
1486 475 1760 522 omniumbalioruxm
1781 484 1846 514 quae
1867 474 1951 518 nobis
1972 471 2133 517 forisfacere
2145 474 2286 517 poteritis,
2312 474 2358 503 in-

1283 522 1434 583 Jurhgimgg
1449 513 1670 582 grrrtinandarnbues
1689 512 1768 552 quod
1783 511 1928 556 praefatis,
1939 510 2087 555 Ricardo,
2105 509 2231 554 Miloni,
2247 512 2281 542 &
2295 511 2358 541 Ni-

1287 561 1398 621 {ieeddis
1417 590 1450 620 &
1463 561 1516 619 exg
1534 561 1631 620 υέηιὲὶέ
1665 559 1844 619 ἱῐῖῐῑέῐιῐὲεὲῗιῗιεῐε)
1859 549 2095 619 Ῑίῖἳίϋειςηέῑίῳῶᾶ
2112 558 2142 578 m
2155 549 2307 618 prafflgl
2315 549 2359 611 fa:

1287 637 1345 699 ᾖς’,
1363 628 1397 696 &ll
1413 599 1599 665 Auxiliaciites,
1622 611 1749 671 ‹siit->tiens
1763 627 1796 657 &
1811 601 1895 670 proult
1910 595 2194 672 ἰῖἀεςῐξ,ιῗ<1)ἓίεξιῐέεῑίῗε’,
2210 624 2288 670 Milo
2308 598 2358 656 en&

1288 707 1311 737 ri
1313 677 1374 775 r{tg’e
1380 676 1426 748 visssl
1430 667 1616 743 ,fgelrieto’ruem
1623 665 1733 742 pzlffieuig
1732 687 1751 733 ὅ
1752 665 1852 733 9512?ss
1862 686 1874 702 ,
1889 665 1936 696 vel
1947 665 2029 696 alicui
2041 664 2187 703 vestrum,
2203 663 2272 696 seire
2283 647 2359 695 fece—

1339 744 1838 820 nlggillzsx‘igdcwestmonasterium,
1856 777 1995 810 vicesimo
2010 777 2055 810 die
2069 778 2199 819 Augusti.

2050 856 2105 886 Per
2121 854 2203 896 ipficm
2219 858 2323 909 Regefn.

1291 934 1459 967 Consimiles
1483 934 1588 966 Literas
1608 932 1700 971 Regis
1716 932 1821 964 habent
1838 931 2002 964 Amanenus
2020 931 2057 963 de
2078 931 2203 964 Lebreto
2217 932 2362 964 Dominus

1327 974 1363 1005 de
1379 974 1558 1019 Logozano,
1577 974 1611 1005 &
1625 972 1790 1003 Amanenus
1809 970 1846 1002 de
1862 971 2020 1010 Pomeriis,
2040 969 2168 1010 Milites,
2183 971 2220 1002 de
2234 972 2361 1010 praemisi

1329 1013 1362 1043 sis
1380 1012 1533 1051 faciendis,
1550 1012 1600 1043 sub
1614 1010 1714 1042 eadem
1728 1007 1812 1041 Data.

1293 1138 1352 1169 Pro
1373 1139 1506 1181 Principe
1521 1135 1654 1178 mula,
1678 1134 1714 1168 de
1732 1135 1827 1181 plenis
1850 1129 2042 1176 Potestatibus
2064 1133 2109 1167 ad
2128 1134 2362 1183 trarfigendum,

1338 1184 1562 1232 exequendum,
1595 1187 1632 1222 (ῤ’
1657 1182 1859 1229 complendum
1888 1185 1989 1216 omnia
2011 1183 2152 1230 Capitnla
2181 1187 2213 1216 in
2233 1185 2364 1218 Trami-

1340 1243 1375 1267 tu
1398 1236 1582 1280 Bretigniaci
1601 1232 1792 1266 concordata.

2399 366 2463 393 ²09·

1291 1317 1373 1381 LE
1393 1318 1471 1358 Roi,
1497 1329 1513 1349 a
1527 1317 1621 1349 nostre
1638 1317 1794 1349 Treschere
1808 1317 1933 1349 Ainsnez
1953 1316 2033 1356 Filz,
2056 1315 2179 1349 Edward
2201 1316 2305 1348 Prince
2328 1316 2364 1349 de
2383 1312 2460 1345 Ann.
2475 1313 2520 1347 D.

1293 1357 1468 1427 tutaGales’
1498 1357 1581 1388 Ducs
1606 1356 1642 1387 de
1667 1355 1874 1396 Oomewaine,
1908 1358 1942 1390 &
1974 1355 2073 1387 Conte
2102 1356 2138 1388 de
2164 1353 2284 1395 Cestre,
2314 1354 2365 1388 Sa-

2405 1354 2491 1392 1360.

2384 1395 2437 1420 An.
2454 1401 2500 1429 34.

1332 1435 1393 1466 Por
1412 1445 1448 1466 ce
1470 1444 1522 1473 que
1546 1434 1650 1466 certain
1669 1433 1757 1465 Trete
1776 1433 1813 1465 de
1833 1432 1905 1465 Paiz
1925 1433 1960 1464 &
1980 1431 2128 1465 d’Accord
2141 1433 2176 1466 ad
2191 1432 2249 1465 este
2267 1432 2317 1465 fait
2331 1433 2367 1466 &
2386 1435 2452 1470 1:33.

1294 1473 1439 1513 purparle,
1455 1473 1557 1505 devant
1570 1473 1595 1504 la
1611 1472 1695 1505 Citee
1707 1473 1742 1503 de
1756 1471 1904 1511 Chartres,

2385 1469 2473 1507 Claus-

1331 1512 1419 1543 Entre
1434 1511 1559 1556 Vousn&
1572 1521 1677 1542 aucuns
1690 1520 1750 1542 noz
1763 1510 1950 1548 Consaillers,
1966 1520 2006 1541 ou
2026 1521 2107 1542 noun
2121 1510 2157 1542 de
2176 1520 2264 1549 nous,
2281 1509 2367 1542 d’une
2389 1517 2435 1545 34·
2451 1511 2479 1539 E·
2489 1510 2516 1545 3ss

1295 1559 1373 1589 part,
1391 1552 1424 1582 &
1445 1559 1563 1582 certains
1582 1549 1692 1581 Prelatz
1712 1550 1746 1581 δι’
1767 1549 1813 1581 Se'
1854 1560 1897 1580 urs
1921 1548 1958 1579 de
1978 1549 2101 1588 France,
2125 1547 2294 1581 Consaillers
2314 1549 2371 1589 de,
2389 1552 2415 1584 P·
2437 1555 2464 1573 2·

1297 1589 1393 1620 nostre
1413 1588 1521 1620 Cousm
1563 1587 1589 1619 le
1610 1588 1746 1627 Dauphin
1766 1588 1803 1619 de

1299 1627 1423 1666 France,
1447 1638 1486 1658 ou
1507 1612 1604 1672 IJloun
1624 1627 1661 1671 de
1683 1627 1755 1671 Lui,
1778 1626 1815 1658 de
1834 1626 1883 1657 son
1904 1625 2003 1664 Piere,
2028 1626 2123 1658 nostre
2140 1626 2266 1666 Cousm,
2282 1627 2316 1659 &
2330 1627 2367 1659 de

1300 1674 1372 1697 touz
1384 1667 1422 1697 les
1436 1666 1559 1703 Subgitz
1571 1665 1610 1696 du
1623 1665 1663 1695 dit
1678 1664 1811 1695 Roialme
1821 1664 1924 1695 d'autre
1940 1673 2012 1702 part,

1339 1705 1393 1736 Sur
1407 1713 1499 1735 toutes
1513 1704 1550 1734 les
1559 1702 1768 1742 Contentions,
1787 1702 1987 1741 Diffencions,
2005 1702 2150 1734 &Debaz
2183 1704 2284 1742 qu’ont
2298 1702 2372 1735 estes

1301 1754 1397 1775 menes
1411 1744 1444 1774 &
1458 1742 1603 1773 demesnes
1615 1751 1695 1774 entre
1709 1741 1799 1772 Nous
1813 1741 1847 1773 &
1862 1741 1941 1780 Eux,
1958 1751 1974 1772 a
1995 1740 2074 1772 caule
2087 1741 2127 1773 du
2141 1726 2270 1776 fioialme
2285 1743 2319 1775 &
2331 1743 2369 1775 de

1299 1782 1324 1814 la
1340 1780 1462 1813 Corone
1476 1781 1513 1813 de
1528 1780 1652 1820 France,

1338 1819 1377 1852 Et
1389 1821 1434 1866 sur
1449 1830 1484 1851 ce
1506 1829 1559 1850 ont
1573 1819 1632 1850 este
1653 1819 1731 1851 faites
1746 1818 1870 1859 lettres,
1888 1828 1925 1850 en
1945 1819 2067 1850 certeine
2085 1817 2198 1858 forme,
2213 1820 2317 1861 passkes
2335 1820 2371 1853 &

1300 1860 1406 1929 seallllees
1419 1859 1503 1890 d’une
1518 1857 1644 1890 Coustee
1657 1859 1691 1890 &
1706 1858 1826 1896 d'autre,

1375 1908 1426 1929 ous

1317 1978 1322 1983 ι
1341 1921 1491 1970 Veulla’ntz
1503 1935 1641 1975 proceder
1660 1935 1703 1967 sur
1715 1934 1819 1981 l'effe&
1835 1934 1869 1968 &
1883 1933 2131 1981 acompliffiment
2150 1934 2199 1968 des
2212 1935 2272 1969 ditz
2285 1936 2373 1968 Trai-

1302 1976 1470 2047 tlieaffieauffi
1488 1984 1570 2008 avant
1596 1985 1715 2007 comme
1734 1975 1753 2006 il
1774 1985 1854 2014 purra
1879 1975 2009 2006 touchiei·
2032 1986 2049 2006 a
2065 1975 2154 2007 Nous
2178 1976 2212 2007 ὃς
2238 1986 2255 2007 a
2281 1974 2375 2007 nostre

1404 2038 1414 2054 ²

1342 2054 1382 2085 Et
1397 2052 1530 2085 confienz
1544 2053 1730 2085 entierement
1747 2051 1784 2083 de
1801 2061 1861 2084 voz
1879 2051 1964 2090 Sens,
1982 2051 2096 2091 Lealte,
2114 2052 2148 2084 &
2164 2051 2355 2092 Discrecion,

1342 2093 1423 2126 Vous
1446 2092 1580 2123 donnons
1600 2092 1634 2124 &
1661 2098 1873 2130 commettons,
1896 2099 1945 2128 par
1970 2090 1996 2120 le
2020 2098 2120 2122 tenout
2146 2089 2195 2122 des
2226 2091 2380 2130 presentes*

1308 2132 1467 2171 Auttorite,
1484 2131 1559 2171 plein
1577 2131 1678 2169 Poair,
1695 2131 1729 2162 &
1742 2128 1932 2161 Mandement
1945 2128 2061 2166 especial
2080 2128 2117 2160 de
2130 2127 2224 2160 Parler
2259 2114 2378 2162 Treter’

1307 2171 1492 2210 Composer,
1509 2169 1656 2210 Tranfiger
1691 2168 1819 2206 Pacifier,
1836 2169 1870 2199 &
1886 2167 2038 2206 Acorder,
2055 2177 2126 2199 avec
2145 2176 2204 2198 noz
2218 2152 2281 2199 ‹sitz
2296 2152 2380 2201 Cou3

1308 2211 1359 2242 sins
1371 2211 1407 2241 de
1423 2211 1546 2248 France,
1566 2209 1626 2240 leur
1669 2209 1776 2240 ommis
1789 2208 1823 2239 &
1838 2206 1972 2245 Deputez
1985 2205 2119 2243 especialx
2137 2216 2173 2236 eri
2186 2207 2256 2238 celle
2270 2206 2382 2245 Partie,

1307 2249 1350 2280 sur
1365 2258 1494 2289 quanque
1502 2248 1609 2279 touche
1616 2257 1654 2278 ou
1668 2256 1749 2285 purra
1762 2245 1884 2277 toucher
1892 2245 1929 2276 les
1936 2244 1996 2276 ditz
2002 2245 2122 2277 Traitez
2134 2245 2170 2276 de
2178 2244 2382 2279 Pees&d’Ac-

1308 2289 1377 2321 cord
1386 2311 1396 2327 ‚
1405 2287 1601 2326 generalment
1613 2297 1653 2317 ou
1665 2285 1881 2325 especialment,

1343 2327 1381 2358 Et
1395 2327 1430 2358 de
1453 2325 1591 2370 procedet
1611 2325 1797 2368 sur-quanque
1812 2324 1854 2354 est
1873 2324 2000 2362 compris
2020 2333 2057 2354 en
2078 2322 2182 2368 ycelles
2194 2323 2303 2355 Tretez
2344 2324 2380 2356 &

1312 2366 1418 2398 Lettres
1432 2364 1474 2396 sur
1490 2374 1525 2396 ce
1539 2363 1619 2396 faites
1629 2386 1638 2403 ,
1655 2363 1744 2403 Jusqes
1758 2373 1774 2394 a
1788 2362 1850 2394 lour
1865 2361 1966 2394 finable
1987 2362 2150 2401 expeditiori
2164 2363 2200 2395 &
2218 2346 2383 2401 compliffffi

1308 2414 1600 2489 m‘ffe’Demander,
1624 2441 1758 2481 prendre,
1775 2440 1809 2472 &
1827 2438 2014 2479 Resceivoir,
2036 2449 2072 2470 en
2090 2438 2187 2483 Noun
2211 2440 2248 2471 de
2271 2439 2381 2478 Nous,

1310 2491 1443 2514 certames
1460 2481 1622 2519 Hostages,
1640 2480 1774 2512 Sommes
1787 2478 1879 2518 d'Or,
1897 2477 2062 2516 Chastmlx,
2079 2477 2180 2516 Villes,
2196 2478 2230 2510 &
2243 2477 2383 2510 Forteresa

1310 2521 1365 2559 seS,
1392 2523 1426 2553 &
1443 2529 1535 2551 toutes
1563 2529 1653 2550 autres
1671 2518 1791 2556 choses,
1815 2527 1871 2557 que
1896 2527 1968 2547 nous
1984 2517 2102 2548 doivent
2124 2516 2197 2548 estre
2221 2517 2328 2548 liverez
2345 2517 2380 2549 &

1311 2559 1414 2628 ballii&
1434 2569 1484 2597 par
1505 2558 1587 2627 force
1606 2558 1654 2589 des
1675 2557 1735 2589 ditz
1754 2556 1872 2588 Traitez
1890 2555 1925 2587 &
1940 2555 2066 2593 Lettres,
2082 2555 2116 2585 &
2137 2565 2187 2594 par
2200 2556 2381 2596 quelconque

1310 2609 1362 2630 cau
1375 2608 1391 2629 e
1422 2608 1457 2628 ue
1475 2607 1510 2628 ce
1535 2606 1576 2627 oit

1348 2637 1395 2667 De
1402 2608 1481 2667 qfaire
1505 2637 1539 2667 &
1554 2619 1663 2665 donner
1683 2632 1751 2664 auffi
1765 2632 1971 2671 Aequitances,
1990 2631 2116 2670 Seurtes‚
2134 2630 2296 2670 Caucions,
2314 2630 2379 2663 Co-

1310 2685 1463 2713 venances,
1479 2675 1513 2705 &
1534 2674 1684 2711 Pactions,
1702 2671 1889 2711 Obligacions
1910 2672 1944 2702 &
1970 2669 2145 2709 Promeffes,
2161 2678 2219 2701 tant
2237 2680 2284 2709 par
2306 2670 2377 2702 Let-

1307 2723 1380 2752 tres,
1398 2723 1486 2745 come
1499 2719 1671 2749 autrement,
1686 2711 1719 2742 &
1733 2718 1827 2749 tantz,
1844 2710 1878 2741 &
1893 2709 1987 2747 tieles,
2005 2709 2038 2740 &
2053 2709 2072 2739 si
2089 2708 2274 2748 souffisantes‚
2292 2718 2377 2740 corn-

1311 2762 1359 2784 me
1374 2752 1558 2796 bosoignera,
1575 2752 1609 2782 &
1625 2759 1747 2781 comme
1760 2758 1842 2786 purra
1855 2747 1926 2779 estre
1938 2747 2060 2779 acordez
2072 2755 2149 2778 entre
2162 2746 2200 2779 les
2210 2747 2312 2779 Parties
2319 2770 2331 2787 ,
2343 2747 2379 2780 &

1309 2792 1334 2823 la
1346 2790 1504 2822 condicion
1517 2790 1554 2820 du
1570 2788 1618 2820 fait
1637 2788 1776 2826 requiert,

1350 2829 1399 2860 De
1420 2830 1530 2859 donner
1556 2827 1662 2858 Lettres
1682 2828 1715 2858 δε
1739 2825 1802 2856 sauf
1811 2823 1941 2856 Conduit
1963 2835 1978 2855 a
1998 2832 2089 2855 toutes
2109 2824 2148 2855 les
2167 2823 2320 2855 Personnes
2339 2822 2380 2854 du

1311 2868 1432 2899 Realme
1446 2867 1620 2935 delFrance,
1640 2875 1688 2904 par
1702 2865 1879 2905 quelconque
1893 2863 1971 2894 cause
1983 2872 2038 2903 que
2054 2863 2082 2893 se
2103 2862 2173 2901 soit,
2190 2863 2224 2894 &
2237 2872 2265 2893 as
2279 2869 2381 2894 termes

1313 2917 1368 2946 que
1382 2916 1454 2937 vous
1468 2916 1486 2944 p
1496 2915 1553 2936 erra
1563 2928 1573 2943 ‚

1311 2984 1320 3014 l
1345 2945 1401 3014 lsDgzl
1410 2945 1482 2983 jurer
1497 2944 1530 2975 &
1544 2941 1656 2981 baillet,
1674 2951 1711 2972 en
1726 2938 1818 2971 nostre
1832 2939 1935 2977 Alme,
1955 2946 2033 2970 toute
2054 2948 2169 2970 manere
2182 2938 2219 2970 de
2234 2937 2381 2971 Serement

1321 2994 1351 3014 oi
1364 2997 1371 3013 i
1403 2994 1419 3014 e

1349 3022 1397 3052 De
1410 3006 1554 3052 siibstituer
1569 3027 1672 3057 autres,
1690 3015 1747 3048 Un
1759 3026 1797 3047 ou
1813 3015 1959 3054 Plusours,
1977 3025 2013 3046 en
2027 3014 2118 3047 vestre
2133 3015 2220 3055 Lieu,
2235 3025 2292 3054 que
2304 3017 2382 3047 aient

1311 3059 1464 3092 semblable
1479 3058 1579 3096 Poair,

1350 3099 1386 3129 Et
1401 3098 1570 3129 nientmains
1589 3094 1625 3125 de
1646 3093 1755 3124 donner
1776 3092 1809 3123 δι’
1826 3091 1906 3129 faire,
1921 3091 2039 3129 prendre
2053 3093 2087 3124 &
2102 3092 2258 3132 rescevoir,
2276 3102 2380 3124 execu-

1312 3146 1352 3167 ter
1368 3137 1401 3167 &
1416 3135 1545 3173 expedier
1564 3142 1655 3164 toutes
1677 3140 1767 3162 autres
1789 3130 1900 3169 choses,
1918 3130 2068 3169 singulm,
2087 3130 2259 3170 necefferes,
2277 3132 2310 3162 &
2325 3132 2380 3162 bo-

1312 3174 1494 3214 soignablesa
1515 3171 1718 3209 l’expedicion,
1742 3170 1910 3206 execution,
1941 3170 1975 3200 &
2003 3169 2231 3206 compliffement
2250 3169 2300 3200 des
2319 3169 2380 3201 ditz

1312 3210 1643 3250 Traitez,Acc0rds‚&
1654 3209 1778 3244 Lettres,
1795 3207 1829 3238 &
1843 3206 1938 3237 selonc
1952 3207 1971 3227 ²*
1988 3207 2012 3238 la
2032 3217 2146 3239 manere
2163 3208 2196 3239 &
2209 3207 2304 3238 forme
2317 3207 2378 3248 d'y-

1313 3251 1410 3288 celles,
1429 3248 1495 3281 auffi
1509 3256 1590 3279 avant
1603 3257 1689 3278 come
1703 3246 1739 3277 les
1751 3246 1876 3284 Tretez,
1895 3245 2007 3277 Acords
2025 3247 2058 3278 ὃς
2081 3246 2187 3277 Lettres
2208 3245 2379 3278 devantdites

1313 3288 1431 3320 feussent
1449 3288 1484 3318 de
1499 3286 1571 3317 Mot
1586 3284 1708 3329 enDMot
1726 3285 1872 3322 exprimez
1895 3284 1929 3315 &
1943 3284 2080 3315 desclarez
2101 3294 2137 3314 en
2160 3293 2206 3314 ces
2224 3284 2380 3324 presentes,

1312 3328 1346 3397 ἷξε
1368 3336 1456 3358 come
1476 3335 1547 3357 nous
1568 3324 1685 3356 ferrions
1702 3322 1723 3353 si
1745 3332 1814 3354 nous
1835 3332 1853 3363 y
1878 3321 2009 3354 feuffions
2027 3332 2064 3353 en
2085 3322 2180 3353 nostre
2201 3332 2303 3362 propre
2317 3333 2380 3362 per-

1323 3376 1400 3396 onne

1354 3404 1391 3435 Et
1403 3388 1534 3434 donnons
1554 3401 1621 3433 aussi
1636 3411 1651 3431 a
1665 3410 1752 3437 vous,
1771 3398 1865 3430 nostre
1886 3399 1928 3430 dit
1942 3398 2023 3437 Filz,
2040 3398 2066 3430 le
2088 3397 2209 3438 Prince,
2228 3399 2378 3432 Auetorite

1316 3444 1348 3474 δε
1364 3443 1437 3481 plein
1449 3442 1533 3472 Poair
1549 3439 1716 3478 d’adjouster
1729 3439 1762 3470 &
1775 3438 1862 3476 supler
1880 3448 1896 3468 a
1911 3436 1970 3468 cest
1984 3437 2092 3474 present
2105 3436 2190 3468 Poair
2203 3439 2236 3471 &
2257 3437 2379 3469 Maride*

1317 3491 1411 3519 ment,
1430 3481 1449 3511 fi
1463 3489 1570 3510 aucune
1585 3478 1671 3509 chose
1683 3477 1869 3514 solempnele,
1886 3485 1925 3506 ou
1939 3475 1975 3505 de
1987 3475 2149 3514 substance,
2164 3477 2201 3507 ait
2217 3475 2274 3507 este
2292 3476 2377 3514 omis,

1317 3531 1354 3550 ou
1374 3518 1535 3556 entreleffe,
1555 3527 1601 3555 par
1621 3516 1832 3553 occupacions,
1853 3524 1892 3545 ou
1912 3522 2085 3554 autrement,
2105 3524 2160 3553 que
2181 3514 2273 3547 serreit
2293 3522 2378 3552 expe-

1317 3559 1393 3589 dient
1406 3568 1445 3588 ou
1460 3556 1601 3594 profitable
1615 3566 1630 3585 a
1653 3554 1689 3583 les
1702 3553 1798 3584 choses
1811 3552 1999 3590 devantdites,

1353 3596 1391 3627 Et
1409 3597 1444 3626 de
1461 3596 1528 3624 faire
1544 3602 1633 3624 toutes
1648 3600 1736 3622 autres
1748 3591 1844 3622 choses
1867 3591 2018 3622 necesseres
2031 3600 2067 3621 en
2086 3589 2155 3621 celle
2170 3589 2280 3628 Partie,
2293 3597 2378 3621 com-

1318 3636 1383 3665 bien
1401 3644 1453 3672 que
1469 3633 1538 3675 pluis
1552 3631 1666 3669 especial
1683 3629 1765 3659 Poair
1782 3631 1815 3662 ὃς
1831 3629 2018 3660 Mandement
2033 3639 2069 3659 en
2082 3628 2174 3659 serroit
2190 3628 2297 3667 requis,

1355 3672 1410 3710 Et,
1429 3683 1461 3702 au
1475 3672 1570 3708 drein,
1587 3676 1760 3707 promettons
1775 3670 1853 3698 avoir
1865 3668 1950 3698 Ferm
1964 3666 2168 3704 &Aggreable
2183 3674 2244 3696 tout
2258 3675 2309 3703 ce,
2325 3675 2380 3706 que

1319 3713 1388 3742 serra
1405 3711 1516 3753 Parlee,
1535 3709 1661 3751 Traitie,
1688 3706 1842 3745 Accorde,
1867 3705 2058 3742 Covenance,
2075 3702 2241 3742 Compose,
2263 3703 2378 3737 Transi-

1319 3760 1373 3787 με,
1396 3748 1517 3785 Pacifie‚
1545 3745 1771 3783 Promis,Jure‚
1790 3745 1915 3782 Oblige,
1933 3743 2037 3781 Done,
2060 3741 2228 3779 Demande,
2252 3740 2379 3782 Resceu,

1319 3789 1352 3818 &
1370 3787 1392 3816 F
1393 3788 1428 3816 ait
1445 3796 1492 3824 par
1508 3794 1594 3822 vous,
1608 3783 1701 3813 nostre
1714 3783 1756 3813 dit
1763 3783 1920 3813 Treschere
1938 3781 2017 3818 Filz,
2033 3780 2060 3809 le
2074 3778 2195 3817 Prince,
2212 3787 2272 3811 voz
2283 3779 2380 3812 Corn.

1320 3827 1390 3862 mis,
1408 3824 1567 3860 Substituz,
1594 3823 1626 3853 &
1646 3821 1798 3860 Deputez,
1822 3831 1858 3851 en
1873 3820 1967 3850 Noun
1986 3818 2022 3848 de
2037 3816 2141 3855 NouS‚
2161 3827 2197 3847 en
2216 3817 2313 3849 choses
2330 3819 2381 3850 de-

1318 3863 1454 3894 vantdites
1469 3863 1502 3892 &
1518 3860 1656 3891 chascune
1669 3860 1697 3890 d'
1717 3860 1814 3897 celles,
1831 3857 1920 3888 dester
1939 3867 1954 3887 a
1965 3855 2139 3894 Juggernent
2157 3856 2191 3887 &
2206 3857 2283 3894 paier
2296 3857 2382 3888 chose

1317 3902 1406 3944 juge,
1423 3900 1465 3930 sur
1480 3898 1610 3930 Caucion
1626 3899 1658 3930 ὅ(
1707 3898 1845 3937 bligacion
1858 3895 1893 3926 de
1906 3902 1975 3926 touz
1988 3902 2049 3928 noz,
2059 3891 2164 3933 Bienz,
2182 3894 2307 3933 presentz
2320 3895 2354 3927 &
2365 3905 2382 3927 a

1322 3949 1411 3970 VCnll'.

1358 3976 1402 4007 En
1421 3975 1627 4014 tesmoignance
1668 3974 1729 4005 &c.

1401 4014 1483 4046 Don-
1500 4013 1567 4045 souz
1581 3996 1675 4044 noisre
1687 4012 1778 4044 Grant
1791 4009 1852 4043 Seal
1866 4019 1882 4042 a
1897 4006 2021 4041 Westm.
2036 4006 2062 4040 le
2076 4008 2141 4041 xxiv
2150 4009 2215 4048 joui·
2226 4007 2357 4045 d’Augst.

2304 4049 2385 4085 Super

1857 1588 1953 1626 ienne,
1982 1586 2102 1626 Regent
2126 1587 2153 1619 le
2175 1587 2312 1619 Roialme
2331 1588 2368 1619 de
2387 1595 2425 1615 m.
2439 1586 2469 1613 6.

2416 3211 2433 3229 '¹‘
2450 3211 2503 3239 v1.

2425 3258 2490 3278 ιω.
