2561 4251
19 181 98 215 Ann.
112 181 159 213 D.

42 223 130 263 1360.

19 265 89 291 Edi..
112 272 137 299 3.

19 305 73 328 An.
93 310 138 337 34.

18 343 50 366 Ε.
75 348 100 375 3.

20 379 115 406 Ffaac.

23 425 70 451 34.
88 420 115 441 Ε.
129 424 153 452 3.

20 463 58 481 m.
81 462 124 482 ie.

25 2766 103 2799 Ann.
118 2763 159 2795 D.

54 2805 139 2844 1360.

23 2848 76 2873 Aa.
95 2853 139 2880 34.

24 2887 56 2910 ‚E-
81 2892 106 2918 3.

24 2924 84 2948 Par.
118 2930 162 2956 34.

24 2964 55 2986 E.
75 2969 99 2994 3.
118 2967 142 2996 p.

31 3007 97 3027 i.m.
115 3008 160 3027 20.

575 60 1476 111 CONVENTIONES,

168 83 247 112 200
1559 64 1594 106 L
1629 64 1649 107 1
1685 64 1728 106 T
1765 65 1799 106 E
1838 64 1881 106 R
1910 65 1980 118 AE,

1869 223 1872 227 ,
2376 183 2453 216 Ann.
2469 184 2512 217 D.

278 244 336 274 Pro
350 236 468 285 Jacobo
485 236 520 271 de
537 236 675 279 Burbon,
696 236 732 270 de
750 234 953 270 Providentiis
965 233 1128 280 faciendis.
1282 237 1378 281 Super
1398 237 1500 269 Mora
1518 235 1707 283 Adverfhrii
1723 236 1758 270 de
1779 240 1913 272 Francia
1935 243 1967 272 in
1994 252 2106 288 magna
2125 243 2222 275 Tarm·
2243 242 2361 277 Londo-
2374 226 2489 301 ΕΞΞόζ·

174 327 230 382 R
241 327 266 358 E
277 325 308 357 X
334 324 479 355 Omnibus
498 323 608 355 Ballivis
624 324 658 355 &
677 321 817 352 Fidelibus
834 320 885 352 suis
907 319 942 351 ad
958 330 1046 359 quOS,
1062 321 1124 352 &c.
1161 318 1241 351 Salu—

251 375 318 396 teni.

207 405 306 435 Sciatis
323 401 401 439 quod
410 424 420 439 ,
1216 435 1222 440 ¹

210 442 309 478 Cum,
326 440 446 470 Nobilis
466 437 535 475 Vir,
555 438 681 477 jacobus
693 436 728 468 de
743 435 877 475 Burbon,
897 436 1069 467 Prisonarius
1083 434 1193 473 noster,
1215 445 1244 464 in

172 480 275 511 Castro
290 482 325 509 de
339 477 479 510 Hertford
496 477 641 514 detentus,
656 475 832 513 assignaverit
848 476 881 506 ὃ(
897 475 1072 513 deputaverit
1082 475 1245 513 johannem

172 519 304 556 Vathque
328 518 361 549 &
374 517 545 547 Hankinum
568 515 693 555 Polayn,
709 515 865 545 Familiares
888 514 950 544 suos
965 537 973 552 ,
997 513 1193 550 conjunctim,
1210 513 1244 543 δε

171 558 299 595 divisim,
314 556 348 588 ad
363 555 508 586 Vic'tualia
522 554 555 583 &
571 554 623 583 alia
638 553 804 592 neceffaria,
819 563 872 590 pro
890 553 1023 583 Financia
1045 553 1079 582 &
1103 550 1247 582 Sustenta-

172 597 249 626 tione
264 595 347 633 ipsius
360 594 463 633 Jacobi
483 593 517 622 &
536 592 560 622 F
561 593 727 623 amiliarium
744 592 859 622 suorum
873 614 883 630 ,
905 592 979 628 apud
997 590 1197 628 Londoniam,
1212 590 1246 620 &

170 635 238 665 alibi
254 634 283 664 in
302 633 410 670 Regno
424 630 524 662 nostro
541 630 676 670 Angliae,
685 640 738 670 pro
755 632 931 668 competenti
945 629 1043 660 Pretio
1057 628 1123 658 inde
1135 628 1247 660 solven-

171 673 230 711 do,
244 671 365 704 emenda
379 672 412 703 ὃ(
429 668 620 708 providenda,

208 711 294 749 Nos,
313 710 438 754 volentes
461 708 611 740 Securitati
634 709 782 739 dietorum
795 707 931 746 Johannis
945 707 978 738 δε
997 705 1130 737 Hankini
1145 706 1176 736 in
1191 705 1246 736 hac

171 748 491 830 pagffsgggckllesregsos‘
509 784 570 821 &c.
585 792 665 825 prout
688 788 716 814 in
723 783 856 824 fimilibus
876 786 908 815 de
928 785 1072 828 Condudlu
1091 786 1208 828 Literis.

208 826 243 857 Iri
259 827 424 864 cu1u8,&c.
443 824 528 863 usque
544 824 579 855 ad
597 824 713 855 Festum
731 823 828 854 Saneti
841 823 1156 862 Michaelis,proximo
1170 822 1248 854 futu-

169 865 442 948 msse’siidlrgltiilssgde
461 902 577 941 Angliae
593 901 668 940 apud
692 899 981 933 Westmonasterium
995 923 1007 939 ,
1039 900 1179 933 vicesimo
1206 900 1248 932 se-

170 943 270 975 cundo
288 942 334 974 die
351 942 465 981 Aprilis.

674 1024 727 1052 Per
744 1019 827 1061 ipfitm
847 1020 984 1062 Custodem
1001 1018 1040 1056 &
1058 1018 1211 1050 Concilium.

195 1154 304 1196 Bulla,
319 1151 355 1185 de
376 1149 603 1196 Ecclcfiasticis,
621 1153 653 1183 in
670 1152 769 1196 Regno
788 1150 921 1181 Franciae
932 1151 1010 1192 ,non
1028 1146 1225 1191 molestandis.

200 1239 388 1271 Nnocentius
411 1237 567 1276 Episcopus
582 1260 591 1275 ,
621 1236 723 1267 Servus
750 1235 906 1265 Servorum
935 1233 1019 1272 Dei,
1047 1233 1191 1264 carissimo
1216 1234 1247 1263 in

171 1247 197 1310 1
219 1278 338 1309 Christo
355 1277 427 1307 Filio
442 1276 587 1306 Edwardo
596 1298 605 1314 ,
615 1276 691 1314 Regi
706 1273 818 1313 Angliae
831 1272 951 1311 Illustri,
973 1272 1100 1304 Salutem
1116 1274 1151 1305 <Sc
1167 1272 1249 1310 Apo-

127 1318 132 1324 '
173 1317 303 1348 stolicam
319 1315 563 1346 Benediitionem.

135 1353 141 1360 ”
209 1356 358 1386 Dilectum
379 1354 502 1392 Filium,
522 1353 669 1383 Nobilem
687 1351 791 1382 Virum
806 1374 815 1389 ,
850 1350 1055 1382 Guillielmum
1081 1350 1117 1382 de
1142 1349 1247 1381 Berton

172 1394 487 1433 Militem,Nuncium
501 1392 535 1422 &
552 1389 788 1422 Ambaffiatorem
804 1399 903 1428 tuum,
920 1389 954 1420 ad
974 1390 1099 1420 nostram
1114 1390 1140 1420 se
1157 1399 1246 1427 nuper

171 1434 346 1472 praesentiam
366 1431 564 1462 conferentem
574 1453 584 1469 ,
604 1429 829 1461 consideratione
852 1429 1003 1467 mittentis,
1018 1429 1050 1459 &
1065 1429 1120 1459 suae
1136 1428 1247 1466 insuper

171 1472 466 1503 mukaeDiscreti'oii'is
484 1471 589 1500 intuitu
600 1470 742 1507 ,benigne
760 1468 988 1505 suscepimus—,ac
1006 1466 1160 1498 Petitiones
1174 1477 1245 1505 tuas,

169 1521 218 1549 per
232 1521 301 1542 eum
316 1511 415 1548 nobis,
430 1510 490 1539 t‘am
508 1508 647 1546 provide,
663 1508 749 1544 quam
769 1507 921 1544 sapienter,
939 1506 1093 1545 expositas,
1107 1506 1244 1537 intellexi-

170 1560 235 1580 mus
254 1549 482 1587 diligenter3&,
503 1546 607 1576 deinde
624 1545 818 1576 Petitionibus
837 1545 899 1582 ipris
915 1568 924 1583 ,
957 1546 985 1574 in
1010 1545 1078 1583 illis,
1096 1545 1126 1575 in
1144 1546 1246 1585 quibus

169 1599 241 1619 cum
261 1588 329 1619 Deo
344 1588 489 1625 potuimus
512 1587 614 1623 (prout
631 1586 667 1615 ab
685 1584 788 1615 eodem
807 1583 929 1614 Nuncio
949 1583 1182 1615 informationem
1200 1594 1245 1613 re-

170 1629 266 1665 cipere
281 1627 384 1658 valebit
397 1634 444 1656 tua
458 1624 596 1655 Serenitas
619 1622 795 1662 pleniorem)
822 1622 858 1653 de
879 1621 1055 1660 Benignitate
1077 1621 1247 1660 Apostolicfi

168 1667 302 1698 duximus
323 1664 516 1696 annuendum.

207 1705 274 1736 Nos
294 1706 391 1741 enim,
411 1713 477 1739 erga
492 1711 571 1732 tuam
590 1700 795 1732 Excellentiam
810 1708 938 1736 gerentes
957 1700 1109 1738 praepruae
1127 1700 1247 1730 caritatis

86 1758 93 1768 τ
117 1775 123 1782 ,
169 1743 307 1775 εῧῖεᾶυῐη
327 1744 361 1773 &
377 1743 395 1761 'l‘
415 1741 639 1771 benivolentiam
657 1740 877 1779 singularem,in
897 1739 952 1775 eis,
968 1748 1032 1776 qux
1051 1748 1126 1778 grata
1147 1740 1180 1770 δε
1197 1748 1247 1769 ac-

171 1791 253 1821 cepta
269 1783 319 1814 tibi
335 1782 398 1812 fore
415 1781 596 1817 noverimus,
616 1788 700 1816 prout
720 1777 878 1808 lecundum
898 1776 999 1806 Deum
1019 1778 1195 1814 poterimus,
1213 1777 1248 1806 li·-

171 1822 269 1853 benter
285 1821 457 1851 intendimus
470 1818 554 1849 Votis
566 1818 619 1848 tuis
634 1827 771 1854 annuere,
788 1816 821 1846 &
838 1814 989 1845 Defideriis
1002 1816 1191 1853 complacere.

207 1859 453 1898 Postremo,cum
473 1857 570 1895 saepius
589 1856 623 1887 ad
644 1854 766 1885 nostram
783 1853 957 1885 audientiam
975 1854 1166 1892 plurimorum
1184 1854 1246 1885 Re-

168 1901 234 1930 latio
253 1899 395 1935 fidedigna
413 1896 586 1936 perduxerit,
603 1894 682 1933 quod
719 1904 768 1932 per
785 1902 844 1924 tuas
862 1892 971 1924 Gentes
989 1893 1248 1933 Armigeras,non-

169 1939 251 1969 nullis
269 1937 401 1969 Ecclesiis
420 1947 453 1966 ac
471 1934 671 1966 Ecclesiasticis
713 1933 832 1971 erfonis,
850 1933 878 1962 in
899 1932 1006 1969 Regno
1024 1932 1152 1963 Franciae
1174 1942 1248 1963 con-

171 1977 271 2008 stitutis
293 1976 386 2016 (quod
404 1983 518 2014 praeter,
534 1975 627 2003 immo
645 1981 744 2002 contra
758 1995 769 2010 ,
792 1980 848 2002 tuae
866 1971 1026 2002 Serenitatis
1043 1970 1249 2002 conscientiam

170 2016 231 2047 fieri
249 2027 309 2047 non
326 2015 517 2053 ambigimus)
537 2013 657 2051 plurima
675 2011 813 2049 Danipna
832 2012 866 2044 ὃς
883 2008 1029 2041 Molestiae
1055 2010 1257 2050 multipliciter,

170 2056 327 2086 inferuntur

210 2078 395 2124 Serenita’tem
413 2092 533 2124 eandem
551 2091 658 2122 attente
677 2099 811 2130 rogamus
824 2112 833 2128 ,
859 2090 892 2121 &
910 2088 1038 2120 Paternis
1061 2090 1090 2120 in
1109 2089 1249 2122 Domino

171 2132 334 2164 Affeffibus
351 2132 531 2163 obsecramus
547 2155 556 2168 ,
588 2130 731 2168 quatinus,
755 2139 809 2166 pro
825 2129 935 2159 honore
958 2128 1016 2159 Dei
1033 2129 1067 2160 &
1085 2129 1190 2160 nostrae
1214 2139 1249 2161 ac

169 2171 346 2210 Apostolicae
366 2171 447 2201 Sedis
466 2169 656 2206 Reverentia,
675 2168 814 2198 Ecclefias
833 2168 866 2199 &
885 2167 1092 2199 Ecclesiasticas
1110 2167 1246 2200 Personas

170 2211 278 2241 easdem
298 2221 347 2248 per
367 2209 478 2240 Gentes
496 2209 563 2246 ipsas
584 2208 688 2238 turbari
713 2208 758 2238 vel
776 2206 916 2237 molestari
934 2208 970 2238 ali
990 2208 1087 2238 ualiter
1104 2217 1165 2238 non
1183 2218 1248 2248 per-

171 2251 281 2320 giittas3
299 2249 344 2281 sed
361 2259 406 2281 eas
424 2248 520 2287 potius
537 2247 666 2286 suscipias
683 2245 719 2277 de
740 2245 952 2278 mansuetudine
1008 2245 1073 2284 egia
1094 2256 1250 2278 commen-

193 2297 255 2319 atas.

207 2327 277 2359 Dat.
297 2327 436 2360 Avinion.
453 2326 482 2364 vj
502 2324 569 2357 Kal.
583 2323 675 2363 Maii,
690 2322 875 2355 pontificatus
891 2323 979 2355 nostri
994 2324 1083 2356 Anno
1097 2323 1210 2356 oCtavo.

825 2400 948 2439 Sigillum
967 2401 1143 2443 defideratur.

938 2479 988 2518 Jo.
1010 2480 1042 2510 de
1060 2479 1211 2510 Florentia.

173 2616 224 2648 De
235 2611 370 2655 Eccleſsis
385 2613 416 2643 in
434 2610 586 2642 Armenia
596 2618 649 2652 per
668 2608 803 2653 paganos
819 2603 983 2648 devastatis
995 2632 1005 2648 ‚
1016 2608 1053 2644 (ᾔ
1072 2604 1248 2649 Christianis

503 2654 717 2702 miserabiliter
741 2654 914 2687 trucidatis.

177 2747 312 2818 Rl'igi
336 2745 482 2777 Omnibus
502 2740 612 2774 Ballivis
628 2741 662 2772 ὅ(
683 2740 824 2772 Fidelibus
839 2739 909 2779 suis,
929 2740 965 2771 ad
980 2741 1139 2782 quos,&c.
1165 2741 1247 2773 Salu-

212 2828 363 2859 Venientes
382 2833 471 2861 nuper
485 2822 515 2851 in
532 2819 671 2857 Regnum
693 2817 822 2849 nostrum
846 2818 964 2855 Angliae
981 2842 990 2857 ,
1014 2819 1077 2849 Viri
1096 2818 1251 2858 Religiosi,

174 2867 282 2897 Fratres
297 2863 454 2902 Stephanus
471 2862 504 2891 &
521 2859 646 2898 Jacobus
665 2857 700 2888 de
719 2858 858 2888 Armenia
876 2857 1155 2895 Majori,M0nachi
1175 2857 1249 2888 Mo-

175 2905 286 2936 nasterii
302 2903 414 2933 Meten.
433 2899 550 2930 Ordinis
569 2897 667 2928 sanciti
691 2896 805 2933 Basilii,
831 2896 993 2926 Galadeniis
1018 2895 1162 2927 Dioecesis
1177 2920 1188 2935 ,
1213 2898 1246 2928 ὃς

174 2945 268 2976 Frater
283 2941 438 2977 Antonius,
456 2937 618 2969 Conversus
629 2935 754 2974 ejusdem
773 2934 907 2974 Ordinis,
932 2936 1014 2965 nobis
1027 2936 1172 2966 humiliter
1184 2936 1247 2976 sup-

283 2990 313 3012 nt

172 2985 347 3053 phlcjtrucur'n
366 3017 504 3052 Regnum
524 3014 685 3052 Armeniae,
702 3013 797 3044 saltem
815 3023 867 3050 pro
887 3013 994 3050 majore
1012 3021 1107 3051 parte,
1133 3023 1182 3050 per
1195 3012 1247 3044 Pa—

173 3071 263 3097 ganos
281 3060 314 3091 &
333 3057 399 3090 alios
417 3055 561 3085 Idolorum
585 3053 717 3083 Cultores
733 3074 742 3090 ,
765 3063 781 3081 a
800 3051 1030 3082 Christianorum
1048 3052 1179 3081 manibus
1198 3062 1246 3089 per

172 3100 334 3131 Potentiam
349 3096 381 3127 sit
397 3094 544 3129 evidmm,
564 3093 597 3122 &
616 3102 665 3130 per
680 3091 752 3129 ipsos
771 3089 903 3127 Paganos
920 3098 1112 3128 occupatum,
1130 3092 1196 3130 qui,
1214 3090 1247 3120 fi-

172 3140 241 3170 dem
260 3135 449 3168 Christianam
465 3132 618 3168 satagentes
636 3131 798 3167 extinguere
821 3152 831 3166 ,
864 3128 1009 3159 devastant
1025 3127 1162 3160 Ecclefias
1176 3152 1186 3168 ,
1212 3131 1246 3161 &

174 3177 352 3209 Christianos
373 3171 481 3203 ibidem
499 3180 559 3200 non
578 3169 683 3199 cessant
701 3168 893 3199 miserabiliter
915 3176 939 3198 tr
959 3167 1069 3205 cidare,

212 3218 267 3248 Per
285 3213 361 3255 quod
377 3211 426 3251 ipsi
445 3208 602 3247 Religiosi,
622 3217 675 3237 nec
695 3208 740 3237 alii
760 3205 866 3237 Christi
886 3205 940 3237 Fid
968 3216 996 3236 os
1011 3228 1021 3244 ,
1046 3207 1119 3236 inibi
1140 3206 1246 3236 morari

335 3265 352 3284 n

172 3256 339 3327 milieiioniidls
354 3263 394 3324 teis
413 3288 572 3321 Licentiam
590 3284 750 3316 concedere
767 3283 866 3322 quod,
890 3286 920 3314 in
938 3284 1045 3324 Regno
1065 3282 1164 3314 nostro
1185 3282 1247 3314 Ari·

175 3335 260 3372 gliae,
284 3333 335 3363 sub
351 3331 413 3363 Alis
431 3326 533 3358 nostrae
552 3324 740 3355 PrOteffloniS
758 3345 767 3361 2
801 3323 973 3365 aliquamdiu
994 3323 1100 3353 morari
1119 3322 1248 3360 valeant,

175 3373 287 3405 vidium
303 3371 383 3401 suum
400 3376 435 3398 ex
452 3363 636 3396 Eleemosinis
653 3361 780 3392 fidelium
797 3363 954 3406 quaelituri,

215 3411 298 3447 Nos,
316 3411 356 3439 ob
375 3405 559 3439 reverentiam
579 3401 640 3432 Dei
659 3402 692 3445 {k
712 3400 824 3445 SanCije
843 3400 1006 3444 Religionis
1020 3399 1190 3444 „Precibus
1209 3399 1251 3442 ip-

176 3451 272 3481 sorum
291 3445 506 3484 Religiosoium
526 3442 715 3473 favorabiliter
735 3441 862 3471 inchnati
887 3461 897 3476 ,
934 3440 1095 3470 Licentiam
1118 3438 1196 3468 illam
1215 3447 1253 3467 eis

178 3489 308 3519 duximus
324 3483 540 3517 concedendam
555 3493 565 3519 3
589 3479 766 3517 suscipientes
791 3487 838 3509 eos
855 3478 888 3508 &
906 3488 1007 3508 eorum
1026 3476 1200 3516 quemlibet,
1218 3475 1253 3506 ad

771 3526 846 3561 ⁴pro
871 3517 1027 3554 quaerendis
1051 3514 1254 3552 Eleemosinis,

182 3564 348 3596 iranseundo
363 3585 373 3600 ,
407 3560 440 3591 ὃ(
465 3559 572 3589 ibidem
593 3556 752 3595 morando,
769 3566 797 3585 in
817 3554 1035 3598 Proteffionem
1052 3554 1086 3585 &
1104 3552 1256 3596 Defensio-

182 3613 252 3633 nem
274 3602 401 3633 nostram
428 3597 598 3636 specialem,
625 3596 793 3626 dumtamen
817 3604 972 3631 quicquam
991 3593 1074 3623 nobis
1090 3591 1137 3622 seu
1155 3590 1258 3621 nostris

180 3526 297 3558 diversas
316 3532 405 3563 partes
421 3522 492 3552 disti
512 3520 612 3557 Regni
631 3517 721 3549 nostri
746 3540 757 3554 ,

183 3641 370 3680 praejudiciale
385 3648 446 3669 non
465 3636 588 3673 faciant,
605 3634 637 3664 δί
656 3635 799 3680 [ε’ςεῑεῃῑ
817 3632 934 3662 fideliter
954 3633 987 3662 &
1008 3630 1144 3667 honeste3

224 3679 262 3709 Et
279 3680 344 3709 ideo
369 3677 451 3709 vobis
472 3673 655 3711 mandamus,
670 3681 730 3707 &a
751 3681 819 3711 prou

188 3721 303 3749 Literis.

224 3755 259 3786 In
276 3755 370 3791 cuiuS,
387 3754 449 3784 &c.
467 3763 515 3791 per
531 3760 622 3782 unum
640 3749 761 3780 Annum
779 3749 927 3780 duraturas.

261 3792 350 3823 Teste
363 3792 489 3823 Custode
506 3790 646 3829 praedieto
666 3788 740 3826 apud
760 3788 905 3829 Redyng,
928 3786 1066 3819 vicesimo
1090 3783 1197 3816 octavo
1213 3783 1259 3815 die

190 3831 302 3872 Aprilis.

695 3906 747 3934 Per
764 3902 845 3942 ipfiim
863 3903 999 3942 custodem
1016 3901 1054 3938 ὠ
1070 3899 1224 3934 concilium.

1445 287 1516 328 niae,
1534 288 1571 325 ό·
1591 286 1710 319 Rutulis
1728 287 1918 321 Cancellariae
1936 287 2004 321 inde
2019 290 2205 326 amovendis.
2377 304 2431 329 An.
2447 313 2493 339 34·

1282 368 1373 424 RE
1384 368 1433 409 X,
1454 369 1575 403 Dilecto
1594 370 1712 403 Clerico
1731 371 1798 412 suo,
1815 371 1965 404 Richardo
1984 372 2021 405 de
2039 372 2363 417 Ravenesere,Custodi
2378 344 2464 415 glanis.

1358 408 1513 447 Hanaperii
1537 410 1721 442 Cancellariae
1738 411 1811 450 sum,
1834 412 1970 444 Salutem.
2382 428 2426 455 34.
2443 422 2473 444 F..
2485 427 2511 454 3.

1309 445 1498 491 ·Mandamus
1516 450 1599 480 vobis
1616 450 1712 488 quod,
1734 451 1840 481 diletsto
1858 451 1959 490 nobis,
1971 450 2100 490 Jordano
2114 451 2150 483 de
2164 453 2285 493 Barton,
2299 454 2364 484 Ser·
2380 467 2416 485 m.
2429 465 2473 492 3⁴>-

1286 494 1374 517 vxenti
1392 485 1572 531 Rotulorum
1591 487 1776 521 Cancenaiiae
1792 489 1899 520 nostrae
1925 489 2071 528 praediecae
2088 513 2099 530 ,
2124 491 2263 530 sexaginta
2286 493 2364 524 Soli-

1287 524 1356 561 dos,
1370 534 1421 563 pro
1440 523 1522 555 Misis
1539 527 1573 557 &
1592 526 1742 566 Expensis,

1326 563 1427 607 Qias,
1451 573 1506 601 pro
1523 563 1637 608 Rotulis
1654 566 1688 596 ὃς
1705 567 1764 597 aliis
1781 566 1981 599 Memorandis
2001 567 2188 600 Cancellariae
2206 591 2216 607 ,
2248 571 2308 600 tam
2329 571 2365 601 de

1289 603 1464 650 temporibus
1480 602 1706 640 progenitorum
1725 605 1906 645 nostrorum,
1929 607 2078 645 quondam
2101 606 2220 647 Regum
2235 609 2367 648 Angiiae,

1288 651 1375 679 quam
1395 640 1511 679 nostro,
1527 649 1603 685 extra
1621 651 1758 685 magnam
1774 642 1899 674 Turrim
1916 644 2043 676 nostram
2062 646 2258 685 Londoniae,(
2268 649 2297 677 in
2312 650 2367 685 qua

1288 679 1411 724 Moram
1429 679 1587 724 Adversarii
1606 679 1696 710 nostri
1723 681 1852 712 Franciae
1867 704 1877 720 ,
1908 683 1944 713 de
1964 684 2083 715 Affensu
2107 684 2238 717 Concilii
2259 685 2350 716 nostri

1287 727 1370 749 certis
1384 718 1420 749 de
1435 723 1540 757 caulis,
1561 719 1772 756 ordinavimus)
1792 721 1972 751 removendis
1988 745 1998 760 ,
2023 723 2057 752 δε
2075 724 2103 753 in
2121 724 2177 755 alio
2195 725 2266 755 loco
2284 711 2366 764 repo3

1288 757 1442 796 nendi5,ac
1462 767 1515 795 pro
1536 757 1729 795 Reparatione
1747 758 1781 789 δε
1799 757 2007 789 Emendatione
2024 760 2230 802 Cistarum,ac
2247 763 2366 794 Faetus&

1287 806 1430 839 novarum
1448 797 1716 835 Almoriarum,pro
1734 796 1850 827 Rotulis
1867 799 1902 829 &
1918 796 2116 830 Memorandis
2133 802 2275 838 praedietis
2291 803 2365 833 inibi

1287 834 1497 878 custodiendis,
1512 834 1548 865 de
1583 844 1710 873 raecepto
1729 835 1801 866 dieti
1819 834 1951 866 Concilii
1970 836 2060 866 nostri
2084 839 2232 880 apposuit,

1326 873 1376 904 De
1395 873 1521 904 hxitibus
1570 875 1691 913 anaperii
1705 874 1835 912 praedicti
1855 874 1980 905 solvatis:

1325 912 1345 932 ³*
1364 911 1547 956 Recipientes
1564 922 1580 942 a
1596 912 1716 956 praefato
1731 912 1860 951 Jordano
1878 912 1985 944 Literas
2002 913 2061 944 suas
2069 914 2363 958 Aequietantiae‚quoe
2396 919 2411 934 ‘
2422 919 2477 947 VT·

1285 949 1455 982 sufficientes
1472 951 1576 981 fuerint
1594 960 1624 980 m
1643 951 1697 981 hac
1716 960 1811 990 parte,
1829 952 1864 983 δε
1881 962 1934 982 nos
1947 953 2031 983 vobis
2049 954 2138 993 inde,
2158 955 2189 985 in
2206 955 2360 995 Compoto
2393 966 2455 993 174-

1286 988 1397 1027 vestro,
1417 989 1543 1020 debitam
1559 988 1774 1019 Allocationem
1791 989 1895 1020 habere
1912 990 2061 1022 faciemus.

1287 1027 1412 1096 ATelss'te
1432 1027 1562 1060 Custode
1579 1027 1721 1067 praedieto
1745 1028 1820 1067 apud
1839 1027 1962 1069 Redyng
1979 1052 1989 1068 ,
2023 1031 2162 1063 vicesimo
2186 1033 2293 1066 odiavo
2318 1034 2365 1066 die

1317 1075 1360 1104 pri
1395 1089 1402 1096 .

2103 1111 2156 1140 Per
2174 1111 2326 1142 Concilium.

1336 1234 1386 1266 De
1405 1235 1545 1267 Armata
1563 1235 1728 1272 Navium,
1742 1244 1798 1280 pro
1816 1234 1983 1280 Repuffione
2002 1235 2322 1285 Inimicorum,st1prae

1685 1285 1785 1316 adare
1809 1281 1959 1326 existente.

1290 1369 1347 1425 R
1358 1368 1422 1400 EX
1449 1368 1556 1409 Maiori
1575 1369 1608 1401 &
1626 1368 1737 1399 Ballivis
1750 1368 1837 1399 Villae
1856 1367 1892 1400 de
1910 1367 2105 1410 Dertemuth,
2125 1370 2261 1404 Salutem.
2347 1394 2349 1397 <
2380 1372 2455 1404 Ann.
2470 1372 2514 1405 D.

1388 1409 1472 1439 Licet
1489 1418 1577 1446 nuper
1594 1408 1818 1439 ordinaverimus
1835 1407 1977 1446 quandam
1997 1409 2144 1441 Armatam
2161 1410 2311 1451 Navium,
2331 1411 2365 1444 ad
2401 1412 2487 1453 1360.

1287 1446 1526 1485 proficiscendum
1543 1447 1624 1485 supra
1642 1445 1726 1478 Mare
1750 1470 1761 1486 ,
1796 1456 1849 1485 pro
1867 1445 2015 1478 salvatione
2034 1450 2069 1480 &
2086 1448 2249 1481 defensione
2266 1450 2365 1489 Regni
2380 1457 2431 1479 An.
2447 1462 2496 1490 34.

1286 1486 1375 1516 nostri
1399 1486 1529 1525 Angliae,
1547 1486 1581 1516 &
1600 1485 1756 1524 repulsione
1779 1487 1813 1517 &
1834 1485 2024 1518 deffiufflone
2044 1486 2232 1519 Inimicorum
2252 1489 2365 1521 nostro-
2378 1494 2408 1517 Ε.
2425 1500 2452 1526 3.

1287 1535 1369 1562 rum,
1384 1525 1496 1556 dietum
1516 1524 1651 1572 Regnum
1669 1524 1798 1555 nostrum
1816 1523 1948 1555 invadere
1964 1525 2209 1564 machinantium,
2414 1528 2481 1558 ibid.

1287 1602 1310 1633 st
1325 1563 1382 1633 ER
1397 1564 1430 1594 ea
1449 1563 1485 1594 de
1503 1573 1707 1602 causa,omnes
1726 1562 1843 1602 Naves,
1858 1563 1889 1592 in
1907 1563 2017 1603 singulis
2032 1563 2174 1596 Portubus
2192 1566 2293 1606 Regni
2308 1578 2365 1599 no-

1313 1612 1335 1632 ri

1328 1641 1408 1679 Quia
1426 1650 1523 1671 tamen
1542 1641 1659 1671 Armata
1684 1640 1822 1678 praedieta
1849 1651 1917 1671 curn
1943 1651 2044 1680 magna
2071 1644 2198 1680 potentia
2224 1643 2365 1676 Armato-

1287 1689 1351 1709 rum
1362 1702 1371 1717 ,
1386 1679 1465 1718 supra
1481 1677 1568 1708 Mare
1578 1680 1639 1717 jam
1652 1678 1782 1717 profesta
1795 1678 2039 1718 existit,iiolentes
2052 1680 2088 1710 N
2089 1683 2206 1720 aves,in
2220 1682 2366 1715 Portubus

1288 1727 1365 1748 nunc
1381 1717 1543 1756 existentes,
1557 1717 1662 1748 diutius
1674 1717 1724 1748 sub
1739 1717 1844 1748 Aresto
1862 1717 1998 1756 detineri,

1325 1756 1418 1787 Vobis
1431 1756 1600 1788 mandamus
1642 1755 1703 1787 uod
1719 1766 1819 1787 omnes
1833 1755 1951 1794 Naves,
1965 1757 1996 1786 in
2013 1756 2104 1788 Portu
2118 1757 2202 1790 Villae
2217 1759 2366 1797 praedierae

1287 1797 1346 1834 jam
1369 1796 1535 1834 existentes,
1550 1794 1632 1826 deare
1656 1796 1695 1825 ari
1713 1794 1838 1832 faciatis,
1861 1795 1894 1826 &
1918 1794 2067 1826 Dominos
2087 1796 2121 1827 ὃ(
2144 1795 2301 1835 Magistros
2323 1809 2369 1830 ea-

1289 1834 1424 1865 rumdem
1446 1834 1651 1865 Commodum
1673 1834 1755 1864 suum
1776 1833 1812 1864 de
1835 1833 1969 1864 Navibus
1990 1834 2044 1865 illis
2074 1833 2168 1867 facere
2189 1838 2370 1876 permittatis,

1290 1882 1375 1912 prout
1390 1874 1429 1904 eis
1443 1873 1542 1904 melius
1555 1872 1700 1904 videbitur
1716 1872 1856 1910 expedire.

1327 1911 1419 1942 Teste
1435 1911 1566 1943 Custode
1581 1911 1723 1950 praedicto
1738 1910 1812 1949 apud
1819 1910 2273 1953 Westmonasterium,vicefim0
2287 1915 2367 1948 oeta-

1291 1962 1332 1983 vo
1346 1951 1392 1982 die
1405 1950 1517 1991 Aprilis.

1384 1603 1483 1642 ngliae,
1502 1601 1614 1633 arestari
1632 1602 1666 1633 δε
1683 1603 1769 1642 parari
1788 1601 2034 1641 mandaverimus,

2097 1992 2151 2021 Per
2169 1992 2326 2024 Concilium.

1318 2121 1377 2152 Pro
1398 2117 1588 2164 Constantia,
1607 2120 1711 2153 Uxore
1730 2115 1854 2151 Roberti
1867 2115 1905 2150 de
1920 2115 2115 2160 Knolles,ad
2127 2118 2289 2151 Maritum
2308 2117 2345 2153 in

1627 2169 1822 2201 Britanniam
1839 2165 2026 2213 profestum.

1292 2254 1421 2311 REX
1435 2277 1446 2294 ,
1468 2255 1593 2287 Dileffis
1608 2255 1658 2286 sibi
1690 2252 1820 2285 Thomae
1842 2252 1957 2284 Fissiare
1970 2277 1981 2292 ,
2006 2252 2143 2286 Domino
2159 2254 2215 2287 five
2231 2253 2374 2295 Magistro
2386 2254 2462 2287 Ann.
2472 2256 2516 2286 D.

1369 2293 1464 2325 Navis
1477 2304 1588 2326 vocatae
1603 2294 1629 2325 la
1685 2303 1774 2331 eorge
1793 2292 1829 2323 de
1843 2290 2031 2331 Plummuth,
2045 2292 2180 2325 Waltero
2193 2295 2220 2325 le
2239 2295 2374 2334 Venour,
2405 2296 2491 2334 1360.

1295 2333 1328 2364 &
1349 2333 1514 2364 VVillielmo
1527 2333 1620 2372 Cole,
1637 2333 1776 2364 Dominis
1792 2331 1849 2362 sive
1863 2330 2011 2367 Magistris
2025 2331 2120 2362 Navis
2141 2341 2253 2364 vocatae
2269 2333 2295 2364 la
2309 2333 2375 2364 Ber·
2384 2338 2437 2362 An.
2469 2342 2517 2371 34.

1295 2371 1441 2403 thelemeu
1455 2372 1491 2403 de
1508 2371 1675 2404 Plummuth
1684 2394 1695 2411 ,
1709 2380 1743 2401 ac
1759 2369 1906 2400 Mauricio
1916 2369 2005 2409 Prigg
2014 2392 2025 2408 ,
2040 2369 2176 2401 Domino
2196 2372 2252 2402 sive
2273 2371 2375 2409 Magi-
2384 2377 2414 2402 Ε.
2435 2382 2462 2410 3.

1295 2410 1353 2441 stro
1368 2410 1460 2442 Navis
1474 2420 1586 2442 vocatae
1604 2411 1630 2441 la
1646 2409 1826 2441 Touzseintz
1841 2408 1877 2438 de
1900 2408 2070 2439 Plummuth
2080 2431 2090 2447 ,
2104 2409 2138 2439 &
2151 2409 2276 2449 Johanni
2291 2410 2376 2451 Sely,
2386 2416 2473 2440 Frane.

1295 2448 1514 2520 Dmiiingalfive
1536 2449 1679 2490 Magistro
1701 2447 1826 2479 Craierae
1847 2455 1960 2479 vocatae
1976 2446 2001 2477 le
2015 2447 2210 2480 Berthelemeu
2224 2448 2260 2480 de
2273 2449 2373 2480 Plum—
2388 2459 2432 2486 34.
2442 2454 2470 2478 Ε.
2488 2460 2515 2487 3.

1294 2497 1356 2519 mut
1458 2498 1546 2520 utem.
2386 2498 2425 2517 m.
2446 2498 2490 2518 ii.

1335 2512 1436 2567 Cu’m,
1453 2527 1557 2559 dilecta
1581 2528 1682 2566 nobis,
1697 2525 1868 2558 Constantia
1883 2524 1990 2564 Uxor,
2009 2523 2120 2556 Dilecii
2141 2525 2176 2556 &
2197 2525 2300 2557 Fidelis
2319 2538 2376 2558 no-

1295 2564 1358 2604 stri,
1367 2566 1490 2597 Roberti
1508 2566 1545 2598 de
1562 2565 1680 2597 Knolles
1689 2588 1699 2603 ,
1710 2566 1740 2595 in
1755 2564 1882 2595 Partibus
1894 2563 2044 2594 Britanniae
2060 2565 2090 2594 in
2103 2563 2252 2602 Obsequio
2265 2565 2368 2596 nostro

1293 2606 1516 2644 commorantis,
1531 2605 1563 2636 sit
1579 2604 1614 2636 ad
1626 2603 1742 2634 dic'tum
1760 2603 1866 2634 Virum
1881 2601 1963 2633 suum
1980 2603 2011 2632 in
2023 2602 2127 2633 eisdem
2142 2602 2368 2642 Partibus,cum

1294 2644 1397 2681 viginti
1414 2643 1594 2674 Hominibus
1609 2642 1646 2674 ad
1667 2642 1773 2680 Arma,
1789 2641 1823 2672 &
1843 2640 2022 2679 quadraginta
2037 2640 2190 2680 Sagittariis
2203 2641 2370 2682 Equitibus,

1292 2693 1326 2751 Rc
1346 2683 1404 2714 aliis
1419 2682 1598 2752 k'floftffinibm
1613 2681 1648 2712 &
1665 2679 1837 2712 Mulieribus
1850 2678 1887 2709 de
1900 2678 2017 2710 Familia
2029 2679 2094 2718 sua,
2113 2679 2150 2710 de
2170 2679 2300 2712 Licentia
2313 2691 2370 2713 no—

1319 2732 1347 2752 ra
1400 2731 1432 2752 ro
1445 2731 1479 2752 ec
1492 2731 1541 2752 ura

1360 2732 1425 2791 obis
1440 2743 1609 2791 mandai’nus
1626 2757 1707 2799 quod
1721 2757 1810 2788 dietas
1825 2765 1879 2788 tres
1893 2756 1994 2787 Naves
2010 2757 2044 2789 &
2061 2756 2206 2788 Craieram
2215 2779 2226 2796 ,
2239 2757 2368 2796 dupplici

1293 2798 1516 2839 Eskippamento
1532 2799 1566 2830 &
1580 2798 1637 2828 aliis
1652 2795 1812 2828 necessariis
1826 2819 1836 2835 ,
1871 2806 1925 2834 pro
1943 2794 2076 2827 Periculis
2091 2818 2101 2834 ,
2129 2805 2164 2826 ex
2178 2796 2367 2834 Aggreffibus

1291 2837 1482 2869 Inimicorum
1509 2837 1674 2869 nostrorum
1690 2836 1770 2875 supra
1788 2834 1873 2865 Mare
1886 2835 2071 2865 iminentibus
2087 2856 2098 2873 ,
2118 2834 2272 2872 evitandis,
2289 2835 2365 2866 beni:

1292 2877 1326 2907 &
1348 2876 1537 2913 sufficienter,
1553 2876 1588 2907 ad
1605 2875 1739 2913 Sumptus
1753 2873 1901 2912 praedictae
1917 2871 2113 2910 Constantiae,
2127 2872 2232 2902 muniri
2238 2873 2291 2911 ,&
2306 2873 2365 2904 eas-

1290 2915 1360 2946 dem
1382 2916 1485 2947 Naves
1501 2916 1535 2947 &
1551 2913 1698 2945 Craieram
1713 2911 1837 2950 praefatae
1851 2909 2044 2948 Constantiae,
2052 2920 2107 2948 pro
2120 2909 2250 2949 Passagio
2263 2911 2314 2942 suo
2327 2912 2362 2943 &

1291 2954 1461 2985 Hominum
1473 2954 1586 2984 suorum
1606 2951 1828 2990 praedictorum,
1842 2948 1878 2980 ad
1893 2948 1982 2979 dietas
2000 2956 2090 2986 partes
2112 2947 2277 2989 Britanniae,
2292 2950 2365 2982 libe-

1290 2996 1342 3024 rari
1357 2993 1481 3032 faciatis,
1497 2991 1739 3033 quibuscumque,
1756 2987 1877 3031 Ateste,
1899 2986 2107 3025 Ordinatione,
2117 2986 2183 3031 ‚five
2202 2987 2363 3028 Mandaio,

1290 3033 1322 3062 in
1343 3033 1517 3063 contrarium
1532 3030 1613 3061 saitis
1620 3052 1636 3073 ,¹
1643 3038 1704 3059 non
1717 3026 1908 3063 obstantibu83
1918 3025 1951 3056 ὃς
1966 3025 2024 3056 hoc
2043 3025 2092 3056 sub
2115 3026 2294 3058 incumbenti
2308 3027 2363 3058 Pe-

1288 3071 1380 3101 riculo
1387 3094 1396 3108 ,
1410 3070 1565 3101 nullatenus
1576 3068 1721 3100 omittatis.

1326 3108 1415 3139 Teste
1432 3107 1563 3140 Custode
1577 3106 1690 3147 Angliae
1710 3103 1784 3143 apud
1805 3101 2096 3133 Westmonasterium
2111 3125 2121 3142 ,
2151 3102 2292 3134 tricesimo
2315 3104 2362 3135 die

1287 3148 1400 3189 Aprilis
1786 3181 1838 3210 pgr
1856 3179 1938 3220 ,pficm
1957 3179 2092 3220 Custodem
2110 3177 2149 3215 ὠ,
2169 3179 2322 3212 Concilium.

1981 3259 2025 3288 Et
2039 3265 2100 3288 erat
2118 3259 2230 3288 Putem.

1315 3415 1374 3446 Pro
1393 3410 1564 3456 Custodibus
1582 3408 1774 3502 Adverfitri}
1795 3406 1832 3440 de
1851 3405 2011 3487 dimam,
2033 3401 2070 3435 de
2092 3404 2338 3435 Remuneratione

1766 3468 1850 3489 acien
1894 3478 1902 3487 .

1361 3546 1426 3577 EX
1453 3546 1667 3578 Collestoribus
1681 3541 1888 3574 Custumarum
1902 3538 2016 3570 suarum
2036 3539 2067 3569 in
2087 3537 2177 3569 Portu
2198 3537 2235 3568 de
2256 3533 2363 3566 Sanno
2379 3547 2457 3580 Ann-
2466 3549 2508 3581 D-

1365 3586 1558 3629 'Botholpho,
1577 3584 1712 3629 Salutem.
1785 3620 1791 3626 ι
1915 3619 1922 3626 κ
1998 3617 2003 3622 ‚
2066 3616 2071 3621 ,
2183 3614 2188 3619 ,
2238 3613 2242 3618 ,
2397 3588 2483 3626 1360,

1335 3625 1419 3655 Licet
1433 3635 1520 3662 nuper
1535 3623 1618 3654 vobis
1630 3620 1858 3653 mandaverimus
1871 3616 1951 3657 quod
1960 3615 2086 3655 ,dileetis
2104 3614 2138 3645 &
2155 3612 2180 3643 F
2180 3612 2297 3644 idelibus
2311 3622 2366 3644 no·
2375 3629 2429 3654 An·
2448 3637 2494 3666 34·

820 3679 833 3701 t
851 3674 880 3701 in
891 3670 1022 3712 similibus
1040 3670 1073 3700 de
1090 3668 1260 3698 Protellione
1295 3664 1370 3701 stris,
1381 3663 1505 3702 Johanni
1519 3662 1555 3692 de
1567 3658 1901 3698 Kirketon,Wi.llielmo
1913 3656 1949 3687 de
1963 3653 2088 3691 Colvill,
2106 3654 2123 3670 ³*
2141 3650 2236 3682 Saiero
2248 3650 2286 3682 de
2302 3650 2367 3681 Ro·
2379 3669 2404 3692 E.
2418 3674 2443 3702 3·

1296 3702 1434 3740 cheford,
1446 3704 1480 3734 &
1499 3701 1625 3740 Joharini
1639 3699 1827 3739 Deyncoutt,
1849 3705 1920 3735 quos
1934 3719 1944 3734 ,
1967 3694 2023 3738 una
2045 3699 2113 3734 cum
2127 3689 2204 3728 aliis,
2225 3688 2368 3720 Custodes
2375 3703 2481 3743 eguus-3
2483 3712 2514 3740 4.

1297 3741 1456 3773 Adversarii
1472 3739 1562 3771 nostri
1579 3739 1705 3769 Franciae
1720 3736 1934 3774 deputavimus,
1950 3735 2153 3776 quinquaginta
2169 3727 2299 3766 Marcas,
2314 3738 2366 3766 pro
2380 3746 2409 3769 E.
2419 3752 2447 3779 3·
2458 3752 2497 3772 m-

1298 3780 1543 3810 Remuneratione
1563 3777 1606 3809 sua
1620 3788 1654 3808 ac
1670 3773 1951 3812 Recompensatione
1971 3769 2112 3800 Misarum
2127 3766 2160 3797 &
2175 3766 2349 3811 Sumptuum
2359 3789 2369 3805 ,
2385 3789 2429 3816 33·

1299 3829 1370 3858 quos
1387 3819 1457 3849 ultra
1476 3817 1566 3848 Vadia
1585 3816 1630 3847 sua
1646 3815 1764 3852 diurna,
1782 3814 1862 3844 cirea
1877 3810 1980 3842 salvam
1997 3808 2032 3851 ὃς
2049 3804 2173 3834 securam
2195 3803 2369 3836 Custodiam
2400 3819 2481 3847 *VL

1299 3858 1371 3888 dieti
1387 3856 1543 3888 Adversarii
1557 3854 1660 3893 nostri,
1673 3852 1877 3892 apposuerunt,
1896 3849 1932 3894 de
1954 3844 2082 3877 Exitibus
2095 3840 2301 3874 Custumarum
2315 3853 2370 3874 no-
2402 3865 2464 3894 ¹75·

1302 3897 1420 3927 stratum
1429 3918 1438 3933 ,
1453 3897 1484 3925 in
1498 3895 1589 3926 Portu
1602 3892 1758 3931 praedieto,
1775 3890 1937 3924 solveretis,
1980 3923 1986 3929 .

1341 3933 1523 3972 Qibusdam
1540 3941 1636 3963 tamen
1651 3932 1734 3964 certis
1753 3929 1790 3961 de
1812 3925 1897 3959 causis
1916 3923 2000 3954 vobis
2021 3920 2186 3952 mandamus
2208 3919 2288 3959 quod
2303 3942 2314 3958 ,
2339 3919 2376 3950 de

1304 3973 1386 4006 dicus
1402 3972 1605 4012 quinquaginta
1622 3965 1878 4006 Marcis,praefato
1887 3962 2016 4002 Johanni
2030 3960 2065 3992 de
2081 3959 2222 3991 Kirketon
2236 3958 2377 4027 sffldffiiirg
