<?xml version="1.0" encoding="UTF-8"?>
<!DOCTYPE html PUBLIC "-//W3C//DTD XHTML 1.0 Transitional//EN"
    "http://www.w3.org/TR/xhtml1/DTD/xhtml1-transitional.dtd">
<html xmlns="http://www.w3.org/1999/xhtml" xml:lang="en" lang="en">
 <head>
  <title>
</title>
<meta http-equiv="Content-Type" content="text/html;charset=utf-8" />
  <meta name='ocr-system' content='tesseract 3.04.00' />
  <meta name='ocr-capabilities' content='ocr_page ocr_carea ocr_par ocr_line ocrx_word'/>
</head>
<body>
  <div class='ocr_page' id='page_1' title='image "./fderaconventione03ryme_0239.png"; bbox 0 0 2561 4251; ppageno 0'>
   <div class='ocr_carea' id='block_1_1' title="bbox 0 3213 33 4251">
    <p class='ocr_par' dir='ltr' id='par_1_1' title="bbox 0 3213 33 4251">
     <span class='ocr_line' id='line_1_1' title="bbox 0 3213 33 4251; baseline 0 0"><span class='ocrx_word' id='word_1_1' title='bbox 0 3213 33 4251; x_wconf 95' lang='lat' dir='ltr'> </span> 
     </span>
    </p>
   </div>
   <div class='ocr_carea' id='block_1_2' title="bbox 9 154 1170 293">
    <p class='ocr_par' dir='ltr' id='par_1_2' title="bbox 9 154 1170 293">
     <span class='ocr_line' id='line_1_2' title="bbox 425 154 1170 238; baseline 0 -22"><span class='ocrx_word' id='word_1_2' title='bbox 425 234 430 238; x_wconf 24' lang='lat'><em>¹</em></span> <span class='ocrx_word' id='word_1_3' title='bbox 701 162 742 216; x_wconf 69' lang='lat' dir='ltr'>&#39;E</span> <span class='ocrx_word' id='word_1_4' title='bbox 779 173 820 215; x_wconf 84' lang='lat' dir='ltr'><strong>T</strong></span> <span class='ocrx_word' id='word_1_5' title='bbox 905 164 942 218; x_wconf 78' lang='grc' dir='ltr'><strong>Ἀ</strong></span> <span class='ocrx_word' id='word_1_6' title='bbox 982 177 1020 219; x_wconf 82' lang='lat' dir='ltr'>c</span> <span class='ocrx_word' id='word_1_7' title='bbox 1055 154 1170 216; x_wconf 79' lang='grc' dir='ltr'>ΤἈ</span> 
     </span>
     <span class='ocr_line' id='line_1_3' title="bbox 9 256 1160 293; baseline -0.002 -4"><span class='ocrx_word' id='word_1_8' title='bbox 9 256 709 293; x_wconf 67' lang='grc' dir='ltr'>Ὰηη.ῐ).--------</span> <span class='ocrx_word' id='word_1_9' title='bbox 1144 264 1160 265; x_wconf 38' lang='lat' dir='ltr'>e</span> 
     </span>
    </p>
   </div>
   <div class='ocr_carea' id='block_1_3' title="bbox 10 307 1002 374">
    <p class='ocr_par' dir='ltr' id='par_1_3' title="bbox 10 307 1002 374">
     <span class='ocr_line' id='line_1_4' title="bbox 10 307 1002 374; baseline -0.022 -6"><span class='ocrx_word' id='word_1_10' title='bbox 10 307 128 374; x_wconf 48' lang='lat'>32593·</span> <span class='ocrx_word' id='word_1_11' title='bbox 394 316 455 349; x_wconf 81' lang='lat' dir='ltr'>Pro</span> <span class='ocrx_word' id='word_1_12' title='bbox 478 311 636 348; x_wconf 80' lang='lat' dir='ltr'>Wllielmo</span> <span class='ocrx_word' id='word_1_13' title='bbox 658 312 695 348; x_wconf 82' lang='lat' dir='ltr'>de</span> <span class='ocrx_word' id='word_1_14' title='bbox 718 315 813 348; x_wconf 85' lang='lat' dir='ltr'>More</span> <span class='ocrx_word' id='word_1_15' title='bbox 834 311 870 346; x_wconf 86' lang='lat' dir='ltr'>de</span> <span class='ocrx_word' id='word_1_16' title='bbox 893 317 1002 350; x_wconf 72' lang='lat' dir='ltr'>Scotia.</span> 
     </span>
    </p>
   </div>
   <div class='ocr_carea' id='block_1_4' title="bbox 709 262 1224 268">
    <p class='ocr_par' dir='ltr' id='par_1_4' title="bbox 709 262 1224 268">
     <span class='ocr_line' id='line_1_5' title="bbox 709 262 1224 268; baseline 0 0"><span class='ocrx_word' id='word_1_17' title='bbox 709 262 1224 268; x_wconf 95' lang='lat' dir='ltr'> </span> 
     </span>
    </p>
   </div>
   <div class='ocr_carea' id='block_1_5' title="bbox 10 398 1233 677">
    <p class='ocr_par' dir='ltr' id='par_1_5' title="bbox 160 398 1232 458">
     <span class='ocr_line' id='line_1_6' title="bbox 160 398 1232 458; baseline -0.001 -29"><span class='ocrx_word' id='word_1_18' title='bbox 160 399 370 458; x_wconf 52' lang='lat' dir='ltr'>WfIllielmus</span> <span class='ocrx_word' id='word_1_19' title='bbox 386 398 491 439; x_wconf 81' lang='lat' dir='ltr'>More,</span> <span class='ocrx_word' id='word_1_20' title='bbox 508 399 543 430; x_wconf 92' lang='lat' dir='ltr'>de</span> <span class='ocrx_word' id='word_1_21' title='bbox 558 398 654 431; x_wconf 88' lang='lat' dir='ltr'>Scotia</span> <span class='ocrx_word' id='word_1_22' title='bbox 669 398 773 438; x_wconf 86' lang='lat' dir='ltr'>Miles,</span> <span class='ocrx_word' id='word_1_23' title='bbox 790 399 875 431; x_wconf 78' lang='lat' dir='ltr'>habet</span> <span class='ocrx_word' id='word_1_24' title='bbox 893 400 999 431; x_wconf 86' lang='lat' dir='ltr'>Literas</span> <span class='ocrx_word' id='word_1_25' title='bbox 1013 400 1105 437; x_wconf 69' lang='lat' dir='ltr'>Regis</span> <span class='ocrx_word' id='word_1_26' title='bbox 1114 399 1149 430; x_wconf 90' lang='lat' dir='ltr'>de</span> <span class='ocrx_word' id='word_1_27' title='bbox 1157 398 1232 430; x_wconf 88' lang='lat' dir='ltr'>salvo</span> 
     </span>
    </p>

    <p class='ocr_par' dir='ltr' id='par_1_6' title="bbox 10 437 1233 527">
     <span class='ocr_line' id='line_1_7' title="bbox 10 437 1233 483; baseline -0.01 -4"><span class='ocrx_word' id='word_1_28' title='bbox 10 447 90 481; x_wconf 61' lang='lat' dir='ltr'>&#39;Ana</span> <span class='ocrx_word' id='word_1_29' title='bbox 104 447 148 479; x_wconf 89' lang='lat' dir='ltr'>D.</span> <span class='ocrx_word' id='word_1_30' title='bbox 254 437 429 483; x_wconf 56' lang='lat' dir='ltr'>OonduQ,</span> <span class='ocrx_word' id='word_1_31' title='bbox 446 438 591 470; x_wconf 84' lang='lat' dir='ltr'>veniendo</span> <span class='ocrx_word' id='word_1_32' title='bbox 605 439 636 468; x_wconf 90' lang='lat' dir='ltr'>in</span> <span class='ocrx_word' id='word_1_33' title='bbox 651 437 786 476; x_wconf 86' lang='lat' dir='ltr'>Angliam</span> <span class='ocrx_word' id='word_1_34' title='bbox 802 461 812 476; x_wconf 85' lang='lat'>‚</span> <span class='ocrx_word' id='word_1_35' title='bbox 840 449 910 470; x_wconf 90' lang='lat' dir='ltr'>cum</span> <span class='ocrx_word' id='word_1_36' title='bbox 932 439 1098 470; x_wconf 85' lang='lat' dir='ltr'><strong>Duodecim</strong></span> <span class='ocrx_word' id='word_1_37' title='bbox 1119 439 1233 476; x_wconf 87' lang='lat' dir='ltr'>Equiti-</span> 
     </span>
     <span class='ocr_line' id='line_1_8' title="bbox 34 475 1232 527; baseline 0 -21"><span class='ocrx_word' id='word_1_38' title='bbox 34 496 119 527; x_wconf 46' lang='lat'>1359·</span> <span class='ocrx_word' id='word_1_39' title='bbox 161 478 213 521; x_wconf 77' lang='lat' dir='ltr'>bus</span> <span class='ocrx_word' id='word_1_40' title='bbox 225 476 261 506; x_wconf 91' lang='lat' dir='ltr'>de</span> <span class='ocrx_word' id='word_1_41' title='bbox 287 476 439 508; x_wconf 71' lang='lat' dir='ltr'>Commva</span> <span class='ocrx_word' id='word_1_42' title='bbox 459 477 506 509; x_wconf 60' lang='lat' dir='ltr'>sus.</span> <span class='ocrx_word' id='word_1_43' title='bbox 519 499 529 516; x_wconf 88' lang='lat'>,</span> <span class='ocrx_word' id='word_1_44' title='bbox 545 477 672 520; x_wconf 30' lang='lat' dir='ltr'>‚peregre</span> <span class='ocrx_word' id='word_1_45' title='bbox 695 476 778 515; x_wconf 90' lang='lat' dir='ltr'>usque</span> <span class='ocrx_word' id='word_1_46' title='bbox 799 475 957 508; x_wconf 83' lang='lat' dir='ltr'>Civitatem</span> <span class='ocrx_word' id='word_1_47' title='bbox 987 477 1232 514; x_wconf 85' lang='lat' dir='ltr'>Cantuariensem,</span> 
     </span>
    </p>

    <p class='ocr_par' dir='ltr' id='par_1_7' title="bbox 13 514 1232 563">
     <span class='ocr_line' id='line_1_9' title="bbox 13 514 1232 563; baseline 0.001 -19"><span class='ocrx_word' id='word_1_48' title='bbox 13 529 67 555; x_wconf 45' lang='lat' dir='ltr'>AB·</span> <span class='ocrx_word' id='word_1_49' title='bbox 85 537 127 563; x_wconf 53' lang='lat'>33.</span> <span class='ocrx_word' id='word_1_50' title='bbox 160 515 268 545; x_wconf 89' lang='lat' dir='ltr'>ibidem</span> <span class='ocrx_word' id='word_1_51' title='bbox 283 515 441 554; x_wconf 87' lang='lat' dir='ltr'>morando,</span> <span class='ocrx_word' id='word_1_52' title='bbox 458 516 493 546; x_wconf 88' lang='lat'>&amp;</span> <span class='ocrx_word' id='word_1_53' title='bbox 508 514 609 546; x_wconf 75' lang='lat' dir='ltr'>exmde</span> <span class='ocrx_word' id='word_1_54' title='bbox 623 514 656 545; x_wconf 79' lang='lat' dir='ltr'>:id</span> <span class='ocrx_word' id='word_1_55' title='bbox 670 523 759 552; x_wconf 87' lang='lat' dir='ltr'>partes</span> <span class='ocrx_word' id='word_1_56' title='bbox 778 515 885 546; x_wconf 74' lang='lat' dir='ltr'>Scotiae</span> <span class='ocrx_word' id='word_1_57' title='bbox 904 516 1046 547; x_wconf 88' lang='lat' dir='ltr'>redeundo</span> <span class='ocrx_word' id='word_1_58' title='bbox 1062 540 1072 555; x_wconf 92' lang='lat'>,</span> <span class='ocrx_word' id='word_1_59' title='bbox 1095 517 1180 555; x_wconf 88' lang='lat' dir='ltr'>usque</span> <span class='ocrx_word' id='word_1_60' title='bbox 1197 516 1232 545; x_wconf 83' lang='lat' dir='ltr'>ad</span> 
     </span>
    </p>

    <p class='ocr_par' dir='ltr' id='par_1_8' title="bbox 13 553 864 600">
     <span class='ocr_line' id='line_1_10' title="bbox 13 553 864 600; baseline 0 -16"><span class='ocrx_word' id='word_1_61' title='bbox 13 568 45 592; x_wconf 75' lang='lat' dir='ltr'>E.</span> <span class='ocrx_word' id='word_1_62' title='bbox 68 574 94 600; x_wconf 69' lang='lat'>3,</span> <span class='ocrx_word' id='word_1_63' title='bbox 161 554 278 584; x_wconf 90' lang='lat' dir='ltr'>Festum</span> <span class='ocrx_word' id='word_1_64' title='bbox 294 553 410 584; x_wconf 73' lang='lat' dir='ltr'>Paschae</span> <span class='ocrx_word' id='word_1_65' title='bbox 424 555 556 593; x_wconf 80' lang='lat' dir='ltr'>proximo</span> <span class='ocrx_word' id='word_1_66' title='bbox 572 553 702 583; x_wconf 86' lang='lat' dir='ltr'>futurum</span> <span class='ocrx_word' id='word_1_67' title='bbox 717 556 864 584; x_wconf 84' lang='lat' dir='ltr'>duraturas.</span> 
     </span>
    </p>

    <p class='ocr_par' dir='ltr' id='par_1_9' title="bbox 14 590 1232 638">
     <span class='ocr_line' id='line_1_11' title="bbox 14 590 1232 638; baseline -0.002 -15"><span class='ocrx_word' id='word_1_68' title='bbox 14 606 83 630; x_wconf 64' lang='lat' dir='ltr'>sm,</span> <span class='ocrx_word' id='word_1_69' title='bbox 101 610 146 638; x_wconf 68' lang='lat'>33,</span> <span class='ocrx_word' id='word_1_70' title='bbox 195 591 283 622; x_wconf 88' lang='lat' dir='ltr'><strong>Teste</strong></span> <span class='ocrx_word' id='word_1_71' title='bbox 293 592 431 630; x_wconf 67' lang='lat' dir='ltr'>Thomfi,</span> <span class='ocrx_word' id='word_1_72' title='bbox 448 592 522 636; x_wconf 78' lang='lat' dir='ltr'>Filio</span> <span class='ocrx_word' id='word_1_73' title='bbox 542 590 642 621; x_wconf 84' lang='lat' dir='ltr'>nostro</span> <span class='ocrx_word' id='word_1_74' title='bbox 663 591 824 632; x_wconf 86' lang='lat' dir='ltr'>cariffimo,</span> <span class='ocrx_word' id='word_1_75' title='bbox 844 593 972 625; x_wconf 87' lang='lat' dir='ltr'>Custode</span> <span class='ocrx_word' id='word_1_76' title='bbox 993 593 1109 632; x_wconf 75' lang='lat' dir='ltr'>Angliae</span> <span class='ocrx_word' id='word_1_77' title='bbox 1133 615 1143 631; x_wconf 94' lang='lat'>,</span> <span class='ocrx_word' id='word_1_78' title='bbox 1157 591 1232 629; x_wconf 90' lang='lat' dir='ltr'>apud</span> 
     </span>
    </p>

    <p class='ocr_par' dir='ltr' id='par_1_10' title="bbox 13 629 707 677">
     <span class='ocr_line' id='line_1_12' title="bbox 13 629 707 677; baseline -0.001 -15"><span class='ocrx_word' id='word_1_79' title='bbox 13 643 47 668; x_wconf 67' lang='grc' dir='ltr'>Ε,</span> <span class='ocrx_word' id='word_1_80' title='bbox 67 649 93 677; x_wconf 79' lang='lat'>3,</span> <span class='ocrx_word' id='word_1_81' title='bbox 109 649 147 668; x_wconf 81' lang='lat' dir='ltr'>m,</span> <span class='ocrx_word' id='word_1_82' title='bbox 162 629 347 670; x_wconf 83' lang='lat' dir='ltr'>Wodestok,</span> <span class='ocrx_word' id='word_1_83' title='bbox 365 630 441 661; x_wconf 83' lang='lat' dir='ltr'>sexto</span> <span class='ocrx_word' id='word_1_84' title='bbox 455 630 502 661; x_wconf 91' lang='lat' dir='ltr'>die</span> <span class='ocrx_word' id='word_1_85' title='bbox 517 629 707 661; x_wconf 83' lang='lat' dir='ltr'>Novembris.</span> 
     </span>
    </p>
   </div>
   <div class='ocr_carea' id='block_1_6' title="bbox 13 686 45 714">
    <p class='ocr_par' dir='ltr' id='par_1_11' title="bbox 13 686 45 714">
     <span class='ocr_line' id='line_1_13' title="bbox 13 686 45 714; baseline 0 0"><span class='ocrx_word' id='word_1_86' title='bbox 13 686 45 714; x_wconf 58' lang='lat' dir='ltr'>Ge</span> 
     </span>
    </p>
   </div>
   <div class='ocr_carea' id='block_1_7' title="bbox 199 702 1185 718">
    <p class='ocr_par' dir='ltr' id='par_1_12' title="bbox 199 702 1185 718">
     <span class='ocr_line' id='line_1_14' title="bbox 199 702 1185 718; baseline 0 0"><span class='ocrx_word' id='word_1_87' title='bbox 199 702 1185 718; x_wconf 95' lang='lat' dir='ltr'> </span> 
     </span>
    </p>
   </div>
   <div class='ocr_carea' id='block_1_8' title="bbox 160 755 1227 850">
    <p class='ocr_par' dir='ltr' id='par_1_13' title="bbox 160 755 1227 850">
     <span class='ocr_line' id='line_1_15' title="bbox 160 755 1227 803; baseline -0.002 -14"><span class='ocrx_word' id='word_1_88' title='bbox 160 757 211 789; x_wconf 84' lang='lat' dir='ltr'>De</span> <span class='ocrx_word' id='word_1_89' title='bbox 233 755 402 797; x_wconf 58' lang='lat' dir='ltr'>condam,</span> <span class='ocrx_word' id='word_1_90' title='bbox 421 756 512 802; x_wconf 76' lang='lat' dir='ltr'>sttper</span> <span class='ocrx_word' id='word_1_91' title='bbox 521 759 620 789; x_wconf 80' lang='lat' dir='ltr'>variis</span> <span class='ocrx_word' id='word_1_92' title='bbox 637 758 792 803; x_wconf 76' lang='lat' dir='ltr'>Negotiis,</span> <span class='ocrx_word' id='word_1_93' title='bbox 817 758 885 790; x_wconf 79' lang='lat' dir='ltr'>hinc</span> <span class='ocrx_word' id='word_1_94' title='bbox 899 756 986 797; x_wconf 81' lang='lat' dir='ltr'>inde,</span> <span class='ocrx_word' id='word_1_95' title='bbox 1000 755 1227 800; x_wconf 76' lang='lat' dir='ltr'>Adverflzrium</span> 
     </span>
     <span class='ocr_line' id='line_1_16' title="bbox 260 801 1118 850; baseline -0.001 -13"><span class='ocrx_word' id='word_1_96' title='bbox 260 803 297 837; x_wconf 87' lang='lat' dir='ltr'>de</span> <span class='ocrx_word' id='word_1_97' title='bbox 315 807 468 848; x_wconf 72' lang='lat' dir='ltr'>Francia,</span> <span class='ocrx_word' id='word_1_98' title='bbox 493 808 530 843; x_wconf 57' lang='grc' dir='ltr'>(ῤ’</span> <span class='ocrx_word' id='word_1_99' title='bbox 547 806 622 838; x_wconf 76' lang='lat' dir='ltr'>alios</span> <span class='ocrx_word' id='word_1_100' title='bbox 637 806 821 850; x_wconf 73' lang='lat' dir='ltr'>Prist&#39;inarios</span> <span class='ocrx_word' id='word_1_101' title='bbox 832 832 843 847; x_wconf 88' lang='lat'>‚</span> <span class='ocrx_word' id='word_1_102' title='bbox 869 801 1118 837; x_wconf 48' lang='lat' dir='ltr'>concernentibus.</span> 
     </span>
    </p>
   </div>
   <div class='ocr_carea' id='block_1_9' title="bbox 12 887 1231 1191">
    <p class='ocr_par' dir='ltr' id='par_1_14' title="bbox 12 887 1231 1191">
     <span class='ocr_line' id='line_1_17' title="bbox 13 887 1231 951; baseline -0.002 -31"><span class='ocrx_word' id='word_1_103' title='bbox 13 916 96 950; x_wconf 69' lang='lat' dir='ltr'>&#39;Anm</span> <span class='ocrx_word' id='word_1_104' title='bbox 109 914 151 946; x_wconf 49' lang='lat' dir='ltr'>D·</span> <span class='ocrx_word' id='word_1_105' title='bbox 162 888 356 951; x_wconf 78' lang='lat' dir='ltr'>BErnardus</span> <span class='ocrx_word' id='word_1_106' title='bbox 371 890 496 921; x_wconf 89' lang='lat' dir='ltr'>Gilberti</span> <span class='ocrx_word' id='word_1_107' title='bbox 512 890 546 921; x_wconf 90' lang='lat'>&amp;</span> <span class='ocrx_word' id='word_1_108' title='bbox 560 889 694 934; x_wconf 34' lang='lat' dir='ltr'>‚sicardus</span> <span class='ocrx_word' id='word_1_109' title='bbox 708 889 744 919; x_wconf 93' lang='lat' dir='ltr'>de</span> <span class='ocrx_word' id='word_1_110' title='bbox 757 888 927 932; x_wconf 30' lang='lat' dir='ltr'>&#39;Lagrissoul</span> <span class='ocrx_word' id='word_1_111' title='bbox 936 912 946 927; x_wconf 91' lang='lat'>,</span> <span class='ocrx_word' id='word_1_112' title='bbox 961 888 1105 933; x_wconf 69' lang='lat' dir='ltr'>Armigeri</span> <span class='ocrx_word' id='word_1_113' title='bbox 1127 887 1231 932; x_wconf 69' lang='lat' dir='ltr'>Comi—</span> 
     </span>
     <span class='ocr_line' id='line_1_18' title="bbox 12 926 1230 1012; baseline -0.006 -10"><span class='ocrx_word' id='word_1_114' title='bbox 12 994 17 1002; x_wconf 86' lang='lat'>.</span> <span class='ocrx_word' id='word_1_115' title='bbox 45 962 130 994; x_wconf 74' lang='lat'>¹35⁹·</span> <span class='ocrx_word' id='word_1_116' title='bbox 162 929 499 1012; x_wconf 55' lang='lat' dir='ltr'>conffssdsdffdffissiffg</span> <span class='ocrx_word' id='word_1_117' title='bbox 509 927 800 1010; x_wconf 50' lang='lat' dir='ltr'>issfffffgiffmlffecgdffff</span> <span class='ocrx_word' id='word_1_118' title='bbox 813 927 936 996; x_wconf 52' lang='lat' dir='ltr'>&amp;3222ss</span> <span class='ocrx_word' id='word_1_119' title='bbox 951 926 1230 1002; x_wconf 50' lang='grc' dir='ltr'>ἓὲὲὣῐεῗὲῗὲκῖῗ</span> 
     </span>
     <span class='ocr_line' id='line_1_19' title="bbox 15 1003 1228 1061; baseline -0.002 -25"><span class='ocrx_word' id='word_1_120' title='bbox 15 1035 48 1061; x_wconf 46' lang='grc' dir='ltr'>Ε.</span> <span class='ocrx_word' id='word_1_121' title='bbox 63 1016 69 1022; x_wconf 93' lang='grc'>·</span> <span class='ocrx_word' id='word_1_122' title='bbox 83 1003 131 1059; x_wconf 59' lang='lat' dir='ltr'>J3·</span> <span class='ocrx_word' id='word_1_123' title='bbox 161 1005 327 1044; x_wconf 88' lang='lat' dir='ltr'>demptione</span> <span class='ocrx_word' id='word_1_124' title='bbox 341 1006 412 1036; x_wconf 72' lang='lat' dir='ltr'>dieti</span> <span class='ocrx_word' id='word_1_125' title='bbox 425 1004 551 1035; x_wconf 90' lang='lat' dir='ltr'>Comitis</span> <span class='ocrx_word' id='word_1_126' title='bbox 564 1004 707 1048; x_wconf 62' lang='lat' dir='ltr'>facienda,</span> <span class='ocrx_word' id='word_1_127' title='bbox 725 1004 836 1048; x_wconf 77' lang='lat' dir='ltr'>ibidem</span> <span class='ocrx_word' id='word_1_128' title='bbox 851 1004 1010 1051; x_wconf 76' lang='lat' dir='ltr'>morando,</span> <span class='ocrx_word' id='word_1_129' title='bbox 1028 1004 1060 1034; x_wconf 90' lang='lat'>&amp;</span> <span class='ocrx_word' id='word_1_130' title='bbox 1074 1003 1176 1034; x_wconf 79' lang='lat' dir='ltr'>exinde</span> <span class='ocrx_word' id='word_1_131' title='bbox 1185 1014 1228 1034; x_wconf 88' lang='lat' dir='ltr'>re-</span> 
     </span>
     <span class='ocr_line' id='line_1_20' title="bbox 17 1041 1231 1114; baseline -0.002 -39"><span class='ocrx_word' id='word_1_132' title='bbox 17 1042 129 1106; x_wconf 37' lang='lat' dir='ltr'>FYJB.</span> <span class='ocrx_word' id='word_1_133' title='bbox 159 1044 292 1114; x_wconf 48' lang='grc' dir='ltr'>(τίἓῑιίἓεέἓ,</span> <span class='ocrx_word' id='word_1_134' title='bbox 310 1044 392 1083; x_wconf 89' lang='lat' dir='ltr'>usque</span> <span class='ocrx_word' id='word_1_135' title='bbox 403 1043 438 1074; x_wconf 88' lang='lat' dir='ltr'>ad</span> <span class='ocrx_word' id='word_1_136' title='bbox 451 1041 569 1073; x_wconf 90' lang='lat' dir='ltr'>Festum</span> <span class='ocrx_word' id='word_1_137' title='bbox 583 1042 694 1074; x_wconf 85' lang='lat' dir='ltr'>Natalis</span> <span class='ocrx_word' id='word_1_138' title='bbox 710 1043 850 1082; x_wconf 85' lang='lat' dir='ltr'>Domini,</span> <span class='ocrx_word' id='word_1_139' title='bbox 877 1052 1013 1081; x_wconf 88' lang='lat' dir='ltr'>proximo</span> <span class='ocrx_word' id='word_1_140' title='bbox 1035 1042 1159 1073; x_wconf 87' lang='lat' dir='ltr'>futuram</span> <span class='ocrx_word' id='word_1_141' title='bbox 1176 1042 1231 1073; x_wconf 90' lang='lat' dir='ltr'>du-</span> 
     </span>
     <span class='ocr_line' id='line_1_21' title="bbox 15 1106 1229 1191; baseline -0.001 -39"><span class='ocrx_word' id='word_1_142' title='bbox 15 1112 54 1177; x_wconf 46' lang='lat'>{1⁶-</span> <span class='ocrx_word' id='word_1_143' title='bbox 62 1116 112 1175; x_wconf 69' lang='lat'><strong>36·{&#39;·</strong></span> <span class='ocrx_word' id='word_1_144' title='bbox 124 1119 151 1136; x_wconf 85' lang='lat'>²·</span> <span class='ocrx_word' id='word_1_145' title='bbox 165 1106 284 1191; x_wconf 49' lang='lat' dir='ltr'>brgeste</span> <span class='ocrx_word' id='word_1_146' title='bbox 298 1118 426 1151; x_wconf 87' lang='lat' dir='ltr'>Custode</span> <span class='ocrx_word' id='word_1_147' title='bbox 440 1118 579 1157; x_wconf 66' lang='lat' dir='ltr'>praedicto</span> <span class='ocrx_word' id='word_1_148' title='bbox 595 1119 668 1158; x_wconf 88' lang='lat' dir='ltr'>apud</span> <span class='ocrx_word' id='word_1_149' title='bbox 682 1119 866 1159; x_wconf 90' lang='lat' dir='ltr'>Wodestok,</span> <span class='ocrx_word' id='word_1_150' title='bbox 891 1119 1006 1151; x_wconf 91' lang='lat' dir='ltr'>decimo</span> <span class='ocrx_word' id='word_1_151' title='bbox 1029 1119 1075 1150; x_wconf 89' lang='lat' dir='ltr'>die</span> <span class='ocrx_word' id='word_1_152' title='bbox 1093 1118 1229 1151; x_wconf 89' lang='lat' dir='ltr'>Novem-</span> 
     </span>
    </p>
   </div>
   <div class='ocr_carea' id='block_1_10' title="bbox 14 1191 1236 1692">
    <p class='ocr_par' dir='ltr' id='par_1_15' title="bbox 599 1191 1129 1238">
     <span class='ocr_line' id='line_1_22' title="bbox 599 1191 1129 1238; baseline 0 -11"><span class='ocrx_word' id='word_1_153' title='bbox 599 1199 653 1228; x_wconf 84' lang='lat' dir='ltr'>Per</span> <span class='ocrx_word' id='word_1_154' title='bbox 666 1196 750 1238; x_wconf 85' lang='lat' dir='ltr'>ipsum</span> <span class='ocrx_word' id='word_1_155' title='bbox 765 1191 901 1237; x_wconf 77' lang='lat' dir='ltr'>custodem</span> <span class='ocrx_word' id='word_1_156' title='bbox 919 1195 958 1232; x_wconf 66' lang='grc' dir='ltr'>ὠ»</span> <span class='ocrx_word' id='word_1_157' title='bbox 973 1196 1129 1228; x_wconf 75' lang='lat' dir='ltr'><em>Concilium.</em></span> 
     </span>
    </p>

    <p class='ocr_par' dir='ltr' id='par_1_16' title="bbox 14 1272 1236 1692">
     <span class='ocr_line' id='line_1_23' title="bbox 203 1272 1178 1313; baseline 0.001 -9"><span class='ocrx_word' id='word_1_158' title='bbox 203 1272 376 1306; x_wconf 84' lang='lat' dir='ltr'>Confimiles</span> <span class='ocrx_word' id='word_1_159' title='bbox 391 1274 498 1306; x_wconf 86' lang='lat' dir='ltr'>Literas</span> <span class='ocrx_word' id='word_1_160' title='bbox 511 1274 548 1306; x_wconf 91' lang='lat' dir='ltr'>de</span> <span class='ocrx_word' id='word_1_161' title='bbox 564 1274 721 1307; x_wconf 59' lang='lat' dir='ltr'>eonducta</span> <span class='ocrx_word' id='word_1_162' title='bbox 734 1275 839 1307; x_wconf 88' lang='lat' dir='ltr'>habent</span> <span class='ocrx_word' id='word_1_163' title='bbox 852 1274 1013 1313; x_wconf 75' lang='lat' dir='ltr'>subscripti,</span> <span class='ocrx_word' id='word_1_164' title='bbox 1032 1274 1178 1313; x_wconf 85' lang='lat' dir='ltr'>videlicet²</span> 
     </span>
     <span class='ocr_line' id='line_1_24' title="bbox 14 1350 1236 1397; baseline -0.002 -15"><span class='ocrx_word' id='word_1_165' title='bbox 14 1361 89 1392; x_wconf 51' lang='lat'>⁹³³4·</span> <span class='ocrx_word' id='word_1_166' title='bbox 206 1350 388 1395; x_wconf 81' lang='lat' dir='ltr'>Guillielmus</span> <span class='ocrx_word' id='word_1_167' title='bbox 404 1352 568 1397; x_wconf 74' lang='lat' dir='ltr'>Viezorge,</span> <span class='ocrx_word' id='word_1_168' title='bbox 586 1351 715 1383; x_wconf 83' lang='lat' dir='ltr'><strong>Famulus</strong></span> <span class='ocrx_word' id='word_1_169' title='bbox 733 1352 871 1392; x_wconf 86' lang='lat' dir='ltr'>Johannis</span> <span class='ocrx_word' id='word_1_170' title='bbox 892 1352 927 1384; x_wconf 92' lang='lat' dir='ltr'>de</span> <span class='ocrx_word' id='word_1_171' title='bbox 949 1351 1065 1382; x_wconf 87' lang='lat' dir='ltr'>Denvill</span> <span class='ocrx_word' id='word_1_172' title='bbox 1075 1375 1084 1390; x_wconf 88' lang='lat'>,</span> <span class='ocrx_word' id='word_1_173' title='bbox 1103 1350 1236 1390; x_wconf 84' lang='lat' dir='ltr'>Magistri</span> 
     </span>
     <span class='ocr_line' id='line_1_25' title="bbox 166 1389 1236 1435; baseline 0 -16"><span class='ocrx_word' id='word_1_174' title='bbox 166 1389 292 1433; x_wconf 83' lang='lat' dir='ltr'>Hospitii</span> <span class='ocrx_word' id='word_1_175' title='bbox 300 1390 462 1435; x_wconf 64' lang='lat' dir='ltr'>¹Adversarii</span> <span class='ocrx_word' id='word_1_176' title='bbox 476 1390 565 1421; x_wconf 89' lang='lat' dir='ltr'>nostri</span> <span class='ocrx_word' id='word_1_177' title='bbox 580 1390 706 1422; x_wconf 88' lang='lat' dir='ltr'>Franciae</span> <span class='ocrx_word' id='word_1_178' title='bbox 714 1414 725 1429; x_wconf 81' lang='lat'>,</span> <span class='ocrx_word' id='word_1_179' title='bbox 742 1392 776 1422; x_wconf 92' lang='lat'>&amp;</span> <span class='ocrx_word' id='word_1_180' title='bbox 791 1391 971 1422; x_wconf 87' lang='lat' dir='ltr'>Falconarius</span> <span class='ocrx_word' id='word_1_181' title='bbox 986 1389 1109 1421; x_wconf 88' lang='lat' dir='ltr'>Comitis</span> <span class='ocrx_word' id='word_1_182' title='bbox 1122 1389 1158 1419; x_wconf 90' lang='lat' dir='ltr'>de</span> <span class='ocrx_word' id='word_1_183' title='bbox 1174 1389 1216 1419; x_wconf 90' lang='lat' dir='ltr'>Eu</span> <span class='ocrx_word' id='word_1_184' title='bbox 1226 1413 1236 1428; x_wconf 91' lang='lat'>,</span> 
     </span>
     <span class='ocr_line' id='line_1_26' title="bbox 166 1428 1235 1475; baseline -0.002 -15"><span class='ocrx_word' id='word_1_185' title='bbox 166 1428 318 1475; x_wconf 75' lang='lat' dir='ltr'>Prisonarii</span> <span class='ocrx_word' id='word_1_186' title='bbox 329 1428 436 1467; x_wconf 89' lang='lat' dir='ltr'>nostri,</span> <span class='ocrx_word' id='word_1_187' title='bbox 450 1429 591 1460; x_wconf 90' lang='lat' dir='ltr'>veniendo</span> <span class='ocrx_word' id='word_1_188' title='bbox 603 1429 694 1460; x_wconf 89' lang='lat' dir='ltr'>versus</span> <span class='ocrx_word' id='word_1_189' title='bbox 706 1429 800 1460; x_wconf 69' lang='lat' dir='ltr'>dietos</span> <span class='ocrx_word' id='word_1_190' title='bbox 813 1429 961 1460; x_wconf 89' lang='lat' dir='ltr'>Dominos</span> <span class='ocrx_word' id='word_1_191' title='bbox 974 1428 1036 1459; x_wconf 91' lang='lat' dir='ltr'>suos</span> <span class='ocrx_word' id='word_1_192' title='bbox 1046 1430 1074 1458; x_wconf 93' lang='lat' dir='ltr'>in</span> <span class='ocrx_word' id='word_1_193' title='bbox 1088 1428 1235 1467; x_wconf 81' lang='lat' dir='ltr'>Angliam,</span> 
     </span>
     <span class='ocr_line' id='line_1_27' title="bbox 164 1466 1236 1511; baseline -0.001 -14"><span class='ocrx_word' id='word_1_194' title='bbox 164 1477 222 1511; x_wconf 78' lang='lat' dir='ltr'>una</span> <span class='ocrx_word' id='word_1_195' title='bbox 239 1476 307 1511; x_wconf 75' lang='lat' dir='ltr'>curri</span> <span class='ocrx_word' id='word_1_196' title='bbox 323 1467 411 1498; x_wconf 86' lang='lat' dir='ltr'>Petro</span> <span class='ocrx_word' id='word_1_197' title='bbox 425 1467 549 1499; x_wconf 88' lang='lat' dir='ltr'>Nuncio</span> <span class='ocrx_word' id='word_1_198' title='bbox 565 1466 691 1498; x_wconf 90' lang='lat' dir='ltr'>Comitis</span> <span class='ocrx_word' id='word_1_199' title='bbox 703 1467 924 1499; x_wconf 87' lang='lat' dir='ltr'>Vendoemensis</span> <span class='ocrx_word' id='word_1_200' title='bbox 938 1491 949 1506; x_wconf 92' lang='lat'>,</span> <span class='ocrx_word' id='word_1_201' title='bbox 968 1467 1091 1498; x_wconf 88' lang='lat' dir='ltr'>similiter</span> <span class='ocrx_word' id='word_1_202' title='bbox 1107 1466 1236 1497; x_wconf 92' lang='lat' dir='ltr'>Prisona-</span> 
     </span>
     <span class='ocr_line' id='line_1_28' title="bbox 165 1504 1235 1551; baseline 0.001 -16"><span class='ocrx_word' id='word_1_203' title='bbox 165 1515 199 1549; x_wconf 80' lang='lat' dir='ltr'>rii</span> <span class='ocrx_word' id='word_1_204' title='bbox 219 1504 324 1544; x_wconf 88' lang='lat' dir='ltr'>nostri,</span> <span class='ocrx_word' id='word_1_205' title='bbox 341 1506 435 1550; x_wconf 83' lang='lat' dir='ltr'>eundo</span> <span class='ocrx_word' id='word_1_206' title='bbox 451 1517 466 1537; x_wconf 92' lang='lat' dir='ltr'>a</span> <span class='ocrx_word' id='word_1_207' title='bbox 481 1506 561 1537; x_wconf 65' lang='lat' dir='ltr'>dieto</span> <span class='ocrx_word' id='word_1_208' title='bbox 576 1506 684 1551; x_wconf 70' lang='lat' dir='ltr'>Regno</span> <span class='ocrx_word' id='word_1_209' title='bbox 698 1506 797 1551; x_wconf 80' lang='lat' dir='ltr'>nostro</span> <span class='ocrx_word' id='word_1_210' title='bbox 812 1506 928 1551; x_wconf 43' lang='lat' dir='ltr'>Angli?</span> <span class='ocrx_word' id='word_1_211' title='bbox 942 1506 1033 1537; x_wconf 90' lang='lat' dir='ltr'>versus</span> <span class='ocrx_word' id='word_1_212' title='bbox 1046 1513 1135 1544; x_wconf 88' lang='lat' dir='ltr'>partes</span> <span class='ocrx_word' id='word_1_213' title='bbox 1150 1505 1235 1549; x_wconf 77' lang='lat' dir='ltr'>Fran-</span> 
     </span>
     <span class='ocr_line' id='line_1_29' title="bbox 165 1543 1235 1626; baseline -0.001 -13"><span class='ocrx_word' id='word_1_214' title='bbox 165 1553 237 1613; x_wconf 70' lang='grc' dir='ltr'>ῗὲῖἓέ</span> <span class='ocrx_word' id='word_1_215' title='bbox 262 1544 727 1626; x_wconf 42' lang='grc' dir='ltr'>,ἔῗαῖἓὲὺὸῗὲἓίιεῗῗξὲἧὶὶἀέῗὲ</span> <span class='ocrx_word' id='word_1_216' title='bbox 739 1543 1235 1622; x_wconf 54' lang='lat' dir='ltr'>issssfssffiitsussssuis‘i&#39;nfiin‘iffiiissss</span> 
     </span>
     <span class='ocr_line' id='line_1_30' title="bbox 168 1620 1233 1667; baseline 0.001 -16"><span class='ocrx_word' id='word_1_217' title='bbox 168 1620 285 1659; x_wconf 90' lang='lat' dir='ltr'>Calesii,</span> <span class='ocrx_word' id='word_1_218' title='bbox 307 1631 355 1659; x_wconf 87' lang='lat' dir='ltr'>per</span> <span class='ocrx_word' id='word_1_219' title='bbox 370 1621 559 1667; x_wconf 83' lang='lat' dir='ltr'>Capitaneum</span> <span class='ocrx_word' id='word_1_220' title='bbox 573 1622 681 1653; x_wconf 89' lang='lat' dir='ltr'>ibidem</span> <span class='ocrx_word' id='word_1_221' title='bbox 701 1632 790 1661; x_wconf 87' lang='lat' dir='ltr'>nuper</span> <span class='ocrx_word' id='word_1_222' title='bbox 810 1622 919 1654; x_wconf 89' lang='lat' dir='ltr'>arestati</span> <span class='ocrx_word' id='word_1_223' title='bbox 934 1621 1067 1661; x_wconf 77' lang='lat' dir='ltr'>fuissetit,</span> <span class='ocrx_word' id='word_1_224' title='bbox 1086 1622 1119 1653; x_wconf 91' lang='lat'>&amp;</span> <span class='ocrx_word' id='word_1_225' title='bbox 1141 1621 1233 1653; x_wconf 90' lang='lat' dir='ltr'>adhuc</span> 
     </span>
     <span class='ocr_line' id='line_1_31' title="bbox 166 1658 651 1692; baseline 0.006 -3"><span class='ocrx_word' id='word_1_226' title='bbox 166 1658 217 1690; x_wconf 88' lang='lat' dir='ltr'>sub</span> <span class='ocrx_word' id='word_1_227' title='bbox 233 1660 336 1690; x_wconf 89' lang='lat' dir='ltr'>eodem</span> <span class='ocrx_word' id='word_1_228' title='bbox 352 1660 453 1691; x_wconf 88' lang='lat' dir='ltr'>Aresto</span> <span class='ocrx_word' id='word_1_229' title='bbox 466 1661 651 1692; x_wconf 80' lang='lat' dir='ltr'>detineantur.</span> 
     </span>
    </p>
   </div>
   <div class='ocr_carea' id='block_1_11' title="bbox 173 1697 1236 1775">
    <p class='ocr_par' dir='ltr' id='par_1_17' title="bbox 173 1697 1236 1775">
     <span class='ocr_line' id='line_1_32' title="bbox 202 1697 1236 1738; baseline 0.003 -10"><span class='ocrx_word' id='word_1_230' title='bbox 202 1697 236 1728; x_wconf 89' lang='lat' dir='ltr'>In</span> <span class='ocrx_word' id='word_1_231' title='bbox 251 1698 331 1736; x_wconf 91' lang='lat' dir='ltr'>cujus</span> <span class='ocrx_word' id='word_1_232' title='bbox 344 1721 354 1738; x_wconf 89' lang='lat'>,</span> <span class='ocrx_word' id='word_1_233' title='bbox 379 1700 441 1731; x_wconf 69' lang='grc' dir='ltr'>δερ.</span> <span class='ocrx_word' id='word_1_234' title='bbox 458 1700 546 1738; x_wconf 85' lang='lat' dir='ltr'>usque</span> <span class='ocrx_word' id='word_1_235' title='bbox 557 1699 593 1731; x_wconf 83' lang='lat' dir='ltr'>ad</span> <span class='ocrx_word' id='word_1_236' title='bbox 608 1700 726 1732; x_wconf 86' lang='lat' dir='ltr'>Festum</span> <span class='ocrx_word' id='word_1_237' title='bbox 741 1700 851 1733; x_wconf 83' lang='lat' dir='ltr'>Natalis</span> <span class='ocrx_word' id='word_1_238' title='bbox 864 1700 992 1732; x_wconf 81' lang='lat' dir='ltr'>Domini</span> <span class='ocrx_word' id='word_1_239' title='bbox 1007 1700 1143 1738; x_wconf 83' lang='lat' dir='ltr'>proximo</span> <span class='ocrx_word' id='word_1_240' title='bbox 1160 1700 1236 1731; x_wconf 88' lang='lat' dir='ltr'>futu-</span> 
     </span>
     <span class='ocr_line' id='line_1_33' title="bbox 173 1737 424 1775; baseline 0.012 -9"><span class='ocrx_word' id='word_1_241' title='bbox 173 1746 256 1775; x_wconf 90' lang='lat' dir='ltr'>rum,</span> <span class='ocrx_word' id='word_1_242' title='bbox 274 1737 424 1770; x_wconf 88' lang='lat' dir='ltr'>duraturas.</span> 
     </span>
    </p>
   </div>
   <div class='ocr_carea' id='block_1_12' title="bbox 15 1813 1240 1978">
    <p class='ocr_par' dir='ltr' id='par_1_18' title="bbox 15 1813 1240 1978">
     <span class='ocr_line' id='line_1_34' title="bbox 15 1813 1239 1883; baseline -0.002 -36"><span class='ocrx_word' id='word_1_243' title='bbox 15 1820 57 1847; x_wconf 57' lang='lat' dir='ltr'>ss,-</span> <span class='ocrx_word' id='word_1_244' title='bbox 72 1818 103 1847; x_wconf 90' lang='lat'>5·</span> <span class='ocrx_word' id='word_1_245' title='bbox 164 1853 185 1883; x_wconf 82' lang='lat' dir='ltr'>b</span> <span class='ocrx_word' id='word_1_246' title='bbox 199 1813 345 1860; x_wconf 82' lang='lat' dir='ltr'>Johannes</span> <span class='ocrx_word' id='word_1_247' title='bbox 358 1816 394 1847; x_wconf 90' lang='lat' dir='ltr'>de</span> <span class='ocrx_word' id='word_1_248' title='bbox 406 1816 493 1861; x_wconf 41' lang='lat' dir='ltr'>&#39;Sailly</span> <span class='ocrx_word' id='word_1_249' title='bbox 507 1817 541 1848; x_wconf 90' lang='lat'>&amp;</span> <span class='ocrx_word' id='word_1_250' title='bbox 555 1814 685 1863; x_wconf 76' lang='lat' dir='ltr'>Copirius</span> <span class='ocrx_word' id='word_1_251' title='bbox 701 1817 1001 1862; x_wconf 38' lang='lat' dir='ltr'>Lescot,.Farriiliares</span> <span class='ocrx_word' id='word_1_252' title='bbox 1018 1817 1142 1848; x_wconf 81' lang='lat' dir='ltr'>Domini</span> <span class='ocrx_word' id='word_1_253' title='bbox 1160 1815 1239 1846; x_wconf 84' lang='lat' dir='ltr'>Dau-</span> 
     </span>
     <span class='ocr_line' id='line_1_35' title="bbox 163 1853 1240 1933; baseline 0 -11"><span class='ocrx_word' id='word_1_254' title='bbox 163 1862 257 1929; x_wconf 67' lang='grc' dir='ltr'>ρὲἔῖζὲ</span> <span class='ocrx_word' id='word_1_255' title='bbox 268 1853 1062 1933; x_wconf 51' lang='lat' dir='ltr'>ssssississfssfffgffiiizffifsshffiz’03551‘h92330h2-”s-‘ffi</span> <span class='ocrx_word' id='word_1_256' title='bbox 1087 1853 1240 1924; x_wconf 55' lang='grc' dir='ltr'><em>ωὲἀοὼίἀ</em></span> 
     </span>
     <span class='ocr_line' id='line_1_36' title="bbox 167 1904 1240 1978; baseline 0.001 -18"><span class='ocrx_word' id='word_1_257' title='bbox 167 1930 201 1961; x_wconf 89' lang='lat'>&amp;</span> <span class='ocrx_word' id='word_1_258' title='bbox 215 1931 317 1962; x_wconf 75' lang='lat' dir='ltr'>exinde</span> <span class='ocrx_word' id='word_1_259' title='bbox 330 1933 359 1963; x_wconf 91' lang='lat' dir='ltr'>in</span> <span class='ocrx_word' id='word_1_260' title='bbox 375 1933 510 1972; x_wconf 84' lang='lat' dir='ltr'>Angliatn</span> <span class='ocrx_word' id='word_1_261' title='bbox 529 1933 673 1965; x_wconf 89' lang='lat' dir='ltr'>redeundo</span> <span class='ocrx_word' id='word_1_262' title='bbox 689 1904 757 1972; x_wconf 75' lang='lat' dir='ltr'>,g&amp;</span> <span class='ocrx_word' id='word_1_263' title='bbox 771 1905 901 1978; x_wconf 54' lang='lat' dir='ltr'>pragfdilus</span> <span class='ocrx_word' id='word_1_264' title='bbox 915 1904 1200 1972; x_wconf 49' lang='lat' dir='ltr'>Ccotpligiliseiigsiielgxdo</span> <span class='ocrx_word' id='word_1_265' title='bbox 1224 1915 1240 1962; x_wconf 64' lang='lat' dir='ltr'>zi</span> 
     </span>
    </p>
   </div>
   <div class='ocr_carea' id='block_1_13' title="bbox 166 1968 1235 2048">
    <p class='ocr_par' dir='ltr' id='par_1_19' title="bbox 166 1968 1235 2048">
     <span class='ocr_line' id='line_1_37' title="bbox 166 1968 1235 2011; baseline 0.002 -13"><span class='ocrx_word' id='word_1_266' title='bbox 166 1968 252 2000; x_wconf 66' lang='lat' dir='ltr'>dietis</span> <span class='ocrx_word' id='word_1_267' title='bbox 266 1971 390 2007; x_wconf 89' lang='lat' dir='ltr'>partibus</span> <span class='ocrx_word' id='word_1_268' title='bbox 403 1972 427 2003; x_wconf 93' lang='lat' dir='ltr'>F</span> <span class='ocrx_word' id='word_1_269' title='bbox 428 1973 531 2004; x_wconf 87' lang='lat' dir='ltr'>ranciae</span> <span class='ocrx_word' id='word_1_270' title='bbox 546 1973 581 2005; x_wconf 85' lang='lat' dir='ltr'>ad</span> <span class='ocrx_word' id='word_1_271' title='bbox 593 1972 717 2004; x_wconf 88' lang='lat' dir='ltr'>eundem</span> <span class='ocrx_word' id='word_1_272' title='bbox 726 1972 895 2004; x_wconf 89' lang='lat' dir='ltr'>Dominum</span> <span class='ocrx_word' id='word_1_273' title='bbox 910 1973 940 2002; x_wconf 91' lang='lat' dir='ltr'>in</span> <span class='ocrx_word' id='word_1_274' title='bbox 955 1970 1235 2011; x_wconf 73' lang='lat' dir='ltr'>Anglia‚&amp;ibidem</span> 
     </span>
     <span class='ocr_line' id='line_1_38' title="bbox 168 2008 401 2048; baseline 0.013 -10"><span class='ocrx_word' id='word_1_275' title='bbox 168 2008 326 2048; x_wconf 81' lang='lat' dir='ltr'>morando,</span> <span class='ocrx_word' id='word_1_276' title='bbox 340 2008 401 2046; x_wconf 65' lang='lat' dir='ltr'>&amp;a</span> 
     </span>
    </p>
   </div>
   <div class='ocr_carea' id='block_1_14' title="bbox 28 2084 1241 2205">
    <p class='ocr_par' dir='ltr' id='par_1_20' title="bbox 28 2084 1241 2205">
     <span class='ocr_line' id='line_1_39' title="bbox 28 2084 1239 2135; baseline 0 -17"><span class='ocrx_word' id='word_1_277' title='bbox 28 2094 68 2124; x_wconf 66' lang='lat' dir='ltr'>gt,</span> <span class='ocrx_word' id='word_1_278' title='bbox 81 2094 113 2125; x_wconf 62' lang='grc' dir='ltr'>ς2</span> <span class='ocrx_word' id='word_1_279' title='bbox 200 2084 320 2118; x_wconf 90' lang='lat' dir='ltr'>Perotus</span> <span class='ocrx_word' id='word_1_280' title='bbox 336 2087 510 2133; x_wconf 77' lang='lat' dir='ltr'>Fraunceys,</span> <span class='ocrx_word' id='word_1_281' title='bbox 519 2088 649 2135; x_wconf 28' lang='lat' dir='ltr'>‘Perotus</span> <span class='ocrx_word' id='word_1_282' title='bbox 670 2090 706 2122; x_wconf 89' lang='lat' dir='ltr'>de</span> <span class='ocrx_word' id='word_1_283' title='bbox 721 2088 787 2135; x_wconf 78' lang='lat' dir='ltr'>Che</span> <span class='ocrx_word' id='word_1_284' title='bbox 806 2099 859 2126; x_wconf 86' lang='lat' dir='ltr'>ne,</span> <span class='ocrx_word' id='word_1_285' title='bbox 878 2088 1032 2133; x_wconf 64' lang='lat' dir='ltr'>Morel..&amp;</span> <span class='ocrx_word' id='word_1_286' title='bbox 1046 2089 1163 2120; x_wconf 86' lang='lat' dir='ltr'>Perotus</span> <span class='ocrx_word' id='word_1_287' title='bbox 1178 2086 1239 2118; x_wconf 92' lang='lat' dir='ltr'>Lo-</span> 
     </span>
     <span class='ocr_line' id='line_1_40' title="bbox 161 2125 1241 2205; baseline 0.001 -49"><span class='ocrx_word' id='word_1_288' title='bbox 161 2132 245 2196; x_wconf 51' lang='grc' dir='ltr'>316αῄ</span> <span class='ocrx_word' id='word_1_289' title='bbox 245 2125 366 2203; x_wconf 47' lang='grc' dir='ltr'>ἔὲΐὲαᾸ</span> <span class='ocrx_word' id='word_1_290' title='bbox 367 2165 427 2205; x_wconf 60' lang='lat' dir='ltr'>agli</span> <span class='ocrx_word' id='word_1_291' title='bbox 428 2128 572 2205; x_wconf 40' lang='lat' dir='ltr'>³52?th</span> <span class='ocrx_word' id='word_1_292' title='bbox 572 2128 784 2200; x_wconf 48' lang='lat' dir='ltr'>edeFIfaqligigaeeVi</span> <span class='ocrx_word' id='word_1_293' title='bbox 817 2151 828 2167; x_wconf 84' lang='grc'>,</span> <span class='ocrx_word' id='word_1_294' title='bbox 846 2127 995 2159; x_wconf 86' lang='lat' dir='ltr'>Prisonarii</span> <span class='ocrx_word' id='word_1_295' title='bbox 1011 2127 1124 2167; x_wconf 82' lang='lat' dir='ltr'>Regis,</span> <span class='ocrx_word' id='word_1_296' title='bbox 1148 2125 1241 2158; x_wconf 88' lang='lat' dir='ltr'>eundo</span> 
     </span>
    </p>
   </div>
   <div class='ocr_carea' id='block_1_15' title="bbox 165 2240 1241 2322">
    <p class='ocr_par' dir='ltr' id='par_1_21' title="bbox 165 2240 1241 2322">
     <span class='ocr_line' id='line_1_41' title="bbox 202 2240 1238 2285; baseline 0.003 -13"><span class='ocrx_word' id='word_1_297' title='bbox 202 2240 366 2274; x_wconf 84' lang='lat' dir='ltr'>Nicholaus</span> <span class='ocrx_word' id='word_1_298' title='bbox 378 2242 476 2276; x_wconf 89' lang='lat' dir='ltr'>Curez</span> <span class='ocrx_word' id='word_1_299' title='bbox 491 2244 528 2275; x_wconf 90' lang='lat' dir='ltr'>de</span> <span class='ocrx_word' id='word_1_300' title='bbox 543 2244 684 2278; x_wconf 86' lang='lat' dir='ltr'>Somieres</span> <span class='ocrx_word' id='word_1_301' title='bbox 714 2244 861 2285; x_wconf 88' lang='lat' dir='ltr'>Johannes</span> <span class='ocrx_word' id='word_1_302' title='bbox 879 2246 906 2276; x_wconf 89' lang='lat' dir='ltr'>le</span> <span class='ocrx_word' id='word_1_303' title='bbox 922 2244 1033 2276; x_wconf 86' lang='lat' dir='ltr'>Bastard</span> <span class='ocrx_word' id='word_1_304' title='bbox 1047 2244 1083 2275; x_wconf 91' lang='lat' dir='ltr'>de</span> <span class='ocrx_word' id='word_1_305' title='bbox 1105 2243 1187 2282; x_wconf 88' lang='lat' dir='ltr'>Mes,</span> <span class='ocrx_word' id='word_1_306' title='bbox 1205 2244 1238 2275; x_wconf 90' lang='lat'>&amp;</span> 
     </span>
     <span class='ocr_line' id='line_1_42' title="bbox 165 2269 1241 2322; baseline 0.001 -12"><span class='ocrx_word' id='word_1_307' title='bbox 165 2277 283 2313; x_wconf 87' lang='lat' dir='ltr'>Bandun</span> <span class='ocrx_word' id='word_1_308' title='bbox 305 2281 450 2314; x_wconf 87' lang='lat' dir='ltr'>Fauconer</span> <span class='ocrx_word' id='word_1_309' title='bbox 467 2308 477 2322; x_wconf 87' lang='lat'>,</span> <span class='ocrx_word' id='word_1_310' title='bbox 504 2283 661 2316; x_wconf 84' lang='lat' dir='ltr'>Familiares</span> <span class='ocrx_word' id='word_1_311' title='bbox 681 2269 807 2316; x_wconf 75' lang='lat' dir='ltr'>Comitis</span> <span class='ocrx_word' id='word_1_312' title='bbox 826 2284 863 2315; x_wconf 91' lang='lat' dir='ltr'>de</span> <span class='ocrx_word' id='word_1_313' title='bbox 884 2284 1042 2320; x_wconf 67' lang='lat' dir='ltr'>Salebrugg</span> <span class='ocrx_word' id='word_1_314' title='bbox 1055 2307 1065 2322; x_wconf 91' lang='lat'>,</span> <span class='ocrx_word' id='word_1_315' title='bbox 1091 2282 1241 2313; x_wconf 83' lang='lat' dir='ltr'>Prisonarii</span> 
     </span>
    </p>
   </div>
   <div class='ocr_carea' id='block_1_16' title="bbox 161 2317 1236 2391">
    <p class='ocr_par' dir='ltr' id='par_1_22' title="bbox 161 2317 1236 2391">
     <span class='ocr_line' id='line_1_43' title="bbox 161 2317 1236 2391; baseline 0.002 -41"><span class='ocrx_word' id='word_1_316' title='bbox 161 2317 272 2391; x_wconf 43' lang='lat' dir='ltr'>{ciffi}</span> <span class='ocrx_word' id='word_1_317' title='bbox 287 2320 382 2353; x_wconf 90' lang='lat' dir='ltr'>eundo</span> <span class='ocrx_word' id='word_1_318' title='bbox 399 2323 429 2353; x_wconf 91' lang='lat' dir='ltr'>in</span> <span class='ocrx_word' id='word_1_319' title='bbox 438 2322 462 2354; x_wconf 95' lang='lat' dir='ltr'>F</span> <span class='ocrx_word' id='word_1_320' title='bbox 462 2324 590 2356; x_wconf 86' lang='lat' dir='ltr'>ranciam</span> <span class='ocrx_word' id='word_1_321' title='bbox 603 2334 656 2364; x_wconf 90' lang='lat' dir='ltr'>pro</span> <span class='ocrx_word' id='word_1_322' title='bbox 671 2322 889 2357; x_wconf 65' lang='lat' dir='ltr'>victualibus&amp;</span> <span class='ocrx_word' id='word_1_323' title='bbox 904 2322 962 2355; x_wconf 86' lang='lat' dir='ltr'>aliis</span> <span class='ocrx_word' id='word_1_324' title='bbox 975 2322 1010 2355; x_wconf 93' lang='lat' dir='ltr'>N</span> <span class='ocrx_word' id='word_1_325' title='bbox 1012 2321 1151 2354; x_wconf 79' lang='lat' dir='ltr'>ecess&#39;ariis</span> <span class='ocrx_word' id='word_1_326' title='bbox 1158 2331 1236 2361; x_wconf 87' lang='lat' dir='ltr'>quae-</span> 
     </span>
    </p>
   </div>
   <div class='ocr_carea' id='block_1_17' title="bbox 24 2434 1247 3020">
    <p class='ocr_par' dir='ltr' id='par_1_23' title="bbox 24 2434 1247 3020">
     <span class='ocr_line' id='line_1_44' title="bbox 24 2434 1182 2483; baseline 0.003 -16"><span class='ocrx_word' id='word_1_327' title='bbox 24 2437 64 2468; x_wconf 63' lang='grc' dir='ltr'>,Ως</span> <span class='ocrx_word' id='word_1_328' title='bbox 80 2437 110 2465; x_wconf 80' lang='lat'>4·</span> <span class='ocrx_word' id='word_1_329' title='bbox 234 2434 300 2467; x_wconf 90' lang='lat' dir='ltr'>EX</span> <span class='ocrx_word' id='word_1_330' title='bbox 316 2437 432 2483; x_wconf 32' lang='lat' dir='ltr'>&#39;dileetis</span> <span class='ocrx_word' id='word_1_331' title='bbox 449 2439 484 2471; x_wconf 72' lang='grc' dir='ltr'>δε</span> <span class='ocrx_word' id='word_1_332' title='bbox 500 2438 627 2471; x_wconf 89' lang='lat' dir='ltr'>fidelibus</span> <span class='ocrx_word' id='word_1_333' title='bbox 645 2440 720 2480; x_wconf 64' lang='lat' dir='ltr'>suis,</span> <span class='ocrx_word' id='word_1_334' title='bbox 744 2441 908 2473; x_wconf 89' lang='lat' dir='ltr'>Willielmo</span> <span class='ocrx_word' id='word_1_335' title='bbox 936 2440 972 2471; x_wconf 92' lang='lat' dir='ltr'>de</span> <span class='ocrx_word' id='word_1_336' title='bbox 990 2440 1159 2480; x_wconf 81' lang='lat' dir='ltr'>Dayncourt</span> <span class='ocrx_word' id='word_1_337' title='bbox 1172 2461 1182 2477; x_wconf 84' lang='grc'>,</span> 
     </span>
     <span class='ocr_line' id='line_1_45' title="bbox 252 2474 1243 2516; baseline 0.001 -10"><span class='ocrx_word' id='word_1_338' title='bbox 252 2474 347 2507; x_wconf 88' lang='lat' dir='ltr'>Sociis</span> <span class='ocrx_word' id='word_1_339' title='bbox 359 2477 428 2516; x_wconf 87' lang='lat' dir='ltr'>suis,</span> <span class='ocrx_word' id='word_1_340' title='bbox 448 2477 623 2510; x_wconf 90' lang='lat' dir='ltr'>Custodibus</span> <span class='ocrx_word' id='word_1_341' title='bbox 643 2480 799 2511; x_wconf 89' lang='lat' dir='ltr'>Adversarii</span> <span class='ocrx_word' id='word_1_342' title='bbox 813 2479 900 2510; x_wconf 91' lang='lat' dir='ltr'>nostri</span> <span class='ocrx_word' id='word_1_343' title='bbox 916 2479 1041 2510; x_wconf 66' lang='lat' dir='ltr'>Franciaz</span> <span class='ocrx_word' id='word_1_344' title='bbox 1055 2501 1065 2516; x_wconf 85' lang='lat'>,</span> <span class='ocrx_word' id='word_1_345' title='bbox 1089 2477 1163 2516; x_wconf 90' lang='lat' dir='ltr'>apud</span> <span class='ocrx_word' id='word_1_346' title='bbox 1184 2475 1243 2507; x_wconf 86' lang='lat' dir='ltr'>Ca-</span> 
     </span>
     <span class='ocr_line' id='line_1_46' title="bbox 168 2509 1242 2561; baseline 0.006 -19"><span class='ocrx_word' id='word_1_347' title='bbox 168 2509 258 2555; x_wconf 69' lang='lat' dir='ltr'>strum</span> <span class='ocrx_word' id='word_1_348' title='bbox 271 2514 308 2545; x_wconf 91' lang='lat' dir='ltr'>de</span> <span class='ocrx_word' id='word_1_349' title='bbox 323 2515 476 2561; x_wconf 78' lang='lat' dir='ltr'>Somerton</span> <span class='ocrx_word' id='word_1_350' title='bbox 513 2528 546 2548; x_wconf 90' lang='lat' dir='ltr'>ac</span> <span class='ocrx_word' id='word_1_351' title='bbox 563 2519 694 2550; x_wconf 84' lang='lat' dir='ltr'>universis</span> <span class='ocrx_word' id='word_1_352' title='bbox 709 2520 743 2550; x_wconf 75' lang='grc' dir='ltr'>δε</span> <span class='ocrx_word' id='word_1_353' title='bbox 764 2518 878 2556; x_wconf 88' lang='lat' dir='ltr'>singulis</span> <span class='ocrx_word' id='word_1_354' title='bbox 901 2517 1130 2548; x_wconf 88' lang='lat' dir='ltr'>Vicecomitibus</span> <span class='ocrx_word' id='word_1_355' title='bbox 1144 2539 1153 2555; x_wconf 85' lang='lat'>,</span> <span class='ocrx_word' id='word_1_356' title='bbox 1174 2515 1242 2545; x_wconf 84' lang='lat' dir='ltr'>Ma-</span> 
     </span>
     <span class='ocr_line' id='line_1_47' title="bbox 161 2540 1239 2622; baseline 0 -37"><span class='ocrx_word' id='word_1_357' title='bbox 161 2551 292 2622; x_wconf 49' lang='lat' dir='ltr'>‘&#39;Sogllggsff’,</span> <span class='ocrx_word' id='word_1_358' title='bbox 306 2553 435 2595; x_wconf 82' lang='lat' dir='ltr'>BalliVis,</span> <span class='ocrx_word' id='word_1_359' title='bbox 453 2540 609 2596; x_wconf 61' lang='lat' dir='ltr'>Minatus,</span> <span class='ocrx_word' id='word_1_360' title='bbox 630 2558 664 2588; x_wconf 87' lang='lat'>&amp;</span> <span class='ocrx_word' id='word_1_361' title='bbox 687 2558 747 2588; x_wconf 88' lang='lat' dir='ltr'>aliis</span> <span class='ocrx_word' id='word_1_362' title='bbox 761 2557 905 2589; x_wconf 88' lang='lat' dir='ltr'>Fidelibus</span> <span class='ocrx_word' id='word_1_363' title='bbox 917 2557 969 2588; x_wconf 89' lang='lat' dir='ltr'>suis</span> <span class='ocrx_word' id='word_1_364' title='bbox 983 2579 994 2595; x_wconf 90' lang='lat'>,</span> <span class='ocrx_word' id='word_1_365' title='bbox 1019 2555 1053 2587; x_wconf 92' lang='lat' dir='ltr'>ad</span> <span class='ocrx_word' id='word_1_366' title='bbox 1077 2565 1165 2594; x_wconf 79' lang='lat' dir='ltr'>quOS,</span> <span class='ocrx_word' id='word_1_367' title='bbox 1179 2555 1239 2586; x_wconf 79' lang='lat' dir='ltr'>&amp;c-</span> 
     </span>
     <span class='ocr_line' id='line_1_48' title="bbox 208 2628 1240 2671; baseline 0.001 -11"><span class='ocrx_word' id='word_1_368' title='bbox 208 2628 309 2662; x_wconf 79' lang='lat' dir='ltr'>Sciatis</span> <span class='ocrx_word' id='word_1_369' title='bbox 323 2632 403 2670; x_wconf 80' lang='lat' dir='ltr'>quod</span> <span class='ocrx_word' id='word_1_370' title='bbox 419 2632 585 2671; x_wconf 85' lang='lat' dir='ltr'>suscepimus</span> <span class='ocrx_word' id='word_1_371' title='bbox 604 2635 634 2665; x_wconf 89' lang='lat' dir='ltr'>in</span> <span class='ocrx_word' id='word_1_372' title='bbox 652 2634 869 2666; x_wconf 64' lang='lat' dir='ltr'>protectionem</span> <span class='ocrx_word' id='word_1_373' title='bbox 893 2636 926 2666; x_wconf 77' lang='grc' dir='ltr'>δε</span> <span class='ocrx_word' id='word_1_374' title='bbox 950 2632 1158 2666; x_wconf 78' lang='lat' dir='ltr'>Defensionem</span> <span class='ocrx_word' id='word_1_375' title='bbox 1185 2642 1240 2662; x_wconf 87' lang='lat' dir='ltr'>no-</span> 
     </span>
     <span class='ocr_line' id='line_1_49' title="bbox 171 2664 1244 2711; baseline 0.004 -13"><span class='ocrx_word' id='word_1_376' title='bbox 171 2664 272 2711; x_wconf 72' lang='lat' dir='ltr'>stram,</span> <span class='ocrx_word' id='word_1_377' title='bbox 289 2680 402 2701; x_wconf 82' lang='lat' dir='ltr'>necnon</span> <span class='ocrx_word' id='word_1_378' title='bbox 424 2673 453 2702; x_wconf 91' lang='lat' dir='ltr'>in</span> <span class='ocrx_word' id='word_1_379' title='bbox 467 2672 574 2704; x_wconf 88' lang='lat' dir='ltr'>salvum</span> <span class='ocrx_word' id='word_1_380' title='bbox 596 2675 630 2705; x_wconf 91' lang='lat'>&amp;</span> <span class='ocrx_word' id='word_1_381' title='bbox 652 2674 782 2706; x_wconf 89' lang='lat' dir='ltr'>securum</span> <span class='ocrx_word' id='word_1_382' title='bbox 806 2673 996 2704; x_wconf 65' lang='lat' dir='ltr'>Condueturn</span> <span class='ocrx_word' id='word_1_383' title='bbox 1008 2671 1155 2709; x_wconf 87' lang='lat' dir='ltr'>nostrum,</span> <span class='ocrx_word' id='word_1_384' title='bbox 1176 2670 1244 2700; x_wconf 72' lang='lat' dir='ltr'>Mi-</span> 
     </span>
     <span class='ocr_line' id='line_1_50' title="bbox 171 2706 1241 2755; baseline 0.002 -19"><span class='ocrx_word' id='word_1_385' title='bbox 171 2706 294 2741; x_wconf 82' lang='lat' dir='ltr'>gistrum</span> <span class='ocrx_word' id='word_1_386' title='bbox 307 2709 464 2754; x_wconf 76' lang='lat' dir='ltr'>Johannem</span> <span class='ocrx_word' id='word_1_387' title='bbox 478 2711 589 2755; x_wconf 33' lang='lat' dir='ltr'>&#39;Retarii</span> <span class='ocrx_word' id='word_1_388' title='bbox 604 2711 771 2751; x_wconf 89' lang='lat' dir='ltr'>Clericum,</span> <span class='ocrx_word' id='word_1_389' title='bbox 791 2714 840 2751; x_wconf 88' lang='lat' dir='ltr'>qui</span> <span class='ocrx_word' id='word_1_390' title='bbox 855 2722 922 2743; x_wconf 90' lang='lat' dir='ltr'>cum</span> <span class='ocrx_word' id='word_1_391' title='bbox 944 2722 1004 2742; x_wconf 91' lang='lat' dir='ltr'>uno</span> <span class='ocrx_word' id='word_1_392' title='bbox 1017 2709 1159 2740; x_wconf 83' lang='lat' dir='ltr'>Palefrido</span> <span class='ocrx_word' id='word_1_393' title='bbox 1169 2732 1178 2746; x_wconf 88' lang='lat'>,</span> <span class='ocrx_word' id='word_1_394' title='bbox 1197 2708 1241 2738; x_wconf 85' lang='lat' dir='ltr'>di-</span> 
     </span>
     <span class='ocr_line' id='line_1_51' title="bbox 173 2745 1243 2794; baseline 0.003 -20"><span class='ocrx_word' id='word_1_395' title='bbox 173 2745 256 2787; x_wconf 69' lang='lat' dir='ltr'>versis</span> <span class='ocrx_word' id='word_1_396' title='bbox 270 2746 382 2785; x_wconf 87' lang='lat' dir='ltr'>Robis‚</span> <span class='ocrx_word' id='word_1_397' title='bbox 401 2750 435 2780; x_wconf 88' lang='lat'>&amp;</span> <span class='ocrx_word' id='word_1_398' title='bbox 450 2749 669 2794; x_wconf 33' lang='lat' dir='ltr'>aliis—Vestibus,</span> <span class='ocrx_word' id='word_1_399' title='bbox 689 2751 797 2790; x_wconf 79' lang='lat' dir='ltr'>Libris,</span> <span class='ocrx_word' id='word_1_400' title='bbox 814 2750 960 2787; x_wconf 73' lang='lat' dir='ltr'>Pecunia,</span> <span class='ocrx_word' id='word_1_401' title='bbox 978 2751 1012 2781; x_wconf 87' lang='lat'>&amp;</span> <span class='ocrx_word' id='word_1_402' title='bbox 1027 2749 1086 2779; x_wconf 90' lang='lat' dir='ltr'>aliis</span> <span class='ocrx_word' id='word_1_403' title='bbox 1100 2747 1243 2778; x_wconf 79' lang='lat' dir='ltr'>Neceffi-</span> 
     </span>
     <span class='ocr_line' id='line_1_52' title="bbox 172 2783 1245 2830; baseline 0.001 -16"><span class='ocrx_word' id='word_1_404' title='bbox 172 2791 220 2826; x_wconf 61' lang='lat' dir='ltr'>riis</span> <span class='ocrx_word' id='word_1_405' title='bbox 230 2783 267 2827; x_wconf 65' lang='lat' dir='ltr'>ad</span> <span class='ocrx_word' id='word_1_406' title='bbox 278 2794 349 2822; x_wconf 90' lang='lat' dir='ltr'>opus</span> <span class='ocrx_word' id='word_1_407' title='bbox 362 2786 520 2830; x_wconf 76' lang='lat' dir='ltr'>Adversarii</span> <span class='ocrx_word' id='word_1_408' title='bbox 536 2788 626 2819; x_wconf 91' lang='lat' dir='ltr'>nostri</span> <span class='ocrx_word' id='word_1_409' title='bbox 643 2790 787 2827; x_wconf 82' lang='lat' dir='ltr'>Franciae,</span> <span class='ocrx_word' id='word_1_410' title='bbox 813 2789 962 2819; x_wconf 89' lang='lat' dir='ltr'>Prisonarii</span> <span class='ocrx_word' id='word_1_411' title='bbox 984 2787 1091 2823; x_wconf 82' lang='lat' dir='ltr'>nostri,</span> <span class='ocrx_word' id='word_1_412' title='bbox 1107 2786 1167 2823; x_wconf 84' lang='lat' dir='ltr'>jam</span> <span class='ocrx_word' id='word_1_413' title='bbox 1191 2796 1245 2815; x_wconf 90' lang='lat' dir='ltr'>no-</span> 
     </span>
     <span class='ocr_line' id='line_1_53' title="bbox 173 2823 1247 2869; baseline 0.003 -19"><span class='ocrx_word' id='word_1_414' title='bbox 173 2829 245 2851; x_wconf 83' lang='lat' dir='ltr'>Viter</span> <span class='ocrx_word' id='word_1_415' title='bbox 259 2832 288 2852; x_wconf 90' lang='lat' dir='ltr'>in</span> <span class='ocrx_word' id='word_1_416' title='bbox 303 2824 435 2869; x_wconf 79' lang='lat' dir='ltr'>Angliarn</span> <span class='ocrx_word' id='word_1_417' title='bbox 449 2826 495 2869; x_wconf 37' lang='lat' dir='ltr'>&#39;de</span> <span class='ocrx_word' id='word_1_418' title='bbox 516 2826 629 2857; x_wconf 89' lang='lat' dir='ltr'>licentia</span> <span class='ocrx_word' id='word_1_419' title='bbox 650 2827 745 2858; x_wconf 86' lang='lat' dir='ltr'>nostra</span> <span class='ocrx_word' id='word_1_420' title='bbox 768 2828 844 2858; x_wconf 91' lang='lat' dir='ltr'>venit</span> <span class='ocrx_word' id='word_1_421' title='bbox 860 2850 869 2865; x_wconf 87' lang='lat'>,</span> <span class='ocrx_word' id='word_1_422' title='bbox 894 2826 988 2857; x_wconf 90' lang='lat' dir='ltr'>eundo</span> <span class='ocrx_word' id='word_1_423' title='bbox 1006 2825 1041 2855; x_wconf 88' lang='lat' dir='ltr'>ad</span> <span class='ocrx_word' id='word_1_424' title='bbox 1057 2824 1191 2854; x_wconf 87' lang='lat' dir='ltr'>Castrum</span> <span class='ocrx_word' id='word_1_425' title='bbox 1210 2823 1247 2853; x_wconf 90' lang='lat' dir='ltr'>de</span> 
     </span>
     <span class='ocr_line' id='line_1_54' title="bbox 172 2857 1244 2908; baseline 0.004 -20"><span class='ocrx_word' id='word_1_426' title='bbox 172 2857 344 2906; x_wconf 82' lang='lat' dir='ltr'>Somerton,</span> <span class='ocrx_word' id='word_1_427' title='bbox 361 2863 412 2907; x_wconf 77' lang='lat' dir='ltr'>ubi</span> <span class='ocrx_word' id='word_1_428' title='bbox 423 2863 519 2908; x_wconf 67' lang='lat' dir='ltr'>¹dicstus</span> <span class='ocrx_word' id='word_1_429' title='bbox 542 2864 717 2896; x_wconf 85' lang='lat' dir='ltr'>Adversarius</span> <span class='ocrx_word' id='word_1_430' title='bbox 737 2865 830 2896; x_wconf 89' lang='lat' dir='ltr'>noster</span> <span class='ocrx_word' id='word_1_431' title='bbox 847 2868 863 2882; x_wconf 60' lang='lat'>²*</span> <span class='ocrx_word' id='word_1_432' title='bbox 886 2873 1010 2895; x_wconf 87' lang='lat' dir='ltr'>moratur</span> <span class='ocrx_word' id='word_1_433' title='bbox 1026 2887 1036 2902; x_wconf 86' lang='lat'>,</span> <span class='ocrx_word' id='word_1_434' title='bbox 1060 2873 1128 2894; x_wconf 91' lang='lat' dir='ltr'>cum</span> <span class='ocrx_word' id='word_1_435' title='bbox 1144 2863 1244 2893; x_wconf 88' lang='lat' dir='ltr'>Rebus</span> 
     </span>
     <span class='ocr_line' id='line_1_55' title="bbox 172 2897 1246 2941; baseline 0.002 -13"><span class='ocrx_word' id='word_1_436' title='bbox 172 2897 330 2941; x_wconf 61' lang='lat' dir='ltr'>praedistis,</span> <span class='ocrx_word' id='word_1_437' title='bbox 348 2902 383 2933; x_wconf 89' lang='lat'>&amp;</span> <span class='ocrx_word' id='word_1_438' title='bbox 399 2902 508 2933; x_wconf 81' lang='lat' dir='ltr'>ibidem</span> <span class='ocrx_word' id='word_1_439' title='bbox 526 2913 596 2934; x_wconf 90' lang='lat' dir='ltr'>cum</span> <span class='ocrx_word' id='word_1_440' title='bbox 611 2903 692 2934; x_wconf 68' lang='lat' dir='ltr'>dieto</span> <span class='ocrx_word' id='word_1_441' title='bbox 717 2903 882 2935; x_wconf 89' lang='lat' dir='ltr'>Adversario</span> <span class='ocrx_word' id='word_1_442' title='bbox 902 2902 1000 2933; x_wconf 83' lang='lat' dir='ltr'>nostro</span> <span class='ocrx_word' id='word_1_443' title='bbox 1024 2901 1179 2935; x_wconf 69' lang='lat' dir='ltr'>morando,</span> <span class='ocrx_word' id='word_1_444' title='bbox 1202 2900 1246 2930; x_wconf 86' lang='lat' dir='ltr'>di-</span> 
     </span>
     <span class='ocr_line' id='line_1_56' title="bbox 174 2935 1241 2980; baseline 0.001 -11"><span class='ocrx_word' id='word_1_445' title='bbox 174 2935 259 2966; x_wconf 84' lang='lat' dir='ltr'>mlffis</span> <span class='ocrx_word' id='word_1_446' title='bbox 275 2949 345 2970; x_wconf 90' lang='lat' dir='ltr'>cum</span> <span class='ocrx_word' id='word_1_447' title='bbox 359 2940 465 2971; x_wconf 90' lang='lat' dir='ltr'>eodem</span> <span class='ocrx_word' id='word_1_448' title='bbox 481 2941 647 2973; x_wconf 86' lang='lat' dir='ltr'>Adversario</span> <span class='ocrx_word' id='word_1_449' title='bbox 662 2942 760 2973; x_wconf 89' lang='lat' dir='ltr'>nostro</span> <span class='ocrx_word' id='word_1_450' title='bbox 777 2942 874 2973; x_wconf 83' lang='lat' dir='ltr'>Rebus</span> <span class='ocrx_word' id='word_1_451' title='bbox 888 2941 1046 2980; x_wconf 62' lang='lat' dir='ltr'>praedietis,</span> <span class='ocrx_word' id='word_1_452' title='bbox 1064 2940 1148 2978; x_wconf 90' lang='lat' dir='ltr'>usque</span> <span class='ocrx_word' id='word_1_453' title='bbox 1157 2939 1241 2970; x_wconf 87' lang='lat' dir='ltr'>Civi-</span> 
     </span>
     <span class='ocr_line' id='line_1_57' title="bbox 173 2978 815 3020; baseline 0.009 -15"><span class='ocrx_word' id='word_1_454' title='bbox 173 2982 259 3006; x_wconf 85' lang='lat' dir='ltr'>tatem</span> <span class='ocrx_word' id='word_1_455' title='bbox 273 2978 399 3009; x_wconf 87' lang='lat' dir='ltr'>nostram</span> <span class='ocrx_word' id='word_1_456' title='bbox 410 2978 572 3011; x_wconf 79' lang='lat' dir='ltr'>Londoniae</span> <span class='ocrx_word' id='word_1_457' title='bbox 584 2980 727 3011; x_wconf 88' lang='lat' dir='ltr'>redeundo</span> <span class='ocrx_word' id='word_1_458' title='bbox 736 3004 746 3020; x_wconf 93' lang='lat'>,</span> <span class='ocrx_word' id='word_1_459' title='bbox 755 2980 815 3016; x_wconf 58' lang='lat' dir='ltr'>&amp;a</span> 
     </span>
    </p>
   </div>
   <div class='ocr_carea' id='block_1_18' title="bbox 184 3013 1249 3092">
    <p class='ocr_par' dir='ltr' id='par_1_24' title="bbox 184 3013 1249 3092">
     <span class='ocr_line' id='line_1_58' title="bbox 215 3013 1249 3058; baseline -0.001 -10"><span class='ocrx_word' id='word_1_460' title='bbox 215 3013 250 3044; x_wconf 85' lang='lat' dir='ltr'>In</span> <span class='ocrx_word' id='word_1_461' title='bbox 265 3017 361 3055; x_wconf 79' lang='lat' dir='ltr'>cujuS‚</span> <span class='ocrx_word' id='word_1_462' title='bbox 379 3019 442 3050; x_wconf 87' lang='lat' dir='ltr'>&amp;c.</span> <span class='ocrx_word' id='word_1_463' title='bbox 466 3018 549 3058; x_wconf 85' lang='lat' dir='ltr'>usque</span> <span class='ocrx_word' id='word_1_464' title='bbox 563 3019 598 3050; x_wconf 90' lang='lat' dir='ltr'>ad</span> <span class='ocrx_word' id='word_1_465' title='bbox 614 3018 730 3050; x_wconf 87' lang='lat' dir='ltr'>Festum</span> <span class='ocrx_word' id='word_1_466' title='bbox 753 3020 851 3052; x_wconf 68' lang='lat' dir='ltr'>Sanffl</span> <span class='ocrx_word' id='word_1_467' title='bbox 873 3018 1004 3056; x_wconf 84' lang='lat' dir='ltr'>Hiliarii,</span> <span class='ocrx_word' id='word_1_468' title='bbox 1021 3018 1156 3056; x_wconf 84' lang='lat' dir='ltr'>proximo</span> <span class='ocrx_word' id='word_1_469' title='bbox 1173 3015 1249 3047; x_wconf 87' lang='lat' dir='ltr'>futu-</span> 
     </span>
     <span class='ocr_line' id='line_1_59' title="bbox 184 3055 426 3092; baseline 0.004 -7"><span class='ocrx_word' id='word_1_470' title='bbox 184 3060 264 3092; x_wconf 80' lang='lat' dir='ltr'>rum,</span> <span class='ocrx_word' id='word_1_471' title='bbox 279 3055 426 3088; x_wconf 85' lang='lat' dir='ltr'>duraturas.</span> 
     </span>
    </p>
   </div>
   <div class='ocr_carea' id='block_1_19' title="bbox 32 2874 137 2951">
    <p class='ocr_par' dir='ltr' id='par_1_25' title="bbox 32 2874 137 2951">
     <span class='ocr_line' id='line_1_60' title="bbox 47 2874 137 2904; baseline -0.011 0"><span class='ocrx_word' id='word_1_472' title='bbox 47 2874 69 2894; x_wconf 67' lang='lat'>⁸</span> <span class='ocrx_word' id='word_1_473' title='bbox 83 2875 137 2904; x_wconf 92' lang='lat' dir='ltr'>v1.</span> 
     </span>
     <span class='ocr_line' id='line_1_61' title="bbox 32 2920 99 2951; baseline 0.03 -2"><span class='ocrx_word' id='word_1_474' title='bbox 32 2920 99 2951; x_wconf 63' lang='lat'>345·</span> 
     </span>
    </p>
   </div>
   <div class='ocr_carea' id='block_1_20' title="bbox 209 3103 1249 3120">
    <p class='ocr_par' dir='ltr' id='par_1_26' title="bbox 209 3103 1249 3120">
     <span class='ocr_line' id='line_1_62' title="bbox 209 3103 1249 3120; baseline 0 0"><span class='ocrx_word' id='word_1_475' title='bbox 209 3103 1249 3120; x_wconf 95' lang='lat' dir='ltr'> </span> 
     </span>
    </p>
   </div>
   <div class='ocr_carea' id='block_1_21' title="bbox 322 3137 1117 3190">
    <p class='ocr_par' dir='ltr' id='par_1_27' title="bbox 322 3137 1117 3190">
     <span class='ocr_line' id='line_1_63' title="bbox 322 3137 1117 3190; baseline -0.006 -14"><span class='ocrx_word' id='word_1_476' title='bbox 322 3144 372 3176; x_wconf 89' lang='lat' dir='ltr'>De</span> <span class='ocrx_word' id='word_1_477' title='bbox 387 3144 547 3189; x_wconf 82' lang='lat' dir='ltr'>Deputatis</span> <span class='ocrx_word' id='word_1_478' title='bbox 561 3142 606 3176; x_wconf 83' lang='lat' dir='ltr'>ad</span> <span class='ocrx_word' id='word_1_479' title='bbox 618 3145 752 3190; x_wconf 53' lang='lat' dir='ltr'>&#39;frangas</span> <span class='ocrx_word' id='word_1_480' title='bbox 772 3145 870 3175; x_wconf 75' lang='lat' dir='ltr'>Scotiae</span> <span class='ocrx_word' id='word_1_481' title='bbox 889 3137 1117 3187; x_wconf 76' lang='lat' dir='ltr'>confirvandas.</span> 
     </span>
    </p>
   </div>
   <div class='ocr_carea' id='block_1_22' title="bbox 3 3223 1269 4115">
    <p class='ocr_par' dir='ltr' id='par_1_28' title="bbox 38 3223 1250 3304">
     <span class='ocr_line' id='line_1_64' title="bbox 38 3223 1250 3297; baseline -0.01 -33"><span class='ocrx_word' id='word_1_482' title='bbox 38 3231 116 3265; x_wconf 80' lang='lat' dir='ltr'>Am.</span> <span class='ocrx_word' id='word_1_483' title='bbox 128 3230 169 3261; x_wconf 92' lang='lat' dir='ltr'>D.</span> <span class='ocrx_word' id='word_1_484' title='bbox 189 3224 636 3297; x_wconf 47' lang='grc' dir='ltr'>Κὲἰζᾶἀίὶεῗῇεάὅεὸἧῖἰαϋὶζὲε</span> <span class='ocrx_word' id='word_1_485' title='bbox 649 3227 700 3259; x_wconf 91' lang='lat' dir='ltr'>suis</span> <span class='ocrx_word' id='word_1_486' title='bbox 714 3250 724 3266; x_wconf 87' lang='lat'>,</span> <span class='ocrx_word' id='word_1_487' title='bbox 751 3227 881 3259; x_wconf 88' lang='lat' dir='ltr'>Ricardo</span> <span class='ocrx_word' id='word_1_488' title='bbox 898 3225 1041 3264; x_wconf 88' lang='lat' dir='ltr'>Tempest</span> <span class='ocrx_word' id='word_1_489' title='bbox 1054 3247 1064 3264; x_wconf 89' lang='lat'>,</span> <span class='ocrx_word' id='word_1_490' title='bbox 1081 3225 1115 3256; x_wconf 62' lang='grc' dir='ltr'>ὃς</span> <span class='ocrx_word' id='word_1_491' title='bbox 1126 3223 1250 3264; x_wconf 86' lang='lat' dir='ltr'>Johanni</span> 
     </span>
     <span class='ocr_line' id='line_1_65' title="bbox 59 3275 634 3304; baseline -0.007 -3"><span class='ocrx_word' id='word_1_492' title='bbox 59 3281 75 3302; x_wconf 89' lang='lat'>1</span> <span class='ocrx_word' id='word_1_493' title='bbox 138 3293 146 3300; x_wconf 91' lang='lat'>.</span> <span class='ocrx_word' id='word_1_494' title='bbox 346 3275 447 3304; x_wconf 89' lang='lat' dir='ltr'>oupan</span> <span class='ocrx_word' id='word_1_495' title='bbox 474 3289 484 3304; x_wconf 87' lang='lat'>‚</span> <span class='ocrx_word' id='word_1_496' title='bbox 521 3276 593 3297; x_wconf 82' lang='lat' dir='ltr'>aute</span> <span class='ocrx_word' id='word_1_497' title='bbox 629 3292 634 3296; x_wconf 93' lang='lat'>.</span> 
     </span>
    </p>

    <p class='ocr_par' dir='ltr' id='par_1_29' title="bbox 38 3280 1252 3347">
     <span class='ocr_line' id='line_1_66' title="bbox 38 3280 1252 3347; baseline -0.007 -10"><span class='ocrx_word' id='word_1_498' title='bbox 38 3280 135 3347; x_wconf 48' lang='lat'>&amp;3539</span> <span class='ocrx_word' id='word_1_499' title='bbox 131 3319 158 3346; x_wconf 82' lang='lat'>3.</span> <span class='ocrx_word' id='word_1_500' title='bbox 168 3319 191 3335; x_wconf 71' lang='grc' dir='ltr'><strong><em>ο</em></strong></span> <span class='ocrx_word' id='word_1_501' title='bbox 221 3303 300 3335; x_wconf 78' lang='lat' dir='ltr'>Cum</span> <span class='ocrx_word' id='word_1_502' title='bbox 316 3314 404 3342; x_wconf 87' lang='lat' dir='ltr'>nuper</span> <span class='ocrx_word' id='word_1_503' title='bbox 417 3303 643 3341; x_wconf 82' lang='lat' dir='ltr'>affignaverimus</span> <span class='ocrx_word' id='word_1_504' title='bbox 658 3304 775 3335; x_wconf 67' lang='lat' dir='ltr'>dile&amp;os</span> <span class='ocrx_word' id='word_1_505' title='bbox 789 3303 924 3336; x_wconf 85' lang='lat' dir='ltr'>&amp;fideles</span> <span class='ocrx_word' id='word_1_506' title='bbox 939 3303 1067 3340; x_wconf 83' lang='lat' dir='ltr'>nostros,</span> <span class='ocrx_word' id='word_1_507' title='bbox 1084 3300 1252 3331; x_wconf 88' lang='lat' dir='ltr'>Gilbertum</span> 
     </span>
    </p>

    <p class='ocr_par' dir='ltr' id='par_1_30' title="bbox 3 3339 1254 3387">
     <span class='ocr_line' id='line_1_67' title="bbox 3 3339 1254 3387; baseline -0.006 -11"><span class='ocrx_word' id='word_1_508' title='bbox 3 3352 5 3359; x_wconf 81' lang='grc'><em>’</em></span> <span class='ocrx_word' id='word_1_509' title='bbox 39 3352 73 3377; x_wconf 76' lang='grc' dir='ltr'>Ε.</span> <span class='ocrx_word' id='word_1_510' title='bbox 95 3357 122 3385; x_wconf 68' lang='grc'>3,,</span> <span class='ocrx_word' id='word_1_511' title='bbox 184 3341 220 3373; x_wconf 88' lang='lat' dir='ltr'>de</span> <span class='ocrx_word' id='word_1_512' title='bbox 232 3342 439 3387; x_wconf 63' lang='lat' dir='ltr'>Umframvill,</span> <span class='ocrx_word' id='word_1_513' title='bbox 456 3342 607 3375; x_wconf 79' lang='lat' dir='ltr'>Comitem</span> <span class='ocrx_word' id='word_1_514' title='bbox 619 3343 655 3374; x_wconf 90' lang='lat' dir='ltr'>de</span> <span class='ocrx_word' id='word_1_515' title='bbox 671 3343 806 3380; x_wconf 69' lang='lat' dir='ltr'>Amgos,</span> <span class='ocrx_word' id='word_1_516' title='bbox 824 3342 857 3372; x_wconf 87' lang='lat'>&amp;</span> <span class='ocrx_word' id='word_1_517' title='bbox 877 3341 972 3372; x_wconf 88' lang='lat' dir='ltr'>Radul</span> <span class='ocrx_word' id='word_1_518' title='bbox 994 3342 1064 3371; x_wconf 80' lang='lat' dir='ltr'>lium</span> <span class='ocrx_word' id='word_1_519' title='bbox 1078 3339 1113 3370; x_wconf 90' lang='lat' dir='ltr'>de</span> <span class='ocrx_word' id='word_1_520' title='bbox 1134 3339 1169 3370; x_wconf 92' lang='lat' dir='ltr'>N</span> <span class='ocrx_word' id='word_1_521' title='bbox 1171 3339 1254 3377; x_wconf 90' lang='lat' dir='ltr'>evill,</span> 
     </span>
    </p>

    <p class='ocr_par' dir='ltr' id='par_1_31' title="bbox 40 3378 1252 3424">
     <span class='ocr_line' id='line_1_68' title="bbox 40 3378 1252 3424; baseline -0.007 -9"><span class='ocrx_word' id='word_1_522' title='bbox 40 3390 108 3415; x_wconf 70' lang='lat' dir='ltr'>Scor.</span> <span class='ocrx_word' id='word_1_523' title='bbox 127 3395 170 3423; x_wconf 86' lang='lat'>33.</span> <span class='ocrx_word' id='word_1_524' title='bbox 186 3382 382 3424; x_wconf 67' lang='lat' dir='ltr'>coiijunstim‚</span> <span class='ocrx_word' id='word_1_525' title='bbox 399 3384 433 3414; x_wconf 78' lang='grc' dir='ltr'>δε</span> <span class='ocrx_word' id='word_1_526' title='bbox 448 3382 578 3420; x_wconf 91' lang='lat' dir='ltr'>divisim,</span> <span class='ocrx_word' id='word_1_527' title='bbox 594 3381 735 3413; x_wconf 88' lang='lat' dir='ltr'>Custodes</span> <span class='ocrx_word' id='word_1_528' title='bbox 749 3379 946 3411; x_wconf 88' lang='lat' dir='ltr'>Marchiarum</span> <span class='ocrx_word' id='word_1_529' title='bbox 995 3381 1060 3418; x_wconf 86' lang='lat' dir='ltr'>egni</span> <span class='ocrx_word' id='word_1_530' title='bbox 1074 3378 1161 3408; x_wconf 88' lang='lat' dir='ltr'>nostri</span> <span class='ocrx_word' id='word_1_531' title='bbox 1188 3378 1252 3408; x_wconf 87' lang='lat' dir='ltr'>An-</span> 
     </span>
    </p>

    <p class='ocr_par' dir='ltr' id='par_1_32' title="bbox 42 3419 653 3463">
     <span class='ocr_line' id='line_1_69' title="bbox 42 3419 653 3463; baseline 0.003 -14"><span class='ocrx_word' id='word_1_532' title='bbox 42 3428 75 3453; x_wconf 71' lang='grc' dir='ltr'>Ε.</span> <span class='ocrx_word' id='word_1_533' title='bbox 95 3433 124 3463; x_wconf 79' lang='lat'>3,</span> <span class='ocrx_word' id='word_1_534' title='bbox 138 3434 177 3454; x_wconf 76' lang='lat' dir='ltr'>m,</span> <span class='ocrx_word' id='word_1_535' title='bbox 191 3419 258 3458; x_wconf 82' lang='lat' dir='ltr'>gliae</span> <span class='ocrx_word' id='word_1_536' title='bbox 270 3419 361 3450; x_wconf 90' lang='lat' dir='ltr'>versus</span> <span class='ocrx_word' id='word_1_537' title='bbox 374 3429 463 3459; x_wconf 84' lang='lat' dir='ltr'>partes</span> <span class='ocrx_word' id='word_1_538' title='bbox 478 3420 635 3452; x_wconf 84' lang='lat' dir='ltr'>Orientales</span> <span class='ocrx_word' id='word_1_539' title='bbox 644 3444 653 3459; x_wconf 86' lang='lat'>,</span> 
     </span>
    </p>

    <p class='ocr_par' dir='ltr' id='par_1_33' title="bbox 46 3454 1256 3573">
     <span class='ocr_line' id='line_1_70' title="bbox 46 3454 1248 3498; baseline -0.007 -7"><span class='ocrx_word' id='word_1_540' title='bbox 46 3472 76 3491; x_wconf 81' lang='lat'>2.</span> <span class='ocrx_word' id='word_1_541' title='bbox 224 3457 261 3488; x_wconf 91' lang='lat' dir='ltr'>Et</span> <span class='ocrx_word' id='word_1_542' title='bbox 275 3457 309 3488; x_wconf 92' lang='lat' dir='ltr'>ad</span> <span class='ocrx_word' id='word_1_543' title='bbox 324 3458 470 3498; x_wconf 80' lang='lat' dir='ltr'>TreugaS,</span> <span class='ocrx_word' id='word_1_544' title='bbox 488 3461 556 3490; x_wconf 89' lang='lat' dir='ltr'>inter</span> <span class='ocrx_word' id='word_1_545' title='bbox 578 3459 644 3490; x_wconf 74' lang='lat' dir='ltr'>Nos</span> <span class='ocrx_word' id='word_1_546' title='bbox 663 3461 697 3490; x_wconf 70' lang='grc' dir='ltr'>ὃς</span> <span class='ocrx_word' id='word_1_547' title='bbox 718 3457 862 3488; x_wconf 87' lang='lat' dir='ltr'>Homines</span> <span class='ocrx_word' id='word_1_548' title='bbox 882 3455 918 3486; x_wconf 91' lang='lat' dir='ltr'>de</span> <span class='ocrx_word' id='word_1_549' title='bbox 943 3455 1043 3486; x_wconf 66' lang='lat' dir='ltr'>Scotifi</span> <span class='ocrx_word' id='word_1_550' title='bbox 1068 3454 1248 3485; x_wconf 86' lang='lat' dir='ltr'>Adversarios</span> 
     </span>
     <span class='ocr_line' id='line_1_71' title="bbox 189 3493 1256 3536; baseline -0.005 -9"><span class='ocrx_word' id='word_1_551' title='bbox 189 3495 301 3528; x_wconf 88' lang='lat' dir='ltr'>nostros</span> <span class='ocrx_word' id='word_1_552' title='bbox 316 3496 420 3527; x_wconf 82' lang='lat' dir='ltr'>ultimo</span> <span class='ocrx_word' id='word_1_553' title='bbox 435 3498 514 3528; x_wconf 87' lang='lat' dir='ltr'>initas</span> <span class='ocrx_word' id='word_1_554' title='bbox 529 3521 538 3536; x_wconf 89' lang='lat'>,</span> <span class='ocrx_word' id='word_1_555' title='bbox 559 3508 611 3536; x_wconf 87' lang='lat' dir='ltr'>pro</span> <span class='ocrx_word' id='word_1_556' title='bbox 634 3497 733 3528; x_wconf 87' lang='lat' dir='ltr'>Nobis</span> <span class='ocrx_word' id='word_1_557' title='bbox 758 3498 790 3528; x_wconf 84' lang='lat'>&amp;</span> <span class='ocrx_word' id='word_1_558' title='bbox 812 3494 936 3526; x_wconf 88' lang='lat' dir='ltr'>Subditis</span> <span class='ocrx_word' id='word_1_559' title='bbox 957 3493 1057 3524; x_wconf 89' lang='lat' dir='ltr'>nostris</span> <span class='ocrx_word' id='word_1_560' title='bbox 1078 3494 1107 3522; x_wconf 88' lang='lat' dir='ltr'>in</span> <span class='ocrx_word' id='word_1_561' title='bbox 1131 3493 1256 3530; x_wconf 82' lang='lat' dir='ltr'>parribus</span> 
     </span>
     <span class='ocr_line' id='line_1_72' title="bbox 192 3534 1251 3573; baseline -0.003 -7"><span class='ocrx_word' id='word_1_562' title='bbox 192 3534 390 3566; x_wconf 87' lang='lat' dir='ltr'>Marchiarum</span> <span class='ocrx_word' id='word_1_563' title='bbox 408 3535 606 3573; x_wconf 68' lang='lat' dir='ltr'>praediecarum</span> <span class='ocrx_word' id='word_1_564' title='bbox 624 3534 871 3571; x_wconf 83' lang='lat' dir='ltr'>conservandum,</span> <span class='ocrx_word' id='word_1_565' title='bbox 1250 3540 1251 3543; x_wconf 75' lang='grc'>’</span> 
     </span>
    </p>

    <p class='ocr_par' dir='ltr' id='par_1_34' title="bbox 190 3568 1259 3681">
     <span class='ocr_line' id='line_1_73' title="bbox 227 3568 1258 3612; baseline -0.007 -8"><span class='ocrx_word' id='word_1_566' title='bbox 227 3573 267 3604; x_wconf 89' lang='lat' dir='ltr'>Et</span> <span class='ocrx_word' id='word_1_567' title='bbox 281 3573 316 3604; x_wconf 91' lang='lat' dir='ltr'>ad</span> <span class='ocrx_word' id='word_1_568' title='bbox 328 3584 378 3612; x_wconf 84' lang='lat' dir='ltr'>ea,</span> <span class='ocrx_word' id='word_1_569' title='bbox 395 3583 460 3611; x_wconf 84' lang='lat' dir='ltr'>quae</span> <span class='ocrx_word' id='word_1_570' title='bbox 474 3582 572 3604; x_wconf 85' lang='lat' dir='ltr'>contra</span> <span class='ocrx_word' id='word_1_571' title='bbox 585 3574 710 3604; x_wconf 83' lang='lat' dir='ltr'>sormam</span> <span class='ocrx_word' id='word_1_572' title='bbox 717 3574 896 3610; x_wconf 86' lang='lat' dir='ltr'>Treugarum</span> <span class='ocrx_word' id='word_1_573' title='bbox 912 3569 1111 3609; x_wconf 59' lang='lat' dir='ltr'>praediffihirum</span> <span class='ocrx_word' id='word_1_574' title='bbox 1128 3579 1176 3606; x_wconf 89' lang='lat' dir='ltr'>per</span> <span class='ocrx_word' id='word_1_575' title='bbox 1185 3568 1258 3598; x_wconf 89' lang='lat' dir='ltr'>Sub-</span> 
     </span>
     <span class='ocr_line' id='line_1_74' title="bbox 190 3608 1259 3681; baseline -0.007 -38"><span class='ocrx_word' id='word_1_576' title='bbox 190 3611 265 3681; x_wconf 59' lang='lat' dir='ltr'>{liitos</span> <span class='ocrx_word' id='word_1_577' title='bbox 278 3612 389 3643; x_wconf 88' lang='lat' dir='ltr'>nostros</span> <span class='ocrx_word' id='word_1_578' title='bbox 401 3620 562 3650; x_wconf 85' lang='lat' dir='ltr'>attemptata</span> <span class='ocrx_word' id='word_1_579' title='bbox 577 3612 697 3651; x_wconf 86' lang='lat' dir='ltr'>fuerint,</span> <span class='ocrx_word' id='word_1_580' title='bbox 721 3613 816 3644; x_wconf 78' lang='lat' dir='ltr'>debite</span> <span class='ocrx_word' id='word_1_581' title='bbox 835 3609 1049 3641; x_wconf 87' lang='lat' dir='ltr'>reformandum</span> <span class='ocrx_word' id='word_1_582' title='bbox 1064 3631 1074 3646; x_wconf 87' lang='grc'>,</span> <span class='ocrx_word' id='word_1_583' title='bbox 1091 3608 1123 3638; x_wconf 86' lang='lat'>&amp;</span> <span class='ocrx_word' id='word_1_584' title='bbox 1142 3608 1259 3645; x_wconf 86' lang='lat' dir='ltr'>punien-</span> 
     </span>
    </p>

    <p class='ocr_par' dir='ltr' id='par_1_35' title="bbox 214 3661 708 3682">
     <span class='ocr_line' id='line_1_75' title="bbox 214 3661 708 3682; baseline -0.008 0"><span class='ocrx_word' id='word_1_585' title='bbox 214 3661 261 3682; x_wconf 90' lang='lat' dir='ltr'>um</span> <span class='ocrx_word' id='word_1_586' title='bbox 706 3662 708 3665; x_wconf 40' lang='lat' dir='ltr'>v</span> 
     </span>
    </p>

    <p class='ocr_par' dir='ltr' id='par_1_36' title="bbox 191 3674 1258 3806">
     <span class='ocr_line' id='line_1_76' title="bbox 226 3674 1255 3728; baseline -0.007 -8"><span class='ocrx_word' id='word_1_587' title='bbox 226 3674 381 3720; x_wconf 66' lang='lat' dir='ltr'>Et&#39;omnes</span> <span class='ocrx_word' id='word_1_588' title='bbox 398 3690 431 3720; x_wconf 67' lang='grc' dir='ltr'>ὅ(</span> <span class='ocrx_word' id='word_1_589' title='bbox 444 3688 582 3728; x_wconf 86' lang='lat' dir='ltr'>singulos,</span> <span class='ocrx_word' id='word_1_590' title='bbox 598 3689 628 3719; x_wconf 90' lang='lat' dir='ltr'>in</span> <span class='ocrx_word' id='word_1_591' title='bbox 646 3686 700 3719; x_wconf 84' lang='lat' dir='ltr'>hac</span> <span class='ocrx_word' id='word_1_592' title='bbox 719 3687 1021 3726; x_wconf 85' lang='lat' dir='ltr'>parteDelinquentes,</span> <span class='ocrx_word' id='word_1_593' title='bbox 1035 3683 1255 3716; x_wconf 84' lang='lat' dir='ltr'>arestandum&amp;</span> 
     </span>
     <span class='ocr_line' id='line_1_77' title="bbox 191 3723 1258 3766; baseline -0.006 -8"><span class='ocrx_word' id='word_1_594' title='bbox 191 3728 365 3765; x_wconf 87' lang='lat' dir='ltr'>capiendum</span> <span class='ocrx_word' id='word_1_595' title='bbox 377 3751 386 3766; x_wconf 90' lang='lat'>,</span> <span class='ocrx_word' id='word_1_596' title='bbox 402 3729 436 3760; x_wconf 62' lang='grc' dir='ltr'>ὃς</span> <span class='ocrx_word' id='word_1_597' title='bbox 450 3727 572 3758; x_wconf 88' lang='lat' dir='ltr'>Prisonis</span> <span class='ocrx_word' id='word_1_598' title='bbox 586 3727 686 3757; x_wconf 88' lang='lat' dir='ltr'>nostris</span> <span class='ocrx_word' id='word_1_599' title='bbox 702 3726 960 3763; x_wconf 87' lang='lat' dir='ltr'>committendum,</span> <span class='ocrx_word' id='word_1_600' title='bbox 986 3726 1015 3754; x_wconf 90' lang='lat' dir='ltr'>in</span> <span class='ocrx_word' id='word_1_601' title='bbox 1039 3723 1144 3754; x_wconf 89' lang='lat' dir='ltr'>eisdem</span> <span class='ocrx_word' id='word_1_602' title='bbox 1162 3732 1258 3753; x_wconf 82' lang='lat' dir='ltr'>mora-</span> 
     </span>
     <span class='ocr_line' id='line_1_78' title="bbox 191 3763 1010 3806; baseline -0.006 -9"><span class='ocrx_word' id='word_1_603' title='bbox 191 3773 269 3798; x_wconf 86' lang='lat' dir='ltr'>turos</span> <span class='ocrx_word' id='word_1_604' title='bbox 283 3767 425 3806; x_wconf 86' lang='lat' dir='ltr'>quousque</span> <span class='ocrx_word' id='word_1_605' title='bbox 439 3767 475 3798; x_wconf 88' lang='lat' dir='ltr'>de</span> <span class='ocrx_word' id='word_1_606' title='bbox 488 3768 526 3797; x_wconf 89' lang='lat' dir='ltr'>eis</span> <span class='ocrx_word' id='word_1_607' title='bbox 540 3766 616 3797; x_wconf 85' lang='lat' dir='ltr'>aliter</span> <span class='ocrx_word' id='word_1_608' title='bbox 631 3765 791 3796; x_wconf 80' lang='lat' dir='ltr'>duxerimus</span> <span class='ocrx_word' id='word_1_609' title='bbox 803 3763 1010 3801; x_wconf 88' lang='lat' dir='ltr'>ordinandum,</span> 
     </span>
    </p>

    <p class='ocr_par' dir='ltr' id='par_1_37' title="bbox 190 3798 1262 3924">
     <span class='ocr_line' id='line_1_79' title="bbox 230 3798 1261 3840; baseline -0.007 -5"><span class='ocrx_word' id='word_1_610' title='bbox 230 3803 267 3835; x_wconf 83' lang='lat' dir='ltr'>Et</span> <span class='ocrx_word' id='word_1_611' title='bbox 279 3806 314 3836; x_wconf 87' lang='lat' dir='ltr'>ad</span> <span class='ocrx_word' id='word_1_612' title='bbox 329 3806 575 3838; x_wconf 87' lang='lat' dir='ltr'>Reformationem</span> <span class='ocrx_word' id='word_1_613' title='bbox 588 3805 622 3837; x_wconf 91' lang='lat'>&amp;</span> <span class='ocrx_word' id='word_1_614' title='bbox 636 3803 817 3834; x_wconf 89' lang='lat' dir='ltr'>Punitionem</span> <span class='ocrx_word' id='word_1_615' title='bbox 833 3800 995 3840; x_wconf 81' lang='lat' dir='ltr'>hujusmodi</span> <span class='ocrx_word' id='word_1_616' title='bbox 1017 3810 1032 3830; x_wconf 91' lang='lat' dir='ltr'>a</span> <span class='ocrx_word' id='word_1_617' title='bbox 1053 3799 1137 3830; x_wconf 63' lang='lat' dir='ltr'>dietis</span> <span class='ocrx_word' id='word_1_618' title='bbox 1151 3798 1242 3829; x_wconf 91' lang='lat' dir='ltr'>Scotis</span> <span class='ocrx_word' id='word_1_619' title='bbox 1252 3821 1261 3836; x_wconf 89' lang='lat'>,</span> 
     </span>
     <span class='ocr_line' id='line_1_80' title="bbox 190 3837 1262 3886; baseline -0.011 -6"><span class='ocrx_word' id='word_1_620' title='bbox 190 3841 272 3880; x_wconf 75' lang='lat' dir='ltr'>super</span> <span class='ocrx_word' id='word_1_621' title='bbox 286 3845 467 3884; x_wconf 84' lang='lat' dir='ltr'>Attemptatis</span> <span class='ocrx_word' id='word_1_622' title='bbox 483 3856 530 3886; x_wconf 80' lang='lat' dir='ltr'>per</span> <span class='ocrx_word' id='word_1_623' title='bbox 545 3854 610 3882; x_wconf 87' lang='lat' dir='ltr'>eos,</span> <span class='ocrx_word' id='word_1_624' title='bbox 629 3844 662 3874; x_wconf 90' lang='lat'>&amp;</span> <span class='ocrx_word' id='word_1_625' title='bbox 677 3842 715 3873; x_wconf 89' lang='lat' dir='ltr'>eis</span> <span class='ocrx_word' id='word_1_626' title='bbox 732 3840 926 3877; x_wconf 79' lang='lat' dir='ltr'>Adhaerentes‚</span> <span class='ocrx_word' id='word_1_627' title='bbox 943 3846 1041 3869; x_wconf 87' lang='lat' dir='ltr'>contra</span> <span class='ocrx_word' id='word_1_628' title='bbox 1054 3838 1163 3870; x_wconf 85' lang='lat' dir='ltr'>easdem</span> <span class='ocrx_word' id='word_1_629' title='bbox 1170 3837 1262 3868; x_wconf 85' lang='lat' dir='ltr'>Treu-</span> 
     </span>
     <span class='ocr_line' id='line_1_81' title="bbox 193 3877 989 3924; baseline -0.018 -4"><span class='ocrx_word' id='word_1_630' title='bbox 193 3889 258 3920; x_wconf 68' lang='lat' dir='ltr'>gas,</span> <span class='ocrx_word' id='word_1_631' title='bbox 275 3883 448 3924; x_wconf 82' lang='lat' dir='ltr'>petendum,</span> <span class='ocrx_word' id='word_1_632' title='bbox 466 3882 691 3923; x_wconf 89' lang='lat' dir='ltr'>prosequendum</span> <span class='ocrx_word' id='word_1_633' title='bbox 701 3903 711 3919; x_wconf 87' lang='lat'>,</span> <span class='ocrx_word' id='word_1_634' title='bbox 728 3880 762 3911; x_wconf 91' lang='lat'>&amp;</span> <span class='ocrx_word' id='word_1_635' title='bbox 776 3877 989 3916; x_wconf 85' lang='lat' dir='ltr'>recipiendum,</span> 
     </span>
    </p>

    <p class='ocr_par' dir='ltr' id='par_1_38' title="bbox 233 3917 857 3962">
     <span class='ocr_line' id='line_1_82' title="bbox 233 3917 857 3962; baseline -0.019 -3"><span class='ocrx_word' id='word_1_636' title='bbox 233 3920 282 3951; x_wconf 81' lang='lat' dir='ltr'>AC</span> <span class='ocrx_word' id='word_1_637' title='bbox 299 3921 356 3958; x_wconf 75' lang='lat' dir='ltr'>iam</span> <span class='ocrx_word' id='word_1_638' title='bbox 374 3923 480 3962; x_wconf 86' lang='lat' dir='ltr'>iidem,</span> <span class='ocrx_word' id='word_1_639' title='bbox 498 3923 608 3953; x_wconf 88' lang='lat' dir='ltr'>Comes</span> <span class='ocrx_word' id='word_1_640' title='bbox 624 3921 656 3952; x_wconf 73' lang='grc' dir='ltr'>ὃς</span> <span class='ocrx_word' id='word_1_641' title='bbox 673 3917 857 3956; x_wconf 86' lang='lat' dir='ltr'>Radulphus,</span> 
     </span>
    </p>

    <p class='ocr_par' dir='ltr' id='par_1_39' title="bbox 198 3951 1266 4077">
     <span class='ocr_line' id='line_1_83' title="bbox 234 3951 1266 4002; baseline -0.006 -14"><span class='ocrx_word' id='word_1_642' title='bbox 234 3957 295 3990; x_wconf 94' lang='lat' dir='ltr'>Pro</span> <span class='ocrx_word' id='word_1_643' title='bbox 309 3970 345 3990; x_wconf 86' lang='lat' dir='ltr'>eo</span> <span class='ocrx_word' id='word_1_644' title='bbox 360 3963 439 3999; x_wconf 86' lang='lat' dir='ltr'>quod</span> <span class='ocrx_word' id='word_1_645' title='bbox 452 3962 502 4002; x_wconf 84' lang='lat' dir='ltr'>ipsi</span> <span class='ocrx_word' id='word_1_646' title='bbox 524 3963 600 3992; x_wconf 85' lang='lat' dir='ltr'>circa</span> <span class='ocrx_word' id='word_1_647' title='bbox 615 3958 745 3999; x_wconf 85' lang='lat' dir='ltr'>quaedam</span> <span class='ocrx_word' id='word_1_648' title='bbox 767 3956 851 3987; x_wconf 86' lang='lat' dir='ltr'>ardua</span> <span class='ocrx_word' id='word_1_649' title='bbox 871 3954 999 3993; x_wconf 88' lang='lat' dir='ltr'>Negotia</span> <span class='ocrx_word' id='word_1_650' title='bbox 1017 3953 1112 3984; x_wconf 86' lang='lat' dir='ltr'>nostra</span> <span class='ocrx_word' id='word_1_651' title='bbox 1124 3952 1160 3984; x_wconf 92' lang='lat' dir='ltr'>de</span> <span class='ocrx_word' id='word_1_652' title='bbox 1178 3951 1266 3983; x_wconf 89' lang='lat' dir='ltr'>Man-</span> 
     </span>
     <span class='ocr_line' id='line_1_84' title="bbox 199 3992 1264 4043; baseline -0.006 -15"><span class='ocrx_word' id='word_1_653' title='bbox 199 3996 268 4028; x_wconf 84' lang='lat' dir='ltr'>dato</span> <span class='ocrx_word' id='word_1_654' title='bbox 282 3997 382 4043; x_wconf 81' lang='lat' dir='ltr'>nostro</span> <span class='ocrx_word' id='word_1_655' title='bbox 395 4000 461 4032; x_wconf 89' lang='lat' dir='ltr'>alibi</span> <span class='ocrx_word' id='word_1_656' title='bbox 478 3999 626 4032; x_wconf 89' lang='lat' dir='ltr'>intendunt</span> <span class='ocrx_word' id='word_1_657' title='bbox 639 4021 651 4039; x_wconf 84' lang='lat'>,</span> <span class='ocrx_word' id='word_1_658' title='bbox 675 4006 724 4036; x_wconf 87' lang='lat' dir='ltr'>per</span> <span class='ocrx_word' id='word_1_659' title='bbox 739 3994 819 4035; x_wconf 88' lang='lat' dir='ltr'>quod</span> <span class='ocrx_word' id='word_1_660' title='bbox 839 3996 870 4025; x_wconf 87' lang='lat' dir='ltr'>in</span> <span class='ocrx_word' id='word_1_661' title='bbox 889 3992 1028 4024; x_wconf 79' lang='lat' dir='ltr'>March&#39;iis</span> <span class='ocrx_word' id='word_1_662' title='bbox 1051 3992 1102 4022; x_wconf 86' lang='lat' dir='ltr'>illis</span> <span class='ocrx_word' id='word_1_663' title='bbox 1126 3992 1264 4023; x_wconf 73' lang='lat' dir='ltr'>continue</span> 
     </span>
     <span class='ocr_line' id='line_1_85' title="bbox 198 4039 1252 4077; baseline -0.005 -8"><span class='ocrx_word' id='word_1_664' title='bbox 198 4046 303 4069; x_wconf 89' lang='lat' dir='ltr'>morari</span> <span class='ocrx_word' id='word_1_665' title='bbox 315 4047 375 4068; x_wconf 88' lang='lat' dir='ltr'>non</span> <span class='ocrx_word' id='word_1_666' title='bbox 391 4039 519 4077; x_wconf 88' lang='lat' dir='ltr'>possunt.</span> <span class='ocrx_word' id='word_1_667' title='bbox 1086 4069 1091 4075; x_wconf 51' lang='grc'><strong><em>,</em></strong></span> <span class='ocrx_word' id='word_1_668' title='bbox 1247 4068 1252 4073; x_wconf 48' lang='grc'><strong>,</strong></span> 
     </span>
    </p>

    <p class='ocr_par' dir='ltr' id='par_1_40' title="bbox 236 4065 1269 4115">
     <span class='ocr_line' id='line_1_86' title="bbox 236 4065 1269 4115; baseline -0.004 -5"><span class='ocrx_word' id='word_1_669' title='bbox 236 4073 292 4114; x_wconf 67' lang='lat' dir='ltr'>Per</span> <span class='ocrx_word' id='word_1_670' title='bbox 309 4075 416 4111; x_wconf 83' lang='lat' dir='ltr'>Literas</span> <span class='ocrx_word' id='word_1_671' title='bbox 428 4078 487 4111; x_wconf 83' lang='lat' dir='ltr'>suas</span> <span class='ocrx_word' id='word_1_672' title='bbox 499 4077 628 4112; x_wconf 85' lang='lat' dir='ltr'>Patentes</span> <span class='ocrx_word' id='word_1_673' title='bbox 641 4073 831 4115; x_wconf 82' lang='lat' dir='ltr'>deputaverint</span> <span class='ocrx_word' id='word_1_674' title='bbox 846 4080 900 4105; x_wconf 76' lang='lat' dir='ltr'>vos</span> <span class='ocrx_word' id='word_1_675' title='bbox 913 4092 924 4111; x_wconf 88' lang='lat'>,</span> <span class='ocrx_word' id='word_1_676' title='bbox 947 4068 1126 4109; x_wconf 62' lang='lat' dir='ltr'>coniunfflm</span> <span class='ocrx_word' id='word_1_677' title='bbox 1139 4090 1149 4106; x_wconf 69' lang='grc' dir='ltr'><strong>ι</strong></span> <span class='ocrx_word' id='word_1_678' title='bbox 1173 4068 1208 4102; x_wconf 84' lang='lat'>&amp;</span> <span class='ocrx_word' id='word_1_679' title='bbox 1223 4065 1269 4100; x_wconf 58' lang='lat' dir='ltr'>dl*</span> 
     </span>
    </p>
   </div>
   <div class='ocr_carea' id='block_1_23' title="bbox 1252 151 1727 202">
    <p class='ocr_par' dir='ltr' id='par_1_41' title="bbox 1252 151 1727 202">
     <span class='ocr_line' id='line_1_87' title="bbox 1252 151 1727 202; baseline -0.002 0"><span class='ocrx_word' id='word_1_680' title='bbox 1252 151 1727 202; x_wconf 78' lang='lat' dir='ltr'>PUBLICA.</span> 
     </span>
    </p>
   </div>
   <div class='ocr_carea' id='block_1_24' title="bbox 2257 148 2343 205">
    <p class='ocr_par' dir='ltr' id='par_1_42' title="bbox 2257 148 2343 205">
     <span class='ocr_line' id='line_1_88' title="bbox 2257 148 2343 205; baseline -0.012 -8"><span class='ocrx_word' id='word_1_681' title='bbox 2257 149 2281 197; x_wconf 69' lang='lat'>⁷1</span> <span class='ocrx_word' id='word_1_682' title='bbox 2292 148 2343 205; x_wconf 34' lang='lat'>{359</span> 
     </span>
    </p>
   </div>
   <div class='ocr_carea' id='block_1_25' title="bbox 1266 243 2491 976">
    <p class='ocr_par' dir='ltr' id='par_1_43' title="bbox 1266 243 2491 519">
     <span class='ocr_line' id='line_1_89' title="bbox 1266 243 2480 290; baseline -0.005 -12"><span class='ocrx_word' id='word_1_683' title='bbox 1266 247 1363 284; x_wconf 82' lang='lat' dir='ltr'>visim,</span> <span class='ocrx_word' id='word_1_684' title='bbox 1383 246 1417 290; x_wconf 86' lang='lat' dir='ltr'>ad</span> <span class='ocrx_word' id='word_1_685' title='bbox 1429 247 1527 277; x_wconf 86' lang='lat' dir='ltr'>omnia</span> <span class='ocrx_word' id='word_1_686' title='bbox 1541 246 1573 277; x_wconf 90' lang='lat'>&amp;</span> <span class='ocrx_word' id='word_1_687' title='bbox 1586 247 1692 283; x_wconf 73' lang='lat' dir='ltr'>singula</span> <span class='ocrx_word' id='word_1_688' title='bbox 1708 246 1862 284; x_wconf 73' lang='lat' dir='ltr'>praemissa,</span> <span class='ocrx_word' id='word_1_689' title='bbox 1881 246 1965 276; x_wconf 87' lang='lat' dir='ltr'>Loco</span> <span class='ocrx_word' id='word_1_690' title='bbox 1986 245 2109 283; x_wconf 88' lang='lat' dir='ltr'>ipsorum</span> <span class='ocrx_word' id='word_1_691' title='bbox 2125 268 2135 284; x_wconf 90' lang='lat'>,</span> <span class='ocrx_word' id='word_1_692' title='bbox 2160 243 2284 274; x_wconf 84' lang='lat' dir='ltr'>Comitis</span> <span class='ocrx_word' id='word_1_693' title='bbox 2300 243 2333 273; x_wconf 67' lang='lat' dir='ltr'>sc</span> <span class='ocrx_word' id='word_1_694' title='bbox 2361 253 2436 284; x_wconf 44' lang='lat' dir='ltr'>Am,</span> <span class='ocrx_word' id='word_1_695' title='bbox 2450 252 2480 283; x_wconf 75' lang='lat' dir='ltr'>D</span> 
     </span>
     <span class='ocr_line' id='line_1_90' title="bbox 1268 278 2491 330; baseline -0.007 -13"><span class='ocrx_word' id='word_1_696' title='bbox 1268 286 1430 323; x_wconf 83' lang='lat' dir='ltr'>Radulplii,</span> <span class='ocrx_word' id='word_1_697' title='bbox 1448 287 1574 324; x_wconf 88' lang='lat' dir='ltr'>quotiens</span> <span class='ocrx_word' id='word_1_698' title='bbox 1586 286 1708 317; x_wconf 75' lang='lat' dir='ltr'>absentes</span> <span class='ocrx_word' id='word_1_699' title='bbox 1730 286 1855 322; x_wconf 82' lang='lat' dir='ltr'>fuerint,</span> <span class='ocrx_word' id='word_1_700' title='bbox 1883 286 2045 315; x_wconf 69' lang='lat' dir='ltr'>faciendum</span> <span class='ocrx_word' id='word_1_701' title='bbox 2069 286 2101 315; x_wconf 74' lang='grc' dir='ltr'>δε</span> <span class='ocrx_word' id='word_1_702' title='bbox 2121 283 2335 320; x_wconf 73' lang='lat' dir='ltr'>exequendum,</span> <span class='ocrx_word' id='word_1_703' title='bbox 2389 278 2491 330; x_wconf 40' lang='lat'>359⁰</span> 
     </span>
     <span class='ocr_line' id='line_1_91' title="bbox 1266 313 2472 363; baseline -0.005 -7"><span class='ocrx_word' id='word_1_704' title='bbox 1266 326 1299 356; x_wconf 90' lang='lat'>&amp;</span> <span class='ocrx_word' id='word_1_705' title='bbox 1315 325 1347 355; x_wconf 88' lang='lat' dir='ltr'>ad</span> <span class='ocrx_word' id='word_1_706' title='bbox 1361 325 1565 363; x_wconf 89' lang='lat' dir='ltr'>Delinquentes</span> <span class='ocrx_word' id='word_1_707' title='bbox 1582 333 1679 356; x_wconf 85' lang='lat' dir='ltr'>contra</span> <span class='ocrx_word' id='word_1_708' title='bbox 1691 324 1815 355; x_wconf 88' lang='lat' dir='ltr'>formam</span> <span class='ocrx_word' id='word_1_709' title='bbox 1829 324 2010 360; x_wconf 85' lang='lat' dir='ltr'>Treugarum</span> <span class='ocrx_word' id='word_1_710' title='bbox 2026 322 2221 360; x_wconf 55' lang='lat' dir='ltr'>praedictarum</span> <span class='ocrx_word' id='word_1_711' title='bbox 2243 320 2339 350; x_wconf 76' lang='lat' dir='ltr'>debite</span> <span class='ocrx_word' id='word_1_712' title='bbox 2362 313 2456 360; x_wconf 40' lang='lat' dir='ltr'>mid-2·</span> <span class='ocrx_word' id='word_1_713' title='bbox 2469 353 2472 356; x_wconf 65' lang='grc'><em>,</em></span> 
     </span>
     <span class='ocr_line' id='line_1_92' title="bbox 1267 357 2456 402; baseline -0.007 -8"><span class='ocrx_word' id='word_1_714' title='bbox 1267 363 1442 402; x_wconf 88' lang='lat' dir='ltr'>puniendum</span> <span class='ocrx_word' id='word_1_715' title='bbox 1457 363 1490 393; x_wconf 70' lang='grc' dir='ltr'>ὅτ.</span> <span class='ocrx_word' id='word_1_716' title='bbox 1505 362 1718 402; x_wconf 85' lang='lat' dir='ltr'>castigandum,</span> <span class='ocrx_word' id='word_1_717' title='bbox 1739 364 1772 394; x_wconf 91' lang='lat'>&amp;</span> <span class='ocrx_word' id='word_1_718' title='bbox 1796 361 2042 400; x_wconf 81' lang='lat' dir='ltr'>Conquerentibus</span> <span class='ocrx_word' id='word_1_719' title='bbox 2064 361 2175 398; x_wconf 81' lang='lat' dir='ltr'>plenam</span> <span class='ocrx_word' id='word_1_720' title='bbox 2187 359 2338 397; x_wconf 71' lang='lat' dir='ltr'>justitiam,</span> <span class='ocrx_word' id='word_1_721' title='bbox 2445 357 2456 367; x_wconf 75' lang='lat'><em>⁴</em></span> 
     </span>
     <span class='ocr_line' id='line_1_93' title="bbox 1267 396 2337 446; baseline -0.006 -14"><span class='ocrx_word' id='word_1_722' title='bbox 1267 401 1421 446; x_wconf 79' lang='lat' dir='ltr'>secundum</span> <span class='ocrx_word' id='word_1_723' title='bbox 1447 400 1572 432; x_wconf 83' lang='lat' dir='ltr'>formam</span> <span class='ocrx_word' id='word_1_724' title='bbox 1590 403 1771 438; x_wconf 85' lang='lat' dir='ltr'>Treugarum</span> <span class='ocrx_word' id='word_1_725' title='bbox 1800 400 1963 432; x_wconf 86' lang='lat' dir='ltr'>earumdem</span> <span class='ocrx_word' id='word_1_726' title='bbox 1986 401 2018 431; x_wconf 75' lang='grc' dir='ltr'>δε</span> <span class='ocrx_word' id='word_1_727' title='bbox 2044 400 2153 438; x_wconf 85' lang='lat' dir='ltr'>Legem</span> <span class='ocrx_word' id='word_1_728' title='bbox 2177 396 2337 434; x_wconf 62' lang='lat' dir='ltr'>Marchiae,</span> 
     </span>
     <span class='ocr_line' id='line_1_94' title="bbox 1269 435 2336 478; baseline -0.005 -6"><span class='ocrx_word' id='word_1_729' title='bbox 1269 440 1481 477; x_wconf 84' lang='lat' dir='ltr'>exhibendum,</span> <span class='ocrx_word' id='word_1_730' title='bbox 1500 442 1622 476; x_wconf 83' lang='lat' dir='ltr'>proutin</span> <span class='ocrx_word' id='word_1_731' title='bbox 1636 440 1776 478; x_wconf 62' lang='lat' dir='ltr'>praedietis</span> <span class='ocrx_word' id='word_1_732' title='bbox 1796 440 1897 469; x_wconf 85' lang='lat' dir='ltr'>Literis</span> <span class='ocrx_word' id='word_1_733' title='bbox 1918 438 2059 476; x_wconf 88' lang='lat' dir='ltr'>ipsorum,</span> <span class='ocrx_word' id='word_1_734' title='bbox 2079 437 2205 468; x_wconf 84' lang='lat' dir='ltr'>Comitis</span> <span class='ocrx_word' id='word_1_735' title='bbox 2218 435 2251 468; x_wconf 60' lang='grc' dir='ltr'><strong>ἃ</strong></span> <span class='ocrx_word' id='word_1_736' title='bbox 2274 435 2336 467; x_wconf 81' lang='lat' dir='ltr'>Ra-</span> 
     </span>
     <span class='ocr_line' id='line_1_95' title="bbox 1270 478 2280 519; baseline -0.004 -9"><span class='ocrx_word' id='word_1_737' title='bbox 1270 479 1387 516; x_wconf 83' lang='lat' dir='ltr'>dulplii,</span> <span class='ocrx_word' id='word_1_738' title='bbox 1404 478 1528 519; x_wconf 78' lang='lat' dir='ltr'>plenius,</span> <span class='ocrx_word' id='word_1_739' title='bbox 1549 488 1577 509; x_wconf 90' lang='lat' dir='ltr'>ut</span> <span class='ocrx_word' id='word_1_740' title='bbox 1591 479 1770 517; x_wconf 71' lang='lat' dir='ltr'>praedicitur,</span> <span class='ocrx_word' id='word_1_741' title='bbox 1789 479 1965 515; x_wconf 87' lang='lat' dir='ltr'>continetur,</span> <span class='ocrx_word' id='word_1_742' title='bbox 2184 504 2187 513; x_wconf 14' lang='grc' dir='ltr'>,Ἰ</span> <span class='ocrx_word' id='word_1_743' title='bbox 2277 490 2280 494; x_wconf 61' lang='lat'><em>&lt;</em></span> 
     </span>
    </p>

    <p class='ocr_par' dir='ltr' id='par_1_44' title="bbox 1269 507 2339 898">
     <span class='ocr_line' id='line_1_96' title="bbox 1307 507 2336 559; baseline -0.005 -12"><span class='ocrx_word' id='word_1_744' title='bbox 1307 518 1398 547; x_wconf 73' lang='lat' dir='ltr'>Vobis</span> <span class='ocrx_word' id='word_1_745' title='bbox 1417 517 1580 559; x_wconf 74' lang='lat' dir='ltr'>mandamus</span> <span class='ocrx_word' id='word_1_746' title='bbox 1595 540 1604 555; x_wconf 83' lang='lat'>,</span> <span class='ocrx_word' id='word_1_747' title='bbox 1627 516 1740 546; x_wconf 86' lang='lat' dir='ltr'>firmiter</span> <span class='ocrx_word' id='word_1_748' title='bbox 1761 518 1938 554; x_wconf 82' lang='lat' dir='ltr'>injungentes</span> <span class='ocrx_word' id='word_1_749' title='bbox 1952 538 1962 554; x_wconf 91' lang='lat'>,</span> <span class='ocrx_word' id='word_1_750' title='bbox 1985 513 2065 553; x_wconf 83' lang='lat' dir='ltr'>quod</span> <span class='ocrx_word' id='word_1_751' title='bbox 2087 515 2164 545; x_wconf 88' lang='lat' dir='ltr'>circa</span> <span class='ocrx_word' id='word_1_752' title='bbox 2193 507 2336 554; x_wconf 72' lang='lat' dir='ltr'>praemissa</span> 
     </span>
     <span class='ocr_line' id='line_1_97' title="bbox 1270 547 2335 594; baseline -0.006 -8"><span class='ocrx_word' id='word_1_753' title='bbox 1270 557 1367 586; x_wconf 79' lang='lat' dir='ltr'>omnia</span> <span class='ocrx_word' id='word_1_754' title='bbox 1384 557 1417 587; x_wconf 73' lang='lat' dir='ltr'>Sc</span> <span class='ocrx_word' id='word_1_755' title='bbox 1432 555 1550 594; x_wconf 76' lang='lat' dir='ltr'>singula,</span> <span class='ocrx_word' id='word_1_756' title='bbox 1571 556 1638 585; x_wconf 92' lang='lat' dir='ltr'>loco</span> <span class='ocrx_word' id='word_1_757' title='bbox 1654 555 1795 593; x_wconf 85' lang='lat' dir='ltr'>ipsorum,</span> <span class='ocrx_word' id='word_1_758' title='bbox 1815 555 1940 585; x_wconf 88' lang='lat' dir='ltr'>Comitis</span> <span class='ocrx_word' id='word_1_759' title='bbox 1957 555 1990 584; x_wconf 76' lang='grc' dir='ltr'>δε</span> <span class='ocrx_word' id='word_1_760' title='bbox 2012 552 2155 590; x_wconf 84' lang='lat' dir='ltr'>Radulplii</span> <span class='ocrx_word' id='word_1_761' title='bbox 2171 574 2180 589; x_wconf 92' lang='lat'>,</span> <span class='ocrx_word' id='word_1_762' title='bbox 2206 547 2335 590; x_wconf 77' lang='lat' dir='ltr'>quotiens</span> 
     </span>
     <span class='ocr_line' id='line_1_98' title="bbox 1271 589 2337 637; baseline -0.006 -13"><span class='ocrx_word' id='word_1_763' title='bbox 1271 595 1303 637; x_wconf 65' lang='grc' dir='ltr'>ᾅε</span> <span class='ocrx_word' id='word_1_764' title='bbox 1324 593 1438 633; x_wconf 88' lang='lat' dir='ltr'>quando</span> <span class='ocrx_word' id='word_1_765' title='bbox 1457 593 1580 623; x_wconf 81' lang='lat' dir='ltr'>absentes</span> <span class='ocrx_word' id='word_1_766' title='bbox 1602 593 1703 623; x_wconf 89' lang='lat' dir='ltr'>fuerint</span> <span class='ocrx_word' id='word_1_767' title='bbox 1718 614 1728 630; x_wconf 89' lang='lat'>,</span> <span class='ocrx_word' id='word_1_768' title='bbox 1751 594 1896 624; x_wconf 84' lang='lat' dir='ltr'>intendatis</span> <span class='ocrx_word' id='word_1_769' title='bbox 1911 616 1920 631; x_wconf 96' lang='lat'>,</span> <span class='ocrx_word' id='word_1_770' title='bbox 1947 593 1981 623; x_wconf 87' lang='lat'>&amp;</span> <span class='ocrx_word' id='word_1_771' title='bbox 1998 592 2132 630; x_wconf 86' lang='lat' dir='ltr'>Qicrelas</span> <span class='ocrx_word' id='word_1_772' title='bbox 2146 592 2278 620; x_wconf 88' lang='lat' dir='ltr'>omnium</span> <span class='ocrx_word' id='word_1_773' title='bbox 2296 589 2337 620; x_wconf 16' lang='lat' dir='ltr'>A&amp;</span> 
     </span>
     <span class='ocr_line' id='line_1_99' title="bbox 1272 630 2339 676; baseline -0.004 -14"><span class='ocrx_word' id='word_1_774' title='bbox 1272 633 1443 676; x_wconf 67' lang='lat' dir='ltr'>singulorum</span> <span class='ocrx_word' id='word_1_775' title='bbox 1454 655 1463 670; x_wconf 90' lang='lat'>,</span> <span class='ocrx_word' id='word_1_776' title='bbox 1481 642 1577 662; x_wconf 84' lang='lat' dir='ltr'>coram</span> <span class='ocrx_word' id='word_1_777' title='bbox 1593 632 1692 669; x_wconf 82' lang='lat' dir='ltr'>vobis,</span> <span class='ocrx_word' id='word_1_778' title='bbox 1711 632 1789 668; x_wconf 81' lang='lat' dir='ltr'>super</span> <span class='ocrx_word' id='word_1_779' title='bbox 1805 632 1983 668; x_wconf 77' lang='lat' dir='ltr'>Atteniptatis</span> <span class='ocrx_word' id='word_1_780' title='bbox 1999 639 2098 661; x_wconf 86' lang='lat' dir='ltr'>contra</span> <span class='ocrx_word' id='word_1_781' title='bbox 2118 630 2248 665; x_wconf 80' lang='lat' dir='ltr'>Treugas</span> <span class='ocrx_word' id='word_1_782' title='bbox 2265 638 2339 665; x_wconf 84' lang='lat' dir='ltr'>prae-</span> 
     </span>
     <span class='ocr_line' id='line_1_100' title="bbox 1270 667 2336 713; baseline -0.004 -13"><span class='ocrx_word' id='word_1_783' title='bbox 1270 670 1375 713; x_wconf 65' lang='lat' dir='ltr'>dietis,</span> <span class='ocrx_word' id='word_1_784' title='bbox 1394 671 1531 708; x_wconf 80' lang='lat' dir='ltr'>conqueri</span> <span class='ocrx_word' id='word_1_785' title='bbox 1546 670 1720 706; x_wconf 83' lang='lat' dir='ltr'>volentium,</span> <span class='ocrx_word' id='word_1_786' title='bbox 1740 669 1868 706; x_wconf 80' lang='lat' dir='ltr'>audiatis,</span> <span class='ocrx_word' id='word_1_787' title='bbox 1886 671 1917 700; x_wconf 76' lang='grc' dir='ltr'>ὃ(</span> <span class='ocrx_word' id='word_1_788' title='bbox 1934 668 2179 706; x_wconf 67' lang='lat' dir='ltr'>conquerentibus</span> <span class='ocrx_word' id='word_1_789' title='bbox 2190 667 2336 705; x_wconf 80' lang='lat' dir='ltr'>hujusmo-</span> 
     </span>
     <span class='ocr_line' id='line_1_101' title="bbox 1269 706 2333 747; baseline -0.004 -9"><span class='ocrx_word' id='word_1_790' title='bbox 1269 708 1297 738; x_wconf 92' lang='lat' dir='ltr'>di</span> <span class='ocrx_word' id='word_1_791' title='bbox 1313 709 1422 746; x_wconf 80' lang='lat' dir='ltr'>plenam</span> <span class='ocrx_word' id='word_1_792' title='bbox 1432 708 1571 747; x_wconf 76' lang='lat' dir='ltr'>justitiam</span> <span class='ocrx_word' id='word_1_793' title='bbox 1587 707 1645 738; x_wconf 81' lang='lat' dir='ltr'>fieri</span> <span class='ocrx_word' id='word_1_794' title='bbox 1663 707 1787 745; x_wconf 61' lang='lat' dir='ltr'>faciatis,</span> <span class='ocrx_word' id='word_1_795' title='bbox 1812 717 1894 744; x_wconf 86' lang='lat' dir='ltr'>prout</span> <span class='ocrx_word' id='word_1_796' title='bbox 1917 707 2069 738; x_wconf 81' lang='lat' dir='ltr'>secundum</span> <span class='ocrx_word' id='word_1_797' title='bbox 2091 707 2216 737; x_wconf 83' lang='lat' dir='ltr'>formam</span> <span class='ocrx_word' id='word_1_798' title='bbox 2235 706 2333 741; x_wconf 79' lang='lat' dir='ltr'>Treu-=</span> 
     </span>
     <span class='ocr_line' id='line_1_102' title="bbox 1270 743 2334 785; baseline -0.004 -9"><span class='ocrx_word' id='word_1_799' title='bbox 1270 756 1367 785; x_wconf 78' lang='lat' dir='ltr'>garum</span> <span class='ocrx_word' id='word_1_800' title='bbox 1381 747 1579 784; x_wconf 59' lang='lat' dir='ltr'>praedieiarum</span> <span class='ocrx_word' id='word_1_801' title='bbox 1590 769 1599 783; x_wconf 80' lang='lat'>,</span> <span class='ocrx_word' id='word_1_802' title='bbox 1617 747 1650 777; x_wconf 69' lang='grc' dir='ltr'>ὅ(</span> <span class='ocrx_word' id='word_1_803' title='bbox 1667 745 1775 779; x_wconf 50' lang='lat' dir='ltr'>Legem</span> <span class='ocrx_word' id='word_1_804' title='bbox 1790 743 1947 784; x_wconf 72' lang='lat' dir='ltr'>Marcbioe,</span> <span class='ocrx_word' id='word_1_805' title='bbox 1965 756 1997 776; x_wconf 78' lang='lat' dir='ltr'>ac</span> <span class='ocrx_word' id='word_1_806' title='bbox 2012 747 2073 776; x_wconf 89' lang='lat' dir='ltr'>vim</span> <span class='ocrx_word' id='word_1_807' title='bbox 2091 746 2123 775; x_wconf 89' lang='lat'>&amp;</span> <span class='ocrx_word' id='word_1_808' title='bbox 2136 744 2275 775; x_wconf 63' lang='lat' dir='ltr'>effectum</span> <span class='ocrx_word' id='word_1_809' title='bbox 2284 743 2334 773; x_wconf 70' lang='lat' dir='ltr'>Li‹</span> 
     </span>
     <span class='ocr_line' id='line_1_103' title="bbox 1269 782 2333 823; baseline -0.003 -9"><span class='ocrx_word' id='word_1_810' title='bbox 1269 793 1390 814; x_wconf 77' lang='lat' dir='ltr'>terarum</span> <span class='ocrx_word' id='word_1_811' title='bbox 1406 785 1546 821; x_wconf 89' lang='lat' dir='ltr'>ipsorum,</span> <span class='ocrx_word' id='word_1_812' title='bbox 1564 783 1686 814; x_wconf 81' lang='lat' dir='ltr'>Comitis</span> <span class='ocrx_word' id='word_1_813' title='bbox 1707 785 1739 814; x_wconf 69' lang='grc' dir='ltr'>δε</span> <span class='ocrx_word' id='word_1_814' title='bbox 1760 784 1903 823; x_wconf 80' lang='lat' dir='ltr'>Radulplii</span> <span class='ocrx_word' id='word_1_815' title='bbox 1919 806 1928 821; x_wconf 89' lang='lat'>,</span> <span class='ocrx_word' id='word_1_816' title='bbox 1952 785 2034 814; x_wconf 84' lang='lat' dir='ltr'>vobis</span> <span class='ocrx_word' id='word_1_817' title='bbox 2056 784 2123 814; x_wconf 83' lang='lat' dir='ltr'>inde</span> <span class='ocrx_word' id='word_1_818' title='bbox 2142 782 2333 820; x_wconf 61' lang='lat' dir='ltr'>daccharum&#39;,</span> 
     </span>
     <span class='ocr_line' id='line_1_104' title="bbox 1270 820 2334 866; baseline 0 -15"><span class='ocrx_word' id='word_1_819' title='bbox 1270 822 1332 852; x_wconf 88' lang='lat' dir='ltr'>fore</span> <span class='ocrx_word' id='word_1_820' title='bbox 1348 822 1470 866; x_wconf 81' lang='lat' dir='ltr'>videritis</span> <span class='ocrx_word' id='word_1_821' title='bbox 1484 821 1664 860; x_wconf 88' lang='lat' dir='ltr'>faciendum,</span> <span class='ocrx_word' id='word_1_822' title='bbox 1682 824 1718 853; x_wconf 91' lang='lat' dir='ltr'>ita</span> <span class='ocrx_word' id='word_1_823' title='bbox 1729 822 1838 860; x_wconf 85' lang='lat' dir='ltr'>semper</span> <span class='ocrx_word' id='word_1_824' title='bbox 1852 822 1932 860; x_wconf 71' lang='lat' dir='ltr'>qubd</span> <span class='ocrx_word' id='word_1_825' title='bbox 1947 823 2031 853; x_wconf 68' lang='lat' dir='ltr'>dictae</span> <span class='ocrx_word' id='word_1_826' title='bbox 2048 823 2178 859; x_wconf 84' lang='lat' dir='ltr'>Treugae</span> <span class='ocrx_word' id='word_1_827' title='bbox 2197 822 2228 851; x_wconf 89' lang='lat' dir='ltr'>in</span> <span class='ocrx_word' id='word_1_828' title='bbox 2239 820 2334 859; x_wconf 88' lang='lat' dir='ltr'>aliquo</span> 
     </span>
     <span class='ocr_line' id='line_1_105' title="bbox 1272 860 2322 898; baseline 0.001 -8"><span class='ocrx_word' id='word_1_829' title='bbox 1272 871 1331 890; x_wconf 90' lang='lat' dir='ltr'>non</span> <span class='ocrx_word' id='word_1_830' title='bbox 1349 860 1490 891; x_wconf 87' lang='lat' dir='ltr'>violentur</span> <span class='ocrx_word' id='word_1_831' title='bbox 1504 861 1534 889; x_wconf 89' lang='lat' dir='ltr'>in</span> <span class='ocrx_word' id='word_1_832' title='bbox 1551 860 1603 890; x_wconf 84' lang='lat' dir='ltr'>hac</span> <span class='ocrx_word' id='word_1_833' title='bbox 1620 869 1704 898; x_wconf 86' lang='lat' dir='ltr'>parte.</span> <span class='ocrx_word' id='word_1_834' title='bbox 2203 888 2205 891; x_wconf 95' lang='lat'>.</span> <span class='ocrx_word' id='word_1_835' title='bbox 2279 887 2282 892; x_wconf 79' lang='grc'>,</span> <span class='ocrx_word' id='word_1_836' title='bbox 2318 875 2322 885; x_wconf 82' lang='lat'><em>=</em></span> 
     </span>
    </p>

    <p class='ocr_par' dir='ltr' id='par_1_45' title="bbox 1271 892 2336 976">
     <span class='ocr_line' id='line_1_106' title="bbox 1307 892 2336 938; baseline -0.002 -9"><span class='ocrx_word' id='word_1_837' title='bbox 1307 899 1396 929; x_wconf 85' lang='lat' dir='ltr'>Teste</span> <span class='ocrx_word' id='word_1_838' title='bbox 1415 898 1549 936; x_wconf 67' lang='lat' dir='ltr'>Thomfi,</span> <span class='ocrx_word' id='word_1_839' title='bbox 1569 899 1642 929; x_wconf 88' lang='lat' dir='ltr'>Filio</span> <span class='ocrx_word' id='word_1_840' title='bbox 1663 898 1754 936; x_wconf 81' lang='lat' dir='ltr'>Regis</span> <span class='ocrx_word' id='word_1_841' title='bbox 1769 898 1911 930; x_wconf 85' lang='lat' dir='ltr'>carisfimo</span> <span class='ocrx_word' id='word_1_842' title='bbox 1925 922 1934 938; x_wconf 96' lang='lat'>,</span> <span class='ocrx_word' id='word_1_843' title='bbox 1959 898 2087 931; x_wconf 88' lang='lat' dir='ltr'>Custode</span> <span class='ocrx_word' id='word_1_844' title='bbox 2102 897 2235 937; x_wconf 80' lang='lat' dir='ltr'>Angliae,</span> <span class='ocrx_word' id='word_1_845' title='bbox 2261 892 2336 934; x_wconf 74' lang='lat' dir='ltr'>apud</span> 
     </span>
     <span class='ocr_line' id='line_1_107' title="bbox 1271 937 1902 976; baseline 0 -8"><span class='ocrx_word' id='word_1_846' title='bbox 1271 937 1438 970; x_wconf 83' lang='lat' dir='ltr'>Wodestok</span> <span class='ocrx_word' id='word_1_847' title='bbox 1446 961 1456 976; x_wconf 84' lang='lat'>,</span> <span class='ocrx_word' id='word_1_848' title='bbox 1474 937 1650 969; x_wconf 87' lang='lat' dir='ltr'>duodecimo</span> <span class='ocrx_word' id='word_1_849' title='bbox 1662 938 1707 969; x_wconf 88' lang='lat' dir='ltr'>die</span> <span class='ocrx_word' id='word_1_850' title='bbox 1720 937 1902 969; x_wconf 88' lang='lat' dir='ltr'>Novembris.</span> 
     </span>
    </p>
   </div>
   <div class='ocr_carea' id='block_1_26' title="bbox 2012 1012 2237 1045">
    <p class='ocr_par' dir='ltr' id='par_1_46' title="bbox 2012 1012 2237 1045">
     <span class='ocr_line' id='line_1_108' title="bbox 2012 1012 2237 1045; baseline -0.013 0"><span class='ocrx_word' id='word_1_851' title='bbox 2012 1017 2066 1045; x_wconf 81' lang='lat' dir='ltr'>Per</span> <span class='ocrx_word' id='word_1_852' title='bbox 2083 1012 2237 1044; x_wconf 63' lang='lat' dir='ltr'>Concilium</span> 
     </span>
    </p>
   </div>
   <div class='ocr_carea' id='block_1_27' title="bbox 1286 1094 1808 1100">
    <p class='ocr_par' dir='ltr' id='par_1_47' title="bbox 1286 1094 1808 1100">
     <span class='ocr_line' id='line_1_109' title="bbox 1286 1094 1808 1100; baseline 0 0"><span class='ocrx_word' id='word_1_853' title='bbox 1286 1094 1808 1100; x_wconf 95' lang='lat' dir='ltr'> </span> 
     </span>
    </p>
   </div>
   <div class='ocr_carea' id='block_1_28' title="bbox 1391 1140 2217 1188">
    <p class='ocr_par' dir='ltr' id='par_1_48' title="bbox 1391 1140 2217 1188">
     <span class='ocr_line' id='line_1_110' title="bbox 1391 1140 2217 1188; baseline -0.004 -10"><span class='ocrx_word' id='word_1_854' title='bbox 1391 1146 1500 1188; x_wconf 80' lang='lat' dir='ltr'>Bulla,</span> <span class='ocrx_word' id='word_1_855' title='bbox 1523 1143 1568 1177; x_wconf 87' lang='lat' dir='ltr'>ad</span> <span class='ocrx_word' id='word_1_856' title='bbox 1586 1147 1694 1178; x_wconf 81' lang='lat' dir='ltr'>Pacem</span> <span class='ocrx_word' id='word_1_857' title='bbox 1714 1141 1900 1184; x_wconf 76' lang='lat' dir='ltr'>hortatoria,</span> <span class='ocrx_word' id='word_1_858' title='bbox 1926 1144 1962 1179; x_wconf 55' lang='lat'>&lt;45-</span> <span class='ocrx_word' id='word_1_859' title='bbox 1986 1140 2022 1174; x_wconf 80' lang='lat' dir='ltr'>de</span> <span class='ocrx_word' id='word_1_860' title='bbox 2047 1141 2217 1176; x_wconf 79' lang='lat' dir='ltr'>Credemia.</span> 
     </span>
    </p>
   </div>
   <div class='ocr_carea' id='block_1_29' title="bbox 1271 1201 2497 3940">
    <p class='ocr_par' dir='ltr' id='par_1_49' title="bbox 1276 1201 2497 1340">
     <span class='ocr_line' id='line_1_111' title="bbox 1276 1201 2497 1285; baseline -0.007 -23"><span class='ocrx_word' id='word_1_861' title='bbox 1276 1231 1487 1285; x_wconf 81' lang='lat' dir='ltr'>INnocentius</span> <span class='ocrx_word' id='word_1_862' title='bbox 1504 1231 1676 1269; x_wconf 79' lang='lat' dir='ltr'>Episcopus,</span> <span class='ocrx_word' id='word_1_863' title='bbox 1693 1229 1794 1260; x_wconf 76' lang='lat' dir='ltr'>Servus</span> <span class='ocrx_word' id='word_1_864' title='bbox 1808 1229 1962 1260; x_wconf 89' lang='lat' dir='ltr'>Servorum</span> <span class='ocrx_word' id='word_1_865' title='bbox 1977 1228 2052 1265; x_wconf 88' lang='lat' dir='ltr'>Dei,</span> <span class='ocrx_word' id='word_1_866' title='bbox 2070 1227 2213 1259; x_wconf 82' lang='lat' dir='ltr'>carissimo</span> <span class='ocrx_word' id='word_1_867' title='bbox 2222 1227 2250 1256; x_wconf 92' lang='lat' dir='ltr'>in</span> <span class='ocrx_word' id='word_1_868' title='bbox 2257 1224 2343 1256; x_wconf 88' lang='lat' dir='ltr'>Chri·</span> <span class='ocrx_word' id='word_1_869' title='bbox 2366 1201 2497 1258; x_wconf 47' lang='lat' dir='ltr'>Anab„</span> 
     </span>
     <span class='ocr_line' id='line_1_112' title="bbox 1319 1263 2479 1308; baseline -0.004 -9"><span class='ocrx_word' id='word_1_870' title='bbox 1319 1270 1362 1300; x_wconf 86' lang='lat' dir='ltr'>sto</span> <span class='ocrx_word' id='word_1_871' title='bbox 1370 1270 1443 1300; x_wconf 88' lang='lat' dir='ltr'>Filio</span> <span class='ocrx_word' id='word_1_872' title='bbox 1459 1270 1620 1308; x_wconf 84' lang='lat' dir='ltr'>Edwardo,</span> <span class='ocrx_word' id='word_1_873' title='bbox 1636 1270 1716 1307; x_wconf 88' lang='lat' dir='ltr'>Regi</span> <span class='ocrx_word' id='word_1_874' title='bbox 1728 1268 1839 1308; x_wconf 74' lang='lat' dir='ltr'>Angliae</span> <span class='ocrx_word' id='word_1_875' title='bbox 1853 1266 1972 1306; x_wconf 84' lang='lat' dir='ltr'>Illustri,</span> <span class='ocrx_word' id='word_1_876' title='bbox 1992 1267 2116 1298; x_wconf 80' lang='lat' dir='ltr'>Salutem</span> <span class='ocrx_word' id='word_1_877' title='bbox 2137 1268 2170 1299; x_wconf 89' lang='lat'>&amp;</span> <span class='ocrx_word' id='word_1_878' title='bbox 2194 1263 2340 1304; x_wconf 81' lang='lat' dir='ltr'>Apostoli·</span> <span class='ocrx_word' id='word_1_879' title='bbox 2395 1272 2479 1303; x_wconf 83' lang='lat'><em>1359.</em></span> 
     </span>
     <span class='ocr_line' id='line_1_113' title="bbox 1276 1305 2478 1340; baseline -0.009 0"><span class='ocrx_word' id='word_1_880' title='bbox 1276 1320 1341 1340; x_wconf 89' lang='lat' dir='ltr'>cam</span> <span class='ocrx_word' id='word_1_881' title='bbox 1356 1308 1596 1340; x_wconf 56' lang='lat' dir='ltr'>Benedictionem.</span> <span class='ocrx_word' id='word_1_882' title='bbox 2367 1305 2420 1329; x_wconf 83' lang='lat' dir='ltr'>An.</span> <span class='ocrx_word' id='word_1_883' title='bbox 2432 1312 2478 1339; x_wconf 83' lang='lat'>33.</span> 
     </span>
    </p>

    <p class='ocr_par' dir='ltr' id='par_1_50' title="bbox 1271 1339 2475 1501">
     <span class='ocr_line' id='line_1_114' title="bbox 1312 1339 2459 1387; baseline -0.009 -9"><span class='ocrx_word' id='word_1_884' title='bbox 1312 1347 1433 1378; x_wconf 78' lang='lat' dir='ltr'>Dudum</span> <span class='ocrx_word' id='word_1_885' title='bbox 1450 1347 1602 1387; x_wconf 78' lang='lat' dir='ltr'>(carissime</span> <span class='ocrx_word' id='word_1_886' title='bbox 1617 1347 1680 1384; x_wconf 86' lang='lat' dir='ltr'>Fili)</span> <span class='ocrx_word' id='word_1_887' title='bbox 1702 1346 1805 1378; x_wconf 64' lang='lat' dir='ltr'>saneta</span> <span class='ocrx_word' id='word_1_888' title='bbox 1825 1344 1921 1376; x_wconf 84' lang='lat' dir='ltr'>Mater</span> <span class='ocrx_word' id='word_1_889' title='bbox 1935 1344 2078 1383; x_wconf 76' lang='lat' dir='ltr'>Ecclesia,</span> <span class='ocrx_word' id='word_1_890' title='bbox 2097 1342 2205 1381; x_wconf 82' lang='lat' dir='ltr'>Sponsa</span> <span class='ocrx_word' id='word_1_891' title='bbox 2220 1339 2343 1377; x_wconf 86' lang='lat' dir='ltr'>Christi,</span> <span class='ocrx_word' id='word_1_892' title='bbox 2368 1345 2397 1369; x_wconf 82' lang='lat' dir='ltr'>E.</span> <span class='ocrx_word' id='word_1_893' title='bbox 2409 1350 2459 1381; x_wconf 23' lang='lat'>¹3„</span> 
     </span>
     <span class='ocr_line' id='line_1_115' title="bbox 1271 1378 2475 1424; baseline -0.007 -8"><span class='ocrx_word' id='word_1_894' title='bbox 1271 1388 1301 1416; x_wconf 93' lang='lat' dir='ltr'>in</span> <span class='ocrx_word' id='word_1_895' title='bbox 1317 1387 1363 1418; x_wconf 60' lang='lat' dir='ltr'>tufi</span> <span class='ocrx_word' id='word_1_896' title='bbox 1375 1389 1423 1424; x_wconf 70' lang='grc' dir='ltr'>ὃς,</span> <span class='ocrx_word' id='word_1_897' title='bbox 1441 1386 1572 1418; x_wconf 81' lang='lat' dir='ltr'>carissimi</span> <span class='ocrx_word' id='word_1_898' title='bbox 1587 1387 1616 1416; x_wconf 91' lang='lat' dir='ltr'>in</span> <span class='ocrx_word' id='word_1_899' title='bbox 1631 1386 1748 1416; x_wconf 85' lang='lat' dir='ltr'>Christo</span> <span class='ocrx_word' id='word_1_900' title='bbox 1760 1385 1823 1416; x_wconf 86' lang='lat' dir='ltr'>Filii</span> <span class='ocrx_word' id='word_1_901' title='bbox 1838 1384 1943 1422; x_wconf 81' lang='lat' dir='ltr'>nostri,</span> <span class='ocrx_word' id='word_1_902' title='bbox 1962 1384 2093 1421; x_wconf 57' lang='lat' dir='ltr'>,lobannis</span> <span class='ocrx_word' id='word_1_903' title='bbox 2116 1383 2202 1420; x_wconf 81' lang='lat' dir='ltr'>Regis</span> <span class='ocrx_word' id='word_1_904' title='bbox 2218 1381 2344 1411; x_wconf 89' lang='lat' dir='ltr'>Franco·</span> <span class='ocrx_word' id='word_1_905' title='bbox 2364 1383 2405 1406; x_wconf 81' lang='lat' dir='ltr'>Ex</span> <span class='ocrx_word' id='word_1_906' title='bbox 2414 1378 2475 1411; x_wconf 44' lang='lat' dir='ltr'>Aue</span> 
     </span>
     <span class='ocr_line' id='line_1_116' title="bbox 1273 1418 2430 1459; baseline -0.009 -3"><span class='ocrx_word' id='word_1_907' title='bbox 1273 1436 1340 1456; x_wconf 89' lang='lat' dir='ltr'>rum</span> <span class='ocrx_word' id='word_1_908' title='bbox 1356 1425 1469 1456; x_wconf 90' lang='lat' dir='ltr'>Illustris</span> <span class='ocrx_word' id='word_1_909' title='bbox 1482 1425 1660 1456; x_wconf 83' lang='lat' dir='ltr'>Disseniione</span> <span class='ocrx_word' id='word_1_910' title='bbox 1674 1424 1801 1455; x_wconf 84' lang='lat' dir='ltr'>deflenda</span> <span class='ocrx_word' id='word_1_911' title='bbox 1816 1422 1974 1453; x_wconf 73' lang='lat' dir='ltr'>cordialiter</span> <span class='ocrx_word' id='word_1_912' title='bbox 1988 1421 2194 1459; x_wconf 77' lang='lat' dir='ltr'>ingemiscens,</span> <span class='ocrx_word' id='word_1_913' title='bbox 2212 1418 2284 1457; x_wconf 88' lang='lat' dir='ltr'>apud</span> <span class='ocrx_word' id='word_1_914' title='bbox 2293 1418 2322 1447; x_wconf 85' lang='lat' dir='ltr'>T</span> <span class='ocrx_word' id='word_1_915' title='bbox 2324 1428 2341 1447; x_wconf 90' lang='lat' dir='ltr'>e</span> <span class='ocrx_word' id='word_1_916' title='bbox 2364 1425 2430 1455; x_wconf 75' lang='lat' dir='ltr'>tagr-</span> 
     </span>
     <span class='ocr_line' id='line_1_117' title="bbox 1274 1456 2345 1501; baseline -0.008 -6"><span class='ocrx_word' id='word_1_917' title='bbox 1274 1463 1334 1495; x_wconf 89' lang='lat' dir='ltr'>&amp;I</span> <span class='ocrx_word' id='word_1_918' title='bbox 1356 1465 1417 1495; x_wconf 89' lang='lat' dir='ltr'>sum</span> <span class='ocrx_word' id='word_1_919' title='bbox 1430 1464 1503 1501; x_wconf 72' lang='lat' dir='ltr'>saepe</span> <span class='ocrx_word' id='word_1_920' title='bbox 1517 1464 1614 1501; x_wconf 78' lang='lat' dir='ltr'>saepius</span> <span class='ocrx_word' id='word_1_921' title='bbox 1627 1485 1636 1501; x_wconf 90' lang='lat'>,</span> <span class='ocrx_word' id='word_1_922' title='bbox 1660 1473 1712 1500; x_wconf 89' lang='lat' dir='ltr'>pro</span> <span class='ocrx_word' id='word_1_923' title='bbox 1728 1462 1802 1493; x_wconf 89' lang='lat' dir='ltr'>Pace</span> <span class='ocrx_word' id='word_1_924' title='bbox 1823 1463 1893 1491; x_wconf 90' lang='lat' dir='ltr'>inter</span> <span class='ocrx_word' id='word_1_925' title='bbox 1912 1470 1963 1491; x_wconf 92' lang='lat' dir='ltr'>vos</span> <span class='ocrx_word' id='word_1_926' title='bbox 1984 1460 2123 1490; x_wconf 87' lang='lat' dir='ltr'>salubriter</span> <span class='ocrx_word' id='word_1_927' title='bbox 2145 1456 2345 1494; x_wconf 62' lang='lat' dir='ltr'>reformandi,</span> 
     </span>
    </p>

    <p class='ocr_par' dir='ltr' id='par_1_51' title="bbox 1275 1495 2347 1580">
     <span class='ocr_line' id='line_1_118' title="bbox 1275 1495 2347 1540; baseline -0.007 -7"><span class='ocrx_word' id='word_1_928' title='bbox 1275 1503 1325 1534; x_wconf 91' lang='lat' dir='ltr'>Stu</span> <span class='ocrx_word' id='word_1_929' title='bbox 1348 1505 1370 1533; x_wconf 88' lang='lat' dir='ltr'>ia</span> <span class='ocrx_word' id='word_1_930' title='bbox 1384 1513 1488 1540; x_wconf 82' lang='lat' dir='ltr'>magna</span> <span class='ocrx_word' id='word_1_931' title='bbox 1502 1502 1684 1534; x_wconf 67' lang='lat' dir='ltr'>indesinenter</span> <span class='ocrx_word' id='word_1_932' title='bbox 1697 1500 1841 1538; x_wconf 85' lang='lat' dir='ltr'>adhibuit,</span> <span class='ocrx_word' id='word_1_933' title='bbox 1860 1509 1892 1530; x_wconf 86' lang='lat' dir='ltr'>ac</span> <span class='ocrx_word' id='word_1_934' title='bbox 1907 1498 2046 1528; x_wconf 87' lang='lat' dir='ltr'>inmensos</span> <span class='ocrx_word' id='word_1_935' title='bbox 2061 1499 2094 1528; x_wconf 88' lang='lat'>&amp;</span> <span class='ocrx_word' id='word_1_936' title='bbox 2112 1496 2231 1528; x_wconf 77' lang='lat' dir='ltr'>assiduos</span> <span class='ocrx_word' id='word_1_937' title='bbox 2246 1495 2347 1527; x_wconf 86' lang='lat' dir='ltr'>Labo-</span> 
     </span>
     <span class='ocr_line' id='line_1_119' title="bbox 1277 1542 2333 1580; baseline -0.002 -8"><span class='ocrx_word' id='word_1_938' title='bbox 1277 1552 1318 1572; x_wconf 92' lang='lat' dir='ltr'>res</span> <span class='ocrx_word' id='word_1_939' title='bbox 1335 1542 1490 1580; x_wconf 81' lang='lat' dir='ltr'>impendit,</span> <span class='ocrx_word' id='word_1_940' title='bbox 2327 1568 2333 1570; x_wconf 87' lang='lat'>.</span> 
     </span>
    </p>

    <p class='ocr_par' dir='ltr' id='par_1_52' title="bbox 1276 1573 2348 1774">
     <span class='ocr_line' id='line_1_120' title="bbox 1312 1573 2345 1618; baseline -0.009 -7"><span class='ocrx_word' id='word_1_941' title='bbox 1312 1580 1435 1618; x_wconf 81' lang='lat' dir='ltr'>Nosque</span> <span class='ocrx_word' id='word_1_942' title='bbox 1448 1582 1529 1611; x_wconf 89' lang='lat' dir='ltr'>etiam</span> <span class='ocrx_word' id='word_1_943' title='bbox 1539 1581 1605 1618; x_wconf 85' lang='lat' dir='ltr'>qui,</span> <span class='ocrx_word' id='word_1_944' title='bbox 1624 1588 1783 1617; x_wconf 82' lang='lat' dir='ltr'>quanquam</span> <span class='ocrx_word' id='word_1_945' title='bbox 1792 1577 1932 1608; x_wconf 86' lang='lat' dir='ltr'>Immeriti</span> <span class='ocrx_word' id='word_1_946' title='bbox 1941 1598 1950 1614; x_wconf 89' lang='lat'>,</span> <span class='ocrx_word' id='word_1_947' title='bbox 1958 1574 2082 1614; x_wconf 82' lang='lat' dir='ltr'>ejusdem</span> <span class='ocrx_word' id='word_1_948' title='bbox 2089 1573 2222 1604; x_wconf 80' lang='lat' dir='ltr'>Ecciefiae</span> <span class='ocrx_word' id='word_1_949' title='bbox 2232 1597 2240 1612; x_wconf 86' lang='lat'>,</span> <span class='ocrx_word' id='word_1_950' title='bbox 2248 1573 2345 1610; x_wconf 83' lang='lat' dir='ltr'>dispo-</span> 
     </span>
     <span class='ocr_line' id='line_1_121' title="bbox 1276 1611 2347 1657; baseline -0.008 -7"><span class='ocrx_word' id='word_1_951' title='bbox 1276 1629 1360 1650; x_wconf 87' lang='lat' dir='ltr'>nente</span> <span class='ocrx_word' id='word_1_952' title='bbox 1375 1620 1524 1657; x_wconf 91' lang='lat' dir='ltr'>Domino,</span> <span class='ocrx_word' id='word_1_953' title='bbox 1545 1618 1694 1656; x_wconf 83' lang='lat' dir='ltr'>Regimini</span> <span class='ocrx_word' id='word_1_954' title='bbox 1708 1617 1905 1655; x_wconf 76' lang='lat' dir='ltr'>praeiidemus,</span> <span class='ocrx_word' id='word_1_955' title='bbox 1922 1615 2008 1645; x_wconf 87' lang='lat' dir='ltr'>etiam</span> <span class='ocrx_word' id='word_1_956' title='bbox 2025 1613 2099 1643; x_wconf 75' lang='lat' dir='ltr'>dum</span> <span class='ocrx_word' id='word_1_957' title='bbox 2112 1612 2231 1642; x_wconf 86' lang='lat' dir='ltr'>essemus</span> <span class='ocrx_word' id='word_1_958' title='bbox 2247 1613 2275 1641; x_wconf 89' lang='lat' dir='ltr'>in</span> <span class='ocrx_word' id='word_1_959' title='bbox 2285 1611 2347 1641; x_wconf 68' lang='lat' dir='ltr'>Mi-</span> 
     </span>
     <span class='ocr_line' id='line_1_122' title="bbox 1278 1649 2348 1695; baseline -0.01 -6"><span class='ocrx_word' id='word_1_960' title='bbox 1278 1659 1394 1689; x_wconf 91' lang='lat' dir='ltr'>noribus</span> <span class='ocrx_word' id='word_1_961' title='bbox 1410 1657 1571 1695; x_wconf 91' lang='lat' dir='ltr'>constituti,</span> <span class='ocrx_word' id='word_1_962' title='bbox 1590 1657 1711 1695; x_wconf 47' lang='lat' dir='ltr'>prtefatae</span> <span class='ocrx_word' id='word_1_963' title='bbox 1720 1655 1906 1686; x_wconf 60' lang='lat' dir='ltr'>Dissbnfionis</span> <span class='ocrx_word' id='word_1_964' title='bbox 1921 1652 2043 1691; x_wconf 84' lang='lat' dir='ltr'>pericula</span> <span class='ocrx_word' id='word_1_965' title='bbox 2059 1650 2122 1681; x_wconf 60' lang='lat' dir='ltr'>tot&amp;</span> <span class='ocrx_word' id='word_1_966' title='bbox 2137 1659 2232 1681; x_wconf 87' lang='lat' dir='ltr'>mente</span> <span class='ocrx_word' id='word_1_967' title='bbox 2240 1649 2348 1679; x_wconf 84' lang='lat' dir='ltr'>deflen-</span> 
     </span>
     <span class='ocr_line' id='line_1_123' title="bbox 1279 1686 2348 1736; baseline -0.007 -8"><span class='ocrx_word' id='word_1_968' title='bbox 1279 1706 1334 1735; x_wconf 87' lang='lat' dir='ltr'>tes,</span> <span class='ocrx_word' id='word_1_969' title='bbox 1355 1707 1406 1736; x_wconf 85' lang='lat' dir='ltr'>pro</span> <span class='ocrx_word' id='word_1_970' title='bbox 1422 1697 1501 1735; x_wconf 81' lang='lat' dir='ltr'>ipfius</span> <span class='ocrx_word' id='word_1_971' title='bbox 1516 1695 1732 1726; x_wconf 85' lang='lat' dir='ltr'>Reformatione</span> <span class='ocrx_word' id='word_1_972' title='bbox 1748 1694 1829 1725; x_wconf 77' lang='lat' dir='ltr'>Pacis</span> <span class='ocrx_word' id='word_1_973' title='bbox 1845 1694 1982 1724; x_wconf 82' lang='lat' dir='ltr'>ferventer</span> <span class='ocrx_word' id='word_1_974' title='bbox 2004 1690 2171 1727; x_wconf 89' lang='lat' dir='ltr'>institimus,</span> <span class='ocrx_word' id='word_1_975' title='bbox 2198 1691 2231 1721; x_wconf 81' lang='lat'>&amp;</span> <span class='ocrx_word' id='word_1_976' title='bbox 2247 1711 2257 1727; x_wconf 84' lang='lat'>‚</span> <span class='ocrx_word' id='word_1_977' title='bbox 2284 1686 2348 1725; x_wconf 85' lang='lat' dir='ltr'>post</span> 
     </span>
     <span class='ocr_line' id='line_1_124' title="bbox 1278 1727 2348 1774; baseline -0.009 -8"><span class='ocrx_word' id='word_1_978' title='bbox 1278 1736 1444 1774; x_wconf 85' lang='lat' dir='ltr'>impositum</span> <span class='ocrx_word' id='word_1_979' title='bbox 1461 1736 1542 1766; x_wconf 89' lang='lat' dir='ltr'>nobis</span> <span class='ocrx_word' id='word_1_980' title='bbox 1558 1734 1640 1766; x_wconf 89' lang='lat' dir='ltr'>Onus</span> <span class='ocrx_word' id='word_1_981' title='bbox 1653 1733 1826 1771; x_wconf 81' lang='lat' dir='ltr'>Apostolicae</span> <span class='ocrx_word' id='word_1_982' title='bbox 1842 1729 2046 1766; x_wconf 85' lang='lat' dir='ltr'>Servitutis,ad</span> <span class='ocrx_word' id='word_1_983' title='bbox 2054 1738 2108 1759; x_wconf 91' lang='lat' dir='ltr'>vos</span> <span class='ocrx_word' id='word_1_984' title='bbox 2115 1728 2250 1759; x_wconf 91' lang='lat' dir='ltr'>Solennes</span> <span class='ocrx_word' id='word_1_985' title='bbox 2259 1727 2348 1756; x_wconf 87' lang='lat' dir='ltr'>Nun-</span> 
     </span>
    </p>

    <p class='ocr_par' dir='ltr' id='par_1_53' title="bbox 1278 1764 2349 1844">
     <span class='ocr_line' id='line_1_125' title="bbox 1278 1764 2349 1844; baseline -0.008 -39"><span class='ocrx_word' id='word_1_986' title='bbox 1278 1776 1339 1844; x_wconf 52' lang='lat' dir='ltr'>(ciios</span> <span class='ocrx_word' id='word_1_987' title='bbox 1357 1775 1482 1844; x_wconf 55' lang='lat' dir='ltr'>miifimus</span> <span class='ocrx_word' id='word_1_988' title='bbox 1497 1797 1508 1813; x_wconf 87' lang='lat'>,</span> <span class='ocrx_word' id='word_1_989' title='bbox 1531 1774 1563 1805; x_wconf 86' lang='lat'>&amp;</span> <span class='ocrx_word' id='word_1_990' title='bbox 1578 1772 1745 1812; x_wconf 84' lang='lat' dir='ltr'>Apostolica</span> <span class='ocrx_word' id='word_1_991' title='bbox 1761 1771 1888 1803; x_wconf 79' lang='lat' dir='ltr'>Precum</span> <span class='ocrx_word' id='word_1_992' title='bbox 1909 1769 2018 1806; x_wconf 88' lang='lat' dir='ltr'>Scripta</span> <span class='ocrx_word' id='word_1_993' title='bbox 2038 1766 2197 1806; x_wconf 86' lang='lat' dir='ltr'>frequenter</span> <span class='ocrx_word' id='word_1_994' title='bbox 2218 1764 2349 1796; x_wconf 83' lang='lat' dir='ltr'>duximus</span> 
     </span>
     <span class='ocr_line' id='line_1_126' title="bbox 1299 1821 2338 1844; baseline -0.006 0"><span class='ocrx_word' id='word_1_995' title='bbox 1299 1825 1331 1844; x_wconf 88' lang='lat' dir='ltr'>iri</span> <span class='ocrx_word' id='word_1_996' title='bbox 1351 1824 1387 1844; x_wconf 89' lang='lat' dir='ltr'>en</span> <span class='ocrx_word' id='word_1_997' title='bbox 1407 1824 1432 1844; x_wconf 90' lang='lat' dir='ltr'>a.</span> <span class='ocrx_word' id='word_1_998' title='bbox 2325 1821 2338 1838; x_wconf 58' lang='lat' dir='ltr'>c</span> 
     </span>
    </p>

    <p class='ocr_par' dir='ltr' id='par_1_54' title="bbox 1278 1823 2353 2197">
     <span class='ocr_line' id='line_1_127' title="bbox 1318 1823 2350 1890; baseline -0.009 -8"><span class='ocrx_word' id='word_1_999' title='bbox 1318 1823 1370 1890; x_wconf 63' lang='lat' dir='ltr'>Ege,</span> <span class='ocrx_word' id='word_1_1000' title='bbox 1389 1853 1454 1882; x_wconf 87' lang='lat' dir='ltr'>licet</span> <span class='ocrx_word' id='word_1_1001' title='bbox 1467 1850 1626 1890; x_wconf 85' lang='lat' dir='ltr'>hujusmodi</span> <span class='ocrx_word' id='word_1_1002' title='bbox 1641 1849 1735 1881; x_wconf 86' lang='lat' dir='ltr'>nostra</span> <span class='ocrx_word' id='word_1_1003' title='bbox 1748 1851 1781 1881; x_wconf 72' lang='grc' dir='ltr'>ὅτ.</span> <span class='ocrx_word' id='word_1_1004' title='bbox 1795 1849 1919 1888; x_wconf 87' lang='lat' dir='ltr'>ejusdcm</span> <span class='ocrx_word' id='word_1_1005' title='bbox 1936 1845 2071 1877; x_wconf 80' lang='lat' dir='ltr'>Ecclefiae</span> <span class='ocrx_word' id='word_1_1006' title='bbox 2092 1844 2210 1882; x_wconf 87' lang='lat' dir='ltr'>Studia,</span> <span class='ocrx_word' id='word_1_1007' title='bbox 2229 1840 2350 1881; x_wconf 80' lang='lat' dir='ltr'>Antiqui</span> 
     </span>
     <span class='ocr_line' id='line_1_128' title="bbox 1279 1883 2350 1930; baseline -0.009 -8"><span class='ocrx_word' id='word_1_1008' title='bbox 1279 1891 1376 1922; x_wconf 86' lang='lat' dir='ltr'>Hostis</span> <span class='ocrx_word' id='word_1_1009' title='bbox 1390 1891 1555 1930; x_wconf 61' lang='lat' dir='ltr'>praevalente</span> <span class='ocrx_word' id='word_1_1010' title='bbox 1571 1889 1726 1927; x_wconf 75' lang='lat' dir='ltr'>Nequitia,</span> <span class='ocrx_word' id='word_1_1011' title='bbox 1752 1889 1850 1926; x_wconf 77' lang='lat' dir='ltr'>parum</span> <span class='ocrx_word' id='word_1_1012' title='bbox 1871 1886 2005 1917; x_wconf 63' lang='lat' dir='ltr'>haetenus</span> <span class='ocrx_word' id='word_1_1013' title='bbox 2027 1883 2175 1924; x_wconf 77' lang='lat' dir='ltr'>profecisse</span> <span class='ocrx_word' id='word_1_1014' title='bbox 2189 1883 2350 1921; x_wconf 88' lang='lat' dir='ltr'>potuerint,</span> 
     </span>
     <span class='ocr_line' id='line_1_129' title="bbox 1278 1921 2353 1970; baseline -0.01 -9"><span class='ocrx_word' id='word_1_1015' title='bbox 1278 1931 1473 1970; x_wconf 83' lang='lat' dir='ltr'>quandamque</span> <span class='ocrx_word' id='word_1_1016' title='bbox 1490 1931 1521 1960; x_wconf 93' lang='lat' dir='ltr'>in</span> <span class='ocrx_word' id='word_1_1017' title='bbox 1538 1930 1594 1959; x_wconf 90' lang='lat' dir='ltr'>hoc</span> <span class='ocrx_word' id='word_1_1018' title='bbox 1614 1927 1812 1959; x_wconf 81' lang='lat' dir='ltr'>difficultatem</span> <span class='ocrx_word' id='word_1_1019' title='bbox 1827 1927 1940 1957; x_wconf 84' lang='lat' dir='ltr'>Animis</span> <span class='ocrx_word' id='word_1_1020' title='bbox 1953 1923 2054 1954; x_wconf 88' lang='lat' dir='ltr'>nostris</span> <span class='ocrx_word' id='word_1_1021' title='bbox 2076 1923 2240 1960; x_wconf 82' lang='lat' dir='ltr'>intulerint,</span> <span class='ocrx_word' id='word_1_1022' title='bbox 2257 1921 2353 1952; x_wconf 91' lang='lat' dir='ltr'>nichi-</span> 
     </span>
     <span class='ocr_line' id='line_1_130' title="bbox 1280 1958 2350 2005; baseline -0.01 -5"><span class='ocrx_word' id='word_1_1023' title='bbox 1280 1970 1403 2000; x_wconf 89' lang='lat' dir='ltr'>lominus</span> <span class='ocrx_word' id='word_1_1024' title='bbox 1418 1971 1436 1989; x_wconf 63' lang='lat'>*</span> <span class='ocrx_word' id='word_1_1025' title='bbox 1455 1978 1550 2000; x_wconf 82' lang='lat' dir='ltr'>tamen</span> <span class='ocrx_word' id='word_1_1026' title='bbox 1565 1967 1674 2005; x_wconf 86' lang='lat' dir='ltr'>adhuc,</span> <span class='ocrx_word' id='word_1_1027' title='bbox 1691 1973 1773 1997; x_wconf 87' lang='lat' dir='ltr'>more</span> <span class='ocrx_word' id='word_1_1028' title='bbox 1787 1965 1873 1996; x_wconf 85' lang='lat' dir='ltr'>Patris</span> <span class='ocrx_word' id='word_1_1029' title='bbox 1895 1963 2022 1996; x_wconf 89' lang='lat' dir='ltr'>Benivoli</span> <span class='ocrx_word' id='word_1_1030' title='bbox 2037 1986 2047 2001; x_wconf 88' lang='lat'>‚</span> <span class='ocrx_word' id='word_1_1031' title='bbox 2071 1964 2120 2001; x_wconf 88' lang='lat' dir='ltr'>qui</span> <span class='ocrx_word' id='word_1_1032' title='bbox 2143 1961 2280 1992; x_wconf 84' lang='lat' dir='ltr'>Filiorum</span> <span class='ocrx_word' id='word_1_1033' title='bbox 2299 1958 2350 1990; x_wconf 88' lang='lat' dir='ltr'>In-</span> 
     </span>
     <span class='ocr_line' id='line_1_131' title="bbox 1282 1999 2352 2046; baseline -0.01 -7"><span class='ocrx_word' id='word_1_1034' title='bbox 1282 2008 1442 2040; x_wconf 90' lang='lat' dir='ltr'>commoda</span> <span class='ocrx_word' id='word_1_1035' title='bbox 1455 2008 1599 2046; x_wconf 88' lang='lat' dir='ltr'>deplorare</span> <span class='ocrx_word' id='word_1_1036' title='bbox 1611 2008 1645 2039; x_wconf 91' lang='lat'>&amp;</span> <span class='ocrx_word' id='word_1_1037' title='bbox 1665 2015 1768 2036; x_wconf 88' lang='lat' dir='ltr'>eorum</span> <span class='ocrx_word' id='word_1_1038' title='bbox 1826 2005 1930 2035; x_wconf 90' lang='lat' dir='ltr'>uietem</span> <span class='ocrx_word' id='word_1_1039' title='bbox 1951 2011 2099 2040; x_wconf 85' lang='lat' dir='ltr'>procurare</span> <span class='ocrx_word' id='word_1_1040' title='bbox 2115 2011 2177 2031; x_wconf 91' lang='lat' dir='ltr'>non</span> <span class='ocrx_word' id='word_1_1041' title='bbox 2198 1999 2302 2037; x_wconf 80' lang='lat' dir='ltr'>cessat,</span> <span class='ocrx_word' id='word_1_1042' title='bbox 2321 1999 2352 2029; x_wconf 91' lang='lat' dir='ltr'>in</span> 
     </span>
     <span class='ocr_line' id='line_1_132' title="bbox 1281 2039 2353 2085; baseline -0.01 -7"><span class='ocrx_word' id='word_1_1043' title='bbox 1281 2049 1339 2079; x_wconf 76' lang='lat' dir='ltr'>tam</span> <span class='ocrx_word' id='word_1_1044' title='bbox 1355 2047 1489 2085; x_wconf 79' lang='lat' dir='ltr'>longaeva</span> <span class='ocrx_word' id='word_1_1045' title='bbox 1503 2055 1645 2077; x_wconf 89' lang='lat' dir='ltr'>tantorum</span> <span class='ocrx_word' id='word_1_1046' title='bbox 1662 2044 1884 2076; x_wconf 82' lang='lat' dir='ltr'>Concertatione</span> <span class='ocrx_word' id='word_1_1047' title='bbox 1908 2041 2095 2079; x_wconf 80' lang='lat' dir='ltr'>Principum,</span> <span class='ocrx_word' id='word_1_1048' title='bbox 2118 2041 2151 2071; x_wconf 74' lang='grc' dir='ltr'>δε</span> <span class='ocrx_word' id='word_1_1049' title='bbox 2173 2039 2353 2079; x_wconf 86' lang='lat' dir='ltr'>procedenti-</span> 
     </span>
     <span class='ocr_line' id='line_1_133' title="bbox 1283 2078 2350 2122; baseline -0.011 -4"><span class='ocrx_word' id='word_1_1050' title='bbox 1283 2088 1334 2118; x_wconf 93' lang='lat' dir='ltr'>bus</span> <span class='ocrx_word' id='word_1_1051' title='bbox 1347 2087 1415 2117; x_wconf 82' lang='lat' dir='ltr'>inde</span> <span class='ocrx_word' id='word_1_1052' title='bbox 1432 2087 1604 2117; x_wconf 86' lang='lat' dir='ltr'>Animarum</span> <span class='ocrx_word' id='word_1_1053' title='bbox 1617 2083 1769 2122; x_wconf 88' lang='lat' dir='ltr'>Periculis,</span> <span class='ocrx_word' id='word_1_1054' title='bbox 1786 2083 1820 2113; x_wconf 87' lang='lat'>&amp;</span> <span class='ocrx_word' id='word_1_1055' title='bbox 1835 2082 1892 2113; x_wconf 88' lang='lat' dir='ltr'>aliis</span> <span class='ocrx_word' id='word_1_1056' title='bbox 1907 2080 1994 2111; x_wconf 90' lang='lat' dir='ltr'>Malis</span> <span class='ocrx_word' id='word_1_1057' title='bbox 2008 2080 2162 2110; x_wconf 88' lang='lat' dir='ltr'>innumeris</span> <span class='ocrx_word' id='word_1_1058' title='bbox 2176 2101 2186 2116; x_wconf 90' lang='lat'>,</span> <span class='ocrx_word' id='word_1_1059' title='bbox 2207 2078 2273 2108; x_wconf 89' lang='lat' dir='ltr'>flere</span> <span class='ocrx_word' id='word_1_1060' title='bbox 2288 2078 2350 2107; x_wconf 83' lang='lat' dir='ltr'>non</span> 
     </span>
     <span class='ocr_line' id='line_1_134' title="bbox 1281 2116 2353 2165; baseline -0.01 -8"><span class='ocrx_word' id='word_1_1061' title='bbox 1281 2126 1431 2157; x_wconf 87' lang='lat' dir='ltr'>definimus</span> <span class='ocrx_word' id='word_1_1062' title='bbox 1444 2150 1454 2165; x_wconf 94' lang='lat'>,</span> <span class='ocrx_word' id='word_1_1063' title='bbox 1480 2126 1513 2157; x_wconf 92' lang='lat'>&amp;</span> <span class='ocrx_word' id='word_1_1064' title='bbox 1531 2126 1589 2156; x_wconf 74' lang='lat' dir='ltr'>tam</span> <span class='ocrx_word' id='word_1_1065' title='bbox 1619 2122 1826 2156; x_wconf 74' lang='lat' dir='ltr'>carissimorum</span> <span class='ocrx_word' id='word_1_1066' title='bbox 1848 2120 1989 2151; x_wconf 88' lang='lat' dir='ltr'>Filiorum</span> <span class='ocrx_word' id='word_1_1067' title='bbox 2012 2117 2111 2149; x_wconf 85' lang='lat' dir='ltr'>Corda</span> <span class='ocrx_word' id='word_1_1068' title='bbox 2130 2116 2233 2156; x_wconf 75' lang='lat' dir='ltr'>pulsare</span> <span class='ocrx_word' id='word_1_1069' title='bbox 2248 2117 2353 2155; x_wconf 82' lang='lat' dir='ltr'>jugiter</span> 
     </span>
     <span class='ocr_line' id='line_1_135' title="bbox 1280 2165 2345 2197; baseline -0.004 -2"><span class='ocrx_word' id='word_1_1070' title='bbox 1280 2175 1340 2196; x_wconf 90' lang='lat' dir='ltr'>non</span> <span class='ocrx_word' id='word_1_1071' title='bbox 1357 2165 1504 2197; x_wconf 75' lang='lat' dir='ltr'>cessamus.</span> <span class='ocrx_word' id='word_1_1072' title='bbox 2296 2171 2300 2177; x_wconf 73' lang='lat'>¹</span> <span class='ocrx_word' id='word_1_1073' title='bbox 2326 2181 2345 2191; x_wconf 47' lang='lat' dir='ltr'>v.</span> 
     </span>
    </p>

    <p class='ocr_par' dir='ltr' id='par_1_55' title="bbox 1279 2193 2357 2476">
     <span class='ocr_line' id='line_1_136' title="bbox 1319 2193 2354 2240; baseline -0.012 -5"><span class='ocrx_word' id='word_1_1074' title='bbox 1319 2204 1374 2235; x_wconf 91' lang='lat' dir='ltr'>Sed</span> <span class='ocrx_word' id='word_1_1075' title='bbox 1394 2205 1428 2236; x_wconf 91' lang='lat'>&amp;</span> <span class='ocrx_word' id='word_1_1076' title='bbox 1466 2205 1507 2235; x_wconf 90' lang='lat' dir='ltr'>uis</span> <span class='ocrx_word' id='word_1_1077' title='bbox 1523 2203 1564 2235; x_wconf 89' lang='lat' dir='ltr'>est</span> <span class='ocrx_word' id='word_1_1078' title='bbox 1583 2204 1642 2234; x_wconf 74' lang='lat' dir='ltr'>tam</span> <span class='ocrx_word' id='word_1_1079' title='bbox 1661 2202 1784 2240; x_wconf 82' lang='lat' dir='ltr'>Impius,</span> <span class='ocrx_word' id='word_1_1080' title='bbox 1801 2201 1863 2231; x_wconf 69' lang='lat' dir='ltr'>tam</span> <span class='ocrx_word' id='word_1_1081' title='bbox 1884 2197 2014 2229; x_wconf 83' lang='lat' dir='ltr'>Crudelis</span> <span class='ocrx_word' id='word_1_1082' title='bbox 2031 2195 2223 2232; x_wconf 88' lang='lat' dir='ltr'>Christicola,</span> <span class='ocrx_word' id='word_1_1083' title='bbox 2240 2195 2288 2232; x_wconf 87' lang='lat' dir='ltr'>qui</span> <span class='ocrx_word' id='word_1_1084' title='bbox 2301 2193 2354 2224; x_wconf 89' lang='lat' dir='ltr'>hu·-</span> 
     </span>
     <span class='ocr_line' id='line_1_137' title="bbox 1279 2232 2356 2283; baseline -0.014 -8"><span class='ocrx_word' id='word_1_1085' title='bbox 1279 2243 1404 2283; x_wconf 88' lang='lat' dir='ltr'>jusmodi</span> <span class='ocrx_word' id='word_1_1086' title='bbox 1464 2244 1504 2274; x_wconf 87' lang='lat' dir='ltr'>ala</span> <span class='ocrx_word' id='word_1_1087' title='bbox 1523 2243 1588 2274; x_wconf 84' lang='lat' dir='ltr'>flere</span> <span class='ocrx_word' id='word_1_1088' title='bbox 1609 2252 1671 2273; x_wconf 91' lang='lat' dir='ltr'>non</span> <span class='ocrx_word' id='word_1_1089' title='bbox 1698 2239 1825 2272; x_wconf 84' lang='lat' dir='ltr'>debeat?</span> <span class='ocrx_word' id='word_1_1090' title='bbox 1851 2237 1889 2268; x_wconf 87' lang='lat' dir='ltr'>Et</span> <span class='ocrx_word' id='word_1_1091' title='bbox 1905 2237 2012 2267; x_wconf 88' lang='lat' dir='ltr'>Pacem</span> <span class='ocrx_word' id='word_1_1092' title='bbox 2035 2235 2102 2265; x_wconf 89' lang='lat' dir='ltr'>totis</span> <span class='ocrx_word' id='word_1_1093' title='bbox 2123 2232 2273 2264; x_wconf 63' lang='lat' dir='ltr'>affectibus</span> <span class='ocrx_word' id='word_1_1094' title='bbox 2294 2242 2356 2273; x_wconf 83' lang='lat' dir='ltr'>nori</span> 
     </span>
     <span class='ocr_line' id='line_1_138' title="bbox 1282 2271 2353 2320; baseline -0.014 -6"><span class='ocrx_word' id='word_1_1095' title='bbox 1282 2285 1413 2320; x_wconf 82' lang='lat' dir='ltr'>exoptet?</span> <span class='ocrx_word' id='word_1_1096' title='bbox 1430 2281 1511 2313; x_wconf 89' lang='lat' dir='ltr'>Hinc</span> <span class='ocrx_word' id='word_1_1097' title='bbox 1531 2283 1609 2312; x_wconf 91' lang='lat' dir='ltr'>enim</span> <span class='ocrx_word' id='word_1_1098' title='bbox 1626 2280 1738 2319; x_wconf 80' lang='lat' dir='ltr'>praefata</span> <span class='ocrx_word' id='word_1_1099' title='bbox 1755 2278 1847 2308; x_wconf 82' lang='lat' dir='ltr'>Mater</span> <span class='ocrx_word' id='word_1_1100' title='bbox 1863 2275 1989 2306; x_wconf 74' lang='lat' dir='ltr'>Ecclesia</span> <span class='ocrx_word' id='word_1_1101' title='bbox 2003 2273 2187 2314; x_wconf 76' lang='lat' dir='ltr'>indesinenter</span> <span class='ocrx_word' id='word_1_1102' title='bbox 2200 2271 2353 2308; x_wconf 81' lang='lat' dir='ltr'>affligitur,</span> 
     </span>
     <span class='ocr_line' id='line_1_139' title="bbox 1284 2307 2354 2358; baseline -0.013 -6"><span class='ocrx_word' id='word_1_1103' title='bbox 1284 2321 1436 2352; x_wconf 85' lang='lat' dir='ltr'>Catholica</span> <span class='ocrx_word' id='word_1_1104' title='bbox 1450 2321 1532 2352; x_wconf 89' lang='lat' dir='ltr'>Fides</span> <span class='ocrx_word' id='word_1_1105' title='bbox 1547 2320 1729 2358; x_wconf 88' lang='lat' dir='ltr'>deprimitur,</span> <span class='ocrx_word' id='word_1_1106' title='bbox 1750 2314 1904 2347; x_wconf 89' lang='lat' dir='ltr'>Universus</span> <span class='ocrx_word' id='word_1_1107' title='bbox 1920 2313 2025 2351; x_wconf 72' lang='lat' dir='ltr'>Ori-iis,</span> <span class='ocrx_word' id='word_1_1108' title='bbox 2042 2314 2076 2343; x_wconf 64' lang='grc' dir='ltr'>ὃς</span> <span class='ocrx_word' id='word_1_1109' title='bbox 2098 2311 2249 2355; x_wconf 65' lang='grc' dir='ltr'>ρωείειτίῐη</span> <span class='ocrx_word' id='word_1_1110' title='bbox 2265 2307 2354 2339; x_wconf 89' lang='lat' dir='ltr'>Chri-</span> 
     </span>
     <span class='ocr_line' id='line_1_140' title="bbox 1284 2348 2357 2398; baseline -0.015 -6"><span class='ocrx_word' id='word_1_1111' title='bbox 1284 2360 1388 2391; x_wconf 87' lang='lat' dir='ltr'>stianus</span> <span class='ocrx_word' id='word_1_1112' title='bbox 1403 2359 1541 2398; x_wconf 88' lang='lat' dir='ltr'>Populus,</span> <span class='ocrx_word' id='word_1_1113' title='bbox 1559 2359 1685 2395; x_wconf 84' lang='lat' dir='ltr'>laeditur,</span> <span class='ocrx_word' id='word_1_1114' title='bbox 1701 2367 1735 2387; x_wconf 89' lang='lat' dir='ltr'>ac</span> <span class='ocrx_word' id='word_1_1115' title='bbox 1751 2354 1879 2386; x_wconf 77' lang='lat' dir='ltr'>infideles</span> <span class='ocrx_word' id='word_1_1116' title='bbox 1892 2352 2043 2383; x_wconf 83' lang='lat' dir='ltr'>exaltantur</span> <span class='ocrx_word' id='word_1_1117' title='bbox 2057 2358 2158 2388; x_wconf 87' lang='lat' dir='ltr'>pariter</span> <span class='ocrx_word' id='word_1_1118' title='bbox 2176 2349 2207 2379; x_wconf 71' lang='grc' dir='ltr'>ὃ(</span> <span class='ocrx_word' id='word_1_1119' title='bbox 2217 2348 2357 2386; x_wconf 72' lang='lat' dir='ltr'>exultant,</span> 
     </span>
     <span class='ocr_line' id='line_1_141' title="bbox 1283 2387 2357 2439; baseline -0.013 -9"><span class='ocrx_word' id='word_1_1120' title='bbox 1283 2399 1412 2439; x_wconf 87' lang='lat' dir='ltr'>Duoque</span> <span class='ocrx_word' id='word_1_1121' title='bbox 1429 2400 1489 2429; x_wconf 65' lang='lat' dir='ltr'>tam</span> <span class='ocrx_word' id='word_1_1122' title='bbox 1506 2398 1626 2429; x_wconf 89' lang='lat' dir='ltr'>Nobilia</span> <span class='ocrx_word' id='word_1_1123' title='bbox 1644 2396 1763 2433; x_wconf 82' lang='lat' dir='ltr'>Regna,</span> <span class='ocrx_word' id='word_1_1124' title='bbox 1780 2393 1846 2424; x_wconf 89' lang='lat' dir='ltr'>licet</span> <span class='ocrx_word' id='word_1_1125' title='bbox 1864 2391 2027 2434; x_wconf 82' lang='lat' dir='ltr'>impariter,</span> <span class='ocrx_word' id='word_1_1126' title='bbox 2043 2389 2154 2419; x_wconf 86' lang='lat' dir='ltr'>diutino</span> <span class='ocrx_word' id='word_1_1127' title='bbox 2171 2387 2266 2418; x_wconf 83' lang='lat' dir='ltr'>labore</span> <span class='ocrx_word' id='word_1_1128' title='bbox 2289 2395 2357 2424; x_wconf 46' lang='lat' dir='ltr'>pref</span> 
     </span>
     <span class='ocr_line' id='line_1_142' title="bbox 1285 2430 2170 2476; baseline -0.014 -8"><span class='ocrx_word' id='word_1_1129' title='bbox 1285 2448 1415 2476; x_wconf 87' lang='lat' dir='ltr'>muntur,</span> <span class='ocrx_word' id='word_1_1130' title='bbox 1433 2439 1465 2469; x_wconf 91' lang='lat'>&amp;</span> <span class='ocrx_word' id='word_1_1131' title='bbox 1479 2436 1651 2475; x_wconf 88' lang='lat' dir='ltr'>Respublica</span> <span class='ocrx_word' id='word_1_1132' title='bbox 1667 2432 1793 2465; x_wconf 86' lang='lat' dir='ltr'>universa</span> <span class='ocrx_word' id='word_1_1133' title='bbox 1808 2430 1954 2470; x_wconf 74' lang='lat' dir='ltr'>quaflatur·</span> <span class='ocrx_word' id='word_1_1134' title='bbox 2164 2466 2170 2471; x_wconf 27' lang='grc' dir='ltr'><strong><em>υ</em></strong></span> 
     </span>
    </p>

    <p class='ocr_par' dir='ltr' id='par_1_56' title="bbox 1282 2462 2359 2778">
     <span class='ocr_line' id='line_1_143' title="bbox 1321 2462 2354 2515; baseline -0.015 -7"><span class='ocrx_word' id='word_1_1135' title='bbox 1321 2477 1378 2508; x_wconf 87' lang='lat' dir='ltr'>Sed</span> <span class='ocrx_word' id='word_1_1136' title='bbox 1397 2478 1429 2508; x_wconf 63' lang='grc' dir='ltr'>ὅς</span> <span class='ocrx_word' id='word_1_1137' title='bbox 1449 2478 1507 2515; x_wconf 82' lang='lat' dir='ltr'>quis</span> <span class='ocrx_word' id='word_1_1138' title='bbox 1525 2477 1627 2513; x_wconf 81' lang='lat' dir='ltr'>etiarn,</span> <span class='ocrx_word' id='word_1_1139' title='bbox 1643 2473 1724 2504; x_wconf 90' lang='lat' dir='ltr'>solius</span> <span class='ocrx_word' id='word_1_1140' title='bbox 1737 2470 1928 2502; x_wconf 84' lang='lat' dir='ltr'>Humanitatis</span> <span class='ocrx_word' id='word_1_1141' title='bbox 1942 2468 2068 2498; x_wconf 88' lang='lat' dir='ltr'>Ratione</span> <span class='ocrx_word' id='word_1_1142' title='bbox 2083 2465 2231 2504; x_wconf 71' lang='lat' dir='ltr'>prcedituS,</span> <span class='ocrx_word' id='word_1_1143' title='bbox 2249 2462 2354 2494; x_wconf 84' lang='lat' dir='ltr'>secutas</span> 
     </span>
     <span class='ocr_line' id='line_1_144' title="bbox 1282 2501 2354 2551; baseline -0.015 -4"><span class='ocrx_word' id='word_1_1144' title='bbox 1282 2516 1350 2546; x_wconf 75' lang='lat' dir='ltr'>inde</span> <span class='ocrx_word' id='word_1_1145' title='bbox 1367 2516 1533 2546; x_wconf 87' lang='lat' dir='ltr'>Hominum</span> <span class='ocrx_word' id='word_1_1146' title='bbox 1549 2514 1676 2551; x_wconf 81' lang='lat' dir='ltr'>Strages,</span> <span class='ocrx_word' id='word_1_1147' title='bbox 1698 2510 1855 2547; x_wconf 75' lang='lat' dir='ltr'>virginum</span> <span class='ocrx_word' id='word_1_1148' title='bbox 1877 2507 1986 2545; x_wconf 84' lang='lat' dir='ltr'>Raptus</span> <span class='ocrx_word' id='word_1_1149' title='bbox 2000 2530 2009 2545; x_wconf 91' lang='lat'>,</span> <span class='ocrx_word' id='word_1_1150' title='bbox 2040 2507 2073 2536; x_wconf 72' lang='grc' dir='ltr'>δε</span> <span class='ocrx_word' id='word_1_1151' title='bbox 2094 2505 2207 2535; x_wconf 78' lang='lat' dir='ltr'>aliarum</span> <span class='ocrx_word' id='word_1_1152' title='bbox 2232 2501 2354 2546; x_wconf 85' lang='lat' dir='ltr'>AEdium</span> 
     </span>
     <span class='ocr_line' id='line_1_145' title="bbox 1284 2541 2356 2595; baseline -0.015 -9"><span class='ocrx_word' id='word_1_1153' title='bbox 1284 2554 1506 2595; x_wconf 83' lang='lat' dir='ltr'>Magnificarum</span> <span class='ocrx_word' id='word_1_1154' title='bbox 1529 2552 1665 2583; x_wconf 85' lang='lat' dir='ltr'>Incendia</span> <span class='ocrx_word' id='word_1_1155' title='bbox 1679 2573 1688 2588; x_wconf 90' lang='lat'>,</span> <span class='ocrx_word' id='word_1_1156' title='bbox 1711 2556 1912 2585; x_wconf 84' lang='lat' dir='ltr'>tantorumque</span> <span class='ocrx_word' id='word_1_1157' title='bbox 1940 2545 2088 2576; x_wconf 88' lang='lat' dir='ltr'>Bonorum</span> <span class='ocrx_word' id='word_1_1158' title='bbox 2108 2541 2356 2585; x_wconf 80' lang='lat' dir='ltr'>Depopulationes</span> 
     </span>
     <span class='ocr_line' id='line_1_146' title="bbox 1285 2580 2353 2630; baseline -0.016 -5"><span class='ocrx_word' id='word_1_1159' title='bbox 1285 2604 1344 2624; x_wconf 90' lang='lat' dir='ltr'>non</span> <span class='ocrx_word' id='word_1_1160' title='bbox 1359 2593 1468 2629; x_wconf 80' lang='lat' dir='ltr'>lugeat?</span> <span class='ocrx_word' id='word_1_1161' title='bbox 1488 2592 1562 2630; x_wconf 82' lang='lat' dir='ltr'>Qis</span> <span class='ocrx_word' id='word_1_1162' title='bbox 1577 2600 1646 2621; x_wconf 90' lang='lat' dir='ltr'>cum</span> <span class='ocrx_word' id='word_1_1163' title='bbox 1661 2597 1704 2619; x_wconf 95' lang='lat' dir='ltr'>tot</span> <span class='ocrx_word' id='word_1_1164' title='bbox 1720 2588 1754 2618; x_wconf 88' lang='lat'>&amp;</span> <span class='ocrx_word' id='word_1_1165' title='bbox 1770 2587 1851 2617; x_wconf 87' lang='lat' dir='ltr'>tantis</span> <span class='ocrx_word' id='word_1_1166' title='bbox 1874 2584 1989 2615; x_wconf 80' lang='lat' dir='ltr'>Orbatis</span> <span class='ocrx_word' id='word_1_1167' title='bbox 2014 2582 2176 2613; x_wconf 75' lang='lat' dir='ltr'>Parentibus</span> <span class='ocrx_word' id='word_1_1168' title='bbox 2193 2580 2267 2610; x_wconf 85' lang='lat' dir='ltr'>Filiis</span> <span class='ocrx_word' id='word_1_1169' title='bbox 2282 2602 2291 2618; x_wconf 95' lang='lat'>,</span> <span class='ocrx_word' id='word_1_1170' title='bbox 2318 2588 2353 2611; x_wconf 80' lang='lat' dir='ltr'>ac</span> 
     </span>
     <span class='ocr_line' id='line_1_147' title="bbox 1287 2618 2359 2668; baseline -0.012 -6"><span class='ocrx_word' id='word_1_1171' title='bbox 1287 2632 1415 2662; x_wconf 87' lang='lat' dir='ltr'>Viduatis</span> <span class='ocrx_word' id='word_1_1172' title='bbox 1433 2630 1594 2668; x_wconf 80' lang='lat' dir='ltr'>Uxoribus,</span> <span class='ocrx_word' id='word_1_1173' title='bbox 1613 2630 1647 2661; x_wconf 73' lang='grc' dir='ltr'>ὃς</span> <span class='ocrx_word' id='word_1_1174' title='bbox 1662 2627 1769 2657; x_wconf 70' lang='lat' dir='ltr'>coaffis</span> <span class='ocrx_word' id='word_1_1175' title='bbox 1786 2624 1947 2655; x_wconf 88' lang='lat' dir='ltr'>mendicare</span> <span class='ocrx_word' id='word_1_1176' title='bbox 1966 2621 2112 2653; x_wconf 74' lang='lat' dir='ltr'>Divitibus</span> <span class='ocrx_word' id='word_1_1177' title='bbox 2125 2630 2184 2649; x_wconf 89' lang='lat' dir='ltr'>non</span> <span class='ocrx_word' id='word_1_1178' title='bbox 2202 2618 2359 2655; x_wconf 66' lang='lat' dir='ltr'>gemiscat?</span> 
     </span>
     <span class='ocr_line' id='line_1_148' title="bbox 1285 2656 2357 2701; baseline -0.015 1"><span class='ocrx_word' id='word_1_1179' title='bbox 1285 2670 1315 2700; x_wconf 94' lang='lat' dir='ltr'>O</span> <span class='ocrx_word' id='word_1_1180' title='bbox 1332 2671 1449 2701; x_wconf 89' lang='lat' dir='ltr'>Feroces</span> <span class='ocrx_word' id='word_1_1181' title='bbox 1466 2670 1586 2700; x_wconf 86' lang='lat' dir='ltr'>Animos</span> <span class='ocrx_word' id='word_1_1182' title='bbox 1604 2668 1609 2698; x_wconf 84' lang='lat' dir='ltr'>l</span> <span class='ocrx_word' id='word_1_1183' title='bbox 1638 2666 1668 2697; x_wconf 95' lang='lat' dir='ltr'>O</span> <span class='ocrx_word' id='word_1_1184' title='bbox 1693 2662 1874 2695; x_wconf 88' lang='lat' dir='ltr'>Dominandi</span> <span class='ocrx_word' id='word_1_1185' title='bbox 1893 2660 2056 2692; x_wconf 84' lang='lat' dir='ltr'>insatiabiles</span> <span class='ocrx_word' id='word_1_1186' title='bbox 2074 2656 2239 2696; x_wconf 81' lang='lat' dir='ltr'>Appetitusl</span> <span class='ocrx_word' id='word_1_1187' title='bbox 2260 2657 2357 2695; x_wconf 54' lang='lat' dir='ltr'>quisuae</span> 
     </span>
     <span class='ocr_line' id='line_1_149' title="bbox 1285 2695 2358 2748; baseline -0.012 -8"><span class='ocrx_word' id='word_1_1188' title='bbox 1285 2711 1364 2746; x_wconf 80' lang='lat' dir='ltr'>pemi</span> <span class='ocrx_word' id='word_1_1189' title='bbox 1385 2709 1470 2748; x_wconf 79' lang='lat' dir='ltr'>Regis</span> <span class='ocrx_word' id='word_1_1190' title='bbox 1488 2709 1516 2737; x_wconf 93' lang='lat' dir='ltr'>in</span> <span class='ocrx_word' id='word_1_1191' title='bbox 1531 2709 1582 2738; x_wconf 86' lang='lat' dir='ltr'>hiis</span> <span class='ocrx_word' id='word_1_1192' title='bbox 1597 2705 1733 2737; x_wconf 80' lang='lat' dir='ltr'>Mandata</span> <span class='ocrx_word' id='word_1_1193' title='bbox 1747 2703 1899 2740; x_wconf 87' lang='lat' dir='ltr'>negligunt</span> <span class='ocrx_word' id='word_1_1194' title='bbox 1913 2723 1923 2738; x_wconf 90' lang='lat'>,</span> <span class='ocrx_word' id='word_1_1195' title='bbox 1950 2709 1984 2730; x_wconf 88' lang='lat' dir='ltr'>ac</span> <span class='ocrx_word' id='word_1_1196' title='bbox 2004 2706 2047 2729; x_wconf 90' lang='lat' dir='ltr'>tot</span> <span class='ocrx_word' id='word_1_1197' title='bbox 2065 2699 2098 2729; x_wconf 65' lang='grc' dir='ltr'>ὃς</span> <span class='ocrx_word' id='word_1_1198' title='bbox 2119 2698 2198 2727; x_wconf 83' lang='lat' dir='ltr'>tantis</span> <span class='ocrx_word' id='word_1_1199' title='bbox 2223 2695 2308 2726; x_wconf 71' lang='lat' dir='ltr'>Malis</span> <span class='ocrx_word' id='word_1_1200' title='bbox 2324 2697 2358 2727; x_wconf 71' lang='grc' dir='ltr'>δί</span> 
     </span>
     <span class='ocr_line' id='line_1_150' title="bbox 1287 2747 1660 2778; baseline -0.011 0"><span class='ocrx_word' id='word_1_1201' title='bbox 1287 2747 1408 2778; x_wconf 84' lang='lat' dir='ltr'>Miseriis</span> <span class='ocrx_word' id='word_1_1202' title='bbox 1421 2758 1480 2777; x_wconf 92' lang='lat' dir='ltr'>non</span> <span class='ocrx_word' id='word_1_1203' title='bbox 1498 2754 1660 2777; x_wconf 87' lang='lat' dir='ltr'>moventur.</span> 
     </span>
    </p>

    <p class='ocr_par' dir='ltr' id='par_1_57' title="bbox 1287 2772 2363 3014">
     <span class='ocr_line' id='line_1_151' title="bbox 1324 2772 2361 2823; baseline -0.016 -5"><span class='ocrx_word' id='word_1_1204' title='bbox 1324 2786 1359 2817; x_wconf 90' lang='lat' dir='ltr'>In</span> <span class='ocrx_word' id='word_1_1205' title='bbox 1377 2786 1426 2816; x_wconf 89' lang='lat' dir='ltr'>illo</span> <span class='ocrx_word' id='word_1_1206' title='bbox 1437 2787 1524 2823; x_wconf 84' lang='lat' dir='ltr'>igitur</span> <span class='ocrx_word' id='word_1_1207' title='bbox 1538 2786 1690 2823; x_wconf 79' lang='lat' dir='ltr'>sperantes,</span> <span class='ocrx_word' id='word_1_1208' title='bbox 1714 2781 1762 2819; x_wconf 89' lang='lat' dir='ltr'>qui</span> <span class='ocrx_word' id='word_1_1209' title='bbox 1784 2777 1985 2810; x_wconf 84' lang='lat' dir='ltr'>Concordiam</span> <span class='ocrx_word' id='word_1_1210' title='bbox 2006 2777 2035 2806; x_wconf 90' lang='lat' dir='ltr'>in</span> <span class='ocrx_word' id='word_1_1211' title='bbox 2057 2774 2231 2818; x_wconf 34' lang='lat' dir='ltr'>S&#39;ublimibus</span> <span class='ocrx_word' id='word_1_1212' title='bbox 2250 2772 2361 2811; x_wconf 63' lang='lat' dir='ltr'>statuit,</span> 
     </span>
     <span class='ocr_line' id='line_1_152' title="bbox 1287 2811 2358 2862; baseline -0.016 -6"><span class='ocrx_word' id='word_1_1213' title='bbox 1287 2835 1319 2855; x_wconf 92' lang='lat' dir='ltr'>ac</span> <span class='ocrx_word' id='word_1_1214' title='bbox 1338 2825 1443 2856; x_wconf 87' lang='lat' dir='ltr'>Pacem</span> <span class='ocrx_word' id='word_1_1215' title='bbox 1456 2825 1570 2862; x_wconf 78' lang='lat' dir='ltr'>dilexit,</span> <span class='ocrx_word' id='word_1_1216' title='bbox 1590 2824 1622 2853; x_wconf 69' lang='grc' dir='ltr'>δε</span> <span class='ocrx_word' id='word_1_1217' title='bbox 1638 2821 1748 2858; x_wconf 89' lang='lat' dir='ltr'>reliquit</span> <span class='ocrx_word' id='word_1_1218' title='bbox 1764 2820 1792 2849; x_wconf 91' lang='lat' dir='ltr'>in</span> <span class='ocrx_word' id='word_1_1219' title='bbox 1805 2818 1920 2854; x_wconf 85' lang='lat' dir='ltr'>Terris,</span> <span class='ocrx_word' id='word_1_1220' title='bbox 1936 2818 1969 2848; x_wconf 84' lang='lat'>&amp;</span> <span class='ocrx_word' id='word_1_1221' title='bbox 1987 2816 2017 2844; x_wconf 89' lang='lat' dir='ltr'>in</span> <span class='ocrx_word' id='word_1_1222' title='bbox 2036 2823 2114 2850; x_wconf 77' lang='lat' dir='ltr'>cnjus</span> <span class='ocrx_word' id='word_1_1223' title='bbox 2135 2813 2224 2842; x_wconf 79' lang='lat' dir='ltr'>Manu</span> <span class='ocrx_word' id='word_1_1224' title='bbox 2240 2811 2358 2850; x_wconf 69' lang='lat' dir='ltr'>Regum</span> 
     </span>
     <span class='ocr_line' id='line_1_153' title="bbox 1288 2850 2360 2899; baseline -0.016 -5"><span class='ocrx_word' id='word_1_1225' title='bbox 1288 2864 1385 2895; x_wconf 89' lang='lat' dir='ltr'>Corda</span> <span class='ocrx_word' id='word_1_1226' title='bbox 1402 2863 1570 2899; x_wconf 85' lang='lat' dir='ltr'>consistunt,</span> <span class='ocrx_word' id='word_1_1227' title='bbox 1590 2864 1623 2893; x_wconf 66' lang='grc' dir='ltr'>ὃς</span> <span class='ocrx_word' id='word_1_1228' title='bbox 1639 2860 1773 2889; x_wconf 86' lang='lat' dir='ltr'>omnium</span> <span class='ocrx_word' id='word_1_1229' title='bbox 1790 2857 1961 2893; x_wconf 83' lang='lat' dir='ltr'>Principum</span> <span class='ocrx_word' id='word_1_1230' title='bbox 1981 2852 2150 2889; x_wconf 66' lang='lat' dir='ltr'>potestates,</span> <span class='ocrx_word' id='word_1_1231' title='bbox 2177 2850 2210 2881; x_wconf 89' lang='lat' dir='ltr'>ad</span> <span class='ocrx_word' id='word_1_1232' title='bbox 2227 2850 2274 2879; x_wconf 91' lang='lat' dir='ltr'>Te</span> <span class='ocrx_word' id='word_1_1233' title='bbox 2292 2855 2300 2883; x_wconf 83' lang='lat'><em>(</em></span> <span class='ocrx_word' id='word_1_1234' title='bbox 2312 2860 2360 2883; x_wconf 55' lang='lat' dir='ltr'>ca÷</span> 
     </span>
     <span class='ocr_line' id='line_1_154' title="bbox 1289 2888 2360 2939; baseline -0.015 -7"><span class='ocrx_word' id='word_1_1235' title='bbox 1289 2903 1392 2934; x_wconf 77' lang='lat' dir='ltr'>tissime</span> <span class='ocrx_word' id='word_1_1236' title='bbox 1410 2902 1492 2939; x_wconf 86' lang='lat' dir='ltr'>Filii)</span> <span class='ocrx_word' id='word_1_1237' title='bbox 1512 2901 1678 2937; x_wconf 64' lang='lat' dir='ltr'>did‘tumque</span> <span class='ocrx_word' id='word_1_1238' title='bbox 1688 2897 1850 2936; x_wconf 78' lang='lat' dir='ltr'>johannem</span> <span class='ocrx_word' id='word_1_1239' title='bbox 1866 2894 1981 2929; x_wconf 63' lang='lat' dir='ltr'>Regem</span> <span class='ocrx_word' id='word_1_1240' title='bbox 2002 2892 2176 2922; x_wconf 87' lang='lat' dir='ltr'>Francorum</span> <span class='ocrx_word' id='word_1_1241' title='bbox 2195 2911 2204 2927; x_wconf 84' lang='lat'>‚</span> <span class='ocrx_word' id='word_1_1242' title='bbox 2222 2898 2274 2926; x_wconf 86' lang='lat' dir='ltr'>pro</span> <span class='ocrx_word' id='word_1_1243' title='bbox 2290 2888 2360 2932; x_wconf 74' lang='lat' dir='ltr'>Fine</span> 
     </span>
     <span class='ocr_line' id='line_1_155' title="bbox 1290 2927 2363 2978; baseline -0.016 -6"><span class='ocrx_word' id='word_1_1244' title='bbox 1290 2940 1376 2971; x_wconf 87' lang='lat' dir='ltr'>Malis</span> <span class='ocrx_word' id='word_1_1245' title='bbox 1397 2940 1557 2978; x_wconf 83' lang='lat' dir='ltr'>hujusmodi</span> <span class='ocrx_word' id='word_1_1246' title='bbox 1571 2936 1757 2975; x_wconf 88' lang='lat' dir='ltr'>‘imponendo</span> <span class='ocrx_word' id='word_1_1247' title='bbox 1770 2959 1779 2972; x_wconf 92' lang='lat'>,</span> <span class='ocrx_word' id='word_1_1248' title='bbox 1804 2935 1838 2966; x_wconf 75' lang='grc' dir='ltr'>ὅτ.</span> <span class='ocrx_word' id='word_1_1249' title='bbox 1870 2932 1949 2962; x_wconf 88' lang='lat' dir='ltr'>Pacis</span> <span class='ocrx_word' id='word_1_1250' title='bbox 1967 2931 2047 2960; x_wconf 89' lang='lat' dir='ltr'>bono</span> <span class='ocrx_word' id='word_1_1251' title='bbox 2067 2927 2223 2966; x_wconf 83' lang='lat' dir='ltr'>captandO,</span> <span class='ocrx_word' id='word_1_1252' title='bbox 2241 2928 2363 2965; x_wconf 87' lang='lat' dir='ltr'>repetitis</span> 
     </span>
     <span class='ocr_line' id='line_1_156' title="bbox 1290 2970 2356 3014; baseline -0.017 -3"><span class='ocrx_word' id='word_1_1253' title='bbox 1290 2979 1429 3010; x_wconf 85' lang='lat' dir='ltr'>Instantiis</span> <span class='ocrx_word' id='word_1_1254' title='bbox 1446 2979 1481 3009; x_wconf 90' lang='lat' dir='ltr'>de</span> <span class='ocrx_word' id='word_1_1255' title='bbox 1499 2988 1578 3008; x_wconf 89' lang='lat' dir='ltr'>novo</span> <span class='ocrx_word' id='word_1_1256' title='bbox 1599 2975 1774 3014; x_wconf 87' lang='lat' dir='ltr'>providimus</span> <span class='ocrx_word' id='word_1_1257' title='bbox 1788 2970 1999 3003; x_wconf 87' lang='lat' dir='ltr'>remittendum.</span> <span class='ocrx_word' id='word_1_1258' title='bbox 2126 3006 2131 3011; x_wconf 23' lang='grc' dir='ltr'>ἑ</span> <span class='ocrx_word' id='word_1_1259' title='bbox 2353 2992 2356 2994; x_wconf 77' lang='grc'>,</span> 
     </span>
    </p>

    <p class='ocr_par' dir='ltr' id='par_1_58' title="bbox 1292 3006 2364 3438">
     <span class='ocr_line' id='line_1_157' title="bbox 1328 3006 2362 3056; baseline -0.015 -7"><span class='ocrx_word' id='word_1_1260' title='bbox 1328 3019 1451 3056; x_wconf 85' lang='lat' dir='ltr'>[deoque</span> <span class='ocrx_word' id='word_1_1261' title='bbox 1470 3017 1654 3048; x_wconf 88' lang='lat' dir='ltr'>Serenitatem</span> <span class='ocrx_word' id='word_1_1262' title='bbox 1670 3023 1764 3050; x_wconf 86' lang='lat' dir='ltr'>tuam,</span> <span class='ocrx_word' id='word_1_1263' title='bbox 1783 3010 1886 3042; x_wconf 90' lang='lat' dir='ltr'>Preces</span> <span class='ocrx_word' id='word_1_1264' title='bbox 1903 3008 2032 3039; x_wconf 69' lang='lat' dir='ltr'>addentes</span> <span class='ocrx_word' id='word_1_1265' title='bbox 2050 3006 2206 3044; x_wconf 81' lang='lat' dir='ltr'>Precibus,</span> <span class='ocrx_word' id='word_1_1266' title='bbox 2232 3013 2362 3045; x_wconf 76' lang='lat' dir='ltr'>rogamus</span> 
     </span>
     <span class='ocr_line' id='line_1_158' title="bbox 1292 3042 2358 3092; baseline -0.017 -3"><span class='ocrx_word' id='word_1_1267' title='bbox 1292 3058 1326 3088; x_wconf 88' lang='lat'>&amp;</span> <span class='ocrx_word' id='word_1_1268' title='bbox 1341 3057 1486 3088; x_wconf 72' lang='lat' dir='ltr'>hortamur</span> <span class='ocrx_word' id='word_1_1269' title='bbox 1505 3056 1609 3086; x_wconf 78' lang='lat' dir='ltr'>attente</span> <span class='ocrx_word' id='word_1_1270' title='bbox 1624 3077 1634 3092; x_wconf 94' lang='lat'>,</span> <span class='ocrx_word' id='word_1_1271' title='bbox 1657 3054 1690 3084; x_wconf 74' lang='grc' dir='ltr'>δε</span> <span class='ocrx_word' id='word_1_1272' title='bbox 1714 3062 1763 3090; x_wconf 89' lang='lat' dir='ltr'>per</span> <span class='ocrx_word' id='word_1_1273' title='bbox 1780 3049 1965 3088; x_wconf 88' lang='lat' dir='ltr'>aspersionem</span> <span class='ocrx_word' id='word_1_1274' title='bbox 1990 3045 2102 3083; x_wconf 82' lang='lat' dir='ltr'>gloriosi</span> <span class='ocrx_word' id='word_1_1275' title='bbox 2125 3044 2276 3078; x_wconf 53' lang='lat' dir='ltr'>Sanguinis</span> <span class='ocrx_word' id='word_1_1276' title='bbox 2296 3042 2358 3080; x_wconf 81' lang='lat' dir='ltr'>Jciu</span> 
     </span>
     <span class='ocr_line' id='line_1_159' title="bbox 1292 3082 2358 3128; baseline -0.017 -1"><span class='ocrx_word' id='word_1_1277' title='bbox 1292 3095 1400 3126; x_wconf 88' lang='lat' dir='ltr'>Christi</span> <span class='ocrx_word' id='word_1_1278' title='bbox 1418 3096 1547 3126; x_wconf 82' lang='lat' dir='ltr'>attentius</span> <span class='ocrx_word' id='word_1_1279' title='bbox 1565 3092 1743 3123; x_wconf 86' lang='lat' dir='ltr'>obsecramus</span> <span class='ocrx_word' id='word_1_1280' title='bbox 1758 3115 1767 3128; x_wconf 86' lang='lat'>,</span> <span class='ocrx_word' id='word_1_1281' title='bbox 1793 3089 1919 3126; x_wconf 79' lang='lat' dir='ltr'>quatinus</span> <span class='ocrx_word' id='word_1_1282' title='bbox 1938 3084 1972 3115; x_wconf 87' lang='lat' dir='ltr'>ad</span> <span class='ocrx_word' id='word_1_1283' title='bbox 1998 3085 2089 3122; x_wconf 90' lang='lat' dir='ltr'>ipsum</span> <span class='ocrx_word' id='word_1_1284' title='bbox 2108 3082 2281 3124; x_wconf 79' lang='lat' dir='ltr'>Salvatorern</span> <span class='ocrx_word' id='word_1_1285' title='bbox 2302 3090 2358 3109; x_wconf 89' lang='lat' dir='ltr'>no-</span> 
     </span>
     <span class='ocr_line' id='line_1_160' title="bbox 1294 3120 2361 3171; baseline -0.018 -5"><span class='ocrx_word' id='word_1_1286' title='bbox 1294 3134 1381 3165; x_wconf 89' lang='lat' dir='ltr'>strum</span> <span class='ocrx_word' id='word_1_1287' title='bbox 1400 3135 1534 3165; x_wconf 86' lang='lat' dir='ltr'>intuitum</span> <span class='ocrx_word' id='word_1_1288' title='bbox 1549 3132 1687 3171; x_wconf 85' lang='lat' dir='ltr'>dirigeris,</span> <span class='ocrx_word' id='word_1_1289' title='bbox 1707 3131 1740 3161; x_wconf 64' lang='grc' dir='ltr'>ὃς</span> <span class='ocrx_word' id='word_1_1290' title='bbox 1756 3128 1854 3159; x_wconf 78' lang='lat' dir='ltr'>collata</span> <span class='ocrx_word' id='word_1_1291' title='bbox 1872 3126 1925 3156; x_wconf 87' lang='lat' dir='ltr'>tibi</span> <span class='ocrx_word' id='word_1_1292' title='bbox 1941 3125 1976 3154; x_wconf 89' lang='lat' dir='ltr'>ab</span> <span class='ocrx_word' id='word_1_1293' title='bbox 1998 3133 2033 3154; x_wconf 90' lang='lat' dir='ltr'>eo</span> <span class='ocrx_word' id='word_1_1294' title='bbox 2048 3121 2182 3153; x_wconf 78' lang='lat' dir='ltr'>immensa</span> <span class='ocrx_word' id='word_1_1295' title='bbox 2198 3120 2361 3162; x_wconf 62' lang='lat' dir='ltr'>Graiarum</span> 
     </span>
     <span class='ocr_line' id='line_1_161' title="bbox 1294 3158 2362 3209; baseline -0.017 -6"><span class='ocrx_word' id='word_1_1296' title='bbox 1294 3173 1416 3204; x_wconf 88' lang='lat' dir='ltr'>Munera</span> <span class='ocrx_word' id='word_1_1297' title='bbox 1437 3170 1643 3209; x_wconf 84' lang='lat' dir='ltr'>recognoscens</span> <span class='ocrx_word' id='word_1_1298' title='bbox 1658 3192 1668 3208; x_wconf 86' lang='lat'>,</span> <span class='ocrx_word' id='word_1_1299' title='bbox 1690 3169 1730 3198; x_wconf 92' lang='lat' dir='ltr'>ob</span> <span class='ocrx_word' id='word_1_1300' title='bbox 1746 3167 1825 3205; x_wconf 89' lang='lat' dir='ltr'>ipsius</span> <span class='ocrx_word' id='word_1_1301' title='bbox 1844 3162 2046 3195; x_wconf 87' lang='lat' dir='ltr'>Reverentiarn</span> <span class='ocrx_word' id='word_1_1302' title='bbox 2061 3184 2071 3199; x_wconf 85' lang='lat'>,</span> <span class='ocrx_word' id='word_1_1303' title='bbox 2099 3170 2212 3190; x_wconf 88' lang='lat' dir='ltr'>necnon</span> <span class='ocrx_word' id='word_1_1304' title='bbox 2232 3158 2362 3201; x_wconf 64' lang='lat' dir='ltr'>Publicae</span> 
     </span>
     <span class='ocr_line' id='line_1_162' title="bbox 1292 3195 2363 3247; baseline -0.019 -3"><span class='ocrx_word' id='word_1_1305' title='bbox 1292 3212 1430 3243; x_wconf 80' lang='lat' dir='ltr'>Utilitatis</span> <span class='ocrx_word' id='word_1_1306' title='bbox 1448 3212 1598 3247; x_wconf 86' lang='lat' dir='ltr'>intuitum,</span> <span class='ocrx_word' id='word_1_1307' title='bbox 1616 3218 1649 3238; x_wconf 85' lang='lat' dir='ltr'>ac</span> <span class='ocrx_word' id='word_1_1308' title='bbox 1669 3207 1771 3236; x_wconf 83' lang='lat' dir='ltr'>nostrae</span> <span class='ocrx_word' id='word_1_1309' title='bbox 1786 3202 2023 3235; x_wconf 87' lang='lat' dir='ltr'>Consideratioiiis</span> <span class='ocrx_word' id='word_1_1310' title='bbox 2036 3196 2278 3234; x_wconf 84' lang='lat' dir='ltr'>obtentum,velis</span> <span class='ocrx_word' id='word_1_1311' title='bbox 2291 3195 2363 3225; x_wconf 88' lang='lat' dir='ltr'>Ani-</span> 
     </span>
     <span class='ocr_line' id='line_1_163' title="bbox 1294 3234 2364 3283; baseline -0.017 0"><span class='ocrx_word' id='word_1_1312' title='bbox 1294 3261 1374 3282; x_wconf 85' lang='lat' dir='ltr'>mum</span> <span class='ocrx_word' id='word_1_1313' title='bbox 1388 3260 1468 3281; x_wconf 89' lang='lat' dir='ltr'>tuum</span> <span class='ocrx_word' id='word_1_1314' title='bbox 1487 3249 1520 3280; x_wconf 89' lang='lat' dir='ltr'>ad</span> <span class='ocrx_word' id='word_1_1315' title='bbox 1536 3248 1658 3283; x_wconf 79' lang='lat' dir='ltr'>Pacem,</span> <span class='ocrx_word' id='word_1_1316' title='bbox 1675 3247 1746 3275; x_wconf 68' lang='lat' dir='ltr'>curn</span> <span class='ocrx_word' id='word_1_1317' title='bbox 1766 3243 1826 3281; x_wconf 86' lang='lat' dir='ltr'>ipso</span> <span class='ocrx_word' id='word_1_1318' title='bbox 1841 3241 2017 3272; x_wconf 89' lang='lat' dir='ltr'>Francorum</span> <span class='ocrx_word' id='word_1_1319' title='bbox 2034 3238 2117 3281; x_wconf 80' lang='lat' dir='ltr'>Rege</span> <span class='ocrx_word' id='word_1_1320' title='bbox 2125 3234 2310 3277; x_wconf 78' lang='lat' dir='ltr'>firmandam,</span> <span class='ocrx_word' id='word_1_1321' title='bbox 2328 3234 2364 3265; x_wconf 66' lang='grc' dir='ltr'>ὃς</span> 
     </span>
     <span class='ocr_line' id='line_1_164' title="bbox 1293 3272 2364 3329; baseline -0.019 -8"><span class='ocrx_word' id='word_1_1322' title='bbox 1293 3289 1408 3320; x_wconf 68' lang='lat' dir='ltr'>effeetui</span> <span class='ocrx_word' id='word_1_1323' title='bbox 1424 3287 1590 3329; x_wconf 78' lang='lat' dir='ltr'>quamcitius</span> <span class='ocrx_word' id='word_1_1324' title='bbox 1609 3283 1856 3319; x_wconf 79' lang='lat' dir='ltr'>demandandam,</span> <span class='ocrx_word' id='word_1_1325' title='bbox 1884 3289 1953 3311; x_wconf 90' lang='lat' dir='ltr'>cum</span> <span class='ocrx_word' id='word_1_1326' title='bbox 1971 3277 2130 3308; x_wconf 82' lang='lat' dir='ltr'>Clementia</span> <span class='ocrx_word' id='word_1_1327' title='bbox 2152 3274 2250 3313; x_wconf 80' lang='lat' dir='ltr'>Regiae</span> <span class='ocrx_word' id='word_1_1328' title='bbox 2273 3272 2364 3316; x_wconf 61' lang='lat' dir='ltr'>Man-3</span> 
     </span>
     <span class='ocr_line' id='line_1_165' title="bbox 1294 3319 2364 3363; baseline -0.02 -3"><span class='ocrx_word' id='word_1_1329' title='bbox 1294 3328 1444 3360; x_wconf 87' lang='lat' dir='ltr'>suetudinis</span> <span class='ocrx_word' id='word_1_1330' title='bbox 1462 3326 1612 3363; x_wconf 87' lang='lat' dir='ltr'>inclinare,</span> <span class='ocrx_word' id='word_1_1331' title='bbox 1627 3325 1659 3355; x_wconf 88' lang='lat'>&amp;</span> <span class='ocrx_word' id='word_1_1332' title='bbox 1675 3322 1736 3353; x_wconf 87' lang='lat' dir='ltr'>talia</span> <span class='ocrx_word' id='word_1_1333' title='bbox 1755 3331 1823 3352; x_wconf 91' lang='lat' dir='ltr'>cum</span> <span class='ocrx_word' id='word_1_1334' title='bbox 1840 3330 1876 3351; x_wconf 92' lang='lat' dir='ltr'>eo</span> <span class='ocrx_word' id='word_1_1335' title='bbox 1895 3325 2069 3360; x_wconf 32' lang='lat' dir='ltr'>com-ponere</span> <span class='ocrx_word' id='word_1_1336' title='bbox 2085 3337 2094 3352; x_wconf 83' lang='lat'>‚</span> <span class='ocrx_word' id='word_1_1337' title='bbox 2117 3322 2180 3356; x_wconf 73' lang='lat' dir='ltr'>quze</span> <span class='ocrx_word' id='word_1_1338' title='bbox 2196 3335 2206 3350; x_wconf 92' lang='lat'>,</span> <span class='ocrx_word' id='word_1_1339' title='bbox 2233 3321 2301 3341; x_wconf 92' lang='lat' dir='ltr'>cum</span> <span class='ocrx_word' id='word_1_1340' title='bbox 2322 3319 2364 3340; x_wconf 77' lang='lat' dir='ltr'>tui</span> 
     </span>
     <span class='ocr_line' id='line_1_166' title="bbox 1293 3348 2363 3402; baseline -0.019 -4"><span class='ocrx_word' id='word_1_1341' title='bbox 1293 3367 1423 3398; x_wconf 86' lang='lat' dir='ltr'>Honoris</span> <span class='ocrx_word' id='word_1_1342' title='bbox 1437 3368 1470 3398; x_wconf 66' lang='grc' dir='ltr'>ὃς</span> <span class='ocrx_word' id='word_1_1343' title='bbox 1489 3363 1580 3396; x_wconf 69' lang='lat' dir='ltr'>Status</span> <span class='ocrx_word' id='word_1_1344' title='bbox 1597 3369 1751 3402; x_wconf 85' lang='lat' dir='ltr'>augmento</span> <span class='ocrx_word' id='word_1_1345' title='bbox 1764 3383 1774 3399; x_wconf 86' lang='lat'>,</span> <span class='ocrx_word' id='word_1_1346' title='bbox 1803 3359 1871 3389; x_wconf 90' lang='lat' dir='ltr'>Deo</span> <span class='ocrx_word' id='word_1_1347' title='bbox 1888 3365 2011 3396; x_wconf 87' lang='lat' dir='ltr'>propitio</span> <span class='ocrx_word' id='word_1_1348' title='bbox 2023 3378 2032 3393; x_wconf 90' lang='lat'>,</span> <span class='ocrx_word' id='word_1_1349' title='bbox 2056 3351 2171 3392; x_wconf 84' lang='lat' dir='ltr'>perduci</span> <span class='ocrx_word' id='word_1_1350' title='bbox 2197 3350 2306 3381; x_wconf 85' lang='lat' dir='ltr'>valeant</span> <span class='ocrx_word' id='word_1_1351' title='bbox 2325 3348 2363 3381; x_wconf 88' lang='lat' dir='ltr'>ad</span> 
     </span>
     <span class='ocr_line' id='line_1_167' title="bbox 1293 3405 2361 3438; baseline -0.003 -2"><span class='ocrx_word' id='word_1_1352' title='bbox 1293 3405 1440 3437; x_wconf 72' lang='lat' dir='ltr'>effectum.</span> <span class='ocrx_word' id='word_1_1353' title='bbox 1977 3434 1981 3438; x_wconf 88' lang='grc'><strong>,</strong></span> <span class='ocrx_word' id='word_1_1354' title='bbox 2227 3429 2231 3433; x_wconf 95' lang='grc'>.</span> <span class='ocrx_word' id='word_1_1355' title='bbox 2268 3427 2273 3433; x_wconf 90' lang='grc'>.</span> <span class='ocrx_word' id='word_1_1356' title='bbox 2323 3405 2328 3411; x_wconf 90' lang='grc'>’</span> <span class='ocrx_word' id='word_1_1357' title='bbox 2355 3422 2361 3425; x_wconf 87' lang='lat'>-</span> 
     </span>
    </p>

    <p class='ocr_par' dir='ltr' id='par_1_59' title="bbox 1295 3426 2367 3673">
     <span class='ocr_line' id='line_1_168' title="bbox 1332 3426 2364 3483; baseline -0.02 -8"><span class='ocrx_word' id='word_1_1358' title='bbox 1332 3445 1372 3476; x_wconf 87' lang='lat' dir='ltr'>Ita</span> <span class='ocrx_word' id='word_1_1359' title='bbox 1389 3443 1468 3483; x_wconf 84' lang='lat' dir='ltr'>quod</span> <span class='ocrx_word' id='word_1_1360' title='bbox 1483 3452 1517 3473; x_wconf 81' lang='lat' dir='ltr'>ex</span> <span class='ocrx_word' id='word_1_1361' title='bbox 1535 3440 1592 3480; x_wconf 62' lang='lat' dir='ltr'>ipsi</span> <span class='ocrx_word' id='word_1_1362' title='bbox 1611 3438 1657 3471; x_wconf 60' lang='lat' dir='ltr'>tusi</span> <span class='ocrx_word' id='word_1_1363' title='bbox 1677 3436 1897 3469; x_wconf 79' lang='lat' dir='ltr'>Mansuetudinis</span> <span class='ocrx_word' id='word_1_1364' title='bbox 1914 3433 2056 3476; x_wconf 54' lang='lat' dir='ltr'>laenitate,</span> <span class='ocrx_word' id='word_1_1365' title='bbox 2074 3429 2129 3459; x_wconf 79' lang='lat' dir='ltr'>fine</span> <span class='ocrx_word' id='word_1_1366' title='bbox 2145 3427 2287 3472; x_wconf 62' lang='lat' dir='ltr'>praedietis</span> <span class='ocrx_word' id='word_1_1367' title='bbox 2296 3426 2364 3472; x_wconf 76' lang='lat' dir='ltr'>Ma-</span> 
     </span>
     <span class='ocr_line' id='line_1_169' title="bbox 1295 3467 2363 3521; baseline -0.021 -7"><span class='ocrx_word' id='word_1_1368' title='bbox 1295 3482 1327 3514; x_wconf 89' lang='lat' dir='ltr'>lis</span> <span class='ocrx_word' id='word_1_1369' title='bbox 1343 3483 1492 3521; x_wconf 85' lang='lat' dir='ltr'>imposito,</span> <span class='ocrx_word' id='word_1_1370' title='bbox 1511 3482 1579 3511; x_wconf 85' lang='lat' dir='ltr'>hinc</span> <span class='ocrx_word' id='word_1_1371' title='bbox 1594 3478 1659 3509; x_wconf 81' lang='lat' dir='ltr'>inde</span> <span class='ocrx_word' id='word_1_1372' title='bbox 1681 3477 1793 3509; x_wconf 90' lang='lat' dir='ltr'>Bonum</span> <span class='ocrx_word' id='word_1_1373' title='bbox 1816 3475 1897 3504; x_wconf 85' lang='lat' dir='ltr'>Pacis</span> <span class='ocrx_word' id='word_1_1374' title='bbox 1915 3471 2030 3502; x_wconf 79' lang='lat' dir='ltr'>arrideat</span> <span class='ocrx_word' id='word_1_1375' title='bbox 2045 3492 2055 3507; x_wconf 93' lang='lat'>,</span> <span class='ocrx_word' id='word_1_1376' title='bbox 2081 3467 2278 3510; x_wconf 78' lang='lat' dir='ltr'>Tranquillitas</span> <span class='ocrx_word' id='word_1_1377' title='bbox 2292 3467 2363 3496; x_wconf 82' lang='lat' dir='ltr'>oiim</span> 
     </span>
     <span class='ocr_line' id='line_1_170' title="bbox 1296 3505 2365 3555; baseline -0.02 -2"><span class='ocrx_word' id='word_1_1378' title='bbox 1296 3522 1430 3552; x_wconf 86' lang='lat' dir='ltr'>consueta</span> <span class='ocrx_word' id='word_1_1379' title='bbox 1447 3521 1591 3555; x_wconf 75' lang='lat' dir='ltr'>refloreat,</span> <span class='ocrx_word' id='word_1_1380' title='bbox 1610 3515 1718 3555; x_wconf 83' lang='lat' dir='ltr'>justitia</span> <span class='ocrx_word' id='word_1_1381' title='bbox 1744 3514 1879 3553; x_wconf 84' lang='lat' dir='ltr'>prostrata</span> <span class='ocrx_word' id='word_1_1382' title='bbox 1906 3510 2028 3553; x_wconf 84' lang='lat' dir='ltr'>resurgat</span> <span class='ocrx_word' id='word_1_1383' title='bbox 2041 3529 2051 3545; x_wconf 83' lang='grc'>,</span> <span class='ocrx_word' id='word_1_1384' title='bbox 2076 3506 2203 3537; x_wconf 76' lang='lat' dir='ltr'>Eccieiii</span> <span class='ocrx_word' id='word_1_1385' title='bbox 2223 3505 2365 3542; x_wconf 67' lang='lat' dir='ltr'>gaudeat,</span> 
     </span>
     <span class='ocr_line' id='line_1_171' title="bbox 1297 3542 2365 3594; baseline -0.02 -2"><span class='ocrx_word' id='word_1_1386' title='bbox 1297 3560 1449 3591; x_wconf 82' lang='lat' dir='ltr'>Catliolica</span> <span class='ocrx_word' id='word_1_1387' title='bbox 1469 3558 1550 3589; x_wconf 86' lang='lat' dir='ltr'>Fides</span> <span class='ocrx_word' id='word_1_1388' title='bbox 1566 3555 1686 3594; x_wconf 72' lang='lat' dir='ltr'>exultet,</span> <span class='ocrx_word' id='word_1_1389' title='bbox 1704 3555 1814 3593; x_wconf 85' lang='lat' dir='ltr'>ipsaque</span> <span class='ocrx_word' id='word_1_1390' title='bbox 1834 3549 2000 3586; x_wconf 80' lang='lat' dir='ltr'>Respublica</span> <span class='ocrx_word' id='word_1_1391' title='bbox 2008 3545 2158 3590; x_wconf 80' lang='lat' dir='ltr'>collaetetur</span> <span class='ocrx_word' id='word_1_1392' title='bbox 2169 3544 2291 3587; x_wconf 87' lang='lat' dir='ltr'>,Tuque</span> <span class='ocrx_word' id='word_1_1393' title='bbox 2301 3542 2365 3587; x_wconf 63' lang='lat' dir='ltr'>Rex</span> 
     </span>
     <span class='ocr_line' id='line_1_172' title="bbox 1297 3581 2367 3637; baseline -0.018 -7"><span class='ocrx_word' id='word_1_1394' title='bbox 1297 3599 1430 3637; x_wconf 80' lang='lat' dir='ltr'>pacificus</span> <span class='ocrx_word' id='word_1_1395' title='bbox 1446 3596 1660 3634; x_wconf 75' lang='lat' dir='ltr'>comproberis,</span> <span class='ocrx_word' id='word_1_1396' title='bbox 1678 3596 1711 3626; x_wconf 71' lang='grc' dir='ltr'>δε</span> <span class='ocrx_word' id='word_1_1397' title='bbox 1722 3594 1800 3632; x_wconf 79' lang='lat' dir='ltr'>juxta</span> <span class='ocrx_word' id='word_1_1398' title='bbox 1819 3587 2022 3627; x_wconf 83' lang='lat' dir='ltr'>Evangelicam</span> <span class='ocrx_word' id='word_1_1399' title='bbox 2038 3584 2194 3615; x_wconf 83' lang='lat' dir='ltr'>Veritatem</span> <span class='ocrx_word' id='word_1_1400' title='bbox 2209 3582 2266 3614; x_wconf 90' lang='lat' dir='ltr'>Dei</span> <span class='ocrx_word' id='word_1_1401' title='bbox 2282 3581 2367 3612; x_wconf 82' lang='lat' dir='ltr'>Filius</span> 
     </span>
     <span class='ocr_line' id='line_1_173' title="bbox 1299 3635 2365 3673; baseline -0.02 -3"><span class='ocrx_word' id='word_1_1402' title='bbox 1299 3638 1390 3669; x_wconf 83' lang='lat' dir='ltr'>valeas</span> <span class='ocrx_word' id='word_1_1403' title='bbox 1407 3635 1570 3673; x_wconf 82' lang='lat' dir='ltr'>nuncupari.</span> <span class='ocrx_word' id='word_1_1404' title='bbox 1877 3666 1882 3671; x_wconf 40' lang='grc'><em>,</em></span> <span class='ocrx_word' id='word_1_1405' title='bbox 1940 3664 1944 3669; x_wconf 23' lang='grc' dir='ltr'>ἰ</span> <span class='ocrx_word' id='word_1_1406' title='bbox 1961 3663 1975 3668; x_wconf 81' lang='lat'>‚.</span> <span class='ocrx_word' id='word_1_1407' title='bbox 2135 3662 2140 3666; x_wconf 32' lang='grc' dir='ltr'>ι</span> <span class='ocrx_word' id='word_1_1408' title='bbox 2234 3659 2238 3663; x_wconf 23' lang='lat'><strong>⁴</strong></span> <span class='ocrx_word' id='word_1_1409' title='bbox 2289 3646 2293 3650; x_wconf 83' lang='grc'><em>.</em></span> <span class='ocrx_word' id='word_1_1410' title='bbox 2348 3646 2365 3656; x_wconf 53' lang='grc'>.-</span> 
     </span>
    </p>

    <p class='ocr_par' dir='ltr' id='par_1_60' title="bbox 1298 3657 2393 3902">
     <span class='ocr_line' id='line_1_174' title="bbox 1333 3657 2367 3709; baseline -0.019 -2"><span class='ocrx_word' id='word_1_1411' title='bbox 1333 3675 1371 3707; x_wconf 88' lang='lat' dir='ltr'>Et</span> <span class='ocrx_word' id='word_1_1412' title='bbox 1389 3674 1594 3706; x_wconf 86' lang='lat' dir='ltr'>nichilominus</span> <span class='ocrx_word' id='word_1_1413' title='bbox 1608 3671 1685 3709; x_wconf 80' lang='lat' dir='ltr'>super</span> <span class='ocrx_word' id='word_1_1414' title='bbox 1702 3670 1770 3706; x_wconf 83' lang='lat' dir='ltr'>hiis,</span> <span class='ocrx_word' id='word_1_1415' title='bbox 1787 3665 1897 3697; x_wconf 71' lang='lat' dir='ltr'>dilecCtis</span> <span class='ocrx_word' id='word_1_1416' title='bbox 1913 3663 2005 3700; x_wconf 90' lang='lat' dir='ltr'>Filiis,</span> <span class='ocrx_word' id='word_1_1417' title='bbox 2021 3661 2141 3701; x_wconf 90' lang='lat' dir='ltr'>Symoni</span> <span class='ocrx_word' id='word_1_1418' title='bbox 2156 3657 2298 3695; x_wconf 84' lang='lat' dir='ltr'>Magistro</span> <span class='ocrx_word' id='word_1_1419' title='bbox 2307 3657 2367 3694; x_wconf 49' lang='lat' dir='ltr'>Orq</span> 
     </span>
     <span class='ocr_line' id='line_1_175' title="bbox 1298 3696 2369 3746; baseline -0.019 1"><span class='ocrx_word' id='word_1_1420' title='bbox 1298 3715 1369 3746; x_wconf 60' lang='lat' dir='ltr'>dini»-</span> <span class='ocrx_word' id='word_1_1421' title='bbox 1389 3715 1516 3746; x_wconf 82' lang='lat' dir='ltr'>Fratrum</span> <span class='ocrx_word' id='word_1_1422' title='bbox 1545 3710 1771 3741; x_wconf 76' lang='lat' dir='ltr'>Praedicatorum</span> <span class='ocrx_word' id='word_1_1423' title='bbox 1786 3729 1795 3744; x_wconf 83' lang='lat'>,</span> <span class='ocrx_word' id='word_1_1424' title='bbox 1819 3706 1852 3736; x_wconf 86' lang='lat'>&amp;</span> <span class='ocrx_word' id='word_1_1425' title='bbox 1877 3702 2040 3732; x_wconf 89' lang='lat' dir='ltr'>Willielmo</span> <span class='ocrx_word' id='word_1_1426' title='bbox 2063 3700 2099 3744; x_wconf 81' lang='lat' dir='ltr'>de</span> <span class='ocrx_word' id='word_1_1427' title='bbox 2124 3699 2218 3743; x_wconf 70' lang='lat' dir='ltr'>Lcnne</span> <span class='ocrx_word' id='word_1_1428' title='bbox 2243 3696 2369 3727; x_wconf 90' lang='lat' dir='ltr'>Decano</span> 
     </span>
     <span class='ocr_line' id='line_1_176' title="bbox 1299 3734 2370 3787; baseline -0.022 -1"><span class='ocrx_word' id='word_1_1429' title='bbox 1299 3754 1433 3785; x_wconf 76' lang='lat' dir='ltr'>Ecclesiae</span> <span class='ocrx_word' id='word_1_1430' title='bbox 1451 3748 1648 3787; x_wconf 84' lang='lat' dir='ltr'>Cicestrensis,</span> <span class='ocrx_word' id='word_1_1431' title='bbox 1665 3745 1821 3784; x_wconf 80' lang='lat' dir='ltr'>Capellano</span> <span class='ocrx_word' id='word_1_1432' title='bbox 1841 3741 1939 3772; x_wconf 89' lang='lat' dir='ltr'>nostro</span> <span class='ocrx_word' id='word_1_1433' title='bbox 1950 3741 1983 3771; x_wconf 71' lang='grc' dir='ltr'>ὅτ.</span> <span class='ocrx_word' id='word_1_1434' title='bbox 2001 3739 2132 3770; x_wconf 87' lang='lat' dir='ltr'>Auditori</span> <span class='ocrx_word' id='word_1_1435' title='bbox 2150 3735 2303 3779; x_wconf 77' lang='lat' dir='ltr'>Causarum</span> <span class='ocrx_word' id='word_1_1436' title='bbox 2315 3734 2370 3779; x_wconf 56' lang='lat' dir='ltr'>Pa?</span> 
     </span>
     <span class='ocr_line' id='line_1_177' title="bbox 1300 3774 2370 3831; baseline -0.021 -7"><span class='ocrx_word' id='word_1_1437' title='bbox 1300 3793 1356 3823; x_wconf 92' lang='lat' dir='ltr'>latii</span> <span class='ocrx_word' id='word_1_1438' title='bbox 1377 3789 1553 3831; x_wconf 87' lang='lat' dir='ltr'>Apostolici,</span> <span class='ocrx_word' id='word_1_1439' title='bbox 1570 3797 1639 3828; x_wconf 83' lang='lat' dir='ltr'>quos</span> <span class='ocrx_word' id='word_1_1440' title='bbox 1661 3785 1696 3816; x_wconf 90' lang='lat' dir='ltr'>ad</span> <span class='ocrx_word' id='word_1_1441' title='bbox 1719 3793 1796 3815; x_wconf 90' lang='lat' dir='ltr'>tuam</span> <span class='ocrx_word' id='word_1_1442' title='bbox 1816 3781 1994 3820; x_wconf 77' lang='lat' dir='ltr'>praesentiam</span> <span class='ocrx_word' id='word_1_1443' title='bbox 2017 3776 2160 3822; x_wconf 65' lang='lat' dir='ltr'>propterea</span> <span class='ocrx_word' id='word_1_1444' title='bbox 2181 3774 2370 3818; x_wconf 80' lang='lat' dir='ltr'>destinamus,</span> 
     </span>
     <span class='ocr_line' id='line_1_178' title="bbox 1302 3812 2370 3865; baseline -0.019 -3"><span class='ocrx_word' id='word_1_1445' title='bbox 1302 3831 1346 3862; x_wconf 90' lang='lat' dir='ltr'>vel</span> <span class='ocrx_word' id='word_1_1446' title='bbox 1364 3841 1462 3862; x_wconf 89' lang='lat' dir='ltr'>eorum</span> <span class='ocrx_word' id='word_1_1447' title='bbox 1478 3828 1572 3865; x_wconf 87' lang='lat' dir='ltr'>alteri,</span> <span class='ocrx_word' id='word_1_1448' title='bbox 1591 3827 1621 3855; x_wconf 93' lang='lat' dir='ltr'>in</span> <span class='ocrx_word' id='word_1_1449' title='bbox 1637 3822 1803 3855; x_wconf 85' lang='lat' dir='ltr'>Referendis</span> <span class='ocrx_word' id='word_1_1450' title='bbox 1816 3820 1869 3852; x_wconf 89' lang='lat' dir='ltr'>tibi</span> <span class='ocrx_word' id='word_1_1451' title='bbox 1883 3828 1917 3850; x_wconf 87' lang='lat' dir='ltr'>ex</span> <span class='ocrx_word' id='word_1_1452' title='bbox 1933 3825 2009 3856; x_wconf 87' lang='lat' dir='ltr'>parte</span> <span class='ocrx_word' id='word_1_1453' title='bbox 2026 3814 2204 3845; x_wconf 82' lang='lat' dir='ltr'>nostracirca</span> <span class='ocrx_word' id='word_1_1454' title='bbox 2212 3812 2370 3851; x_wconf 77' lang='lat' dir='ltr'>praemissa,</span> 
     </span>
     <span class='ocr_line' id='line_1_179' title="bbox 1304 3862 2393 3902; baseline -0.02 -1"><span class='ocrx_word' id='word_1_1455' title='bbox 1304 3869 1405 3901; x_wconf 90' lang='lat' dir='ltr'>Fidem</span> <span class='ocrx_word' id='word_1_1456' title='bbox 1421 3868 1486 3901; x_wconf 87' lang='lat' dir='ltr'>velis</span> <span class='ocrx_word' id='word_1_1457' title='bbox 1503 3864 1656 3896; x_wconf 88' lang='lat' dir='ltr'>Credulam</span> <span class='ocrx_word' id='word_1_1458' title='bbox 1668 3862 1809 3892; x_wconf 88' lang='lat' dir='ltr'>adhibere.</span> <span class='ocrx_word' id='word_1_1459' title='bbox 1892 3897 1897 3902; x_wconf 30' lang='lat'><strong>⁴</strong></span> <span class='ocrx_word' id='word_1_1460' title='bbox 2038 3893 2042 3897; x_wconf 91' lang='lat'>.</span> <span class='ocrx_word' id='word_1_1461' title='bbox 2114 3889 2125 3899; x_wconf 42' lang='grc' dir='ltr'>Α</span> <span class='ocrx_word' id='word_1_1462' title='bbox 2245 3891 2250 3897; x_wconf 45' lang='grc'><em>.</em></span> <span class='ocrx_word' id='word_1_1463' title='bbox 2324 3879 2326 3881; x_wconf 9' lang='grc' dir='ltr'>μ</span> <span class='ocrx_word' id='word_1_1464' title='bbox 2392 3874 2393 3878; x_wconf 68' lang='grc'>,</span> 
     </span>
    </p>

    <p class='ocr_par' dir='ltr' id='par_1_61' title="bbox 1341 3889 2372 3940">
     <span class='ocr_line' id='line_1_180' title="bbox 1341 3889 2372 3940; baseline -0.019 -1"><span class='ocrx_word' id='word_1_1465' title='bbox 1341 3909 1410 3939; x_wconf 90' lang='lat' dir='ltr'>Dat.</span> <span class='ocrx_word' id='word_1_1466' title='bbox 1429 3906 1569 3940; x_wconf 88' lang='lat' dir='ltr'>Avinion.</span> <span class='ocrx_word' id='word_1_1467' title='bbox 1591 3912 1629 3936; x_wconf 85' lang='lat' dir='ltr'>xv</span> <span class='ocrx_word' id='word_1_1468' title='bbox 1656 3900 1721 3934; x_wconf 87' lang='lat' dir='ltr'>Kal.</span> <span class='ocrx_word' id='word_1_1469' title='bbox 1739 3898 1912 3932; x_wconf 88' lang='lat' dir='ltr'>Decembris</span> <span class='ocrx_word' id='word_1_1470' title='bbox 1924 3918 1935 3932; x_wconf 87' lang='lat'>,</span> <span class='ocrx_word' id='word_1_1471' title='bbox 1958 3890 2144 3924; x_wconf 87' lang='lat' dir='ltr'>Pontificatus</span> <span class='ocrx_word' id='word_1_1472' title='bbox 2164 3889 2253 3921; x_wconf 87' lang='lat' dir='ltr'>nostri</span> <span class='ocrx_word' id='word_1_1473' title='bbox 2284 3889 2372 3921; x_wconf 83' lang='lat' dir='ltr'>Anno</span> 
     </span>
    </p>
   </div>
   <div class='ocr_carea' id='block_1_30' title="bbox 1304 3947 1434 3987">
    <p class='ocr_par' dir='ltr' id='par_1_62' title="bbox 1304 3947 1434 3987">
     <span class='ocr_line' id='line_1_181' title="bbox 1304 3947 1434 3987; baseline -0.023 -7"><span class='ocrx_word' id='word_1_1474' title='bbox 1304 3947 1434 3987; x_wconf 81' lang='lat' dir='ltr'>septimo.</span> 
     </span>
    </p>
   </div>
   <div class='ocr_carea' id='block_1_31' title="bbox 2376 1948 2475 2046">
    <p class='ocr_par' dir='ltr' id='par_1_63' title="bbox 2376 1948 2475 2046">
     <span class='ocr_line' id='line_1_182' title="bbox 2390 1948 2475 2005; baseline 0.012 -8"><span class='ocrx_word' id='word_1_1475' title='bbox 2390 1968 2410 1989; x_wconf 52' lang='lat' dir='ltr'>a*</span> <span class='ocrx_word' id='word_1_1476' title='bbox 2421 1948 2475 2005; x_wconf 59' lang='lat'>&lt;1⁷14</span> 
     </span>
     <span class='ocr_line' id='line_1_183' title="bbox 2376 2009 2439 2046; baseline -0.016 -10"><span class='ocrx_word' id='word_1_1477' title='bbox 2376 2018 2385 2036; x_wconf 87' lang='lat'>1</span> <span class='ocrx_word' id='word_1_1478' title='bbox 2392 2009 2439 2046; x_wconf 57' lang='lat'>4⁶2</span> 
     </span>
    </p>
   </div>
   <div class='ocr_carea' id='block_1_32' title="bbox 1921 4005 2276 4041">
    <p class='ocr_par' dir='ltr' id='par_1_64' title="bbox 1921 4005 2276 4041">
     <span class='ocr_line' id='line_1_184' title="bbox 1921 4005 2276 4041; baseline -0.023 0"><span class='ocrx_word' id='word_1_1479' title='bbox 1921 4009 1974 4041; x_wconf 85' lang='lat' dir='ltr'>Sub</span> <span class='ocrx_word' id='word_1_1480' title='bbox 1996 4007 2064 4041; x_wconf 70' lang='lat' dir='ltr'>filis</span> <span class='ocrx_word' id='word_1_1481' title='bbox 2082 4011 2104 4039; x_wconf 85' lang='lat' dir='ltr'><em>C</em></span> <span class='ocrx_word' id='word_1_1482' title='bbox 2104 4005 2276 4040; x_wconf 72' lang='lat' dir='ltr'>annabaceis.</span> 
     </span>
    </p>
   </div>
   <div class='ocr_carea' id='block_1_33' title="bbox 2346 4058 2369 4065">
    <p class='ocr_par' dir='ltr' id='par_1_65' title="bbox 2346 4058 2369 4065">
     <span class='ocr_line' id='line_1_185' title="bbox 2346 4058 2369 4065; baseline 0 -4"><span class='ocrx_word' id='word_1_1483' title='bbox 2346 4058 2369 4065; x_wconf 43' lang='grc' dir='ltr'><strong>ἢ</strong></span> 
     </span>
    </p>
   </div>
   <div class='ocr_carea' id='block_1_34' title="bbox 1767 4073 2386 4126">
    <p class='ocr_par' dir='ltr' id='par_1_66' title="bbox 1767 4073 2386 4126">
     <span class='ocr_line' id='line_1_186' title="bbox 1767 4073 2386 4126; baseline -0.016 -5"><span class='ocrx_word' id='word_1_1484' title='bbox 1767 4088 1850 4126; x_wconf 78' lang='lat' dir='ltr'>Aa3</span> <span class='ocrx_word' id='word_1_1485' title='bbox 2338 4073 2386 4111; x_wconf 72' lang='lat' dir='ltr'>De</span> 
     </span>
    </p>
   </div>
  </div>
 </body>
</html>
