2561 4251
750 176 861 217 ET
945 177 1209 220 ACTA

35 262 112 293 Arm.
127 257 167 290 D.
186 259 279 303 Salute
293 258 425 303 uegit-&352
438 260 547 297 penitus
560 268 606 292 aut
620 262 804 302 contempta,
822 262 883 293 solis
904 262 1122 300 Temporalium
1139 263 1241 293 Lucris

59 307 143 336 ¹390·
185 298 310 336 inhiant,
328 297 391 328 solis
406 298 537 330 inflantur
552 299 737 338 Honoribus,
755 302 787 331 &
803 300 882 331 Oves
899 300 1018 332 Domini
1030 301 1242 339 dampnabiliter

37 340 90 366 Ric.
105 347 133 365 ι.
185 337 312 367 deserunt
328 335 477 373 Luporum
494 339 630 368 morsibus
647 339 798 377 laniandas,
823 339 928 379 Sicque
943 363 952 378 ,
970 349 1004 369 ex
1027 340 1183 376 hujuimodi
1204 340 1245 369 A-

186 375 334 405 busionum
354 375 519 406 irrefraenata
536 377 770 413 multiplicatione
785 401 795 414 ,
815 379 868 408 ruit
889 377 996 407 Christi
1017 377 1130 416 Religio
1142 400 1152 415 ‚
1175 379 1246 414 perit

187 411 292 451 Populi
304 411 453 451 Devotio,
471 415 554 444 cessat
569 415 767 452 Hospitalitatis
781 416 922 445 Alimonia
959 423 1102 446 vertuntur
1122 417 1150 445 in
1172 416 1246 445 Soli-

188 451 343 492 citudinem
356 450 536 494 Clericorum
551 452 701 489 AEdificia,
721 455 753 484 ὃς
771 453 905 484 Ecclesiae
923 438 990 491 jura
1011 453 1164 491 depereunt
1179 464 1244 492 pro-

186 498 250 527 pter
264 488 426 520 Absentiam
438 499 484 521 aut
498 490 666 529 Imperitiam
681 491 858 529 Defensoris‚
875 501 909 521 ac
920 492 1038 521 demum
1054 491 1115 522 Viri
1139 491 1245 521 Litera-

190 528 229 565 ti,
245 536 316 570 quos
331 528 365 558 ad
380 528 523 567 Regimen
538 529 709 560 Anima-rum
722 530 839 559 idoneos
853 529 915 559 fore
929 529 1122 560 demonstrant
1144 529 1247 560 Claris-

191 565 253 595 simi
268 565 339 595 tituli
354 565 544 604 Meritorum,
571 568 620 605 qui
642 566 741 596 Nobis
760 568 793 598 ὅ(
813 566 918 606 Regno
938 567 1035 598 nostro
1056 569 1247 605 multipliciter

191 603 302 641 poflent
317 604 453 641 proficere
465 605 517 634 suis
530 604 648 635 discretis
662 603 808 643 Consiliis,
826 606 882 635 tam
898 606 1014 643 publicis
1029 630 1038 644 ,
1052 608 1137 647 quam
1156 607 1245 646 priva-

191 642 242 679 tis,
260 641 306 680 spe
321 643 512 674 convenientis
524 642 717 673 Promotionis
730 645 837 681 prorsus
852 644 1178 682 ablata,Universitatum
1190 644 1247 674 stu-

192 680 237 710 dia
250 680 442 720 derelinqunt,
457 690 489 710 ac
506 681 623 718 proinde
637 681 769 712 decrescit
784 683 871 713 indies
885 682 984 713 Clerus
1007 683 1102 713 noster
1115 706 1124 721 ,
1142 684 1175 714 ὅ(
1194 682 1249 715 Pe.-

194 719 255 749 ritia
270 719 426 752 Literarum
450 719 625 756 paulominus
644 721 802 757 evanescit3
853 731 895 750 uae
915 721 1032 759 omnia,
1055 731 1138 759 prout
1158 722 1250 751 credi-

194 766 275 795 mus,
292 767 350 787 non
362 757 540 787 mediocriter
552 758 701 788 offendunt
714 759 812 789 oculos
855 759 1001 789 onditoris.
1197 760 1200 769 ¹

234 795 282 826 Set
293 796 326 826 &
345 805 485 833 quantum
499 795 615 835 Nobis,
631 806 664 827 ac
680 797 819 827 Fidelibus
835 797 930 836 Regni
944 796 1045 834 nostri,
1063 797 1095 827 &
1110 799 1194 836 quam
1202 806 1252 836 pe-

195 833 317 864 riculose
333 834 532 872 praejudicent,
550 834 680 874 frequens
693 836 876 873 experientia,
893 845 963 865 cum
976 836 1027 864 hiis
1046 845 1110 873 quae
1131 835 1251 873 supradi-

196 873 407 914 ximuSQaperit
420 872 585 903 manifeste.-
604 873 686 904 Cum
708 873 865 903 Thesaurus
885 873 980 912 Regni
998 873 1085 903 nostri
1103 873 1250 904 exhaustus

195 910 390 947 multipliciter
404 920 501 941 contra
516 912 570 948 pias
585 911 777 942 Fundatorum
790 911 980 949 Intentiones,
1003 912 1117 941 transeat
1138 911 1173 941 ad
1193 912 1251 942 Ex-

195 955 265 978 teras
279 948 437 988 Nationes,
455 951 488 979 &
501 949 598 986 saepius
611 949 644 979 ad
660 948 798 979 Hostiles:
818 949 854 980 Et
866 949 916 987 Jtis
932 949 950 968 *ἱ
974 948 1156 987 Patronatfis,
1169 950 1247 988 quod

196 986 233 1016 de
248 986 360 1025 Nobis,
379 988 413 1018 ὅτ.
426 986 526 1017 nostris
539 987 597 1017 Pro
617 988 786 1026 enitoribus,
804 998 837 1018 ac
852 988 908 1018 aliis
920 987 1060 1018 Fidelibus
1082 986 1178 1026 Regni
1199 997 1251 1018 no-

195 1024 262 1063 stri,
277 1025 311 1055 ad
325 1025 456 1055 Personas
470 1024 592 1055 Ecclesia
620 1028 689 1064 icas,
707 1035 740 1056 ex
757 1026 858 1057 Libera
873 1026 1054 1064 Donatione,
1070 1026 1098 1055 in
1115 1027 1252 1062 puram&

193 1073 356 1104 perpetuam
369 1062 594 1102 Eleemosinam,
610 1065 766 1102 emanavit,
785 1075 845 1095 non
859 1066 945 1103 magis
961 1064 1044 1102 possit
1056 1064 1092 1095 de
1110 1064 1177 1102 Jure
1194 1065 1254 1095 Re-

193 1103 244 1138 gni
260 1100 362 1139 nostri,
377 1110 475 1131 contra
490 1102 682 1133 Fundatorum
693 1103 860 1142 voluntates,
877 1103 911 1134 ad
923 1103 1027 1133 Sedem
1049 1102 1256 1141 Apostolicam‚

192 1148 280 1178 quarn
295 1139 350 1180 ipsa
362 1140 560 1179 Temporalia,
577 1142 676 1180 quibus
691 1142 864 1180 annectitur,
881 1142 1027 1180 pertinere.

233 1178 311 1216 Qiae
328 1179 424 1208 omnia
441 1179 591 1218 &lingula
605 1179 759 1218 Dampna,
784 1179 911 1211 Pericula
924 1202 934 1218 ,
951 1180 984 1210 δὲ
1006 1178 1173 1216 Praejudicia
1193 1180 1255 1218 qui-

193 1215 261 1246 dam
276 1216 364 1246 nostri
379 1216 593 1256 Progenitores,
612 1219 663 1248 suis
676 1219 850 1255 temporibus
864 1218 963 1248 sedulae
978 1217 1201 1248 considerationis
1213 1219 1256 1247 in-

194 1254 297 1294 dagine
311 1255 529 1295 perpendentes,
546 1266 579 1286 ex
592 1256 752 1294 hujusmodi
772 1257 1015 1295 Impositionibus,
1039 1254 1257 1294 Provisionibus,

194 1294 229 1324 ὅς
244 1293 488 1324 Reservationibus
499 1294 660 1333 antediffls,
678 1296 735 1324 tam
750 1294 951 1334 Generalibus,
969 1296 1056 1333 quam
1073 1294 1255 1333 Specialibus,

193 1331 410 1370 proccffiffe,ad
424 1332 565 1363 Instantias
579 1334 612 1364 ὅ(
623 1333 757 1370 Querelas
770 1333 939 1373 gravissimas
954 1332 1110 1363 Procerum
1119 1333 1151 1364 &
1160 1332 1256 1362 Com-

193 1371 326 1401 munium
341 1370 410 1401 dieti
426 1371 522 1408 Regni
535 1372 661 1402 volentes
675 1372 870 1410 hujuscemodi
879 1371 1038 1411 Dispendiis
1053 1370 1194 1401 salubriter
1201 1372 1255 1400 ob-

191 1410 286 1448 viare,
302 1408 454 1440 statuerunt
469 1408 625 1443 Eleffiones
641 1409 829 1441 Ecclesiarum
851 1409 1059 1440 Cathedralium
1083 1409 1116 1439 ὃ(
1138 1410 1253 1439 aliarum

194 1446 394 1486 Dignitatum,
414 1449 471 1479 tam
488 1448 636 1486 Majorum
655 1449 738 1486 quam
753 1448 905 1478 Minorum
919 1448 1123 1483 Electivarum,
1143 1446 1205 1477 fore
1221 1447 1256 1476 de

193 1494 299 1516 caetero
312 1486 400 1516 libere
422 1487 578 1524 faciendas,
602 1487 682 1517 sicuti
706 1496 754 1525 per
774 1486 899 1524 ipsorum
928 1486 985 1516 Pro
1005 1486 1125 1515 enitores
1146 1485 1256 1514 dudum

193 1524 361 1554 concessum
376 1524 480 1564 fuerat,
505 1526 537 1556 &
560 1535 609 1564 per
628 1525 732 1555 Sedem
757 1524 949 1562 Apostolicam
998 1523 1198 1561 oiifirtnatum,
1217 1525 1254 1553 iie

193 1562 325 1600 fortasse,
343 1563 506 1599 quibusdam
522 1563 638 1601 quaesitis
651 1563 793 1593 coloribus
804 1585 813 1600 ,
830 1562 949 1592 elioendi
965 1562 1090 1592 libertate
1110 1561 1256 1600 subducta,

189 1599 241 1639 Jus
257 1600 383 1640 Regaliae
396 1600 451 1632 suae
467 1602 495 1632 in
510 1601 631 1639 praefatis
653 1601 782 1632 Licentia
801 1601 835 1632 &
856 1586 1049 1632 Conceffione
1071 1600 1256 1638 requirendis,

191 1637 308 1669 finaliter
326 1639 471 1678 deperiret.

230 1676 340 1716 Insuper
356 1678 434 1714 quod
451 1677 580 1708 Personae
593 1677 768 1718 Alienigenae
784 1678 929 1716 nolentes,
949 1686 995 1709 aut
1015 1686 1205 1716 quaecumque
1225 1687 1256 1707 a-

194 1713 241 1745 liae
257 1725 316 1745 non
329 1716 543 1754 valentes,infra
560 1716 694 1755 Regnum
710 1717 826 1754 Angliae
841 1717 986 1754 Residere,
1003 1717 1037 1747 ad
1052 1715 1189 1747 Beneficia
1198 1715 1257 1745 Ec-

192 1753 432 1823 cgiesiasticasinfra
446 1754 523 1785 idern
537 1754 675 1794 Regnum
688 1755 724 1785 de
737 1763 843 1786 caetero
858 1764 918 1785 non
933 1755 1020 1785 essent
1037 1754 1257 1792 quomodolibet

191 1802 207 1823 a
230 1801 329 1823 mitten
352 1802 377 1830 i,

230 1829 268 1861 Et
281 1831 360 1870 quod
372 1841 474 1862 ornnes
488 1833 521 1863 &
534 1832 647 1872 fingulae
660 1831 783 1871 personae
805 1831 1008 1863 Ecclesiasticae
1023 1854 1032 1869 ,
1052 1830 1103 1870 Jus
1122 1830 1257 1862 Patrona-

192 1867 241 1899 tfis
256 1870 300 1900 seu
317 1870 528 1901 Advocationes
554 1872 583 1900 in
603 1870 748 1902 Beneficiis
771 1870 968 1901 Ecclesiasticis
992 1870 1151 1907 optinentes
1166 1893 1175 1908 ,
1189 1869 1259 1907 jure

190 1907 242 1938 suo
256 1906 439 1947 Patronatsu,
458 1910 531 1945 juxta
551 1910 630 1948 vim,
657 1910 782 1940 formam
798 1932 807 1947 ,
834 1910 866 1940 &
888 1909 1026 1939 estectum
1050 1907 1259 1946 Ordinationis,

193 1945 377 1976 Fundationis
390 1946 423 1977 &
439 1946 610 1978 Devotionis
631 1948 765 1986 ejusdem,
786 1948 947 1978 vacantibus
968 1946 1126 1984 hujusmodi
1150 1946 1258 1976 Benefi-

195 1985 265 2023 ciis,
281 1993 422 2015 uterentur
437 1985 539 2024 libere,
558 1985 691 2025 pacifice,
710 1987 742 2017 ὅ(
758 1987 854 2025 quiete
870 2009 880 2024 ,
905 1985 988 2016 certis
1012 1984 1110 2015 Poenis
1129 1985 1260 2024 adjectis,

193 2022 322 2053 adversus
336 2022 468 2053 Rebelles
484 2023 670 2062 imposterum
685 2024 861 2062 exequendis.

233 2060 346 2093 Verum
364 2062 374 2098 (
394 2061 475 2092 Pater
489 2062 643 2093 Beatisfime
660 2066 669 2098 )
696 2064 758 2101 quia
781 2062 937 2100 hujusmodi
961 2061 1135 2093 Gravamina
1150 2084 1159 2098 ,
1177 2061 1260 2091 dietis

194 2099 309 2131 Statutis
330 2110 504 2140 nequaquam
528 2100 704 2131 obstantibus
721 2124 731 2139 ,
759 2102 901 2132 modernis
921 2101 982 2140 plus
1011 2101 1092 2130 solito
1120 2100 1260 2130 invalucie

193 2140 382 2178 temporibus,
400 2139 472 2169 adeo
486 2139 564 2179 quod
580 2139 629 2169 nisi
648 2139 763 2170 celerius
778 2147 940 2170 occurratur
955 2138 1075 2176 eisdem,
1095 2138 1190 2168 multo
1199 2148 1259 2177 gra-

192 2177 258 2207 vius
273 2177 441 2208 invalescent
455 2179 488 2209 &
504 2177 753 2215 irremediabiliter,
770 2186 800 2208 ut
815 2177 952 2215 creditur,
970 2179 998 2207 in
1025 2177 1149 2208 futurum
1164 2199 1174 2214 ,
1189 2177 1259 2207 hinc

194 2215 236 2246 est
252 2215 331 2254 quod
347 2226 454 2254 nuper,
473 2217 502 2245 in
518 2215 708 2246 Parliamento
723 2216 821 2247 nostro
840 2239 850 2254 ,
876 2216 1038 2246 Londoniae
1059 2215 1162 2245 ultimo
1187 2215 1261 2246 cele-

194 2254 294 2292 brato,
313 2253 449 2285 Proceres
464 2255 497 2285 &
512 2254 712 2285 Communitas
726 2254 821 2293 Regni
837 2254 924 2285 nostri
939 2254 1038 2284 Nobis
1052 2254 1129 2292 super
1142 2253 1195 2283 hiis
1208 2263 1261 2284 un-

194 2293 326 2323 animiter
336 2293 370 2324 ὃ(
385 2292 544 2332 gravissime
561 2293 622 2323 sunt
637 2293 797 2332 conquesti,

233 2331 320 2370 Nos,
337 2331 386 2361 sub
402 2331 499 2362 debito
509 2331 683 2370 Juramenti,
703 2331 737 2362 ad
752 2331 976 2362 conservandum
988 2329 1055 2369 Jura
1070 2328 1198 2360 Coronae
1205 2340 1260 2361 no-

195 2368 261 2400 strae
274 2379 307 2399 ac
322 2369 476 2400 Libertates
491 2369 654 2401 nostrorum
668 2370 765 2408 Regni
779 2371 812 2400 ὃς
827 2369 975 2407 Eccleliae,
994 2378 1042 2407 per
1062 2368 1130 2398 Nos
1154 2370 1183 2398 in
1205 2379 1260 2399 no-

195 2407 261 2438 strae
275 2407 474 2438 Coronationis
489 2416 619 2448 tempore
635 2408 771 2446 praestiti,
793 2407 925 2438 instanter
944 2408 977 2438 &
999 2407 1095 2444 saepius
1118 2408 1260 2443 requiren-

195 2454 252 2484 teS,
269 2446 386 2477 ferventi
401 2446 542 2477 Petitione
555 2446 718 2485 subjuncta,
733 2455 865 2485 quatenus
879 2445 1012 2484 praedidia
1027 2446 1132 2476 Statura
1152 2445 1261 2484 Proge-

195 2485 325 2515 nitorum
340 2485 502 2515 nostrorum
515 2484 629 2516 firmiter
643 2485 801 2524 observari,
816 2486 850 2516 &
865 2485 970 2524 integre
985 2484 1139 2515 faceremus
1160 2484 1260 2515 debito

198 2523 314 2554 effectui
330 2524 501 2562 mancipari,

237 2561 305 2592 Nos
319 2562 418 2601 igitur,
439 2562 603 2601 Anglicanae
618 2560 836 2600 Depresfionem
851 2560 985 2592 Ecclefiae
1006 2562 1040 2593 ὃ(
1059 2559 1261 2591 exhaeredatio-

199 2609 268 2631 nem
284 2599 412 2631 Coronae
427 2600 531 2630 nostrae
543 2610 576 2631 ac
589 2600 670 2631 Mala
684 2600 814 2639 praedieta
828 2600 923 2638 patulo
936 2607 1080 2630 cernentes
1096 2599 1206 2637 intuitu,
1226 2601 1260 2631 &

199 2639 380 2676 pertimentes
416 2639 474 2669 uod
490 2638 655 2669 dissimulata
668 2639 772 2669 diutius
786 2638 925 2668 adicerent
942 2638 1124 2668 verisimiliter
1139 2636 1263 2667 Gravio-

198 2687 246 2716 ra,
266 2677 302 2708 ad
317 2687 385 2714 VOS,
426 2677 598 2708 uccessorem
611 2677 820 2715 Apostolorum
841 2676 979 2714 Principis
995 2701 1005 2714 ,
1027 2678 1074 2714 qui
1095 2676 1129 2706 ad
1168 2676 1261 2706 ascen-

197 2715 268 2746 dum
282 2726 342 2745 non
357 2715 553 2746 Tondendum
571 2715 650 2746 Oves
668 2715 857 2753 Dominicas,
872 2725 904 2744 ac
920 2715 954 2744 ad
971 2714 1139 2745 Confirman
1163 2724 1211 2757 um
1228 2715 1261 2745 &

198 2763 259 2784 non
276 2753 503 2791 Deprimeudum
516 2754 622 2784 Fratres
636 2754 713 2792 suos,
732 2752 901 2783 Mandatum
915 2763 931 2782 a
948 2751 1064 2782 Christo
1079 2752 1212 2791 suscepit,
1229 2751 1264 2782 ad

199 2791 331 2822 instantes
353 2791 505 2822 Petitiones
525 2793 558 2822 δε
582 2792 789 2830 Requisitiones
809 2791 968 2822 Procerum
989 2792 1022 2822 ὃς
1044 2789 1260 2821 Communium

199 2830 402 2871 praedietorum
410 2852 419 2867 ,
438 2829 490 2860 ista
504 2830 670 2861 deferimus:

239 2868 352 2899 Votivis
363 2867 510 2898 affeetibus
523 2868 704 2907 supplicantes
723 2868 851 2907 quatinus
871 2867 1022 2898 Praemiffis
1037 2890 1047 2905 ,
1065 2876 1181 2898 necnon
1200 2866 1264 2898 De-

199 2907 324 2937 votionis
337 2908 492 2946 integritate
506 2907 538 2937 &
555 2908 697 2946 patientiae
711 2907 901 2945 plenitudine,
919 2907 1021 2944 quibus
1039 2906 1157 2936 Domus
1168 2905 1263 2937 nostra

200 2945 309 2985 Regia,
328 2944 428 2976 Clerus
447 2946 479 2976 &
493 2944 617 2984 Populus
640 2945 733 2984 Regni
755 2945 858 2983 nostri,
881 2945 1017 2975 haetenus
1035 2945 1212 2985 perstiterunt
1234 2946 1264 2975 in

201 2984 360 3014 obedientia
373 2983 459 3013 didiae
474 2983 569 3021 Sedis,
586 2993 619 3013 ac
635 2985 686 3014 hiis
698 2983 784 3014 Malis
803 2984 979 3022 temporibus
993 3006 1003 3021 ,
1020 2983 1151 3020 prudenti
1172 2984 1264 3014 consi-

201 3023 350 3053 derationis
373 3022 504 3052 examine
531 3022 688 3059 ponderatis
704 3046 713 3060 ,
744 3022 872 3061 dignetur
900 3021 989 3053 vestra
1018 3021 1176 3062 Benignitas
1194 3044 1204 3060 ,
1229 3021 1264 3052 ad

202 3060 345 3091 honorem
368 3060 444 3098 Dei,
469 3061 502 3092 &
523 3060 649 3091 Salutem
673 3061 841 3092 Animarum
860 3083 870 3099 ,
903 3069 1017 3090 necnon
1045 3058 1079 3090 ad
1108 3060 1264 3091 tollendum

203 3099 338 3130 Scandala
353 3099 386 3130 &
403 3098 530 3129 Pericula
544 3107 719 3137 memorata,
732 3098 864 3129 festinum
883 3098 915 3129 &
937 3098 1041 3129 salubre
1060 3106 1266 3138 temperamen-

200 3147 266 3168 tum
283 3147 441 3174 apponere,
459 3145 489 3167 ut
502 3136 571 3167 Nos
584 3138 617 3168 ὃς
631 3136 755 3175 Nostri,
772 3139 821 3176 qui
835 3136 985 3167 Personam
1003 3135 1124 3168 vestram
1145 3136 1267 3167 Sanffls-

203 3177 303 3206 simam
318 3176 351 3205 &
365 3175 497 3205 Sanetam
511 3175 677 3206 Romanam
695 3175 847 3206 Ecclesiam
862 3176 993 3213 cupimus
1006 3176 1140 3212 revereri,
1159 3174 1266 3205 cessan-

202 3214 277 3246 tibus
290 3212 449 3250 hujusmodi
464 3212 688 3250 importabilibus
707 3213 851 3244 Oneribus
891 3224 955 3252 quae
976 3213 1112 3244 Filiorum
1134 3214 1267 3244 humeros

200 3252 383 3288 deprimunt,
400 3251 428 3279 in
441 3250 744 3293 Paternaeldileffionis
766 3236 915 3284 dulcedine
928 3275 938 3290 ,
962 3252 1071 3283 amodo
1093 3253 1268 3290 quiescamus

198 3290 325 3333 pristinae
341 3288 488 3318 Libertatis
499 3289 603 3326 gaudiis
618 3290 742 3326 potituri.

241 3328 274 3358 In
287 3328 366 3365 cujus
380 3327 419 3356 rei
436 3325 652 3357 Testimonium
668 3327 796 3367 Sigillum
809 3327 939 3358 nostrum
952 3326 1108 3366 Privatum,

239 3365 313 3396 Una
323 3375 392 3395 curn
408 3364 508 3404 Sigillis
518 3386 528 3402 ,

240 3403 462 3435 carissimorum
476 3402 696 3434 Avunculorum
711 3402 885 3441 nostrorum,

238 3481 381 3522 Johannis
398 3479 490 3510 Ducis
505 3479 666 3517 Aquitaniae
678 3480 711 3512 &
728 3478 907 3518 Lancastriae,

240 3518 380 3551 Edmundi
394 3518 486 3548 Ducis
498 3517 627 3549 Eborum
635 3542 644 3556 ,

238 3558 346 3589 Thomae
361 3555 453 3587 Ducis
467 3555 666 3597 Gloucestriae,

236 3598 282 3629 Ac

236 3619 423 3668 Dil’ed‘torum
440 3633 473 3663 &
487 3632 612 3663 fidelium
630 3633 815 3672 nostrorum,

239 3673 379 3704 Edwardi
394 3671 516 3701 Comitis
530 3671 566 3701 de
582 3670 777 3710 Ruthlandia,

236 3714 330 3750 Rogeri
348 3709 474 3741 Comitis
492 3708 641 3748 Marchiae,

235 3751 346 3781 Thomae
365 3748 489 3780 Comitis
508 3746 631 3785 Kantiae,

240 3788 380 3827 Johannis
396 3785 521 3817 Comitis
535 3784 781 3825 Huntyngdoniae,

235 3826 366 3856 Richardi
384 3825 506 3856 Comitis
521 3822 700 3861 Arundellae,

232 3863 340 3895 Thomae
355 3863 479 3895 Comitis
495 3862 692 3899 Warrewicae,

236 3902 343 3931 Thomae
361 3902 486 3933 Comitis
500 3899 672 3937 Staffordiae,

238 3939 384 3970 Willielmi
402 3939 525 3970 Comitis
539 3938 651 3975 Sarum,

234 3977 342 4008 Thomae
360 3977 483 4008 Comitis
501 3976 747 4016 Notynghamiae,
763 3974 918 4009 Marescani
931 3976 1058 4017 Angliae,

236 4018 350 4046 Henrici
366 4015 493 4047 Comitis
505 4014 741 4048 Northumbriae:

231 4054 382 4091 Necnon,

249 4096 320 4124 Tom.
336 4095 395 4123 ΙΙΙ.
414 4094 446 4122 P.
465 4094 518 4122 IV.

46 944 66 964 0
83 943 151 971 VII.

47 986 112 1020 674.

1296 177 1770 225 PUBLICA.

1314 262 1453 309 Jolmnnir
1473 264 1594 309 Domini
1610 266 1646 295 de
1660 266 1759 305 Roos,
2357 274 2434 306 Arm.
2449 274 2489 306 D.

1316 302 1452 339 Radulphz
1471 302 1590 347 Domini
1607 304 1642 334 de
1659 304 1775 343 Neviil,
2379 321 2461 350 ¹390-

1317 339 1423 368 Thomae
1443 340 1564 371 Domini
1579 342 1614 371 de
1631 342 1764 382 Clifford,
2357 352 2410 377 Ric.
2430 361 2454 378 2.

1319 379 1338 396 ²*
1354 378 1494 415 Joharim‘s
1512 379 1634 410 Domini
1648 382 1684 411 de
1700 381 1819 421 Lovell,
2360 387 2380 406 *
2401 390 2469 418 Vll.

1318 414 1458 453 Johnnm‘s
1477 416 1600 447 Domini
1617 419 1652 449 de
1668 419 1829 458 Cobeham,
2360 427 2426 461 675²

1319 453 1357 522 {it
1375 454 1516 491 Johannis
1535 455 1655 487 Domini
1673 459 1708 488 de
1727 458 1902 497 Beaurnont‚

1347 503 1480 521 aroniim:

1322 531 1368 561 Ac
1388 531 1469 560 etiam

1321 567 1462 606 Johannis
1472 553 1627 598 'Devereux
1642 570 1805 603 Seneschalli
1819 572 1943 611 Hospitii
1955 574 2053 613 nostri,

1324 605 1428 636 Thomae
1446 607 1478 635 de
1497 609 1576 646 Percy
1590 607 1792 642 Subcamerarii
1807 611 1911 649 nostri,

1322 644 1451 674 Richardi
1464 644 1488 674 le
1507 648 1598 683 Scrop,

1324 685 1439 712 Hem-ici
1453 684 1485 712 de
1500 685 1580 721 Percy
1590 706 1600 720 ‚

1327 722 1368 750 W
1370 720 1471 750 illielna
1490 722 1670 760 Beauchamp,

1326 759 1465 788 Lodewi'ci
1481 760 1513 788 de
1530 759 1660 798 Cliff'ord,

1324 797 1461 826 Edwards
1477 797 1660 836 Dalyngrugg,

1324 836 1454 864 Richardi
1472 839 1564 874 Stury,

1326 872 1364 903 Et
1384 873 1514 903 Richardi'
1531 873 1692 914 Aberbury,

1327 911 1476 950 Militum,

1327 950 1460 981 Fecimus
1474 951 1526 981 hiis
1544 952 1657 991 apponi.

1328 1025 1395 1057 Dat.
1414 1029 1443 1057 in
1460 1027 1571 1057 Palatio
1586 1026 1671 1067 nostro
1685 1027 1758 1069 apud
1774 1029 1822 1058 We
1845 1040 1880 1059 m.
1901 1031 1967 1060 xxvi
1981 1030 2027 1061 die
2044 1029 2115 1062 Maii
2130 1053 2141 1070 ,
2172 1031 2260 1063 Anno
2280 1033 2345 1064 Doe·

1290 1066 1332 1095 mi
1350 1064 1522 1104 Millesimo,
1539 1066 1772 1104 Trecentesimo,
1828 1069 2005 1108 onagesimo,
2021 1069 2054 1100 &c
2073 1069 2168 1109 Regni
2182 1070 2271 1101 nostri
2287 1072 2347 1102 An-

1289 1113 1329 1134 no
1344 1103 1571 1135 Tertiodecimo.

1290 1229 1341 1260 De
1363 1230 1557 1261 Sacramenta
1582 1227 1767 1274 Adverfhrii
1789 1232 1911 1273 Scotiae,
1927 1230 2019 1278 fhper
2032 1233 2175 1279 TreugIs,
2199 1233 2349 1279 capiendo.

1292 1312 1434 1367 REX,
1452 1312 1573 1344 Dilersto
1587 1314 1620 1344 ὃς
1639 1313 1726 1344 Fideli
1743 1313 1809 1352 suo,
1826 1316 1946 1345 Gerardo
1968 1319 2062 1346 Heron
2079 1317 2175 1356 militi,
2190 1328 2222 1349 ac
2232 1317 2351 1349 Dilecto
2370 1309 2447 1340 Anfl·
2462 1308 2505 1340 Du

1370 1352 1418 1381 sibi
1429 1376 1438 1389 ,
1456 1351 1586 1389 Johanm‘
1604 1351 1728 1390 Mitford
1743 1352 1894 1393 Armigero
1909 1355 2042 1386 Salutem.
2393 1357 2477 1385 1390.

1322 1387 1420 1420 Sciatis
1437 1391 1515 1429 quod
1532 1390 1617 1427 Nos,
2371 1392 2424 1414 An.
2443 1397 2484 1423 ¹3·

1328 1426 1376 1457 De
1392 1427 1552 1470 Fidelitate,
1573 1428 1838 1467 Circumspeetione
1854 1453 1864 1469 ,
1890 1431 1923 1462 δε
1950 1430 2087 1462 industria
2108 1431 2204 1462 vestris
2231 1432 2353 1471 providis
2372 1430 2401 1453 R.
2422 1434 2449 1453 2·

1290 1465 1400 1501 plenam
1415 1466 1448 1496 ὃ(
1463 1466 1580 1497 solidam
1598 1467 1743 1497 Fiduciam
1762 1477 1950 1508 reportantes,
2374 1468 2439 1490 50⁰¹·
2465 1471 2505 1499 ¹3·

1328 1501 1554 1547 Censtituimus,
1572 1505 1792 1544 Ordinavimus‚
1810 1509 1843 1538 ὃς
1863 1507 2070 1548 Deputavimus
2088 1518 2138 1538 vos
2157 1509 2354 1548 conjunOtim,
2374 1506 2404 1529 R.
2428 1511 2454 1528 2·

1290 1541 1324 1585 ὃς
1341 1541 1469 1579 diVisim,
1488 1543 1523 1572 ad
1539 1543 1774 1582 proficiscendum
1791 1545 1882 1575 versus
1902 1555 1990 1586 partes
2006 1546 2128 1584 Scotiae,
2150 1548 2183 1577 ad
2208 1549 2355 1587 Adverfit-
2375 1549 2411 1568 m·
2430 1548 2457 1567 ²·

1291 1590 1361 1609 rium
1381 1579 1496 1620 nostrum
1515 1584 1608 1610 Scotiae
1628 1591 1661 1611 ex
1681 1591 1757 1618 parte
1774 1583 1869 1613 nostrii
1886 1585 2084 1623 requirendum
2100 1585 2134 1615 ad
2151 1587 2298 1616 consimile
2305 1588 2356 1617 Sa-

1291 1627 1485 1657 cramentum,
1503 1620 1531 1649 in
1549 1619 1691 1659 praesentia
1716 1619 1826 1658 vestra,
1850 1622 1896 1652 seu
1918 1623 2026 1653 alterius
2049 1622 2194 1662 vestrum,
2220 1624 2354 1661 praestan-

1290 1655 1376 1694 dum,
1395 1657 1428 1688 &
1441 1657 1544 1688 eodem
1559 1658 1667 1695 mod0,
1684 1667 1742 1696 quo
1757 1658 1931 1689 Adversarius
1952 1661 2044 1690 noster
2057 1660 2178 1698 Scotiae,
2199 1662 2281 1692 Pater
2294 1663 2356 1694 suus

1290 1693 1454 1734 defunctus,
1469 1706 1557 1734 nuper
1576 1697 1660 1734 fecit,
1678 1697 1711 1727 &
1727 1696 1763 1726 de
1778 1696 1848 1735 Jure
1863 1697 1956 1728 facere
1971 1698 2083 1736 debuit,
2099 1700 2206 1729 ratione
2219 1710 2356 1738 quorum-

1290 1733 1356 1764 dam
1381 1734 1573 1765 Articulorum
1616 1734 1795 1773 Treugarum
1810 1758 1819 1772 ,
1851 1736 1885 1767 &
1901 1736 2088 1767 Abstinentiae
2104 1736 2278 1767 Guerrarurn
2289 1761 2297 1776 ,
2315 1740 2358 1768 in-

1291 1779 1333 1802 ter
1348 1782 1398 1802 nos
1409 1773 1442 1803 &
1458 1774 1561 1802 Adver
1573 1775 1662 1802 arium
1676 1772 1792 1811 nostrum
1804 1776 1925 1803 Franciae
1943 1775 2045 1805 ultimo
2066 1775 2196 1805 initarum
2215 1777 2248 1806 ὃ(
2266 1775 2360 1807 firma-

1292 1818 1382 1841 tarum
1397 1833 1407 1848 ,
1429 1811 1575 1850 praefatum
1601 1809 1800 1841 Adversarium
1825 1811 1952 1843 nostrum
1975 1813 2081 1844 Scotiae
2103 1814 2136 1844 &
2156 1813 2279 1844 subditos
2297 1815 2359 1845 suos

1293 1848 1444 1889 specialiter
1461 1850 1636 1888 tangentium
1654 1849 1699 1879 seu
1719 1852 1970 1889 concernentium,

1330 1887 1370 1918 Et
1390 1888 1424 1918 ad
1443 1886 1581 1925 Capitales
1599 1886 1750 1918 officiarios
1769 1887 1890 1918 Guerrae
1903 1912 1914 1928 ,
1943 1891 1977 1920 ὃ(
2003 1889 2144 1920 Custodes
2164 1889 2361 1921 Marchiarum

1295 1926 1415 1964 Scotiae,
1435 1926 1468 1956 &
1487 1927 1569 1964 alios,
1594 1934 1627 1955 ex
1644 1935 1718 1962 parte
1744 1926 1824 1963 ipsius
1843 1926 1996 1958 Adversarii
2015 1928 2101 1958 nostri
2129 1928 2252 1966 Scotiie,
2277 1939 2363 1966 prout

1294 1966 1377 1996 vobis
1395 1964 1534 1994 videbitur
1553 1973 1585 1994 ex
1606 1964 1680 1994 edire
1693 1986 1703 2002 ,
1726 1964 1847 1994 similiter
1866 1966 2067 2004 requirendum
2085 1966 2119 1996 ad
2138 1966 2295 2003 hujusmodi
2312 1967 2363 1998 Sa-

1294 2012 1471 2034 cramentum
1488 2003 1578 2033 facien
1600 2013 1667 2041 um,
1683 2010 1817 2041 quatenus
1835 2003 1869 2033 ad
1886 2005 1957 2044 ipsos
1974 2005 2070 2035 attinet
2086 2005 2115 2034 in
2133 2004 2190 2035 hoc
2209 2005 2289 2044 casu,
2304 2007 2364 2043 jux-

1294 2050 1321 2072 ta
1339 2043 1462 2072 formam
1483 2041 1662 2079 Treugarum
1682 2040 1894 2079 praedi&arum,

1332 2080 1377 2111 Ac
1395 2081 1477 2110 etiam
1496 2078 1530 2110 ad
1549 2079 1747 2110 Tractandum
1765 2079 1797 2109 &
1818 2079 2062 2111 Concordandum
2081 2080 2118 2112 de
2136 2081 2258 2121 quodam
2278 2081 2365 2112 Loco

1295 2119 1488 2156 competenti,
1507 2118 1556 2148 ubi
1575 2119 1645 2148 certi
1664 2116 1880 2156 Commissarii,
1898 2126 1955 2149 tarn
1969 2128 2002 2148 ex
2018 2127 2094 2156 parte
2111 2119 2206 2150 nostra
2220 2130 2304 2157 quam
2321 2122 2365 2160 ip-

1295 2158 1346 2187 sius
1369 2157 1525 2187 Adversarii
1543 2155 1632 2186 nostri
1650 2156 1754 2187 Scotiae
1767 2178 1777 2193 ,
1802 2157 1832 2186 iri
1848 2156 1902 2187 hac
1923 2166 1998 2194 parte
2015 2158 2182 2196 deputandi,
2204 2168 2256 2197 pro
2279 2157 2364 2189 Con—

1294 2196 1451 2226 servatione
1469 2194 1649 2234 Treugarum
1667 2194 1883 2234 praedietarum,
1906 2195 2092 2235 Colloquium
2110 2196 2213 2227 habere
2231 2205 2365 2235 poterunt

1298 2235 1331 2265 &
1349 2234 1534 2271 TraCtatum,

1333 2272 1371 2302 Et
1386 2272 1420 2302 ad
1437 2273 1533 2302 omnia
1551 2271 1602 2302 alia
1622 2271 1656 2302 δε
1675 2270 1804 2313 singula„
1829 2273 1857 2301 in
1874 2271 1926 2302 hac
1950 2279 2026 2312 parte
2045 2272 2197 2304 necessaria
2220 2273 2263 2304 seu
2290 2284 2364 2311 quo-

1298 2311 1459 2341 modolibet
1474 2319 1637 2350 oportuna,
1661 2310 1800 2349 praemissa
1825 2311 2061 2351 qualitercumque
2083 2313 2236 2351 tangentia,
2261 2311 2366 2342 facien-

1295 2349 1367 2380 dum
1384 2350 1418 2381 &
1436 2349 1651 2387 exequendum,

1332 2388 1378 2418 Ac
1397 2386 1431 2417 ad
1449 2386 1518 2417 Nos
1532 2388 1566 2418 &
1582 2386 1751 2417 Concilium
1770 2386 1897 2418 nostrum
1911 2387 1947 2418 de
1961 2388 2094 2419 omnibus
2107 2390 2140 2420 &
2157 2389 2283 2429 lingulis,
2301 2398 2366 2426 quae

1295 2435 1346 2465 per
1365 2425 1426 2456 Vos
1449 2426 1494 2456 seu
1511 2426 1631 2456 alterum
1648 2424 1792 2464 vestrum,
1817 2425 1907 2464 Aeta,
1925 2425 2030 2466 Gesta,
2049 2427 2178 2458 Trarstata
2194 2451 2203 2466 ,
2229 2429 2262 2459 &
2283 2427 2368 2457 Con-

1296 2464 1412 2533 t‹Jordata
1437 2463 1539 2495 fuerint
1565 2465 1596 2494 in
1622 2463 1772 2495 Praemiffis
1787 2486 1797 2502 ,
1823 2463 2002 2495 referendum
2025 2466 2058 2496 &
2084 2466 2190 2506 plenius
2212 2465 2368 2496 certifican-

1318 2513 1382 2533 um:

1336 2541 1374 2572 Et
1398 2541 1465 2571 ideo
1490 2540 1581 2571 Vobis
1607 2539 1779 2570 Mandarnus
1801 2540 1880 2578 quod
1900 2542 1974 2572 circa
1998 2542 2142 2573 Praemiffa
2159 2541 2282 2573 facienda
2298 2564 2307 2580 ‚
2333 2542 2367 2572 δε

1299 2579 1460 2619 exequenda
1478 2587 1547 2608 cum
1566 2579 1647 2609 omni
1665 2578 1807 2617 diligentia
1824 2580 1858 2610 δε
1873 2579 2017 2619 efficacia,
2031 2583 2132 2622 quibus
2146 2581 2287 2622 poteritiS,
2306 2590 2369 2618 par-

1299 2627 1338 2649 tes
1354 2618 1455 2648 vestras
1468 2617 1620 2647 adhibeatis
1633 2616 1752 2647 solicitas
1770 2617 1803 2647 &
1821 2617 1954 2649 discretas.

1337 2656 1370 2686 ln
1389 2656 1484 2694 cujus,
1501 2656 1561 2686 &c.

1371 2693 1440 2725 Dat.
1457 2695 1486 2723 in
1505 2692 1616 2723 Palatio
1631 2694 1708 2730 Regis
1726 2692 1833 2733 Wstm.
1852 2695 1948 2731 primo
1962 2694 2007 2726 die
2021 2695 2107 2735 Junii.

1777 2771 1830 2799 Per
1847 2769 1928 2809 ipfimt
1945 2773 2041 2810 Regem
2055 2771 2093 2808 ὠ·
2113 2771 2263 2803 Concilium.

1559 2899 1618 2930 Pro
1644 2896 1791 2942 Comitiffiz
1815 2895 1850 2929 de
1873 2898 1980 2930 santio
2001 2898 2106 2932 Panlo.

1303 2991 1383 3046 RE
1395 2989 1425 3021 X
1435 3013 1444 3028 ,
1462 2999 1510 3027 per
1526 2987 1633 3017 Literas
1648 2983 1704 3014 suas
1719 2981 1848 3013 Parentes
1860 2982 1946 3020 usque
1958 2981 1992 3012 ad
2006 2982 2119 3027 Festum
2136 2982 2244 3015 Natalis
2258 2983 2367 3015 Domi·
2385 2984 2459 3014 Ann.
2474 2985 2518 3016 D.

1377 3030 1426 3066 ‘'i’
1445 3025 1738 3093 P‘⁰X³¹¹‘³³sf²¹‘⁰¹umc'
1752 3020 2020 3090 ἓῗὶἒῖἓῖἓὲἰῑὲἒῗὲξ)
2022 3021 2217 3091 ¹E÷C¹¹¹13³¹fv¹¹l³¹
2235 3024 2268 3053 ἃ
2291 3023 2367 3091 siff*
2384 3033 2492 3088 ,2³⁹²

1302 3065 1714 3145 ἓξῃὸξεῖἳεῗὲῗυᾶῐξίὲῐῐὲἔσῖ
1733 3097 1866 3141 Sororem
1888 3097 1992 3137 Regis,
2012 3071 2184 3143 Mathilfei'aeriz¹
2198 3071 2366 3143 ¹232aespss
2384 3072 2499 3127 Rihzq'

1303 3143 1335 3172 de
1348 3144 1446 3174 Sanllo
1461 3140 1546 3172 Paulo
1560 3138 1598 3175 ό·
1610 3139 1642 3168 de
1661 3140 1794 3180 Lyneye,
1806 3136 1874 3166 infra
1895 3135 2032 3180 Regnum
2048 3136 2134 3176 Regis
2150 3138 2276 3176 Aiigliae,
2296 3148 2364 3168 cum
2382 3142 2521 3176 Franc.13.

1304 3180 1432 3212 Centum
1455 3180 1583 3210 Personis
1603 3176 1768 3214 Equitibus,
1788 3185 1816 3204 in
1843 3174 1990 3205 Comitiva
2008 3176 2072 3213 sua,
2090 3176 2276 3206 Familiaribus
2300 3176 2367 3214 suis,
2383 3181 2410 3205 R.
2432 3187 2458 3204 2.

1304 3220 1400 3251 talibus
1412 3229 1475 3258 quae
1491 3218 1567 3255 Regi
1582 3225 1628 3246 aut
1644 3215 1751 3252 Regno
1765 3214 1850 3252 Regis
1860 3212 2019 3243 Proditores
2033 3214 2077 3244 seu
2095 3215 2218 3245 bannitae
2233 3215 2275 3243 vel
2290 3214 2367 3252 adju·
2384 3225 2421 3243 m.
2447 3225 2473 3242 2.
2515 3243 2518 3246 Δ

1303 3259 1402 3289 dicatae
1418 3268 1476 3287 non
1494 3256 1630 3292 existunt,
1649 3263 1699 3290 per
1713 3252 1888 3282 Dominium
1904 3252 1937 3283 ὃ(
1952 3251 2122 3283 Potestatem
2137 3253 2241 3291 Regis,
2254 3253 2310 3282 tam
2319 3263 2368 3292 per

1305 3297 1445 3334 Terram,
1462 3296 1547 3333 quam
1562 3303 1612 3331 per
1627 3291 1727 3329 Mare,
1741 3289 1887 3322 'veniendo
1902 3291 1931 3319 in
1947 3290 2047 3320 eodem
2068 3290 2174 3330 Regno
2193 3291 2299 3329 Reuss,
2316 3301 2367 3329 pro

1302 3335 1439 3366 Deduc‘tu
1453 3334 1486 3364 &
1499 3332 1605 3363 Solatio
1619 3330 1670 3360 suis
1686 3329 1819 3359 habendis
1834 3337 1902 3358 cum
1920 3328 2015 3366 Rege,
2035 3338 2067 3359 ac
2082 3339 2148 3359 cum
2162 3329 2219 3359 aliis
2240 3314 2368 3360 Personis

1304 3374 1340 3405 de
1353 3373 1491 3412 Progenie
1506 3369 1551 3401 sua
1564 3370 1597 3400 ὃς
1613 3367 1765 3404 Amicitia,
1786 3366 1940 3404 morando,
1959 3367 1991 3396 &
2007 3366 2097 3397 versus
2118 3367 2211 3397 Partes
2225 3366 2280 3397 suas
2296 3367 2367 3398 Pro-

1300 3410 1372 3452 'prias
1386 3409 1543 3447 redeundo,
1561 3418 1593 3438 ac
1607 3406 1719 3446 Equos,
1737 3405 1810 3443 Res,
1827 3404 1923 3441 Bona,
1943 3403 2368 3443 Monetam,Jocalia,&Her-

1305 3450 1376 3481 nefia
1392 3450 1435 3479 sua
1452 3455 1648 3486 quaecumque.
1850 3483 1854 3488 Ι
1989 3481 1994 3486 ¹
2054 3482 2058 3487 .
2148 3482 2162 3488 ..

1345 3488 1435 3519 Teste
1452 3486 1534 3525 Rege
1551 3484 1624 3523 apud
1643 3479 1915 3523 Wstmonastermm,
1934 3488 2016 3511 tertio
2030 3481 2076 3511 die
2086 3480 2172 3519 Junii.

1784 3531 1837 3558 Per
1854 3526 1958 3558 Billam
1976 3528 2009 3558 de
2026 3531 2144 3559 Privato
2159 3529 2257 3568 Sigillo.

1454 3658 1480 3684 *ὲ
1503 3660 1595 3703 Super
1619 3660 1787 3698 Sententia,
1811 3660 1841 3689 in
1866 3655 1962 3700 Causa}
1988 3656 2167 3688 Armorum.
2377 3674 2475 3704 *VH-

1304 3742 1426 3800 REX
1446 3742 1609 3779 Omnibus,
1626 3742 1660 3773 ad
1674 3752 1758 3781 quos,
1776 3742 1836 3772 &c.
1855 3740 1986 3771 Salutem.
2377 3724 2452 3780 Am,—
2468 3750 2514 3780 D,

1414 3781 1671 3811 lsispizxinvs
1696 3780 1845 3810 Terrorem
1866 3779 2009 3817 cujusdam
2029 3777 2196 3816 Sententiae,
2216 3787 2265 3816 per
2289 3778 2359 3810 Nos
2407 3796 2489 3828 1390·

1301 3821 1372 3859 juste
1385 3821 1445 3850 latae
1455 3841 1463 3857 ,
1479 3829 1549 3858 pro,
1565 3818 1669 3849 dileeto
1684 3819 1716 3849 &
1731 3818 1803 3848 fideli
1820 3817 1935 3855 nostro,
1954 3816 2101 3847 Richardo
2114 3817 2138 3846 le
2152 3816 2242 3855 Scrop
2250 3817 2358 3849 Chiva-
2377 3831 2429 3854 Aa.
2448 3837 2490 3863 ¹3·

1299 3860 1356 3898 ler,
1374 3866 1469 3889 contra
1483 3857 1628 3886 Robertum
1649 3856 1818 3895 Grofivenour
1837 3854 1987 3893 Chivaler,
2005 3856 2033 3884 in
2055 3855 2172 3892 quadam
2193 3854 2281 3886 Causa
2301 3856 2358 3887 Ar·
2375 3870 2404 3893 R,
2424 3875 2450 3891 2,

1300 3907 1434 3934 morum,
1454 3905 1554 3926 coram
1566 3894 1664 3925 Nobis
1677 3896 1709 3926 &
1725 3895 1821 3932 certis,
1840 3903 1926 3932 nuper
1948 3892 2153 3923 Commiffariis
2167 3892 2281 3932 nostris,
2304 3906 2355 3925 nu-
2375 3907 2488 3940 Pal-¹3·

1299 3946 1348 3975 per
1363 3935 1520 3973 pendente,
1535 3943 1584 3972 per
1600 3934 1677 3964 viam
1693 3932 1875 3972 Apellationis
1894 3931 1928 3961 ad
1952 3932 2132 3962 Audientiam
2152 3930 2274 3963 nostram
2295 3932 2354 3962 Re·
2373 3945 2401 3969 R.
2420 3951 2445 3968 2,

1297 3976 1391 4013 giam,
1417 3982 1465 4010 per
1484 3971 1574 4009 ipsum
1595 3970 1778 4009 Robertum,
1798 3969 1990 4000 Adversarium
2011 3969 2137 4009 praedieti
2158 3969 2311 4009 Richardi,
2326 3972 2354 4000 in
2371 3986 2396 4015 p,
2419 3988 2445 4015 3,

1300 4011 1389 4042 Causa
1406 4008 1538 4050 praedicta
1551 4010 1724 4047 interjeetae,
1742 4010 1770 4038 in
1794 4008 1999 4040 Cancellariam
2018 4008 2152 4040 nostram
2165 4009 2200 4040 de
2214 4008 2355 4039 Mandato
2376 4026 2412 4045 m,
2424 4017 2451 4044 8„

1300 4050 1397 4081 nostro
1411 4048 1542 4086 mistum,
1560 4049 1589 4079 iri
1604 4047 1667 4079 haec
1682 4048 1785 4085 verba,

1811 4083 1881 4115 Ha
2278 4085 2360 4113 EN
