2561 4251
697 165 1506 241 CONVENTIONES,
1562 191 1948 244 LITERAE,

233 224 249 250 1
263 223 277 250 1
286 223 311 248 0

78 281 200 320 ᾸΠΠ-Ῑ)
231 293 360 325 Concilii
382 288 486 326 nostri,
503 276 629 319 Subditis
645 285 743 318 vestris
764 282 924 327 praedietiS,
941 288 1017 325 extra
1032 279 1139 324 Manus
1152 279 1172 298 *¹¹
1190 278 1300 323 Ligeo-

103 328 188 368 1380·
231 343 295 364 rum
311 330 490 365 nostrorum,
509 326 592 365 plene
612 326 646 356 &
666 324 776 362 integre
789 321 894 352 restitui
909 321 1031 363 fecimus
1046 319 1080 350 &
1095 318 1220 354 liberari,
2413 309 2490 344 Ann-
2503 315 2548 361 Df'

77 369 178 433 &21²1-
269 369 361 438 1(ζὲΊῖεὲ
373 366 550 435 ³21¹ssssssme
563 363 704 400 vestram,
723 371 772 401 per
787 360 907 399 praesens
920 357 1137 388 Testimonium
1150 355 1293 392 nostrum,
1508 367 1558 398 De
1577 362 1719 408 Potestase
1737 362 1910 397 concedendi
1926 363 2034 396 Salvos
2054 365 2227 401 condas-lus·
2411 353 2520 424 152⁸ss
2544 363 2545 369 ,

78 442 143 471 280·
172 426 181 433 .
229 416 394 477 voxllestraig
409 444 492 483 igitur
508 428 674 473 Amicitiam
689 438 796 469 attente
815 444 948 474 rogantes
970 435 1117 473 quatinus,
1135 442 1188 472 pro
1210 431 1294 462 Deli·
1336 448 1469 504 REX
1492 449 1646 481 Caris-fimo
1666 449 1756 481 Fratri
1776 449 1826 481 suo
1846 449 1953 479 Thmae
1974 449 2006 478 de
2028 447 2145 478 Haland
2155 447 2266 483 Comiti
2280 452 2396 484 Kantiae
2408 458 2460 485 An·
2478 469 2510 496 4.

227 486 373 516 beratione
393 483 427 514 &
447 480 641 511 Restitutione
661 486 806 508 certorum
822 475 954 506 Navium
970 476 1004 505 &
1017 473 1182 510 Bonorum,
1199 471 1293 502 diver—

226 525 323 555 sorum
341 522 538 552 Mercatorum
552 517 737 554 nostrorum,
755 514 791 545 de
803 514 910 554 Regno
924 512 1023 543 nostro
1046 511 1176 550 Angliae,
1193 519 1227 540 ac
1249 509 1292 539 di·
1421 488 1588 520 Mares-cano
1610 489 1726 527 Angliae
1739 511 1749 527 ²
1772 499 1805 519 ²²⁰
1825 487 1987 519 venerabili
1999 487 2030 518 in
2047 486 2166 519 Christo
2178 489 2252 521 Patri
2265 491 2396 531 Johanni
2405 499 2436 524 R.
2458 505 2485 528 2,

1333 524 1457 573 Efflfiopo
1468 527 1657 568 Herefordenfi
1665 551 1676 567 ,
1692 528 1825 559 Salutem.
2392 552 2395 553 γ
2409 538 2524 573 ηαλμ

64 1090 142 1121 Ann.
155 1091 197 1123 D.

92 1131 179 1169 1380.

62 1172 117 1197 An.
130 1179 159 1205 4.

63 1211 93 1235 R.
117 1217 143 1234 2.

61 1249 152 1274 Franc-

63 1289 128 1317 4.R.
149 1294 177 1313 2.

61 1331 100 1352 m.
118 1332 164 1350 21.

225 562 366 593 versarum
381 559 584 594 Personarum,
603 555 665 594 ipsis
680 553 888 585 Mercatoribus
910 551 1117 587 Servientium,
1136 558 1201 587 quae
1220 548 1292 578 infra

224 601 401 631 Dominium
417 599 451 629 &
467 595 640 626 Potestatem
655 593 759 628 vestra,
779 601 829 629 per
844 591 977 622 Subditos
998 588 1122 625 vestrm,
1139 586 1292 617 occasione

225 638 378 677 praedidffi,
397 637 462 666 licet
475 634 594 672 injuste,
609 632 723 663 arestata
737 631 770 661 &
783 630 896 661 detenta
911 627 1049 666 existunt,
1065 627 1135 657 sicut
1153 634 1189 670 eir
1207 624 1292 669 Parte

226 678 350 716 ipsorum
366 675 564 705 Mercatorum
579 672 744 702 nostrorum
756 670 816 708 jam
831 669 1010 706 accepimus,
1028 675 1097 696 cum
1109 674 1191 694 omni
1213 662 1291 693 festi-

227 718 341 746 natione
358 712 496 744 Ministris
509 711 621 748 vestris,
642 718 766 749 quorum
778 707 908 745 interest,
927 706 1016 736 velitis
1030 703 1216 749 demandare,
1230 710 1291 745 ma·-

225 756 302 784 xime
324 761 392 784 cum
412 751 497 788 Nos,
513 760 547 780 ex
569 759 646 788 parre
668 746 781 785 nostra,
798 746 845 784 id,
869 745 947 784 quod
966 742 1079 783 Justitia
1101 750 1232 780 requirit,
1258 750 1289 770 in

223 793 276 823 hac
294 800 388 830 parte,
407 789 531 820 Subditis
545 787 642 819 vestris
654 786 776 824 plenarie
789 785 907 815 fecimus
920 792 987 814 cum
1003 782 1108 827 favore,
1196 819 1201 824 .

260 831 327 862 Dat.
346 832 377 860 in
390 828 496 859 Palatio
509 826 607 857 nostro
622 824 748 856 Westm.
766 823 882 855 decimo
894 824 970 854 sexto
981 821 1028 852 die
1043 819 1224 851 Decembris.

244 961 293 994 Dc
309 953 499 998 Τναὶἶαηᾶο,
516 954 608 1001 fitper
627 954 832 986 Matrimonia
848 953 925 982 inter
943 951 1052 995 Regem
1069 950 1105 986 (φ
1126 948 1253 982 Annam

575 1006 712 1036 Sororem
730 1002 936 1047 Imperatoris.

221 1091 352 1148 REX
378 1090 540 1128 Omnibus,
555 1088 590 1120 ad
605 1097 694 1127 quOS,
712 1088 773 1118 &c.
792 1085 927 1129 Salutem.
1086 1123 1092 1128 .
1134 1124 1140 1130 ι

318 1130 395 1160 Inter
417 1138 518 1160 caetera
532 1151 542 1166 ,
566 1137 630 1166 quae
651 1126 823 1165 Regnorum
844 1124 1021 1160 aliorumque
1044 1120 1257 1162 Principatuum
1272 1148 1282 1162 ,

213 1168 282 1206 Jure
303 1167 476 1199 successorio
497 1167 645 1206 Sanguinis
663 1164 838 1200 delatorum,
856 1162 968 1205 felicius
982 1159 1097 1192 firmant
1112 1161 1280 1201 Regimina,

218 1206 258 1236 est
283 1207 508 1244 Principantium
531 1203 690 1240 huiusmodi
712 1202 802 1233 Ptolis
824 1199 1024 1237 Foecunditas,
1042 1209 1076 1229 ex
1091 1199 1282 1231 Matrimonio

218 1245 345 1284 legitimo
359 1245 499 1283 derivata,
515 1241 682 1282 per'qiiam,
701 1240 815 1272 exclusis
827 1239 935 1270 nedum
950 1238 1090 1268 Exrraneis
1102 1263 1112 1277 ,
1132 1239 1170 1281 set
1183 1239 1282 1270 Colla·

217 1285 348 1315 teralibus
366 1285 418 1314 suis
437 1285 471 1315 &
492 1283 624 1322 legitimis
645 1280 816 1311 Haeredibus
831 1303 841 1316 ,
857 1276 1053 1309 Succeffiones
1066 1277 1224 1316 hujusmodi
1237 1279 1282 1309 di-

216 1323 293 1353 reclai
312 1323 402 1353 Linefi
415 1322 589 1353 deseruntur.
948 1355 952 1359 ι
967 1354 972 1359 .

252 1361 329 1392 Haec
352 1363 445 1399 itaque
459 1384 467 1400 ,
491 1360 562 1391 diim
576 1382 585 1398 ,
610 1357 734 1388 discursis
758 1355 849 1386 Annis
870 1353 1042 1392 Puerilibus,
1058 1355 1088 1384 in
1104 1356 1206 1393 quibus
1215 1355 1281 1394 Jura

216 1399 313 1439 Regni
333 1400 518 1437 suscepimus,
537 1399 569 1430 &
587 1397 621 1434 ad
636 1397 737 1427 Annos
750 1394 906 1424 Pubertaiis
922 1395 1121 1432 pervenimus,
1139 1394 1166 1424 se
1177 1394 1281 1425 nostrae

216 1439 445 1469 considerationis
460 1437 583 1468 examini
598 1435 805 1474 prceseiitarent,
826 1432 862 1462 de
876 1431 1012 1477 habendaA
1021 1432 1102 1462 nobis
1118 1431 1282 1464 Conthora-

215 1478 234 1507 li
250 1477 392 1516 condigna
402 1501 411 1515 ,
430 1487 495 1514 quae
509 1476 583 1506 foret
595 1475 700 1505 divinae
715 1474 748 1504 &
762 1472 896 1503 humanae
911 1470 1032 1514 Domus
1049 1470 1147 1514 Socia,
1166 1482 1199 1502 ac
1208 1472 1281 1503 Suc-

215 1516 346 1547 ceffionis
361 1515 519 1554 hujusmodi
534 1514 716 1551 propagativa
726 1535 735 1550 ,
753 1511 881 1548 cepimus
897 1509 1005 1539 solicite
1022 1519 1158 1547 cogitare,

256 1555 293 1585 Et
307 1579 317 1592 ,
343 1554 414 1585 dum
434 1554 468 1584 ad
484 1578 493 1592 ,
521 1551 734 1584 Sereniffimam
758 1549 918 1580 Dominam
933 1571 942 1586 ,
962 1547 1123 1578 Dominam
1137 1551 1256 1578 Annam
1271 1573 1281 1588 ‚

215 1596 327 1623 Natam
349 1593 495 1631 quondam
511 1615 520 1630 ,
545 1590 660 1622 celebris
677 1589 843 1624 memoriae,
862 1585 977 1624 Karoli',
996 1596 1085 1625 nuper
1100 1589 1281 1617 Romanorum

217 1635 390 1670 Imperatoris
412 1632 444 1661 ὃς
470 1634 545 1668 Regis
567 1628 700 1659 Bohenn'ae
716 1651 726 1666 ,
752 1627 854 1658 oculos
874 1625 979 1656 nostrie
992 1624 1222 1657 considerationis
1237 1627 1280 1656 di-

217 1672 339 1700 reximus
354 1693 363 1707 ,
387 1670 488 1707 placuit
511 1668 612 1699 Nobis
627 1690 636 1705 ,
661 1666 770 1696 nedi'im
787 1673 903 1706 propter
917 1664 999 1700 ipiius
1015 1663 1223 1703 Nobilitatem,
1243 1666 1281 1696 stet

217 1719 333 1747 propter
348 1709 465 1738 Famam
489 1707 632 1737 celebrem
647 1706 778 1735 bonitatis
796 1706 894 1742 ipllus,
912 1702 1013 1732 nostris
1029 1703 1152 1743 Auribus
1166 1704 1280 1734 instilla-

215 1757 271 1778 tam
282 1771 291 1783 ,
310 1757 376 1778 cum
391 1747 461 1785 ipsa,
477 1756 533 1784 pra:
547 1745 668 1782 mereris,
688 1743 792 1773 Foedus
809 1743 877 1771 inire
893 1740 1029 1780 Coniugii
1042 1741 1222 1781 conjugalis,

254 1785 345 1815 Unde
360 1810 369 1821 ,
395 1786 464 1815 cum
482 1808 490 1822 ,
519 1783 584 1821 post
604 1783 710 1819 aliquos
730 1780 898 1817 Trac'tatuS,
917 1780 997 1816 super
1010 1781 1067 1810 hoc
1085 1780 1209 1819 habitos,
1228 1792 1281 1819 pro

215 1823 338 1863 Negorii
355 1823 513 1861 hujusmodi
529 1821 741 1858 Conciuiione,
761 1818 893 1857 qu'l‘dam
910 1817 1005 1860 Diaeta
1029 1820 1057 1848 in
1078 1818 1205 1850 Flandria
1220 1821 1282 1852 fue-

218 1864 253 1892 rit
267 1862 395 1901 assignata
406 1885 415 1900 ,
435 1872 487 1900 pro
503 1862 580 1898 cujus
594 1859 790 1890 observatione
807 1857 1016 1887 Ambassatores
1031 1857 1204 1896 solempnes,
1220 1860 1280 1890 tam

212 1911 265 1939 pro
289 1901 370 1931 Parte
389 1901 469 1939 ipsius
490 1902 616 1929 Dominae
633 1902 729 1927 Annae
746 1920 755 1935 ,
781 1897 814 1926 ὃς
838 1896 1009 1925 Amicorum
1031 1895 1146 1927 suorum
1164 1920 1172 1934 ,
1193 1900 1280 1935 quam

212 1939 314 1979 Nostra
329 1964 338 1977 ,
363 1938 505 1969 debebant
521 1962 530 1975 ,
555 1938 633 1980 juxta
653 1936 800 1967 Condieta
825 1933 951 1972 ibidem,
970 1935 1000 1964 in
1015 1934 1101 1966 Festo
1115 1935 1279 1974 Epiphaniae

212 1978 337 2008 Domini
353 1979 486 2016 proximo
501 1985 672 2014 convenire,

247 2016 296 2085 {te
303 2027 481 2093 Ρῐῖἷρῇῗιῖἶὲῗέ,
501 2052 657 2089 industria,
672 2053 705 2084 sc
715 2050 982 2089 Circumspefflone
996 2052 1138 2090 providis,
1158 2052 1278 2084 anceio-

209 2104 272 2124 rum
288 2095 320 2125 δε
339 2088 463 2124 fidelium
484 2092 648 2123 nostrornm
669 2115 678 2129 ,
694 2090 801 2120 Thomae
823 2093 931 2120 Comitis
947 2093 1063 2120 Kantiae
1079 2091 1177 2121 Fratris
1189 2092 1277 2122 nostri

211 2132 366 2163 Marescalli
390 2132 500 2171 Angliae
550 2133 670 2167 Hugonis
686 2132 803 2166 Segrave
819 2128 966 2158 Senescalli
981 2128 1105 2166 Hospitii
1119 2129 1223 2169 nostri,
1241 2133 1275 2163 &

208 2174 320 2201 Simonix
340 2172 372 2202 de
387 2171 487 2211 Burley
501 2155 657 2201 damerarii
679 2167 768 2200 nostri
783 2190 793 2207 ,
817 2168 850 2200 &
873 2177 972 2199 eorum
988 2168 1151 2209 cujussibet,
1168 2170 1276 2210 plenius

206 2210 382 2242 confidentes
389 2236 398 2250 ,

1370 566 1471 596 ,Sciatis
1485 566 1565 604 quod
1574 589 1584 605 ,

1370 602 1451 634 Cum
1473 604 1715 642 Assignaverimus
1735 614 1788 635 vos
1810 605 1844 636 &
1866 604 2001 642 quosdam
2023 604 2091 635 alios
2105 603 2200 636 fideles
2214 605 2340 648 nostros,
2357 609 2392 641 ad
2413 611 2456 642 18.

1333 639 1531 674 Tradtandum
1546 644 1580 675 &
1596 642 1844 673 Concordandum
1858 652 1925 673 cum
1941 643 2201 682 Ambaffatoribus,
2218 643 2393 680 Procurato-

1331 678 1400 719 bus,
1419 682 1562 721 Nunciis,
1579 681 1625 712 seii
1640 680 1806 719 Deputatis,
1825 680 1997 711 Sereniffimi
2012 681 2114 712 Fratris
2130 682 2236 721 nostri,
2246 685 2392 717 Wencelaiv

1330 716 1390 749 Dei
1401 720 1506 759 gratia,
1526 724 1602 758 Regis
1614 722 1792 750 Romanorum
1806 718 1844 754 &
1867 718 2002 748 Bohemiae
2015 718 2192 752 Illustriffimi
2209 745 2218 760 ,
2236 723 2287 761 ὃς,
2305 711 2392 756 Divi!

1327 756 1493 801 nanavente
1507 758 1687 796 Clementia,
1704 760 1877 797 Imperatoris
1897 757 1999 795 futuri,
2017 758 2096 795 super
2112 759 2205 799 Ligis,
2224 759 2389 795 Confoede-

1327 798 1483 829 rationibus
1498 800 1530 830 δε
1548 798 1686 829 Amicitiis
1701 797 1882 836 specialibus,
1898 795 2122 834 Temporalibus
2133 799 2178 828 vel
2191 799 2351 841 Perpetuis,

1364 833 1441 867 Inter
1457 837 1580 868 eundem
1593 837 1708 875 Regem
1721 836 1850 866 Fratrem
1865 834 2013 872 nostrum,
2032 834 2167 866 Subditos
2180 837 2258 877 suos,
2276 839 2392 881 Regna,

1327 873 1360 904 &
1377 874 1518 906 Dominia
1531 876 1576 907 sua
1590 884 1799 913 quaecumque,
1814 883 1848 904 ex
1865 873 1938 912 una,
1957 883 1990 904 ac
2005 873 2091 912 Nos,
2109 873 2244 907 Subditos
2259 879 2389 920 nostros,

1325 922 1359 942 ac
1381 914 1484 983 ssegna
1499 938 1508 954 ,
1534 916 1567 946 ὃς
1586 913 1729 944 Dominia
1748 911 1842 944 nostra
1863 921 2078 952 quaecumque„
2096 921 2131 943 ex
2144 913 2228 945 altera
2237 925 2332 957 parte,
2345 919 2390 950 in-

1325 961 1380 982 eUn
1403 964 1423 983 18

1362 976 1494 1022 Nec’non
1514 991 1548 1021 ad
1571 988 1808 1022 Contrahendum
1830 989 1972 1028 sponsalia
1991 988 2037 1020 seu
2057 989 2279 1023 Matrimonium
2298 1002 2386 1034 cum,

1324 1028 1474 1061 Cariffima
1490 1030 1638 1069 Domina,
1657 1029 1779 1059 Domina
1794 1028 1905 1066 Anni,
1924 1027 2004 1058 Nata
2012 1030 2175 1068 quondam,
2193 1031 2310 1062 celebris
2322 1042 2386 1065 me-

1324 1070 1443 1107 moriae,
1462 1068 1577 1107 Karoli,
1596 1079 1685 1106 nuper
1704 1071 1885 1097 Romanorum
1905 1069 2079 1104 Imperatoris
2093 1069 2125 1099 δε
2140 1072 2219 1107 Regis
2231 1069 2386 1112 Bohemiae,

1323 1106 1343 1137 fi
1362 1108 1482 1145 praesens
1495 1107 1595 1146 fuerit,
1613 1107 1741 1145 alioquin
1756 1115 1826 1137 cum
1842 1105 1922 1144 ipfius
1936 1105 2138 1146 procuratore,
2157 1110 2242 1139 etiam
2258 1119 2308 1148 pei·
2321 1120 2387 1142 ver-

1321 1145 1357 1176 ba
1371 1146 1411 1191 de·
1422 1146 1566 1185 praesenti,
1584 1146 1629 1177 vel
1643 1146 1707 1177 alias
1722 1169 1732 1185 ,
1757 1152 1843 1184 prout
1864 1143 1966 1174 melius
1982 1145 2016 1176 &
2031 1144 2183 1178 ordinatius
2196 1146 2233 1178 de
2240 1147 2310 1187 Jure
2324 1149 2386 1181 fieri

1360 1192 1425 1215 terlt

1320 1194 1396 1255 poEt
1408 1209 1442 1254 ad
1457 1223 1590 1261 quaedam
1605 1223 1673 1262 alia,
1691 1224 1720 1254 in
1734 1222 1847 1254 diversis
1861 1221 1962 1252 Literis
1977 1221 2079 1252 nostris
2100 1221 2279 1264 Patentibus,
2297 1227 2385 1259 vobis

1320 1262 1387 1293 inde
1401 1262 1558 1300 confectis,
1577 1272 1731 1299 contenta,
1751 1260 1923 1292 Faciendum
1940 1261 1973 1293 &
1988 1259 2217 1301 Exequendum,
2235 1273 2320 1302 prout
2333 1275 2384 1304 per

1319 1301 1427 1332 oesdem
1443 1298 1549 1332 Literas
1565 1301 1648 1339 plene
1665 1302 1768 1340 poterit
1782 1310 1928 1341 apparere,

1356 1340 1547 1416 ffiffp’raedieii
1562 1378 1790 1416 Ambassatores,
1808 1376 2030 1415 Procuratores,
2045 1377 2178 1418 Nuncii,
2197 1380 2230 1412 &
2248 1379 2386 1420 Deputati

1319 1417 1401 1454 ipsius
1421 1417 1520 1448 Fratris
1543 1417 1631 1448 nostri
1647 1442 1656 1455 ‚
1683 1418 1718 1447 ab
1733 1417 1810 1455 ipso,
1825 1426 1858 1447 ex
1873 1415 1958 1447 causis
1973 1416 2118 1454 praemiffis
2157 1419 2302 1449 transmiffi
2337 1431 2384 1451 us-

1320 1465 1377 1492 que
1392 1456 1496 1486 Villam
1512 1456 1638 1486 nostram
1654 1456 1772 1492 Calesii,
1790 1453 1836 1486 vel
1848 1454 1912 1485 alibi
1927 1478 1936 1493 ,
1953 1455 2025 1485 infra
2038 1439 2212 1487 Potesiatem
2228 1457 2263 1488 &
2278 1444 2387 1489 Distri-

1320 1495 1383 1524 &us
1400 1494 1514 1525 nosti-os
1528 1519 1537 1533 ,
1564 1505 1616 1532 pro
1640 1494 1662 1523 F
1663 1494 1726 1524 inali
1748 1493 1937 1532 Expeditione
1951 1493 2151 1531 Negotiorum
2164 1496 2387 1539 praedic‘torum,

1320 1533 1471 1564 Libentius
1486 1534 1519 1565 ὃς
1532 1533 1654 1564 securius
1668 1533 1822 1571 accedant,
1839 1532 1968 1564 volentes
1980 1532 2147 1572 providere,

1359 1572 1404 1603 Ac
1418 1571 1454 1602 de
1469 1571 1630 1610 Fidelitate,
1649 1571 1829 1603 Discretione
1837 1594 1848 1610 ,
1866 1572 1900 1603 ὃ(
1914 1569 2054 1602 Industria
2075 1571 2172 1603 vestris
2184 1572 2296 1611 plenius
2310 1584 2385 1607 con-

1318 1608 1357 1640 fid
1376 1621 1394 1640 n
1425 1620 1436 1640 s

1357 1620 1469 1687 {Votgisss
1493 1650 1527 1680 ὃς
1549 1649 1661 1686 utrique
1682 1648 1808 1679 vestrum
1821 1672 1831 1687 ,
1854 1656 1885 1679 ut
1908 1647 2075 1680 sufficientes
2099 1649 2231 1689 Literas,
2252 1650 2290 1682 de
2307 1651 2386 1684 salvo

1320 1686 1480 1718 Conduetu
1494 1687 1551 1718 sive
1565 1687 1602 1718 de
1614 1687 1695 1717 Salva
1708 1687 1815 1718 Gardia
1829 1686 1928 1717 nostris
1940 1709 1950 1725 ,
1967 1686 2108 1725 praedkstis
2121 1688 2385 1730 Ambaffatoribus,

1318 1725 1556 1757 Procuratoribiis
1571 1749 1581 1765 ,
1604 1725 1731 1756 Nunciis
1745 1750 1755 1764 ,
1781 1727 1815 1757 &
1835 1725 1984 1764 Deputatis
1999 1749 2008 1762 ,
2033 1736 2086 1763 pro
2102 1726 2157 1766 Se,
2175 1737 2208 1758 ac
2221 1727 2384 1770 Gentibus,

1318 1764 1424 1804 Equis,
1441 1764 1600 1803 Heriiesiis,
1619 1764 1705 1795 Bonis
1723 1766 1756 1796 &
1774 1764 1875 1795 Rebus
1888 1764 1938 1794 suis
1955 1764 2180 1803 quibuscumque
2194 1790 2203 1803 ,
2222 1767 2383 1807 veniendo,

1319 1814 1353 1833 ex
1370 1805 1448 1835 causa
1464 1803 1617 1842 praedicta,
1637 1804 1723 1841 usque
1737 1802 1896 1841 Calesium,
1913 1810 1959 1833 aut
1973 1802 2054 1837 alibi,
2073 1802 2144 1833 infra
2159 1803 2333 1837 Potestatem
2346 1807 2382 1840 &

1319 1842 1494 1873 Dominium
1507 1842 1615 1880 nostra,
1634 1842 1740 1872 ibidem
1757 1840 1914 1880 morando,
1933 1841 1966 1872 &
1986 1840 2020 1871 ad
2033 1840 2151 1879 Propria
2174 1842 2319 1875 redeundo
2353 1846 2384 1876 in

1317 1882 1365 1912 tali
1379 1881 1517 1912 Numero
1533 1881 1567 1912 &
1581 1890 1631 1918 per
1646 1889 1757 1911 tantum
1770 1880 1917 1919 Tempus,
1937 1888 2021 1919 prout
2033 1880 2117 1911 fuerit
2133 1891 2153 1912 o
2175 1868 2336 1921 ortunum:
2347 1884 2383 1916 δε

1317 1919 1546 1951 Discretionibus
1565 1918 1663 1950 vestris
1683 1919 1782 1950 melius
1802 1919 1943 1950 videbitur
1964 1917 2097 1958 expedire
2112 1942 2122 1958 ‚
2146 1890 2332 1959 goncedere,
2347 1922 2383 1953 δε

1315 1958 1366 1991 sub
1381 1959 1482 1998 Sigillis
1501 1957 1615 1995 vestris,
1633 1967 1681 1988 aut
1693 1957 1802 1989 alterius
1823 1957 1952 1988 vestrum
1978 1957 2071 1988 facere
2091 1959 2236 1998 poteritis,
2249 1960 2382 1999 plenam,

1315 1997 1436 2028 Tenore
1451 1996 1653 2034 Praesentium,
1672 1995 1869 2027 Concedimus
1884 1996 2065 2027 Facultatem.
2426 1999 2429 2002 '

1353 2036 1421 2066 Dat.
1438 2038 1466 2066 in
1486 2035 1594 2066 Palatio
1617 2034 1716 2065 nostro
1736 2034 1862 2066 &Vestm
1879 2035 1929 2066 sub
1949 2034 2052 2076 Magni
2073 2034 2162 2076 sigilli
2176 2035 2268 2069 nostri
2280 2034 2377 2068 Testi—

1315 2076 1433 2115 monio,
1451 2074 1628 2108 duodecimo
1642 2073 1687 2107 die
1697 2073 1828 2116 Januarii.

2007 2156 2062 2184 Per
2075 2151 2157 2193 ipst'tm
2168 2156 2274 2193 Regem.

2388 602 2389 605 Ἴ
2411 576 2530 614 R.2.m‚=

243 2249 289 2279 Ad
305 2248 544 2281 Contrahendum
559 2249 701 2287 Sponsalia
715 2247 760 2279 seu
775 2247 998 2280 Matrimonium
1013 2259 1081 2280 cum
1096 2248 1171 2282 dieta
1178 2253 1273 2281 Domi-

46 3058 145 3086 *VIL

47 3097 110 3125 281.

204 2298 241 2317 na
258 2291 365 2327 Anna,
385 2289 404 2319 si
420 2289 537 2327 praesens
552 2288 648 2325 fuerit,
668 2289 793 2325 alioquin
807 2297 874 2317 cum
895 2289 974 2325 ipsius
988 2288 1177 2320 Procuratore
1190 2313 1200 2328 ,
1218 2291 1273 2321 suf-
1311 2285 1333 2306 *
1360 2287 1468 2318 Litora
1484 2287 1698 2317 Procuratoria
1715 2286 1808 2317 Annae
1826 2283 1906 2316 Filiae
1923 2281 2024 2314 Caroli
2036 2283 2276 2328 Imperatoris&
2288 2288 2376 2333 Regis
2392 2281 2411 2302 ²¹¹¹
2432 2286 2501 2315 vn.

202 2326 303 2371 ficiens.
317 2327 351 2358 ad
375 2328 432 2358 hoc
454 2327 624 2370 Mandatum
649 2327 770 2370 habente
784 2349 793 2370 ,
817 2328 966 2368 etiamqper
981 2328 1066 2370 verba
1078 2327 1113 2358 de
1127 2329 1270 2367 praeleiiti,
1374 2336 1495 2367 Boemiae
1542 2332 1586 2365 ad
1601 2331 1810 2366 Traffandum
1822 2330 1858 2365 de
1876 2333 2079 2364 Ajatrimonio
2098 2330 2304 2368 contrahendo.
2391 2322 2456 2351 ²3²·

202 2365 248 2395 vel
272 2366 334 2396 alias
351 2391 360 2404 ,
388 2375 473 2404 prout
496 2366 595 2396 melius
617 2365 649 2395 &
672 2365 827 2395 ordinatius
849 2364 885 2393 de
902 2374 966 2401 jure
980 2364 1038 2395 fieri
1053 2368 1173 2406 poterit,
1191 2368 1224 2398 <St
1239 2369 1269 2398 in
1507 2360 1516 2376 ’

202 2403 321 2435 eandem
338 2404 473 2435 Nomine
488 2403 585 2434 nostro
600 2404 846 2434 matrimonialiter
860 2401 1121 2446 Consentiendiim,
1394 2418 1423 2449 Ο
1432 2418 1452 2449 3
1478 2421 1569 2449 Anna
1602 2417 1661 2449 Dei
1676 2416 1765 2456 gratia
1803 2416 1885 2447 darae
1907 2416 2056 2446 memoffiae
2090 2415 2261 2449 sereniffimi
2282 2429 2315 2450 ac
2329 2408 2377 2450 jng
2391 2407 2468 2440 Ami,
2483 2409 2527 2450 DJ

240 2442 374 2488 Necnon
389 2444 422 2473 ad
443 2443 639 2487 Traeiandum
660 2452 728 2473 cum
751 2442 985 2485 procuratoribus
1000 2465 1010 2480 ,
1035 2442 1215 2487 Parentibus,
1234 2445 1268 2475 &
1307 2417 1383 2479 N
1402 2457 1549 2488 vifflffimi
1563 2441 1702 2495 principis
1718 2457 1751 2488 &
1767 2441 1890 2485 bomini
1905 2479 1915 2493 ‘
1950 2440 2076 2485 Domjn}
2089 2456 2189 2486 Kasos,-
2230 2457 2377 2495 quondam
2414 2449 2499 2487 1381.

203 2479 314 2525 Amffils
328 2486 409 2520 ¹P¹¹US
424 2481 564 2526 DQffllnae
576 2481 612 2511 de
627 2481 724 2536 Dore,
744 2480 899 2524 Dotalitio,
917 2481 950 2511 &
966 2480 1133 2512 DOMUOUC
1152 2493 1268 2521 psopter
1304 2498 1484 2526 Romanorum
1499 2499 1673 2535 Imperatoris
1687 2496 1721 2527 &
1736 2497 1852 2524 Boemiae
1864 2496 1943 2531 Regis
1955 2516 1966 2532 ,
1984 2492 2074 2524 Patris
2089 2495 2178 2525 nostri
2193 2482 2322 2527 dariffimi
2329 2498 2376 2527 Fi·
2391 2490 2432 2515 An
2456 2498 2487 2524 4·

202 2518 345 2558 Nuptias,
363 2531 396 2551 ac
414 2522 490 2551 Arris
505 2530 533 2550 in
550 2521 601 2549 hac
616 2528 691 2556 paite
706 2519 926 2556 constituendis,
1304 2533 1362 2572 lia,
2389 2529 2418 2553 R.
2439 2536 2466 2555 2.

2390 2568 2430 2591 Ex
2439 2567 2498 2593 Au-

239 2556 276 2587 Er
297 2558 332 2587 dc
357 2559 502 2596 Qialitare
522 2568 554 2588 ac
580 2559 745 2594 Quantitate
758 2582 767 2593 ,
786 2567 899 2587 necnon
916 2557 952 2587 de
966 2556 1115 2588 Terminis
1129 2559 1162 2590 &
1180 2559 1267 2592 Locis

201 2595 345 2626 solutionis
368 2599 399 2627 &
422 2597 611 2626 i'itisfaetionis
635 2596 821 2631 eorumdem,
840 2606 872 2626 ac
884 2597 967 2625 etiam
983 2596 1017 2626 ad
1033 2595 1133 2635 Qiem
1149 2598 1266 2630 Locum

203 2634 336 2672 praediola
350 2634 478 2665 Domina
494 2644 541 2672 per
555 2634 685 2664 Parentes
700 2635 733 2664 ὃς
752 2635 871 2663 Amicos
888 2634 949 2664 suos
964 2635 1166 2673 transmitti,ac
1181 2638 1268 2676 Qio-

203 2672 313 2711 modo,
329 2675 362 2704 &
385 2673 513 2711 Quando
529 2695 538 2709 ,
563 2673 591 2702 in
609 2672 744 2702 Domum
754 2672 879 2702 nostram
894 2671 1015 2710 Regiam
1030 2675 1136 2705 traduci
1149 2675 1268 2715 debeat,

202 2710 446 2742 Convenicndum
463 2712 494 2741 &
509 2709 755 2741 Concordandum
765 2735 773 2747 ,

237 2749 274 2780 Et
289 2761 337 2788 eri,
358 2761 421 2788 quie
436 2751 473 2780 sic
489 2750 621 2786 traCtata,
640 2758 781 2779 conventa
792 2771 800 2785 ,
818 2749 851 2780 &
867 2748 1039 2778 concordata
1060 2749 1179 2789 fuerint,
1199 2762 1268 2791 qua-

199 2796 279 2818 tenus
299 2789 332 2819 ad
358 2789 425 2819 Nos
445 2789 541 2818 attinet
557 2812 565 2826 ‚
592 2787 763 2818 omnimoda
780 2787 952 2824 Securitate,
970 2787 1088 2818 honesta
1103 2791 1137 2820 &
1154 2790 1267 2830 debita,

200 2828 320 2857 nomine
334 2827 450 2865 nostro,
471 2826 653 2856 firmandum
663 2850 672 2863 ,

237 2866 486 2904 Consimilemque
508 2865 692 2896 Securitatem
707 2887 717 2901 ,
742 2874 794 2901 pro
815 2863 914 2894 Nobis
935 2864 969 2893 &
993 2863 1126 2894 Nomine
1149 2866 1265 2906 nostro,

200 2902 318 2934 Petendi
334 2929 343 2943 ,
366 2904 522 2942 Stipulandi
537 2927 546 2940 ,
570 2905 602 2935 &
620 2903 789 2940 Recipieiidi
807 2926 816 2939 ,
832 2902 1006 2940 Jurandique
1021 2903 1049 2932 in
1063 2903 1198 2934 Animam
1213 2916 1266 2936 iio-

200 2942 286 2972 stram
309 2943 389 2980 quod
410 2942 602 2973 Contrae‘tum
624 2941 781 2979 hujusmodi
803 2941 912 2971 Ratum
933 2941 1116 2979 habebimus,
1134 2952 1187 2974 nec
1205 2943 1265 2974 Po-

197 2980 327 3011 testatem
351 2981 520 3011 Praesentem
541 2981 578 3009 eis
600 2979 692 3010 datam
718 2980 935 3009 Revocabimus
949 3002 958 3016 ,
972 2979 1113 3017 aliquidve
1126 2980 1263 3013 faciemus

197 3019 242 3049 vel
259 3021 472 3056 procurabimus
490 3028 539 3056 per
555 3018 633 3056 quod
650 3017 824 3048 Contradius
842 3017 1002 3049 huiusmodi
1017 3041 1027 3056 ,
1043 3018 1088 3049 seu
1101 3019 1157 3055 ejus
1170 3019 1264 3051 debita

197 3056 418 3088 Consummatio
442 3059 481 3094 (in
502 3057 564 3087 casu
589 3057 607 3075 ³⁸
628 3067 687 3094 quo
702 3067 750 3093 per
764 3056 855 3086 dictos
870 3055 1074 3087 Procuratores
1088 3056 1201 3088 nostros
1216 3060 1261 3089 vel

194 3096 322 3163 iplgrrum
336 3097 456 3136 aliquem
470 3095 508 3126 iic
524 3095 654 3126 contrahi
671 3095 837 3133 contigerit)
858 3096 961 3133 poterit
977 3094 1194 3133 quomodolibet
1208 3098 1263 3127 im-

217 3145 233 3164 e
254 3145 302 3172 iri,

196 3145 216 3173 p
232 3172 401 3212 Coeteraque
415 3173 511 3203 omnia
527 3172 559 3202 &
575 3171 678 3210 singula
692 3170 880 3209 Faciendum,
900 3170 1133 3209 Excercendum,
1155 3173 1188 3203 &
1200 3173 1261 3204 Ex-

195 3212 366 3249 pediendum
379 3236 389 3249 ,
416 3221 480 3250 quae
499 3211 528 3241 in
552 3209 703 3240 Praemislis
725 3210 758 3241 δε
782 3210 857 3240 circa
881 3220 913 3240 ea
933 3210 1084 3241 necessaria
1099 3211 1203 3242 fuerint
1214 3213 1260 3242 vel

196 3261 354 3289 oportuna,
372 3260 405 3280 ac
419 3260 484 3288 quae
500 3248 614 3286 qualitas
629 3250 661 3278 δε
685 3257 781 3277 namra
801 3248 880 3285 hujus
895 3248 1022 3285 Negotii
1035 3250 1149 3288 exigunt
1165 3251 1198 3281 ὃς
1215 3260 1258 3280 re-

196 3290 327 3327 quirunt,
345 3290 378 3320 &
394 3299 457 3326 quae
473 3287 542 3318 Nos
554 3287 710 3317 faceremus
725 3286 770 3316 seu
783 3286 875 3316 facere
890 3287 1033 3324 possemus
1048 3287 1066 3317 si
1081 3287 1258 3326 personaliter

193 3328 301 3358 ibidem
325 3327 471 3365 praesentes
490 3326 611 3356 essemus
625 3349 634 3363 ,
661 3325 745 3355 etiam
762 3324 782 3354 1i
794 3323 965 3356 Mandatum
980 3327 1092 3363 exigant
1104 3335 1259 3363 quantum-

194 3376 321 3404 cumque
333 3365 463 3403 speciale,

233 3404 406 3441 Praedi&os,
422 3403 566 3439 Thomam,
585 3405 742 3440 Hugonem,
761 3402 793 3433 &
809 3404 954 3440 Simonem,
971 3412 1004 3433 ac
1019 3411 1119 3434 eorum
1135 3403 1257 3441 quemli-

195 3444 262 3481 bet,
280 3452 329 3480 per
341 3443 367 3472 se
380 3443 413 3473 ὃς
428 3444 457 3472 in
472 3442 590 3472 solidum
601 3466 610 3478 ,
630 3440 740 3471 nostros
756 3449 854 3476 veros,
872 3440 1070 3479 legirim0s‚&
1086 3439 1255 3473 indubitatos

195 3481 397 3511 Procuratores
410 3504 419 3518 ,
444 3480 641 3518 Negotiorum
662 3478 800 3509 Gestores
816 3500 826 3515 ,
844 3479 876 3508 ὃ(
894 3479 1029 3510 Nuncios
1043 3478 1188 3517 speciales,
1206 3491 1255 3511 or-

195 3518 358 3557 gani'imque
373 3519 453 3548 vocis
472 3518 635 3556 nostrae,in
655 3518 709 3548 hac
729 3524 823 3554 parte,
843 3516 990 3556 Facimus,
1010 3517 1200 3556 Ordinamus,
1221 3520 1255 3551 ὃς

192 3557 404 3588 Constituimus
421 3567 467 3594 per
483 3556 651 3593 Praesentes3

229 3595 449 3631 Promittenies,
465 3596 492 3623 in
507 3595 596 3625 verbo
611 3594 708 3632 Regio
718 3616 727 3631 ,
752 3602 803 3623 nos
818 3592 944 3630 Rarum,
964 3594 997 3624 &
1014 3593 1136 3624 Gratum
1152 3603 1253 3632 perpe-

194 3636 245 3664 tuo
260 3635 402 3664 habituros
419 3632 568 3672 Qicquid
582 3656 591 3670 ,
613 3642 663 3670 per
685 3631 885 3661 Procuratores
894 3631 1008 3662 nostros
1022 3631 1190 3670 praedictos,
1208 3635 1254 3664 vel

196 3672 319 3708 ipsorum
332 3672 454 3710 aliquem
463 3694 472 3708 ,
490 3671 617 3707 Aetam,
635 3669 760 3700 Gestum
769 3669 830 3707 ,seu
844 3669 1033 3701 Procuratum
1045 3670 1128 3701 fuerit
1139 3671 1167 3700 in
1175 3670 1253 3702 Prae-

198 3709 283 3738 missis
295 3711 328 3740 ὃς
342 3710 452 3744 singulis
464 3708 678 3739 Praemiilbrum

226 3746 362 3785 'Ipsosque
379 3742 581 3778 Procuratores
603 3747 636 3777 &
659 3730 797 3775 hiuncios
815 3745 928 3775 nostros
940 3768 950 3783 ,
970 3746 1004 3776 &
1018 3755 1116 3776 eorum
1129 3747 1251 3784 quemli-

195 3784 262 3820 bet,
280 3786 315 3814 ab
330 3787 412 3815 omni
425 3795 511 3816 onere
528 3783 678 3815 Satisdandi
693 3781 835 3823 exprell'e,
855 3783 974 3813 Tenore
989 3783 1170 3814 Praesentium
1180 3809 1189 3823 ‚
1208 3796 1251 3816 re-

194 3821 335 3860 levamus,
352 3824 408 3853 aliis
421 3823 563 3853 Mandatis
576 3823 622 3853 seu
635 3821 840 3861 procuratoriis
854 3821 971 3860 nostris,
989 3824 1064 3860 prius
1077 3823 1105 3852 in
1120 3822 1173 3853 hac
1187 3833 1250 3861 par-

194 3867 223 3890 te
236 3859 329 3897 saetis,
346 3861 374 3889 in
389 3861 438 3891 suo
452 3861 653 3891 nichilominus
668 3860 772 3889 robore
784 3859 928 3889 duraturis.

234 3895 300 3939 Dat.
320 3897 473 3939 iii—Palatio
493 3898 591 3929 nostro
611 3897 738 3928 Westrn.
757 3897 807 3927 sub
829 3898 935 3935 Magni
947 3898 1035 3938 sigilli
1050 3897 1138 3929 nostri
1152 3898 1249 3930 Testi-

192 3944 312 3972 monio,
330 3939 464 3967 vicellmo
475 3936 551 3968 sexro
565 3937 611 3968 die
626 3935 806 3967 Decembris.

877 4013 930 4041 Per
941 4012 1024 4051 ipſsmz
1035 4015 1139 4051 Regem.

1342 2573 1430 2642 {Sco
1450 2572 1610 2608 noscimus,
1627 2572 1747 2603 Tenore
1761 2570 1964 2607 Praesentiurn‚
1982 2569 2132 2601 Univerfis
2146 2571 2258 2610 Quod,

1306 2649 1461 2687 Principis,
1481 2649 1606 2680 Domini
1620 2647 1778 2687 Wncqflai,
1800 2650 1980 2677 Romanorum
2002 2646 2040 2680 ό·
2064 2649 2178 2678 Boemiae
2192 2651 2286 2688 Regis,
2305 2650 2374 2682 Do-

1307 2690 1377 2718 mini
1395 2691 1428 2719 &
1444 2688 1544 2720 Fratris
1556 2687 1642 2718 nostri
1656 2686 1842 2724 perdmendi,
1861 2694 1975 2715 necnon
1985 2707 1995 2723 ,
2012 2685 2200 2717 Sereniffimae
2216 2688 2374 2730 Principis,

1306 2728 1444 2758 Dominae
1457 2726 1642 2763 Elizabetht,
1660 2728 1840 2755 Romanorum
1855 2727 2054 2762 Imperatricir,
2069 2725 2101 2755 ὅτ,
2117 2728 2225 2763 Reginae
2240 2729 2372 2768 Bomiae,

1306 2767 1446 2797 Do‘minae
1459 2766 1491 2796 &
1508 2765 1610 2795 Matris
1623 2763 1728 2794 nostrae
1742 2762 1890 2794 cariffimae
1899 2787 1908 2800 ,
1926 2772 2060 2802 necnon,
2078 2763 2188 2795 Animo
2202 2765 2370 2806 deliberato,

1304 2805 1459 2836 Voluntate
1469 2805 1570 2842 libera,
1588 2804 1622 2834 &
1636 2811 1670 2833 ex
1683 2802 1759 2833 certa
1773 2801 1895 2832 Scientia

1341 2842 1566 2874 Constituendos
1588 2841 1721 2872 duximus
1736 2863 1745 2879 ,
1770 2841 1803 2872 &
1822 2823 2033 2870 Constituimus
2055 2840 2085 2870 in
2111 2839 2164 2871 hiis
2180 2841 2302 2880 scriptis,
2318 2852 2373 2874 no-

1304 2881 1376 2912 stros
1395 2891 1478 2913 veros
1492 2905 1501 2918 ,
1527 2888 1621 2911 certos
1635 2903 1644 2918 ,
1668 2881 1702 2911 &
1717 2880 1860 2917 legitimos
1875 2877 2092 2915 Procuratores,
2109 2880 2144 2909 ὃ(
2157 2879 2293 2911 Nuncios
2308 2881 2371 2919 spe-

1304 2921 1403 2957 ciales,
1422 2920 1591 2956 Praesentes,
1609 2919 1643 2950 &
1657 2917 1741 2948 Onus
1756 2917 1967 2948 procurationis
1979 2917 2009 2946 in
2025 2915 2051 2945 se
2065 2915 2165 2953 sponte
2186 2918 2368 2959 recipientes,

1303 2958 1442 2989 Illustrem
1457 2958 1619 2994 Principem
1636 2955 1799 2986 Dominum
1816 2954 2020 2994 Przemflaum,
2039 2955 2142 2982 Ducem
2154 2955 2365 2997 TeJchinensem,

1302 2996 1551 3036 Consanguineum
1569 2994 1698 3025 nostrum
1725 2992 1918 3030 cariffimum,
1941 2993 1976 3023 &
1990 3014 1999 3030 ,
2025 2990 2150 3022 Nobiles
2164 3016 2174 3031 ,
2207 2996 2362 3027 Conradum

1301 3039 1436 3075 Kreyger,
1454 3045 1487 3064 ac
1507 3036 1619 3063 Petrum
1641 3033 1674 3062 de
1691 3030 1872 3067 Wrtenberg
1885 3054 1894 3067 ,
1920 3029 1990 3059 dicti
2004 3028 2128 3060 Domini
2143 3030 2234 3069 Regis
2247 3033 2281 3064 &
2293 3034 2362 3066 Fra.¹

1301 3076 1349 3105 tris
1366 3074 1455 3104 nostri
1471 3072 1653 3102 Consiliarios
1667 3092 1678 3108 ,
1694 3070 1728 3100 ad
1743 3068 1982 3100 Contrahendum
1997 3066 2239 3111 Matrimonium,
2256 3071 2360 3104 nostro

1297 3114 1418 3143 nomine
1438 3120 1464 3142 at
1488 3120 1523 3140 ue
1544 3110 1629 3145 vice,
1656 3117 1706 3147 per
1728 3108 1814 3139 verba
1838 3106 1874 3137 de
1896 3105 2028 3137 Praesenu
2042 3129 2053 3144 ,
2071 3116 2161 3145 cum,
2175 3107 2360 3143 S'ereniffimo

1298 3151 1448 3188 Principe,
1500 3149 1601 3178 omino
1616 3146 1753 3176 Richardo
1767 3149 1835 3183 Rege
1849 3145 1963 3182 Angliae
1978 3145 2138 3184 dumtaxat,
2184 3152 2187 3155 '

1336 3188 1374 3219 Et
1390 3189 1423 3218 ad
1437 3186 1599 3218 faciendum
1615 3186 1712 3215 omnia
1724 3185 1758 3215 &
1770 3184 1876 3220 singula
1891 3184 1919 3213 in
1931 3182 2089 3220 hujusmodi
2099 3182 2275 3225 contractu,
2285 3197 2359 3226 quo-¹

1300 3227 1460 3257 modolibet
1474 3233 1631 3262 oportuna,
1649 3225 1733 3254 etiam
1750 3223 1769 3253 fi
1786 3222 1957 3254 Mandatum
1972 3223 2082 3261 exigant
2094 3223 2225 3264 speciale,
2243 3225 2277 3256 &
2292 3236 2359 3266 quae

1298 3275 1350 3295 nos
1363 3266 1454 3295 facere
1468 3263 1613 3302 possemus
1628 3262 1647 3291 si
1662 3261 1838 3299 personaliter
1852 3261 2008 3292 adeffemus

1333 3304 1550 3340 Promittentes,
1570 3300 1648 3331 bona
1663 3300 1718 3331 fide
1732 3302 1766 3332 δε
1781 3300 1883 3339 absque
1901 3299 1989 3337 doio,
2007 3282 2115 3330 statum
2127 3299 2162 3330 &
2175 3300 2299 3333 Gratum
2313 3311 2357 3335 te-

1295 3352 1362 3373 nere
1375 3343 1408 3373 &
1424 3340 1620 3372 inviolabiliter
1637 3339 1783 3370 observare
1805 3338 2026 3377 quodcumque,
2046 3347 2096 3374 pet
2108 3337 2201 3369 dictos
2217 3339 2357 3373 Procura-

1293 3389 1368 3411 tores
1381 3381 1415 3412 &
1427 3380 1444 3410 s
1460 3379 1555 3410 eciales
1570 3378 1706 3409 Nuncios
1718 3377 1846 3416 nostros,
1864 3377 1894 3406 in
1901 3375 2062 3407 Contraetu
2076 3375 2146 3407 dieti
2159 3376 2354 3420 Matritnonii,

1294 3419 1420 3458 Actum,
1438 3390 1561 3449 Pastum
1574 3417 1659 3447 fuerit
1669 3415 1908 3458 quomodolibet,¹
1924 3414 1980 3444 five
1994 3412 2129 3458 Geslum.

1330 3457 1384 3495 Et,
1403 3459 1467 3496 quia
1481 3456 1599 3495 proprio
1612 3455 1641 3486 Si
1663 3455 1712 3485 illo
1724 3454 1854 3484 nondum
1869 3461 1910 3483 uti
1924 3451 2354 3491 consuevimus‚Praemisiasub

1294 3496 1449 3535 Majestatis
1463 3495 1560 3532 Sigillo
1575 3503 1633 3531 prae
1653 3493 1703 3523 isti
1718 3491 1845 3522 Domini
1857 3492 1891 3522 &
1904 3491 2005 3522 Fratris
2017 3490 2107 3521 nostri
2119 3494 2299 3524 Romanorum
2314 3493 2353 3530 &-

1298 3539 1411 3565 Boemiae
1435 3537 1513 3571 Regis
1528 3555 1538 3571 ,
1556 3534 1590 3564 ὃς
1603 3533 1631 3562 in
1646 3531 1810 3568 Praesentia,
1829 3529 2041 3560 Venerabilium
2055 3528 2171 3560 Patrurn
2179 3553 2190 3568 ,
2204 3531 2354 3563 DomIno-

1293 3584 1357 3604 rum
1371 3598 1381 3611 ‚
1405 3572 1547 3611 Johannis
1557 3593 1574 3610 ,¹
1591 3568 1732 3609 Pragenfis
1751 3567 1951 3607 Archiepifiopi
1962 3590 1973 3607 ,
2000 3567 2034 3598 &
2049 3569 2183 3606 conradi,
2201 3569 2353 3609 Lubitensis

1292 3612 1410 3651 Episcopi
1424 3609 1631 3641 Ecclefiarum:
1651 3606 1804 3637 illustrium
1820 3606 1985 3644 Principum
1996 3629 2006 3644 ,
2024 3604 2148 3636 Domini
2161 3609 2274 3636 Hemici
2286 3610 2351 3636 Du-

1291 3655 1327 3680 cis
1343 3649 1429 3689 Slefiae
1441 3650 1475 3680 &
1491 3647 1615 3678 Domini
1634 3645 1780 3682 Bregensis
1792 3669 1802 3683 ,
1827 3644 1953 3676 Domini
1968 3647 2085 3682 Procopii
2098 3644 2265 3674 Marchionis
2285 3649 2351 3676 Mo-

1289 3693 1397 3725 ravi'ae,
1416 3686 1716 3725 Consanguineorum:
1736 3683 1907 3714 dileetorum
1922 3683 2086 3714 nostrorum
2100 3706 2111 3720 ,
2128 3683 2162 3713 &
2173 3681 2350 3724 Nobilium,

1291 3729 1411 3757 Andriae
1430 3725 1468 3761 ό»
1488 3726 1604 3754 Henrici
1623 3723 1656 3752 de
1673 3722 1758 3752 Duba
1771 3746 1782 3759 ,
1808 3722 1949 3761 Thymonis
1971 3723 2003 3751 de
2025 3719 2148 3757 Colditx,
2167 3719 2301 3750 Bot’honis
2315 3723 2349 3753 de

1290 3764 1488 3802 Czallolowitz
1500 3786 1512 3803 ,
1535 3763 1570 3794 &
1588 3760 1701 3802 Beneffli
1713 3761 1745 3791 de
1760 3761 1864 3800 Duba3
1881 3760 2023 3793 voluimus
2036 3760 2071 3790 &
2084 3758 2246 3797 rogavimus
2259 3760 2350 3793 robo-

1287 3814 1350 3834 rari.

1326 3879 1364 3910 Et
1379 3879 1463 3917 Nos,
1481 3875 1648 3944 Wenccjgssms
1661 3878 1841 3906 Romanorum
1852 3873 1890 3909 ὠ
1901 3874 2022 3915 Βοενηξιε
2035 3872 2096 3901 Rex
2109 3872 2260 3916 praedietus
2294 3874 2348 3913 ρης

1286 3917 1362 3947 blice
1374 3916 1559 3955 profitemur,
1613 3924 1663 3953 os,
1680 3914 1714 3944 ad
1729 3914 1875 3944 Petitionis
1886 3910 2254 3948 instantiam,Sereniffimae
2263 3897 2346 3943 Prin-

1287 3957 1509 3992 cipis,Dominae
1523 3957 1619 3983 Annae
1631 3950 1911 3990 praedietae,Sororis
1925 3946 2029 3977 nostrae
2042 3949 2355 3989 praecariffimae,Ma-,

1279 3993 1386 4032 jestatis
1401 3991 1508 4022 nostrae
1520 3991 1549 4021 Si
1570 3991 1650 4020 illum
1665 3988 1846 4028 praesentibus
1857 3984 2028 4023 appendisse.

1842 4024 1930 4053 Anno
1944 4023 2068 4054 Domini
2082 4024 2238 4056 Millefimo
2269 4025 2346 4056 Tre-

2195 4071 2222 4094 x.
2239 4047 2344 4094 kalen.

2275 4140 2343 4170 Pro-

1332 4030 1443 4060 Datum
1454 4031 1484 4060 in
1498 4029 1543 4060 Ca
1569 4039 1603 4059 ro
1616 4027 1824 4065 Burgeiehens‚
1918 4063 1922 4067 ι
1959 4062 1964 4067 ¹

1284 4068 1442 4099 centesimo
1455 4089 1466 4106 ,
1489 4066 1696 4106 Ostuagesimo
1716 4064 1811 4102 primo
1825 4085 1835 4101 ,
1860 4061 2022 4094 Indidiione
2043 4063 2154 4103 Qiarta
2166 4085 2178 4102 ,

1283 4107 1434 4139 Februarii.

1443 2611 1539 2642 onlilia
1552 2634 1561 2649 ,
1586 2610 1797 2648 Requisitiones
1811 2632 1821 2646 ,
1848 2617 1964 2638 necnon
1986 2607 2185 2648 Indueti'ones,
2203 2611 2374 2643 Serenisfimi
2388 2610 2454 2641 ΜΨ·
