2561 4251
195 0 207 32 ‘i

220 59 234 90 vl

659 112 1473 165 CONVENTIONES,
1529 113 1922 169 LITERAE,

222 136 238 164 1
248 137 272 164 0
282 136 302 174 4.

71 209 149 239 A'nn.
162 206 201 238 D.
258 207 339 238 Dant
355 217 400 238 cm
416 206 586 242 Estremoz,
603 204 722 243 Quinze
735 205 792 234 dias
805 204 841 234 de
850 204 947 242 Julho.
1359 201 1432 228 Dat.
1441 201 1476 242 ⁷in
1491 197 1624 238 Estremos
1638 203 1733 245 quinto
1745 199 1787 229 die
1798 198 1885 237 Julii.
1925 240 1929 245 ⁵
2396 211 2472 245 Arm·
2488 209 2522 241 D
2536 230 2540 232 ,

94 247 177 291 s380.
258 247 294 277 El
309 247 372 285 Rcy
385 256 404 275 o
417 246 437 288 ,λ
446 244 551 291 lapdon
563 244 656 289 johyan
671 255 685 274 a
702 245 724 274 F
725 254 775 273 orn
789 254 803 273 a
819 243 842 272 F
844 252 886 272 ez.
1361 239 1422 266 Rex
1428 236 1506 276 Juffit
1518 237 1684 282 johannem
1697 249 1727 267 m
1737 237 1856 284 [ormam
1871 238 1999 283 redigere.
2421 253 2504 291 1380.
2522 235 2559 252 ‘'⁴''

68 290 120 313 κισ.
142 294 167 313 2.
258 285 313 316 Era
324 286 359 314 dc
376 283 431 313 Mil
449 281 575 312 (ALC.
596 282 711 313 >tvm
730 283 839 312 Annos.
1361 278 1440 305 AEra
1455 278 1487 305 de
1501 275 1583 306 Mille
1601 279 1696 307 CCCC.
1716 278 1829 306 XVIII.
1846 279 1950 305 Anms.
2396 293 2448 320 ιζ’-ε.
2468 301 2495 323 ι.
2540 319 2546 322 ᾖ

222 416 272 447 De
288 412 404 444 auxilio
423 414 597 443 (Memorato
610 438 618 452 ‚
645 413 681 447 eff
701 408 737 442 de
754 412 961 442 Mitrimom'o
971 408 1035 454 filii
1053 410 1176 441 Comitis
1202 408 1284 439 Can·

270 459 396 507 tebrigiae
411 472 480 492 cum
494 460 621 504 Infantia
636 461 782 492 Beati-icc.

1725 401 1845 439 Eadem
1870 403 1993 439 Latine.

70 550 148 584 Ann.
159 550 199 580 D.
221 548 284 608 D
295 550 319 576 O
331 544 369 576 M
385 545 542 583 Fernando,
558 545 604 584 pel
620 545 644 575 la
658 544 756 576 Graaz
768 542 803 575 de
817 543 917 584 Deus,
934 546 989 584 Rey
1001 544 1033 573 de
1050 540 1184 579 Portugal
1200 539 1239 576 &
1253 541 1285 571 de
1391 535 1518 585 Ominus
1530 539 1710 587 Fernandus,
1728 538 1784 585 Dei
1792 540 1908 580 grafid,
1924 539 1993 572 Rex
2004 539 2176 582 Portugaliae
2192 541 2228 575 ὅτ
2246 542 2385 587 Algarl-,jg>

67 601 129 658 A?
136 592 182 665 ΞΟ
219 585 437 655 Molhiillgmw
450 609 458 623 ,
488 584 634 616 ensembra
656 594 714 616 con
734 594 749 614 a
770 583 883 624 Reynha
911 586 995 613 Dona
1014 585 1121 612 Leonor
1135 604 1144 618 ,
1167 580 1284 611 mintha
1409 588 1465 607 una
1483 589 1539 608 cum
1553 582 1656 617 Regina
1671 579 1802 610 Domina
1815 579 1965 619 Leonora,
1983 592 2042 611 mea
2057 583 2165 620 Uxore,

69 673 97 696 R.
116 679 141 695 2.

68 712 108 734 Ex
126 710 180 733 Au-

67 754 119 781 tog.

69 830 88 849 ⁷⁷⁶
110 830 176 858 VH.

69 872 133 904 265.

68 2273 145 2306 Ann.
162 2275 201 2307 D.

90 2315 174 2354 1380.

67 2397 96 2420 R.
121 2403 145 2419 2.

66 2434 163 2466 P,1r.4.

66 2473 94 2496 R.
108 2475 164 2506 2.p.
177 2479 201 2499 1.

67 2517 103 2535 m.
118 2517 165 2543 42.

67 2629 86 2647 *
108 2630 174 2658 VII.

69 2670 132 2697 266.

255 664 469 699 Prometemos,
489 671 544 700 que
557 661 663 701 Vyndo
677 661 769 691 moffe
781 665 908 701 Hyman,
926 660 1012 691 conde
1034 659 1066 689 de
1085 656 1280 701 Cantabryxa,

218 703 305 732 atibar
319 712 334 732 a
349 712 380 731 os
395 701 492 731 noffos
507 701 644 738 Regnos,
662 711 718 738 que
730 710 783 730 nos
796 700 966 731 ocolhamos
981 708 1029 729 ern
1043 697 1130 735 ellos,
1145 706 1204 727 con
1220 696 1280 727 Mil

220 741 318 771 Homs
335 740 483 777 d‘Armas,
503 740 536 770 ὃ(
554 738 611 769 Mil
626 739 790 777 Archeyras.

255 779 280 810 E
293 779 494 809 Prometemos
509 777 545 808 de
560 778 607 808 dar
620 788 635 808 a
647 788 667 808 o
682 778 770 808 dicho
786 775 871 816 M⁰ffi
889 779 1013 815 Himan,
1030 776 1064 807 δὲ
1079 774 1189 805 Gentes
1196 772 1280 803 d'Ar-

218 829 294 856 mas,
313 828 359 848 em
380 816 518 855 Cavalos,
537 817 556 836 *
575 827 621 847 em
643 816 747 847 Outras
770 815 984 852 MontraduraS,
1003 825 1056 852 por
1068 814 1144 844 huna
1160 812 1281 850 Quartel

218 858 325 888 d'buno
350 857 455 894 Anno,
471 865 523 894 por
542 855 636 886 Preco
655 855 814 892 Resoanel,
833 864 886 892 por
906 864 922 885 a
944 854 1026 892 quela
1044 862 1157 882 manera
1179 861 1234 890 que
1253 851 1280 882 el

218 900 274 936 Roy
289 896 478 933 a'Ingraterra
493 894 620 925 mandon
633 904 720 934 payor
733 904 766 925 os
780 893 874 934 Gages
887 902 923 924 ao
937 893 1024 924 dicho
1039 890 1124 930 Moffi
1138 891 1279 929 Iman2&

217 946 233 966 a
247 945 280 965 os
295 935 393 965 diebos
411 933 463 963 Mil
480 933 578 964 l-loms
591 933 730 964 d'Armas.

254 973 350 1004 Outro
363 973 382 1003 fi
398 972 598 1003 Prometemos
613 972 752 1010 Recebir,
772 971 805 1002 δε
821 970 867 1001 faz
881 969 1023 1006 Recebir,
1041 979 1061 999 0
1077 967 1165 998 dicho
1174 968 1280 1006 Conde',

214 1012 313 1082 {gotes
328 1012 457 1042 o‘Arnms
473 1011 702 1050 Aniigavelment
712 1020 819 1049 ,como
835 1009 956 1048 Amigos
971 1019 987 1038 e
1000 1008 1280 1045 Benquerentes,em

257 1052 334 1081 offos
351 1050 425 1080 Vilas
440 1051 472 1080 ὃς
489 1049 644 1088 castellos,
663 1061 678 1080 e
695 1050 757 1079 lhos
774 1049 910 1079 Faremos
930 1047 1066 1084 deliurer,
1082 1055 1118 1076 en
1142 1045 1205 1082 quel

218 1090 275 1120 sam
294 1089 362 1120 ffeer
376 1089 517 1125 Seguros,
536 1089 570 1119 ὃ(
583 1088 744 1119 salvament
759 1087 830 1118 estar
850 1086 885 1116 de
906 1085 1008 1116 dentro
1028 1087 1080 1114 dos
1101 1082 1199 1114 noisos
1250 1094 1281 1114 e-

220 1138 309 1167 gnos,
331 1126 528 1157 Prometendo
540 1137 555 1156 a
573 1127 640 1158 Nos
652 1138 672 1157 o
687 1126 776 1156 dicho
786 1128 858 1155 Mite
872 1129 953 1155 Iman
971 1126 1004 1155 ὃς
1021 1122 1192 1160 Capitaanos
1212 1121 1281 1152 deli-

222 1177 283 1196 urar
296 1176 329 1196 os
340 1165 439 1196 dichos
452 1165 588 1195 Castellos
602 1167 634 1197 &
650 1165 736 1195 Villas
745 1188 754 1203 ,
771 1172 856 1202 quant
869 1164 947 1194 olhes
964 1162 1031 1193 Nos
1045 1161 1250 1199 Mandarmos,
1263 1170 1280 1191 e

219 1206 256 1236 de
272 1205 339 1235 Nos
353 1215 412 1234 non
429 1204 504 1234 fazet
518 1204 553 1235 de
566 1204 608 1235 los
622 1203 751 1242 Guerra,
768 1213 785 1233 e
797 1203 832 1234 de
844 1202 913 1233 Nos
926 1201 1060 1241 guardare
1073 1199 1174 1231 Noffo
1185 1198 1281 1230 Servi-

218 1255 255 1276 co
271 1254 286 1274 e
302 1244 338 1273 dc
356 1243 451 1273 noffiis
468 1243 594 1282 Regnos.

257 1283 282 1313 E
303 1281 367 1319 assi,
386 1292 477 1312 como
500 1292 520 1312 o
541 1281 628 1312 dicho
649 1282 753 1319 conde,
765 1281 862 1320 Jentes
882 1279 1031 1317 d'Armas,
1049 1278 1144 1308 forem
1159 1277 1281 1307 aribadas

219 1332 266 1353 eni
294 1322 390 1351 nouos
412 1320 546 1359 Reginos,
568 1320 636 1351 Nos
656 1319 873 1350 Cometartmos
894 1318 1004 1349 Guerra
1023 1317 1215 1359 abertament,
1232 1325 1280 1353 par

221 1360 306 1396 Mar,
326 1361 358 1390 δε
375 1370 421 1397 par
435 1359 551 1397 Tierra,
571 1369 671 1389 contra
685 1369 718 1388 os
732 1359 850 1397 Regnos
863 1358 900 1387 de
920 1356 1058 1393 Castella,
1075 1364 1122 1385 em
1144 1354 1280 1392 awdado,

221 1409 269 1439 my
289 1398 391 1428 Noble
415 1401 485 1427 Dom
502 1397 696 1464 Joham,lRey
718 1398 748 1427 de
771 1395 887 1436 castella
900 1394 938 1430 ὠ·
955 1396 986 1464 ‘¹²1⁶’
1001 1394 1154 1463 Lffimliln&
1171 1392 1281 1461 Druqffe

217 1437 436 1514 {igalLlazgessirtqreg
452 1434 952 1518 {scnssissZeissrgprssgnafflkszgu’aa
968 1444 1002 1503 ἓξ
1016 1442 1134 1510 ςυὲιάειὲ
1141 1441 1281 1517 ’ςῖεὸῐεῖ

218 1525 274 1554 que
290 1516 351 1545 sscia
368 1514 508 1545 cobrados
523 1525 554 1544 os
568 1514 668 1544 dichos
686 1513 817 1553 Regnos,
836 1522 875 1542 ou
888 1523 903 1542 a
919 1511 1026 1542 mocho
1041 1519 1118 1548 parte
1131 1508 1149 1538 d
1159 1509 1207 1539 els.

257 1554 356 1584 Outro
370 1553 387 1583 si
397 1576 406 1590 ,
427 1553 622 1582 Pronzetemos
636 1562 709 1590 que,
729 1551 869 1589 trogendo
883 1561 952 1581 com
966 1550 1034 1589 Sigo
1051 1558 1071 1578 o
1083 1547 1189 1591 diccho
1212 1550 1281 1576 Con-

219 1594 251 1623 de
266 1601 295 1622 ue
310 1592 485 1631 Cantebryxa
500 1592 556 1621 lien
572 1592 594 1621 F
596 1591 671 1628 ilho,
691 1601 746 1627 que
761 1600 813 1620 nos
827 1590 951 1620 casemos
964 1599 1001 1619 co
1015 1587 1040 1618 el
1055 1597 1070 1617 a
1091 1586 1210 1629 Iffanta-
1221 1589 1280 1615 Do-

219 1643 257 1662 na
275 1635 392 1661 Beasriz
406 1631 483 1659 nolin
498 1630 590 1666 Finis,
609 1630 642 1660 &
655 1639 675 1659 o
690 1629 808 1658 faremos
824 1628 951 1658 Recebir
965 1637 1017 1665 por
1038 1628 1109 1665 Rey,
1127 1624 1224 1662 depois
1245 1623 1280 1655 da

218 1671 299 1701 noffii
316 1670 432 1706 Morte,
450 1668 583 1707 Segundo
598 1678 655 1706 que
668 1667 717 1707 foy
736 1666 922 1704 Prometido,
940 1676 988 1704 par
1001 1665 1101 1704 Johan
1119 1662 1280 1693 Fernandez

220 1709 368 1749 Anticyra,
385 1718 431 1738 ein
447 1708 531 1737 noffo
546 1707 642 1737 Nom.

258 1747 300 1784 E,
318 1758 370 1786 por
395 1746 455 1776 esto
477 1746 543 1776 Seer
567 1746 635 1775 mais
658 1744 753 1774 Firme
775 1745 808 1775 ὃ(
829 1743 939 1781 vael,
960 1742 1132 1773 Mandamos
1154 1740 1200 1770 faz
1223 1739 1280 1770 esta

252 1795 306 1816 arta
341 1786 360 1815 S
381 1785 449 1815 nada
463 1784 498 1814 de
512 1784 607 1814 noffos
656 1783 789 1821 ombres‚
807 1782 922 1813 Seelada
956 1792 988 1813 os
1008 1785 1060 1813 noi
1074 1791 1107 1812 os
1127 1790 1177 1812 ver
1233 1788 1281 1818 ey-

221 1786 250 1816 C
314 1810 323 1824 ,
362 1795 379 1825 y
620 1782 653 1813 N
935 1781 954 1812 d
1059 1780 1080 1812 's
1178 1779 1231 1811 dad

221 1835 269 1855 ros
282 1825 388 1855 Sscelos
403 1822 524 1853 Grands.

258 1863 338 1893 Dant
354 1872 400 1892 em
418 1860 581 1896 Estremos,
599 1860 716 1898 Quinte
733 1858 801 1889 Dias
816 1859 852 1890 de
860 1859 956 1898 Julho.

258 1900 293 1932 El
310 1901 373 1938 Rey
387 1912 406 1930 o
421 1901 545 1930 niandon
564 1898 577 1908 ᾗ
589 1900 659 1927 ohan
672 1909 685 1928 a
701 1898 774 1928 Fom
790 1909 805 1929 a
818 1898 886 1929 Fez.

257 1940 312 1972 Era
326 1941 362 1973 de
376 1938 434 1970 Mil
452 1937 541 1970 CCC
573 1961 579 1968 .
599 1936 712 1970 XVIII.
731 1937 842 1968 Annos.

220 2129 279 2162 Pro
308 2126 466 2161 Cardinali
492 2124 640 2160 Nicholao
656 2154 680 2209 ‚d
695 2127 913 2209 CmZnguineo
938 2130 1020 2174 Papae
1038 2154 1048 2171 ‚
1073 2124 1278 2161 Praebendario

678 2190 692 2210 e
715 2178 749 2210 T
765 2189 844 2210 ame.

223 2263 341 2323 REX
351 2287 360 2302 ,
378 2263 526 2294 Omnibus
538 2262 649 2294 Ballivis
664 2263 696 2294 &
712 2261 855 2294 Fidelibus
870 2263 921 2294 suis
931 2286 941 2303 ‚
956 2262 989 2294 ad
1003 2273 1092 2303 quos,
1109 2262 1170 2294 &c.
1199 2262 1279 2294 Salu-

302 2313 371 2333 tem.

259 2342 356 2372 Sciatis
369 2340 449 2379 quod
459 2365 468 2379 ,

257 2380 309 2411 Ob
327 2381 434 2411 bonam
456 2378 659 2417 affectionem,
678 2388 762 2417 quam
783 2388 846 2418 erga
866 2378 1032 2417 personam,
1050 2377 1282 2410 Reverentiffimi

222 2419 251 2448 in
266 2419 385 2449 Christo
406 2417 495 2448 Patris
505 2441 514 2456 ,
532 2418 687 2447 cardinalis
707 2417 851 2455 Nicholai,
867 2418 1075 2457 Consanguinei
1085 2441 1094 2456 ,
1110 2418 1282 2449 Sanetiffimi

220 2457 308 2487 Patris
322 2457 425 2495 nostri,
446 2459 544 2495 Papae,
563 2458 596 2488 ὃ(
618 2465 733 2494 propter
754 2466 885 2495 magnam
907 2457 1107 2494 dilectionem,
1125 2466 1210 2494 quam
1233 2466 1282 2494 pe-

222 2506 271 2525 nes
296 2496 363 2525 Nos
384 2498 415 2526 &
439 2495 573 2534 Regnum
597 2494 727 2525 nostrum
749 2495 889 2533 ostendit,
908 2496 1043 2527 &indies
1057 2495 1204 2526 ostendere
1219 2504 1280 2525 non

224 2534 344 2571 desistit,
364 2534 431 2563 sicut
445 2535 526 2563 nobis
541 2534 579 2564 est
595 2533 774 2564 testificatum
784 2557 793 2571 ,

258 2571 456 2602 Conceffimus
477 2574 509 2602 ἃ
532 2572 693 2602 Licentiam
714 2572 844 2602 dedimus
860 2596 869 2609 ,
899 2580 1035 2610 quantum
1059 2572 1087 2602 in
1109 2572 1191 2602 nobis
1213 2571 1254 2602 est
1270 2596 1278 2609 ,

221 2612 357 2642 omnibus
372 2609 511 2640 Fidelibus
530 2612 548 2629 ³¹⁵
570 2610 665 2647 Ligu-is
682 2611 779 2640 nostris
793 2611 828 2640 de
850 2610 958 2647 Regno
979 2610 1077 2641 nostro
1096 2611 1227 2648 Anglite,
1245 2611 1278 2641 δε

221 2659 323 2679 eorum
347 2649 480 2685 cuilibet,
499 2649 578 2685 quod
601 2650 648 2685 ipli
671 2648 871 2678 Procuratores
889 2650 957 2679 dicii
979 2649 1135 2679 Cardinalis
1157 2651 1184 2679 in
1198 2649 1279 2679 dicto

223 2688 331 2728 Regno
353 2687 452 2717 nostro
474 2686 583 2724 Angiiae
600 2709 609 2723 ,
641 2687 673 2718 &
697 2686 820 2716 Firmarii
844 2689 877 2718 ὃς
907 2687 1032 2717 Ministri
1056 2688 1221 2718 Praebendae
1244 2688 1280 2718 de

220 2727 334 2757 Tharne
349 2729 376 2755 in
394 2725 516 2755 Ecclesia
530 2724 691 2754 Catliedrali
706 2725 896 2755 Lincolnienii
919 2726 976 2755 effe
994 2726 1118 2766 valeant,
1137 2736 1201 2765 quie
1217 2727 1280 2765 qui-

219 2765 287 2796 dem
305 2765 458 2795 Praebenda
471 2764 553 2793 eidem
565 2763 722 2801 Cardinali,
742 2773 771 2793 ut
785 2764 900 2801 dicitur,
919 2763 959 2793 est
975 2764 1080 2801 provisa
1090 2787 1099 2802 ‚

257 2803 302 2835 Ac
317 2804 400 2833 eiiam
416 2803 507 2832 eidem
523 2801 665 2832 Cardinali
677 2803 756 2840 quod
773 2802 828 2840 ipsc
842 2801 973 2832 proficua
990 2802 1076 2832 dictae
1099 2802 1279 2842 Praebendae,

219 2853 269 2881 per
285 2852 382 2872 manus
398 2842 541 2871 diciorum
559 2840 796 2879 Proetiratorum,
806 2841 1010 2871 Firmariorum
1020 2841 1070 2878 ,ὃς
1080 2839 1279 2871 Ministrorum

221 2883 334 2912 suorum
349 2903 358 2918 ,
377 2882 501 2918 recipere
524 2879 607 2917 pouit
628 2880 730 2917 absqiie
755 2880 957 2918 inquietatione
979 2879 1092 2918 nostri,
1110 2878 1155 2911 vel
1177 2879 1280 2910 Haere-

220 2920 291 2950 dum
302 2944 310 2956 ,
328 2919 372 2948 seu
389 2918 589 2948 Ministrorum
605 2917 769 2949 nostrorum
785 2927 1046 2957 quorumcumque.

257 2956 292 2987 In
311 2967 404 2994 cums,
424 2958 484 2986 δῖε.

292 2995 379 3026 Teste
396 2995 480 3033 Rege
493 2994 565 3032 apud
579 2994 884 3033 Vi'estnionasterium,
904 2996 941 3026 vi.
962 2994 1008 3025 die
1019 2993 1104 3033 Julii,

722 3073 775 3101 Per
789 3074 881 3101 Breve
894 3072 925 3102 de
942 3074 1061 3102 Privato
1073 3071 1171 3110 Sigillo.

344 3220 438 3264 Super
456 3214 617 3249 Rebellione
633 3225 735 3248 contra
759 3217 892 3261 Papam,
919 3219 950 3248 in
969 3218 1154 3263 Aquitania.

1357 655 1563 698 I'romittnnus,
1581 655 1657 696 quod
1672 656 1806 685 veniendo
1826 658 1942 687 Domino
1964 657 2121 690 Edmundo
2137 658 2260 690 Comite
2278 659 2383 694 Cante-

1319 692 1435 732 brigiae,
1451 695 1581 733 applicare
1602 699 1632 724 in
1653 694 1749 734 nostris
1770 697 1885 733 Regnis,
1902 694 1978 735 quod
1993 698 2053 726 Nos
2068 701 2095 728 in
2111 698 2254 738 Occurficm
2267 698 2383 741 ibimus,

1318 742 1376 760 cum
1391 732 1472 762 Mille
1486 733 1646 762 Hominibus
1661 736 1827 771 Armorum,
1845 732 1883 768 ὠ
1898 733 1980 763 Mille
1993 734 2147 772 Sagitariis.

1356 773 1403 800 Ac
1416 773 1604 801 Promittimus
1619 772 1685 802 dare
1699 773 1770 802 didio
1787 775 1902 802 Domino
1916 772 2075 804 Edmundo
2114 773 2152 808 ό·
2166 775 2298 806 Gentibus
2317 779 2383 808 Ar-

1318 820 1437 849 morum,
1457 814 1487 840 in
1501 813 1588 851 Equis
1602 810 1640 846 &
1652 814 1680 840 in
1693 810 1757 840 aliis
1771 810 1923 850 Hernefiis,
1933 819 1984 850 pro
1996 822 2054 841 una
2067 797 2185 850 Quarta
2202 822 2282 851 parte
2305 819 2385 846 unius

1318 851 1417 887 Anni,
1434 850 1475 878 ad
1484 851 1606 878 Pretium
1621 848 1895 888 rationabile,eodem
1910 850 1984 880 modo
1999 861 2050 890 quo
2067 853 2127 880 Rex
2142 852 2252 889 Angliae
2268 856 2384 885 mandat

1319 887 1407 916 Vadia
1419 887 1494 918 Solvi
1509 889 1580 918 dicto
1594 890 1712 918 Domino
1725 887 1883 920 Edtnundo
1890 910 1901 928 ,
1918 887 1957 925 &¹
1969 888 2048 920 dic‘i'is
2061 888 2144 920 Mille
2151 891 2312 922 Hominibus
2319 897 2384 924 Ar·—

1319 936 1429 956 morum.

1356 963 1468 1004 Inficper
1484 967 1671 995 Promittimus
1687 967 1848 1004 Receptare,
1867 964 1905 1001 ώ-
1920 966 2018 1007 facere
2035 969 2194 1007 Receptari,
2210 968 2313 999 dietum
2333 974 2386 1002 Coa

1318 1006 1410 1033 mitem
1426 1003 1464 1038 &
1476 1006 1576 1033 Gentes
1590 1007 1742 1034 Armorum
1760 1004 1958 1043 amicabiliter,
1977 1013 2112 1047 tanquam
2133 1010 2244 1037 Amicos
2267 1006 2305 1043 &⁶
2327 1011 2384 1039 Be·

1269 1063 1281 1069 -
1319 1046 1510 1081 nevenientes,
1528 1046 1556 1072 in
1579 1041 1676 1082 nostris
1696 1041 1779 1072 Villis
1800 1041 1838 1078 &⁴
1859 1043 1999 1083 Castellis,
2016 1056 2047 1075 ac
2066 1045 2194 1084 faciemus
2217 1045 2270 1076 illis
2283 1046 2385 1077 delibe-

1319 1085 1380 1110 rari
1400 1081 1471 1111 unde
1491 1080 1587 1121 poffint
1607 1081 1655 1120 effe
1675 1083 1740 1110 Tuti
1762 1079 1800 1116 ὦ·
1820 1092 1929 1112 manere
1949 1093 2006 1112 cum
2028 1086 2177 1115 Securitate
2199 1084 2278 1126 infra
2292 1085 2387 1126 710]er

1320 1122 1431 1156 Regna,-
1452 1121 1644 1150 Promittentes
1658 1119 1746 1149 Nobis
1761 1120 1848 1150 dicius
1864 1123 1996 1151 Dominus
2009 1121 2179 1154 Edmundus
2194 1122 2385 1163 &capitanei

1319 1159 1394 1187 dieta
1407 1161 1435 1188 V
1435 1157 1497 1188 illas
1513 1157 1551 1194 ὠ·
1567 1157 1699 1198 Castella,
1717 1159 1925 1199 quandocunque
1938 1159 2143 1200 mandabimus,
2159 1161 2308 1202 Restituere
2344 1163 2386 1200 ό·

1319 1197 1382 1227 inde>
1396 1197 1483 1227 Nobis
1499 1196 1652 1236 nonfacere
1666 1200 1802 1227 Guerram
1810 1209 1858 1236 ‚ac
1874 1198 1962 1229 Nobis
1979 1202 2098 1230 Servare
2105 1203 2256 1232 Servitium
2267 1187 2386 1242 nostrum

1319 1235 1358 1272 (θ’
1371 1234 1518 1276 nostrorum
1534 1239 1690 1273 Regnorum.

1356 1277 1398 1304 Et
1411 1278 1515 1304 Statim
1524 1297 1533 1313 ‚
1546 1274 1604 1314 post
1619 1278 1708 1304 Comes
1715 1274 1853 1314 praefatus
1868 1275 1906 1312 ὠ
1922 1278 2024 1306 Gentes
2038 1279 2190 1308 Armorum
2205 1277 2382 1317 applicuerint

1318 1317 1348 1343 in
1361 1313 1456 1354 nostris
1472 1316 1570 1350 Regnis
1578 1335 1588 1351 ,
1604 1317 1739 1343 Guerram
1753 1326 1771 1343 a
1788 1314 1847 1344 erte}
1854 1337 1865 1354 ‚
1878 1323 1927 1354 per
1939 1318 2039 1354 Mare,
2053 1315 2092 1352 ῤ’
2099 1324 2149 1355 per
2164 1319 2382 1356 Terram,c0m-

1318 1355 1454 1382 mittemus
1469 1360 1563 1382 contra
1577 1355 1670 1390 Regna
1685 1351 1762 1393 Caste
1774 1352 1824 1391 lae,
1842 1356 1872 1383 in
1895 1353 2082 1392 Adjumento,
2101 1354 2264 1395 Nobiltffimi
2285 1358 2383 1386 Domi-

1318 1394 1347 1419 ni
1356 1390 1511 1429 Johannis‚
1527 1390 1620 1429 Regis
1635 1390 1768 1422 Castellae
1783 1393 1817 1423 &
1831 1391 1986 1432 Legionis,
2004 1404 2036 1422 ac
2050 1397 2135 1423 Ducis
2151 1393 2339 1434 Lancastriae,
2349 1405 2382 1425 ac

1319 1429 1444 1467 Reginae
1459 1429 1599 1460 Doniinae
1611 1429 1808 1469 Constantiae,
1826 1433 1926 1461 Uxoris
1933 1432 2011 1472 Juae,
2025 1440 2076 1471 pro
2088 1431 2175 1472 nostro
2192 1432 2384 1472 LegaliPoffi,

1319 1465 1357 1502 &⁴
1372 1469 1412 1498 ad
1421 1468 1520 1507 nostros
1530 1469 1652 1507 Proprius
1667 1468 1760 1508 Gustus
1768 1493 1778 1507 ,
1795 1480 1824 1499 eo
1836 1469 1915 1510 usque
1930 1481 1980 1510 quo
1993 1470 2151 1511 Requi-'fierit
2164 1470 2202 1507 ό·
2224 1472 2298 1502 dii-‘la
2311 1473 2383 1512 Reg-

1319 1518 1356 1536 na
1369 1506 1425 1546 fint
1438 1509 1604 1546 Recuperata
1613 1529 1622 1545 ‚
1640 1515 1691 1537 aut
1704 1508 1801 1546 Major
1816 1510 1888 1538 Pars
1901 1509 2050 1539 eorundem.

1357 1547 1415 1575 Ad
1425 1545 1486 1584 hoc,
1504 1548 1688 1575 Promittimus
1702 1545 1792 1586 quod,
1810 1547 1881 1576 didio
1894 1546 2015 1578 Comite
2029 1547 2219 1588 Cantabrigiae
2234 1551 2326 1579 Secum
2332 1550 2384 1580 du-

1318 1583 1479 1624 centesimam
1489 1583 1602 1623 Filium,
1620 1586 1680 1614 Nos
1695 1584 1742 1615 Illi
1757 1585 1955 1616 Maritabimus
1970 1585 2112 1618 Infantam
2132 1583 2301 1618 Dominam'
2312 1587 2385 1620 Bea-

1319 1625 1419 1654 tricem
1436 1623 1536 1652 Filiam
1556 1622 1673 1663 nostram
1708 1621 1746 1658 ὠ·
1759 1623 1894 1664 faciemus
1916 1627 1988 1654 Eum
2008 1629 2059 1654 reci
2076 1629 2086 1654 i
2096 1633 2146 1665 pro
2157 1627 2247 1665 Rege,
2283 1626 2321 1667 osb
2333 1638 2383 1657 no-

1317 1661 1402 1699 stram
1424 1665 1560 1700 Mortem,
1578 1665 1660 1691 Secun
1680 1672 1724 1690 um
1744 1662 1816 1702 quod
1828 1661 1929 1702 fuerat
1949 1633 2106 1703 Promifficm
2120 1687 2130 1704 ‚
2142 1672 2192 1703 per
2216 1664 2257 1704 J0
2278 1675 2383 1697 annem

1320 1701 1343 1731 F
1344 1700 1508 1738 ernandi2de
1522 1699 1658 1738 Andeyro
1668 1722 1678 1738 ,
1695 1703 1725 1730 in
1735 1699 1821 1740 nostro
1837 1703 1962 1731 Nomine.

1356 1743 1420 1776 Ac,
1441 1746 1472 1769 ut
1487 1739 1534 1769 hoc
1541 1738 1579 1778 fit
1594 1741 1687 1776 Magis
1701 1740 1820 1768 Firmum
1835 1737 1873 1774 ὠν
1893 1739 2010 1778 Stabile,
2032 1741 2199 1771 Mandamus
2211 1740 2280 1783 fieri
2301 1741 2382 1783 istam

1319 1781 1436 1809 Cartam
1450 1801 1460 1817 ,
1476 1777 1571 1846 ποζῗνὶε
1592 1776 1755 1807 Nominibus
1774 1781 1918 1816 Signatum
1932 1800 1944 1817 ,
1961 1777 2000 1814 &
2019 1778 2175 1817 sigillatam
2193 1779 2288 1820 nostris
2307 1785 2383 1816 veris

1321 1820 1375 1847 Ma
1394 1820 1435 1846 nis
1451 1820 1480 1846 Si
1497 1821 1505 1846 i
1528 1819 1559 1846 is.
2375 1817 2383 1821 ⁷¹

1357 1829 1431 1886 gat.
1445 1828 1641 1895 ingEstremos‚
1658 1853 1766 1895 Qinto
1781 1857 1837 1884 Die
1849 1854 1935 1894 Julii.

1357 1898 1419 1925 Rex
1434 1895 1590 1924 Mandavit
1599 1893 1763 1931 Johannem
1775 1897 1804 1923 in
1820 1896 1944 1924 Formam
1958 1895 2095 1936 Redigereg

1358 1936 1435 1965 AEra
1449 1933 1481 1964 de
1493 1932 1574 1964 Mille
1592 1935 1688 1964 CCCC.
1708 1935 1821 1966 XVIII.
1839 1936 1943 1965 Annis.
2374 1941 2390 1961 a

1317 2110 1439 2148 cusavit,
1456 2109 1483 2139 in
1505 2117 1616 2141 tantum
1636 2116 1668 2140 ut
1688 2109 1780 2147 ipsum
1800 2107 1868 2140 inde
1889 2108 2080 2140 Innocentem
2093 2116 2255 2148 reputamus
2270 2109 2386 2148 penitus

1317 2151 1351 2181 ὅ(
1370 2151 1530 2180 immunem

1355 2187 1441 2219 Fac'ta
1456 2173 1564 2225 insuper
1579 2187 1679 2226 nobis,
1697 2187 1777 2225 super
1789 2187 1862 2218 fama
1875 2187 1909 2218 δε
1927 2184 2056 2217 fidelitate
2078 2186 2162 2224 ipsius
2183 2189 2305 2225 Deciani,
2323 2187 2384 2217 tam

1317 2237 1367 2266 per
1384 2226 1532 2264 Magnates
1548 2226 1595 2256 Re
1615 2227 1644 2256 ni
1659 2226 1748 2257 nostri
1765 2226 1896 2265 Angliae,
1916 2227 2004 2264 quam
2021 2236 2072 2264 per
2086 2224 2216 2257 Nobiles
2227 2226 2260 2257 &
2277 2226 2385 2264 probos

1317 2267 1395 2297 viros
1410 2264 1547 2296 Civitates
1560 2265 1593 2296 &
1633 2266 1708 2296 atriae
1722 2264 1954 2303 Burdegaiienfis,
1970 2274 2019 2303 per
2034 2264 2142 2296 Literas
2155 2265 2231 2303 suas,
2250 2265 2334 2294 nobis
2352 2264 2382 2295 in

1319 2305 1372 2335 hac
1386 2313 1462 2343 parte
1475 2303 1638 2342 destinatas,
1656 2303 1810 2334 Relatione
1823 2302 1980 2343 fidedigna‚

1358 2342 1491 2374 Eundem
1513 2345 1653 2372 Decanum
1674 2352 1689 2372 a
1713 2341 1841 2373 custodia
1856 2342 2033 2381 hujusmodi,
2050 2342 2086 2373 de
2102 2342 2288 2373 Avisamento
2301 2340 2387 2372 Con-'

1320 2383 1378 2413 cilii
1393 2381 1498 2420 nostri,
1514 2382 1647 2419 exigente
1658 2380 1787 2419 Justitifi,
1802 2381 1947 2411 deliberari
1960 2380 2078 2411 fecimus
2086 2380 2195 2419 ‚veritis
2209 2381 2304 2411 Partes
2318 2389 2386 2419 pro-

1320 2423 1408 2460 prias,
1427 2420 1472 2451 vel
1487 2429 1548 2458 quo
1562 2420 1612 2451 fibi
1627 2420 1780 2458 placuerit,
1798 2420 1876 2450 licite
1892 2419 2088 2458 transiturum,

1359 2461 1395 2491 Et
1409 2459 1475 2490 ideo
1494 2458 1601 2496 Vobis,
1621 2459 1654 2489 &
1670 2459 1786 2489 cuilibet
1799 2457 1955 2496 Vestrum,
1973 2457 2102 2489 districte
2117 2457 2386 2496 Praecipiend0,in-'

1319 2499 1460 2538 jungimus
1475 2498 1507 2528 &
1525 2497 1690 2528 mandamus
1704 2497 1785 2536 quod
1800 2499 1897 2527 omnia
1915 2496 1994 2528 Bona
2007 2498 2041 2529 ὃς
2055 2495 2161 2527 Catalla
2177 2497 2259 2535 ipsius
2267 2499 2386 2534 Decani,

1319 2537 1352 2568 &
1375 2539 1477 2566 Prioris
1502 2537 1596 2565 Sam‘i‘i
1618 2538 1742 2565 Martini
1764 2535 1892 2573 Nepotis
1911 2535 1968 2572 sui,
1987 2545 2020 2566 ac
2042 2534 2234 2565 Familias-ium
2249 2535 2383 2573 suorum,

1318 2585 1368 2614 per
1382 2585 1452 2613 vos,
1470 2583 1516 2604 aut
1530 2574 1652 2612 aliquem
1673 2572 1818 2612 vestrum,
1838 2573 1988 2604 occasione
2006 2573 2163 2611 praemissa,
2183 2572 2383 2610 Capta,Ares-

1318 2623 1371 2645 tata
1383 2637 1392 2652 ‚
1419 2614 1464 2644 seu
1481 2613 1623 2651 Detenta,
1641 2611 1698 2642 fine
1711 2612 1845 2642 dilatione
1857 2613 1890 2643 &
1904 2611 2097 2648 excusatione,
2109 2610 2263 2642 Dearestari
2279 2611 2383 2642 &Re-

1317 2653 1414 2691 laxari,
1433 2654 1466 2683 δε
1482 2651 1602 2689 eisdem,
1621 2654 1749 2689 Derane,
1767 2651 1800 2682 ὃ(
1816 2652 1921 2688 Priori,
1937 2659 1970 2681 ac
1985 2649 2178 2680 Familiaribus
2190 2649 2377 2689 suis,integre

1320 2691 1426 2722 restitui
1438 2691 1470 2722 ὅ(
1484 2689 1630 2721 deliberari
1642 2689 1762 2727 faciatis,

1356 2730 1509 2768 Ipsumque
1523 2731 1679 2767 Decanum,
1697 2738 1729 2759 ac
1746 2730 1866 2757 Priorem
1880 2726 2066 2766 praedictum,
2084 2737 2198 2758 necnon
2222 2726 2384 2757 Familiares

1318 2769 1381 2800 suos
1396 2768 1566 2806 praedissos,
1584 2766 1669 2797 Bonis
1683 2766 1733 2798 suis
1749 2766 1925 2805 hujusmodi,
1944 2776 2061 2797 necnon
2081 2765 2231 2796 Beneficiis
2254 2765 2306 2796 suis
2319 2765 2384 2804 qui-

1318 2808 1511 2845 buscumque,
1529 2807 1556 2836 in
1578 2805 1722 2836 Dominio
1742 2805 1843 2836 nostro
1869 2805 2025 2843 praedieto,
2041 2814 2101 2835 non
2121 2803 2298 2835 obstantibus
2319 2804 2383 2842 qui-

1318 2846 1494 2883 buscumque
1510 2844 1609 2874 Literis
1623 2845 1668 2874 seu
1683 2842 1824 2875 Mandatis
1839 2843 1958 2882 nostris,
1980 2843 2073 2874 Vobis
2085 2851 2132 2875 aut
2146 2841 2282 2873 Vestrfim
2298 2840 2381 2872 alicui

1319 2886 1347 2914 in
1367 2885 1539 2914 contrarium
1560 2883 1688 2921 direetis,
1706 2891 1845 2921 quantum
1867 2882 1901 2914 ad
1921 2892 1973 2913 nos
1995 2883 2133 2921 pertinet,
2150 2882 2190 2912 uti
2209 2881 2243 2911 &
2257 2879 2378 2919 gaudere

1318 2924 1484 2961 permittatis
1499 2920 1618 2959 pacifice
1632 2921 1665 2952 δε
1681 2922 1786 2959 quiete.
2307 2956 2312 2962 .

1357 2961 1424 2991 Dat.
1451 2963 1478 2991 in
1505 2960 1611 2990 Palatio
1635 2959 1732 2990 nostro
1758 2958 1886 2990 Westm.
1908 2958 1959 2990 sub
1984 2957 2088 2997 Magni
2112 2956 2201 2996 Sigilli
2225 2955 2314 2987 nostri
2339 2963 2382 2991 ts:-⁴

1319 2999 1474 3039 stimonio,
1494 2999 1609 3038 Qarto
1627 2997 1673 3029 die
1690 2996 1820 3037 Augusti.

2047 3035 2100 3064 Per
2120 3032 2273 3063 Concilium.

1315 3171 1374 3202 Pro
1395 3165 1554 3201 Cardinali
1577 3165 1688 3199 Sanblae.
1710 3166 1908 3206 Potentianae,
1933 3160 2158 3196 Archidiacono
2182 3158 2378 3205 Bathom'etfi.

1316 3251 1454 3307 REX,
1472 3252 1618 3284 Omnibus
1630 3251 1740 3283 Ballivis
1754 3251 1788 3283 &
1800 3248 1940 3280 Fidelibus
1955 3248 2025 3287 suis,
2043 3245 2078 3278 ad
2094 3256 2182 3286 quos²
2198 3247 2258 3279 &c.
2296 3245 2376 3278 Salu-
2391 3238 2522 3319 Αιῦἑῖὲὲἶ

1395 3300 1462 3321 tem.
2494 3300 2505 3308 =

1347 3326 1499 3367 volentes,
1519 3329 1682 3360 Venerabili
1698 3329 1727 3358 in
1740 3326 1858 3358 Christo
1871 3326 1964 3363 Patri,
1983 3324 2118 3356 Domino
2139 3322 2298 3362 Ranulpho,
2314 3323 2376 3354 Dei
2386 3321 2439 3347 Aa·
2457 3328 2485 3354 4·

1314 3367 1402 3403 gratia
1416 3369 1487 3398 tituli
1500 3368 1613 3398 Sanetae
1627 3370 1796 3397 Potentianae
1831 3366 1941 3396 Sandbe
1956 3364 2100 3394 Romanae
2120 3361 2256 3394 Ecclefiae
2277 3362 2376 3392 Cardi—
2388 3360 2417 3385 R.
2439 3366 2466 3384 2·

1314 3405 1391 3473 sali,
1408 3407 1450 3437 ob
1465 3407 1666 3438 Reverentiam
1687 3403 1766 3437 Sedis
1788 3389 1965 3442 Apostolicae
1978 3425 1989 3440 ,
2008 3401 2139 3432 Gratiam
2160 3400 2253 3432 facere
2271 3400 2375 3439 specia-
2388 3398 2446 3460 2⁴²2·
2456 3403 2485 3470 ἶ
2496 3434 2522 3460 Ι,

1326 3454 1371 3474 em
2414 3454 2419 3459 .
2452 3455 2456 3459 .
2477 3455 2483 3460 .
2512 3453 2521 3467 οΔ

1350 3468 1554 3514 Οόηςεῐῖπτιυς
1574 3485 1608 3515 &
1633 3483 1794 3514 Licentiam
1815 3479 1945 3511 dedimus
1959 3503 1969 3518 ‚
1995 3486 2132 3518 quantum
2151 3478 2181 3508 in
2201 3477 2284 3508 nobis
2305 3477 2346 3508 est
2363 3499 2374 3515 ,
2387 3480 2424 3499 m·
2443 3480 2489 3505 27·

1313 3522 1539 3561 quibuscumque
1556 3522 1591 3552 Li
1612 3523 1648 3551 eis
1661 3520 1781 3558 nostris,
1795 3518 1831 3549 de
1846 3518 1952 3557 Regno
1969 3517 2067 3549 nostro
2075 3516 2203 3560 Angfiae,
2221 3516 2256 3547 &
2271 3523 2372 3547 eorum

1313 3561 1446 3599 cuilibet,
1464 3561 1545 3599 quod
1560 3561 1588 3597 ip
1600 3572 1609 3590 ι
1622 3559 1822 3590 Procuratores
1836 3557 1900 3587 dicii
1916 3555 2088 3594 cardinalis,
2107 3564 2136 3584 in
2157 3555 2236 3585 dieto
2255 3553 2275 3573 ³*
2291 3553 2372 3591 Reg-
2385 3555 2404 3575 ὓ
2414 3557 2483 3587 VIL'

1312 3608 1352 3627 no
1365 3598 1465 3629 nostro
1481 3598 1609 3637 Angliae,
1626 3608 1660 3628 ac
1676 3597 1699 3627 F
1701 3597 1803 3627 irmarii
1817 3596 1851 3627 ὅ(
1866 3594 1995 3625 Ministri
2009 3595 2046 3625 de
2060 3593 2307 3637 Archidiaconatu·
2317 3589 2371 3636 Ba·
2388 3596 2452 3630 267.

1312 3637 1451 3667 thornensi
1467 3638 1495 3667 in
1508 3637 1633 3667 Ecclesia
1647 3635 1786 3666 Wellensi
1802 3634 1859 3665 effe
1879 3634 2007 3671 valeant,
2022 3631 2083 3668 &c.
2099 3637 2181 3670 prout
2200 3633 2229 3660 in
2243 3626 2376 3670 fimtlsbus

1311 3676 1344 3704 de
1360 3678 1492 3705 Licentia
1508 3678 1623 3706 Literis.

1347 3713 1381 3743 In
1402 3715 1497 3751 cujus,
1512 3715 1572 3744 δίε.
2215 3743 2220 3749 ,

1346 3752 1437 3782 Teste
1445 3751 1528 3792 Rege
1540 3751 1614 3790 apud
1622 3749 1914 3783 westmonasterium
1923 3773 1932 3788 ,
1938 3747 2074 3781 vicesimo
2080 3745 2185 3777 oeavo
2192 3743 2239 3774 die
2245 3743 2373 3784 Augusti.

66 3309 142 3341 Anti.
152 3310 193 3342 D.

88 3351 175 3387 1330.

215 3312 346 3367 REX,
365 3311 471 3342 diieffis
493 3312 526 3342 &
549 3310 690 3341 Fidelibus
711 3310 778 3348 suis,
798 3309 912 3340 Locum
926 3312 1033 3341 tenenti
1048 3310 1104 3340 five
1116 3309 1274 3340 Senescallo

240 3377 242 3380 ,
261 3387 266 3392 .
289 3351 421 3381 Dominii
436 3350 523 3381 nostri
541 3350 717 3387 Aquitaniae,
736 3358 768 3379 ac
789 3347 1026 3389 Constabulario,
1045 3348 1149 3386 Majori
1170 3350 1203 3379 &
1221 3348 1274 3387 Ju-

218 3395 280 3426 ratls
296 3389 424 3420 Civitatis
441 3389 543 3419 nostre
559 3388 737 3427 Bzirdegaloe,
756 3388 789 3418 δε
803 3387 860 3416 aliis
876 3389 1100 3426 quibuscumque
1120 3386 1275 3417 Officiariis

220 3425 254 3458 ἃ)
271 3428 409 3458 Ministris
424 3427 539 3465 nostris,
558 3429 586 3456 in
604 3427 749 3457 Dominio
763 3425 863 3456 nostro
878 3427 1034 3466 praedicto,
1050 3428 1083 3459 ὃ(
1098 3435 1198 3457 eorum
1215 3426 1276 3456 Lo-

219 3475 251 3497 ca
271 3467 442 3504 tenentibus,
461 3466 593 3497 Salutem.

255 3504 333 3534 Cum
350 3515 455 3542 nuper,

255 3543 300 3611 Αὲὶ
316 3545 406 3573 minus
423 3551 517 3574 veram
532 3541 743 3582 suggestionem
759 3541 791 3572 δε
805 3540 942 3582 linistram
956 3542 1187 3574 Procurationem
1204 3551 1275 3580 quo-

214 3592 277 3612 rum
299 3592 344 3611 am

251 3604 398 3650 Diietsh'im
418 3619 499 3648 nobis
513 3619 541 3647 in
557 3617 692 3656 Christo,
711 3621 856 3656 Rogerum,
877 3621 1017 3648 Dei-anum
1034 3620 1127 3649 Sancti
1140 3619 1273 3649 Emiliani

214 3657 375 3694 Burdegrilae
392 3657 551 3694 Dicecesis,

251 3696 327 3725 Tim
344 3706 457 3734 propter
474 3695 673 3724 Rebellionem
689 3695 764 3725 suam
781 3695 967 3733 multiplicem
985 3704 1084 3727 contra
1105 3695 1270 3725 Dominum

216 3734 344 3763 nostrum
360 3737 476 3771 Papam,
495 3734 582 3770 quam
597 3742 710 3770 propter
728 3734 835 3763 Literas
851 3736 1039 3771 quorumdam
1062 3733 1270 3771 Cardinalium,

218 3771 309 3800 eidem
326 3775 439 3800 Domino
455 3775 534 3809 Papa*
551 3771 674 3801 similiter
691 3772 901 3809 rebellantium,
920 3783 969 3812 per
984 3774 1074 3810 ipsum
1089 3773 1117 3801 in
1134 3772 1269 3810 Regnum

216 3809 345 3838 nostrum
364 3810 472 3847 Anglii·
487 3810 607 3847 delatas,
625 3817 654 3838 ut
669 3809 830 3847 dicebatur,
849 3811 914 3841 licet
927 3821 970 3840 eas
985 3821 1045 3841 non
1058 3810 1272 3848 praesentaverit,

67 3464 126 3498 Vas:
139 3448 179 3492 ¹2.

67 3504 97 3527 R.
115 3510 140 3528 2.

67 3548 105 3566 m.
125 3548 168 3568 20,

215 3856 269 3876 nec
286 3848 433 3883 quicquum
449 3847 513 3877 inde
526 3848 752 3884 attemptaverit,
2386 3841 2462 3874 Anu·
2475 3842 2517 3872 D:

253 3883 401 3926 Custodit
416 3884 572 3924 Cancer-ali,
593 3885 721 3915 Veritatis
737 3885 812 3916 inscii
827 3887 937 3923 penitus
950 3889 983 3918 &
998 3888 1106 3925 ignari,
1123 3886 1272 3916 fecerimus
1530 3886 1579 3916 De
1594 3885 1748 3916 Financiis
1765 3885 1802 3920 (ῤ’
1817 3882 1988 3928 Prisbnario
2005 3875 2148 3920 Concffs.
2388 3880 2499 3949 A1380.

214 3931 308 3952 manci
331 3932 367 3949 nri
2415 3931 2441 3947 n.
2478 3940 2484 3947 .

235 3999 239 4003 .
249 3932 328 4006 Qiili
353 3944 445 4001 [sinen
468 3961 552 4004 <iilius
573 3965 716 4005 Decamrs,
732 3961 839 4006 ‘Nidffi
854 3961 1090 4006 progenitoribus
1105 3961 1221 4000 nostris,
1242 3963 1270 3992 iu
1310 3966 1432 4022 REX
1452 3966 1617 4006 Omnibus,
1633 3967 1667 3997 ad
1683 3977 1772 4006 quos,
1791 3967 1852 3998 ὅτε.
1871 3964 2007 3996 Salutem.
2370 3963 2418 4003 ‚R
2438 3929 2474 3986 ἕ

204 3997 292 4027 ,di-‘iis
316 3998 434 4033 partibus
460 3998 619 4034 Aquitaniae
636 4023 644 4037 ,
663 4000 834 4030 laudabiliter
855 3999 1000 4032 deiervsvit
1020 4025 1029 4040 ,
1043 4004 1101 4039 jam
1124 4000 1151 4030 se
1171 4010 1269 4031 coram
1409 4006 1510 4035 Sciatis
1525 4005 1605 4042 quod
1621 4006 1707 4044 Nos,
2388 4001 2447 4024 ΡΜ·
2462 4004 2491 4031 4-

209 4035 349 4068 Concilio
364 4035 480 4072 nostrO,
499 4036 576 4074 super
592 4039 641 4068 sibi
656 4038 794 4076 impolitis
808 4039 838 4068 in
853 4038 906 4069 hac
921 4049 1014 4078 parte,
1033 4039 1201 4071 sufficienter
1221 4047 1268 4070 ex-
1343 4040 1564 4074 Considerantes
1580 4044 1714 4081 qualiter,
1730 4041 1849 4073 dileetus
1863 4041 1897 4072 ὃς
1909 4039 1997 4072 fidelis
2011 4040 2126 4079 noster,
2141 4040 2256 4071 Thomas
2269 4038 2302 4069 de
2309 4034 2371 4067 Fel-
2386 4039 2415 4062 R.
2426 4045 2453 4062 2.
2459 4041 2483 4071 p.
2495 4033 2520 4060 r:

2307 4081 2354 4106 ton
2364 4097 2373 4112 ²
2386 4083 2422 4101 m.
2441 4081 2484 4101 2².
