2561 4251
8 2989 10 3050 l

8 3181 16 3200 l

8 3209 13 3250 l

8 3249 14 3285 ξ

734 171 843 213 ET
928 170 1188 212 ACTA

0 275 51 299 nn.
64 264 106 296 D.
122 268 203 291 curat
222 260 250 289 in
271 260 413 300 praeienti,
430 259 498 290 licet
510 257 610 296 saepius
626 257 663 288 'ad
679 256 738 288 hoc
752 257 886 288 excitatus
900 257 934 287 δε
947 255 1096 293 ίηάυξὶιιε,
1114 255 1185 287 Sen-

0 313 80 345 1370.
123 300 238 329 tentiam
259 300 371 338 majoris
391 296 706 328 Excommuuicationis
722 297 753 326 in
772 295 825 325 hac
848 303 924 333 parte
946 295 1136 333 incurrendo,
1153 294 1184 324 in

0 345 43 375 dv.
59 349 87 380 3.
127 336 239 368 Aniznae
259 339 313 369 fiiae
335 346 422 375 grave
439 335 602 366 Periculum
625 335 658 366 ὃ(
678 334 867 374 plurimorum
883 333 1066 373 pernitiosum
1079 332 1185 363 Exem-

145 377 205 406 lum

124 385 144 414 p
159 398 242 444 Ctir'n
259 415 344 450 igitur
358 436 368 450 ‚
394 412 496 443 Sancta
514 411 610 442 Mater
628 410 753 441 Ecclesia
771 411 808 440 ita
831 409 896 440 tales
919 408 1071 439 Hereticos
1089 408 1185 448 prose-

123 452 236 490 quitur,
260 454 298 482 n'e
318 452 368 482 suo
388 452 509 483 Veneno
526 451 594 481 alios
611 448 752 487 inficiant,
768 457 803 492 >ut
819 449 849 478 in
867 447 1034 478 Carceribus
1051 447 1188 478 custodiri

144 500 209 520 raeci
230 498 267 520 iat

123 500 142 529 P
163 499 251 566 Suger
272 512 331 565 quo
349 528 430 558 nobis
451 525 638 566 supplicastis,
656 532 687 556 ut
700 526 782 556 vobis
796 524 905 555 dietum
920 523 1099 555 Nicholaum
1115 523 1187 554 Car-

13 593 16 595 .
125 566 208 597 cerali
223 564 372 596 Custodiae
387 566 493 598 vestrae,
501 565 680 601 mancipare,
692 564 726 594 &
740 563 832 601 ipsum
846 563 875 593 in
891 561 1015 593 Carcere
1028 563 1122 594 vestro
1135 573 1186 593 cu-

10 624 21 632 c
40 614 42 616 ·
77 619 79 622 .
125 604 246 643 stodire,
260 607 405 644 quousque
417 605 551 635 Errorem
567 603 649 633 suum
662 601 823 640 hujusmodi
837 601 1019 640 nephandum
1033 611 1187 632 revocave-

125 643 161 673 rit
171 665 182 680 ,
197 643 231 673 &
249 643 284 674 ad
299 642 376 674 Fidei
388 641 547 673 Catholicae
559 640 711 671 Unitatem
724 640 811 671 redire
825 640 963 678 voluerit,
982 634 1142 671 Licentiam
1158 640 1187 669 in

125 681 181 711 hac
216 688 274 711 arte
289 681 434 722 specialem
447 678 609 710 concedere
622 679 792 718 dignemur,

201 728 251 756 οε,
266 718 468 759 Supplicationi
488 715 588 747 vestrae
606 717 749 755 praeditstae
769 723 905 755 gratanter
923 716 1127 753 concedentes,
1152 715 1187 745 ad

126 757 219 797 ipsum
239 757 418 790 Nicholaum
439 755 611 786 Hereticum
634 755 776 786 Carcerali
797 754 947 785 Custodiae
963 754 1063 785 vestrae
1080 754 1189 784 manci-

128 806 209 834 pare,
227 797 261 827 &
280 796 369 834 ipsum
390 797 420 826 in
439 794 561 825 Carcere
582 793 676 824 vestro
695 793 837 825 custodire
849 791 1029 829 faciendum,
1044 791 1189 830 quousque

128 835 239 866 dietum
261 833 395 864 Errorem
414 834 493 864 suurn
511 833 702 870 revocaverit,
721 833 755 862 &
766 831 800 861 ad
816 830 893 860 Fidei
909 829 1068 860 Catholicae
1082 829 1190 873 Unita-

130 882 191 903 iem
207 872 294 902 redire
307 873 445 911 voluerit,
456 880 594 912 quantum
607 872 636 901 in
650 870 748 901 Nobis
762 869 820 907 est,
834 868 993 899 Licentiam
1007 867 1192 899 concedimus

130 910 289 948 specialem.

171 948 205 980 In
219 950 313 986 cujus,
331 949 392 980 δῖε.
1105 983 1120 988 ..

206 986 295 1018 Teste
311 987 394 1027 Kege
406 987 479 1026 apud
490 983 780 1017 Westmonasterium
790 1007 799 1023 ‚
814 983 949 1015 vicesimo
962 983 1007 1015 dic
1023 983 1130 1013 Martii.

182 1113 243 1143 Pro
268 1112 433 1143 Excercitu
459 1111 548 1155 Regis
571 1116 593 1151 ,¹
609 1109 703 1154 fhper
728 1107 862 1155 Paffagio
885 1116 988 1140 contra
1012 1106 1153 1139 Inimico-r

597 1159 741 1190 Francia.

0 1250 68 1281 Ann.
79 1247 121 1278 D.
143 1242 228 1298 RE
238 1242 270 1274 X
289 1243 442 1275 Vicecom.
462 1242 640 1273 Norfiolciae
652 1242 686 1273 &
699 1241 866 1285 Suffoiciae,
882 1241 1015 1272 Salutem.

12 1295 95 1328 1370.
258 1281 334 1320 Qia
353 1282 518 1319 Navigium
541 1281 636 1320 Regni
657 1280 746 1310 nostri
770 1280 882 1319 Angliae
895 1280 929 1310 ad
945 1281 1066 1310 Portum
1079 1277 1114 1307 de
1128 1276 1204 1319 Ores

0 1331 42 1356 An.
58 1334 105 1361 44.
142 1317 207 1348 Well
224 1321 388 1360 congregari
404 1320 612 1357 ordinavimus,
631 1319 667 1348 ita
681 1319 760 1356 quod
773 1319 824 1348 lint
840 1317 946 1348 ibidem
963 1320 1058 1355 primo
1070 1316 1115 1345 die
1130 1314 1203 1358 Maii

0 1370 26 1394 Ε,
47 1374 71 1401 3,
143 1358 279 1394 proximo
292 1360 387 1389 futuro
402 1360 421 1388 ,ἧς
439 1358 592 1396 (videlicet)
610 1357 743 1395 quaelibet
758 1356 849 1388 Navis
867 1367 935 1386 cum
955 1356 1093 1394 Dupplici
1105 1353 1207 1392 Eskip-

0 1402 80 1440 Claus.
143 1404 279 1432 pamento
288 1397 508 1428 Marinariorum
517 1418 527 1434 ,
547 1395 580 1425 ad
589 1395 826 1434 proficiscendum
833 1417 842 1431 ,
849 1396 878 1424 in
887 1394 1062 1433 Obsequium
1070 1391 1210 1434 nostrum,

0 1449 41 1478 Η..
56 1444 86 1468 Ε.
100 1448 127 1476 3.
146 1443 245 1466 contra
264 1436 402 1466 Inimicos
421 1434 532 1465 nostros
552 1434 696 1472 Franciae‚
713 1433 748 1463 ad
762 1433 905 1464 Malitiam
922 1442 1041 1472 eorum,
1060 1441 1130 1463 cum
1148 1430 1206 1460 Dei

0 1488 30 1508 m.
40 1488 84 1514 2-0.
103 1477 129 1506 d.
146 1473 301 1513 adjutorio,
317 1484 370 1514 pro
385 1473 491 1504 viribus
505 1471 740 1515 propulsandum,
1183 1508 1188 1513 Ι

0 1517 30 1534 ¹¹*
40 1517 92 1545 VI.
184 1511 222 1543 Et
241 1522 295 1551 pro
310 1521 389 1544 certo
404 1511 595 1547 intendimus,
613 1511 681 1540 citra
694 1509 772 1539 diem
788 1509 885 1547 illum,
902 1518 972 1540 cum
987 1516 1050 1539 toto
1070 1508 1206 1538 Excerci-

0 1556 76 1589 1652.
145 1558 177 1581 tu
196 1551 311 1590 nostro,
329 1550 437 1581 ibidem
457 1548 630 1587 personaliter
643 1547 785 1585 interesset,
804 1548 838 1579 ad
852 1547 1090 1586 proficiscendum
1105 1546 1208 1578 exinde

146 1590 177 1619 in
189 1588 324 1621 Navibus
337 1588 500 1628 supradictis
508 1609 517 1625 ,

179 1626 215 1658 N
217 1627 266 1665 os,
283 1627 410 1658 volentes
423 1636 475 1665 pro
489 1624 699 1656 Sustentatione
713 1622 885 1663 Magnarum
899 1625 933 1656 &
948 1625 1085 1663 aliorum,
1100 1623 1207 1668 ibidem

143 1675 180 1696 ex
195 1666 272 1697 causa
289 1665 423 1703 praedieia
442 1672 644 1702 venturorum,
663 1664 692 1693 in
715 1671 852 1701 quantum
874 1665 1030 1707 poterimus
1043 1662 1209 1706 providere,

143 1705 196 1734 tibi
210 1705 406 1743 praecipimus,
424 1703 540 1734 firmiter
551 1703 740 1741 injungentes,
754 1702 834 1740 quod
850 1703 879 1731 in
896 1701 996 1733 Balliva
1011 1711 1074 1739 tua,
1087 1703 1149 1732 tam
1163 1710 1208 1731 in-

145 1743 189 1773 fra
209 1742 380 1781 ubertates,
395 1742 478 1781 quam
494 1749 587 1779 extra,
602 1741 633 1770 in
654 1740 743 1771 Locis
762 1740 812 1770 ubi
834 1739 933 1771 melius
944 1740 1076 1779 expedire
1091 1739 1209 1777 videris,

142 1780 258 1820 publice
270 1781 440 1820 proclamari
452 1780 552 1819 facias,

171 1819 282 1858 ³Q1t>d
302 1820 458 1850 omnes&
479 1818 594 1858 finguli,
612 1817 661 1856 qui
683 1816 771 1854 aliqua
791 1814 931 1849 Vietualia
944 1819 973 1848 in
987 1817 1090 1848 Balliva
1103 1825 1150 1848 tua
1160 1817 1209 1847 ha-

146 1856 235 1897 bent,
253 1859 298 1897 se,
317 1868 385 1889 cum
400 1857 580 1888 victualibus
593 1856 660 1893 illis,
677 1856 712 1887 ad
724 1855 810 1886 Villas
824 1855 1026 1897 Mercatorias,
1040 1857 1110 1887 infra
1126 1855 1210 1886 Duo-

147 1896 246 1927 decim
268 1897 394 1934 Leucas,
412 1906 426 1926 a
440 1896 516 1927 dieta
543 1895 616 1926 Villa
635 1894 672 1925 de
694 1894 837 1932 Orewell‚
861 1904 890 1924 in
906 1895 1025 1925 circuitu
1048 1893 1210 1933 existentes,

146 1935 255 1966 ibidem
291 1945 360 1967 cum
373 1934 549 1979 Vidiualibus
562 1934 613 1965 suis
626 1932 786 1971 praedietis,
801 1933 838 1977 ad
854 1933 980 1977 Odiabas
995 1933 1126 1978 l³aschae,
1144 1942 1211 1976 pro-

148 1975 232 2005 ximo
253 1959 373 2010 futuras,
391 1973 426 2017 ad
447 1974 601 2011 ultimum,
618 1972 652 2002 &
673 1978 777 2001 eXtunc
799 1981 828 2015 in
845 1971 949 2002 eisdem
964 1970 1061 2010 Villis,
1077 1972 1211 2011 quamdiu

147 2009 894 2092 ”essarsffaffiseaffizuisser-unare
908 2019 1078 2079 aazia}
1091 2048 1213 2080 Duae„

150 2090 211 2121 cim
231 2090 353 2128 Leucas,
370 2099 385 2120 a
404 2088 477 2119 Villa
496 2088 533 2119 de
553 2086 696 2124 Orewell‚
714 2086 763 2116 sub
785 2086 959 2122 forisfactura
973 2087 1149 2118 Victualium
1165 2097 1214 2117 eo-

150 2128 284 2159 rumdem
293 2151 303 2166 ,
317 2137 351 2158 ac
369 2128 506 2157 omnium
523 2126 645 2157 aliorum
659 2134 723 2163 quae
737 2124 820 2169 nobis
833 2124 995 2169 forisfacere
1009 2127 1128 2164 poterit,
1147 2125 1212 2165 post

148 2167 240 2235 όίῗὶαε
248 2165 398 2235 Ῐιὲθῐῃᾶαὺεε,
415 2166 498 2197 alicui
516 2164 635 2203 vendat,
651 2164 696 2194 seu
715 2162 801 2194 vendi
818 2162 920 2203 faeiat,
937 2164 996 2195 ullo
1014 2165 1124 2203 modo,
1136 2164 1213 2195 clam

171 2215 187 2235 e
324 2215 330 2234 :

148 2216 169 2238 v
188 2215 251 2283 Eltm,
276 2243 296 2273 fi
315 2253 386 2282 quos
400 2265 410 2280 ,
437 2242 501 2280 post
518 2241 604 2273 dicitas
623 2241 748 2272 octabas
762 2262 772 2278 ,
790 2241 880 2279 aliqua
898 2240 1039 2273 Vffituafia
1053 2265 1063 2279 ,
1081 2241 1216 2280 quamdiu

148 2282 258 2313 ibidem
276 2281 355 2319 super
370 2281 534 2318 Passagium
549 2279 679 2311 nostrum
718 2279 841 2310 raesentes
859 2279 1012 2319 fuerimus,
1030 2281 1111 2319 alibi,
1130 2282 1216 2318 quam

150 2320 224 2351 infra
237 2321 324 2351 dicitas
340 2319 508 2351 Duodecim
527 2319 651 2357 Leucas,
668 2329 683 2348 a
731 2318 774 2348 illa
792 2318 828 2348 de
846 2317 988 2357 Orewell,
1003 2319 1156 2350 vendentes
1171 2319 1219 2348 in-

150 2357 488 2429 ffi‘effizffignieffiisssis’
499 2359 651 2435 ffirsfisss?
667 2356 847 2427 ἕῖξέῧῖἶὲἓὲε
862 2357 1023 2427 ruffi
1045 2357 1217 2427 3ξὲξέἆηῖ

195 2446 238 2467 m.

153 2437 243 2506 duEt⁷
249 2474 323 2512 hoc,
339 2473 389 2504 sub
401 2473 586 2504 Forisfaeiura
601 2473 752 2511 praedicta,
772 2472 926 2504 nullatenus
938 2473 1058 2504 omittas.

192 2513 284 2557 Teste
313 2512 396 2551 Rege
425 2512 499 2551 apud
521 2511 812 2543 Westmonasterium
826 2534 837 2549 ,
858 2512 996 2543 vicesimo
1020 2510 1148 2543 secundo
1172 2510 1219 2542 die

155 2552 264 2584 Mam·
579 2591 634 2618 Per
646 2586 728 2627 ipsum
742 2591 843 2627 Regem
853 2588 892 2624 &
907 2587 1060 2619 Concilium.

158 2667 324 2700 Consimilia
341 2665 440 2699 Brevia
456 2666 613 2705 diriguntur
627 2665 786 2705 subscriptis
800 2664 1047 2707 Vicecomitibus,
1065 2663 1115 2697 sub
1126 2664 1224 2697 eadem

559 2703 654 2743 Data,
676 2704 824 2743 videlicet,

197 2784 350 2813 Vicecomit.
368 2781 486 2820 Effixiae
505 2781 543 2816 ὠ*
563 2780 742 2819 Hertfhrdiae.

199 2823 356 2852 Vicecomit.
372 2819 552 2856 Cantebrigiae
570 2817 608 2854 ό·
627 2820 833 2850 Ηιιηῑίηᾶοηίιεξ

448 2958 508 2988 Pro
536 2950 812 2996 Ambaffiatoribus
833 2955 944 2985 Scotiae.

22 3052 95 3084 Arm,
107 3049 149 3083 D.
167 3043 287 3104 REX
304 3040 454 3078 universis,
470 3040 531 3071 &c.
546 3038 686 3083 ‘Salutem
785 3077 790 3083 .
814 3078 820 3083 .
1003 3077 1009 3083 ψ
1221 3076 1227 3082 ἠ

39 3099 123 3129 1370,
280 3081 363 3113 Cum
377 3103 387 3118 ,
412 3077 586 3109 Venerabilis
610 3077 692 3108 Pater
704 3099 715 3115 ,
738 3076 911 3107 Willielmus
924 3099 934 3115 ,
955 3074 1111 3116 Episcopus
1131 3073 1228 3107 Saneti

16 3133 62 3158 fin
171 3121 294 3153 Andreae
316 3120 353 3150 de
378 3118 475 3149 Scotia
489 3141 499 3155 ‚
523 3115 559 3147 ad
583 3116 649 3147 Nos
662 3138 672 3154 ,
694 3116 724 3145 in
748 3114 903 3146 Nuncium
927 3124 960 3145 ex
979 3123 1055 3153 parte
1073 3114 1170 3146 David
1192 3115 1229 3145 de

24 3173 52 3196 ε,
65 3152 72 3158 ’
87 3140 133 3196 ⁴l4'
169 3160 225 3191 Bru
244 3170 256 3190 s
274 3159 310 3189 de
328 3157 425 3188 Scotia
438 3180 447 3195 ‚
473 3155 570 3186 Fratris
587 3154 677 3185 nostri
690 3178 700 3192 ,
726 3152 963 3197 proquibusdam
980 3153 1136 3192 Negotiis,
1162 3153 1231 3184 Nos

25 3178 89 3235 Scot3.
102 3215 152 3242 44.
169 3199 203 3230 ὃς
237 3197 316 3235 psum
334 3194 432 3225 David
449 3194 644 3236 tangentibus,
660 3193 690 3223 in
705 3192 887 3236 Anglramfu
903 3200 1055 3236 venturus,
1162 3231 1167 3236 .

16 3248 54 3272 Ἰιῐ.
73 3253 99 3281 3.
206 3236 276 3267 Nos
293 3233 439 3267 (volentes
455 3232 602 3262 Securitati
621 3231 703 3269 ipsius
720 3230 854 3268 Episcopi
875 3231 1035 3268 providere)
1066 3230 1233 3269 suscepimus

9 3279 58 3320 ltm-
75 3291 103 3317 5,
170 3277 181 3306 i
202 3274 262 3305 sum
279 3271 451 3310 Episcopum
465 3292 477 3308 ,
497 3268 640 3299 veniendo
658 3269 687 3299 id
704 3268 844 3307 Regnum
861 3269 991 3300 nostrum
1011 3268 1140 3309 Angliae,
1164 3279 1232 3300 cum

10 3357 18 3604 3

204 3312 283 3352 iginti
299 3312 332 3342 &
351 3309 483 3353 Qiatuor
498 3307 646 3353 Equitibus
663 3307 694 3336 in
712 3305 859 3339 Comitiva
879 3307 941 3346 sua,
957 3306 1019 3343 &aa
1041 3315 1075 3338 ut
1093 3312 1122 3338 in
1140 3307 1232 3346 fimili-

174 3351 260 3419 busli?
257 3348 555 3425 ‘egiogzlugclcliistqiig
563 3383 597 3414 ad
611 3381 726 3413 Festum
740 3382 838 3414 Sancti
851 3382 1019 3422 Michaelis,
1038 3385 1175 3423 proximo
1190 3385 1236 3417 fu-

177 3436 288 3496 turgent,
299 3425 454 3494 iiliul’aalliirtig
464 3460 563 3492 nostro
575 3457 702 3492 westm.
717 3458 892 3491 duodecimo
905 3460 952 3491 die
964 3459 1076 3499 Aprilis.

823 3539 877 3567 Per
895 3536 977 3577 ipficm
994 3540 1103 3575 Regem.

181 3617 350 3652 Confimiles
375 3615 482 3647 Literas
498 3613 588 3652 Regis
604 3613 640 3644 de
657 3613 814 3645 Condueiu
831 3614 936 3646 habent
953 3614 1119 3653 subscripti,
1144 3616 1192 3653 qui
1210 3616 1238 3646 in

214 3657 366 3696 Angliam,
386 3664 419 3685 ex
435 3651 512 3698 causa
533 3651 682 3690 praedieta,
699 3652 761 3683 sunt
779 3655 909 3692 venturi,
926 3662 995 3683 cum
1008 3652 1156 3688 Equitibus
1175 3655 1240 3697 sub-

212 3697 322 3773 {gigatis
335 3718 345 3733 ,
369 3703 418 3733 per
439 3692 519 3723 idem
538 3698 650 3728 tempus
669 3690 830 3730 duraturas,
856 3691 907 3722 sub
924 3691 1024 3723 eadem
1042 3690 1139 3729 Data,
1162 3692 1240 3723 vide-

220 3810 353 3840 Robertus
371 3809 402 3838 de
420 3807 529 3846 Erskyn
546 3803 697 3844 Chivaler,
714 3814 783 3837 cum
800 3791 951 3836 sexdecim
963 3804 1128 3845 EquitibuS,

182 3847 365 3925 Εᾳῖίοέἷςίἑιες
383 3848 415 3878 de
433 3845 536 3886 Carryk
553 3847 698 3874 eanonicus
723 3843 846 3884 Ecclefiae
867 3842 1050 3884 Glasguenfis,
1073 3854 1142 3876 cum
1157 3843 1240 3877 Οᾶο

227 3964 269 3992 Et
278 3959 456 4000 postmodam,
475 3962 570 3992 decimo

191 3999 328 4040 Epifiopus
342 4021 352 4036 ,
374 3999 504 4029 Robertus
526 3998 565 4037 ῤ’

587 3966 685 4039 ,ζωνία
703 3959 744 3990 die
763 3961 848 3997 Maii,
861 3958 984 3997 proximi}
997 3959 1136 4000 sequente,
1151 3960 1241 3999 iidem,

241 4042 312 4070 Zom.
328 4039 387 4068 ΙΙΙ.
404 4040 438 4072 Ρ.
454 4041 496 4077 H²

615 3999 732 4031 ohannes
747 4022 758 4037 ,
780 3997 932 4031 habuerunt
945 3997 1016 4030 alias
1033 4001 1147 4032 Literas
1164 4002 1241 4038 Regis

1272 168 1739 212 PUssLioA.
2210 176 2291 221 169

1224 255 1257 284 de
1271 256 1418 301 'Coezdfrr‘i'u
1434 279 1444 294 ,
1460 254 1513 294 fi‘b
1536 256 1628 302 eadem
1639 255 1748 323 [forma
1764 279 1774 294 ,
1799 257 1878 297 usque
1901 258 1940 286 ad
1955 257 2056 286 derum
2074 254 2176 296 Festum
2193 258 2288 287 Santi‘i
2300 255 2418 289 AnnD.

1227 293 1371 323 Mzchaelrx
1387 295 1554 331 duraturas,-
1573 295 1638 325 vtde
1649 300 1714 329 icet,
2326 303 2409 333 1370.

1262 330 1402 370 Praefatus
1419 333 1574 371 Episc'opus,
1593 344 1648 362 cum
1664 336 1748 362 xxxii
1763 332 1926 370 Equitibus‚
2304 337 2376 361 salv.
2396 344 2422 371 3.

1263 368 1304 398 Et
1317 368 1453 408 praefatur
1473 370 1619 409 Rufinus,
1642 382 1697 399 rum
1717 375 1770 400 xvi
1787 372 1949 410 Equitrbur,

1263 410 1306 436 Et
1314 407 1449 445 praefatus
1461 409 1606 446 Jolmnnes
1615 432 1626 448 ,
1644 420 1702 439 cum
1713 413 1768 450 xsvi
1780 409 1924 449 Equitibus
1931 428 1941 447 5

1264 449 1299 475 In
1316 450 1457 475 Comitiw‘s
1469 448 1535 485 sun.

1272 567 1299 594 δὲ
1310 572 1367 604 Pro
1390 571 1473 602 Duce
1492 572 1613 603 Veneriae
1627 573 1664 607 ᾤ’
1685 569 1821 603 Subditis
1829 573 1915 617 sitis,
1940 571 1977 605 de
1993 572 2090 605 Salva
2108 573 2238 607 Gardia.
2332 585 2352 605 ni<
2370 587 2425 615 VL'

1226 653 1305 708 RE
1316 653 1346 684 X
1362 655 1494 685 universis
1514 654 1546 684 δε
1564 654 1673 694 lingulis
1694 655 1867 693 Admirallis,
1884 657 1944 688 &o
1963 658 2096 689 Salutem.
2303 627 2390 692 Kgg
2399 660 2441 692 D.

1319 692 1471 731 Volentes,
1492 693 1640 723 Dilectum
1655 694 1769 732 Nobis,
1788 695 1935 725 Nobilem
1951 696 2069 735 Virum,
2089 697 2207 728 Ducem
2225 696 2285 728 Ve-
2329 709 2415 740 1370,

1227 731 1309 760 netiae
1336 730 1443 762 Favorc
1471 732 1600 770 prosequi
1619 732 1739 770 gratioso
1755 755 1764 769 ,
1788 734 1953 769 surrepit-nus
1974 735 2065 772 ipsum
2086 735 2202 766 Ducem
2219 758 2230 774 ,
2254 745 2287 765 ac
2307 744 2359 768 An.
2377 748 2425 773 44.

1228 767 1499 810 Communitatem,
1518 770 1550 799 ὃς
1567 769 1688 808 singulos
1703 770 1879 801 Mercatores
1891 774 1924 802 ὃς
1939 772 2073 804 Subditos
2086 774 2209 812 ejusdem
2224 773 2289 804 Du·
2309 782 2341 805 Ε.
2365 786 2389 813 3.

1222 815 1268 844 ,cis
1282 831 1292 844 ‚
1320 817 1432 838 necnon
1453 817 1553 837 corum
1574 808 1718 838 Homines
1739 810 1772 838 &
1797 809 1955 840 Servientes
1969 832 1978 847 ,
2003 811 2104 842 Naves
2118 836 2127 850 ,
2151 814 2292 850 Tarecas,
2310 820 2367 843 Pat.
2387 823 2437 850 44.

1228 844 1330 875 Galeas
1343 868 1352 882 ,
1376 845 1510 884 Barellos,
1529 845 1682 883 Patronos,
1701 845 1868 885 Magistros,
1886 848 1920 878 &
1939 849 2107 880 Marinarios
2126 851 2292 881 earumdem
2310 858 2338 881 Ε.
2360 863 2372 890 3

1230 882 1385 926 Navium,
1400 883 1588 921 Taretarum,
1608 883 1778 923 Galearum,
1797 886 1830 916 &
1851 886 2036 926 Batellorum,
2055 887 2242 919 Mercandisas
2257 889 2290 920 &
2308 899 2332 929 p.
2356 901 2378 918 1.
2406 897 2445 925 m.⁴

1230 921 1281 951 alia
1303 921 1381 952 Bona
1399 923 1444 953 sua
1464 932 1673 960 quaecumque,
1690 924 1832 954 veniendo
1853 926 1911 954 tam
1925 935 1973 963 per
1988 927 2126 965 Terram,
2141 928 2229 965 quam
2243 937 2292 967 per
2315 931 2358 957 16.

1233 958 1337 998 Mare,
1355 962 1383 990 in
1406 960 1542 999 Regnum
1566 961 1692 991 nostrum
1712 961 1840 1001 Angliae,
1860 963 1893 992 ὃς
1907 964 1970 994 alibi
1985 965 2054 994 infra
2068 965 2242 995 Dominium
2257 967 2292 996 &

1231 997 1405 1029 Potestatem
1425 999 1536 1036 nostra,
1551 1000 1657 1029 ibidem
1672 1001 1827 1037 morando,
1843 1001 1876 1031 &
1892 1002 1994 1032 exinde
2007 1003 2041 1033 ad
2055 1006 2166 1042 propria
2180 1004 2298 1033 redeun-

1233 1036 1290 1075 d0,
1307 1038 1337 1066 in
1359 1037 1571 1068 Proteetionem
1585 1039 1618 1068 ὃς
1634 1038 1842 1069 Defenfionem
1858 1039 1984 1070 nostram
1994 1063 2004 1079 ,
2023 1051 2139 1072 necnon
2152 1042 2181 1071 in
2197 1041 2298 1073 salvam

1236 1074 1373 1106 Gardiam
1391 1076 1515 1107 nostram
1531 1077 1692 1115 specialem3

1274 1114 1311 1144 Et
1327 1114 1392 1144 ideo
1409 1116 1508 1153 vobis,
1525 1116 1557 1145 δε
1570 1116 1686 1146 cuilibet
1698 1115 1844 1153 vestrum,
1865 1115 2056 1155 Mandamus,
2076 1118 2193 1149 firmiter
2208 1119 2302 1156 injuri-

1234 1161 1348 1197 genteS,
1366 1153 1446 1190 quod
1466 1154 1570 1184 eisdem
1595 1153 1690 1191 Duci,
1708 1154 1936 1193 Mercatoribus,
1953 1165 1999 1186 aut
2022 1156 2146 1187 Subditis
2158 1157 2210 1188 suis
2226 1167 2300 1194 prae-

1238 1191 1336 1229 dietis,
1355 1192 1498 1222 veniendo
1517 1194 1547 1222 in
1567 1191 1704 1230 Regnum
1725 1194 1758 1223 ὃ(
1779 1192 1950 1224 Potestatem
1967 1194 2060 1224 nostra
2074 1195 2223 1233 praedicta,
2245 1197 2301 1226 tarn

1239 1239 1287 1266 per
1299 1230 1436 1268 Terram,
1447 1233 1532 1269 quam
1547 1241 1595 1268 per
1612 1230 1711 1268 Mare,
1728 1232 1833 1261 ibidem
1850 1232 2008 1270 morando,
2025 1234 2058 1263 δε
2072 1235 2172 1265 exinde
2185 1234 2219 1264 ad
2233 1243 2302 1273 pro-

1240 1269 1299 1305 pria
1321 1268 1482 1307 redeundo,
1502 1270 1568 1299 licut
1590 1269 1759 1308 praedidium
1781 1269 1840 1307 est,
1866 1272 1896 1300 iri
1915 1267 2042 1301 Personis
2063 1272 2130 1310 suis,
2152 1272 2304 1311 Navibus,

1240 1305 1375 1346 Tarecis,
1392 1307 1504 1346 Galeis,
1521 1307 1648 1346 Batellis,
1666 1307 1866 1346 Mercandifis,
1881 1318 1928 1340 aut
1939 1310 1996 1340 aliis
2011 1309 2110 1340 Rebus
2123 1311 2175 1340 suis
2191 1312 2304 1349 quibus-
2327 1320 2329 1322 ·

1243 1355 1387 1383 cumque,
1405 1356 1464 1376 non
1487 1346 1620 1383 inferatis,
1638 1346 1700 1385 seu,
1719 1355 1857 1385 quantum
1878 1349 1908 1378 in
1922 1349 2002 1378 vobis
2016 1347 2074 1385 est,
2089 1349 2125 1379 ab
2137 1348 2194 1379 aliis
2207 1350 2303 1381 inferri

1243 1385 1420 1422 permittatis,
1439 1384 1590 1423 Injuriam,
1614 1385 1796 1423 Molestiam,
1822 1385 2012 1426 Dampnum,
2035 1386 2226 1425 Violentiam,
2244 1387 2306 1418 lm-

1243 1422 1439 1460 pedimentum
1459 1423 1571 1463 aliquod
1588 1424 1633 1453 seu
1647 1423 1831 1462 Gravamen,
1848 1424 1886 1455 set
1900 1425 1937 1454 eis
1951 1426 2044 1462 potius
2057 1426 2162 1456 salvum
2178 1427 2211 1457 &
2226 1427 2307 1457 secu-

1246 1470 1310 1490 rum
1334 1460 1521 1492 Conductum
1544 1461 1691 1500 nostrum,
1713 1463 1782 1492 cum
1803 1473 1850 1499 per
1871 1463 1953 1494 Loca
1970 1465 2003 1494 δε
2024 1463 2179 1494 Βίίὶτίθωε
2200 1465 2308 1495 vestros

1242 1499 1412 1537 transierint,
1429 1499 1479 1530 suis
1499 1500 1679 1538 Sumptibus,
1696 1499 1797 1529 habere
1818 1502 1922 1531 faciatis
1941 1511 1946 1530 :
1988 1501 2040 1539 Et,
2058 1502 2077 1532 si
2101 1503 2168 1540 quid
2189 1504 2243 1542 eis,
2261 1500 2307 1534 vel

1243 1547 1343 1568 eorum
1361 1538 1442 1568 alicui
1452 1561 1461 1577 ,
1479 1538 1665 1568 Forisfaeium
1681 1539 1726 1568 vel
1741 1537 1923 1577 injuriatum,
1940 1548 1986 1570 aut
2001 1549 2099 1570 contra
2114 1551 2161 1570 eos
2178 1542 2306 1572 indebite

1242 1584 1438 1613 attemptatum
1460 1574 1560 1615 fue'rit,
1576 1577 1666 1607 ideis
1687 1577 1720 1606 ὃς
1744 1586 1844 1606 eorum
1859 1577 1976 1608 cuilibet
1987 1578 2085 1613 debite
2098 1580 2200 1617 corrigi
2215 1582 2248 1611 ὅ(
2263 1590 2307 1610 re-

1243 1614 1356 1645 formari
1372 1615 1475 1646 faciatis
1495 1625 1501 1644 :
1718 1616 1726 1619 ”

1282 1653 1461 1684 Dumtamen
1483 1654 1558 1684 idem
1577 1653 1648 1684 Dux
1685 1652 1881 1692 Mercatores,
1897 1654 1932 1685 &
1950 1654 2051 1685 subditi
2070 1655 2127 1692 sui,
2154 1666 2221 1686 cum
2242 1657 2308 1687 Na-

1245 1692 1345 1730 vibus,
1363 1692 1478 1731 Galeis,
1493 1692 1627 1730 Tarecis,
1646 1677 1771 1730 flatellis,
1792 1692 1991 1730 Mercandisis,
2008 1701 2055 1723 aut
2069 1692 2171 1731 Bonis,
2190 1695 2234 1724 vel
2250 1694 2310 1725 Ca-

1244 1731 1313 1762 tallis
1332 1729 1403 1771 suis,
1418 1741 1478 1762 non
1499 1732 1552 1762 lint
1565 1732 1601 1760 in·
1610 1730 1758 1761 Auxilium
1771 1741 1826 1761 nec
1842 1730 2015 1762 Succursum
2030 1731 2166 1770 aliquibus
2184 1732 2310 1764 Inimicis

1245 1769 1348 1800 nostris
1362 1778 1463 1801 contra
1476 1769 1563 1807 Nos,
1581 1778 1627 1800 aut
1643 1769 1776 1800 Subditos
1788 1769 1917 1808 nostros,

1282 1808 1353 1839 Nec
1376 1808 1470 1845 Bona,
1489 1807 1612 1846 Catalla,
1634 1805 1821 1846 Mercadifis’,
1838 1816 1885 1838 aut
1906 1807 1970 1839 alias
1993 1807 2051 1838 Res
2065 1809 2254 1849 quascumque
2266 1810 2310 1840 di-

1246 1847 1361 1878 &torum
1383 1848 1569 1878 inimicorum
1591 1854 1638 1877 aut
1660 1846 1825 1877 Rebellium
1838 1846 2020 1884 nostrorum,
2036 1849 2134 1878 colore
2147 1848 2312 1879 Mei-candi-

1246 1886 1334 1917 sarum
1349 1895 1395 1917 aut
1409 1885 1555 1916 Bonorum
1571 1884 1684 1916 suorum
1698 1885 1935 1925 propriorum,in
1951 1886 2026 1917 Vafis
2039 1886 2091 1917 suis
2105 1887 2246 1925 praedidtis
2260 1887 2314 1918 du-

1247 1934 1313 1956 cent
1328 1934 1382 1955 nec
1398 1924 1588 1955 concelabunt
2303 1943 2306 1946 ,

1284 1963 1354 1994 Nec
1378 1973 1447 1994 cum
1467 1963 1571 1993 eisdem
1594 1946 1723 1993 inimicis
1741 1961 1859 2001 nostris,
1877 1963 1906 1992 in
1929 1961 2041 2001 aliquo,
2059 1963 2136 2001 quod
2156 1964 2186 1993 in
2207 1963 2314 1995 Nostri

1247 2002 1292 2033 seu
1312 2002 1496 2032 Subditorum
1511 2000 1676 2031 nostrorum
1689 2000 1861 2038 Dampnum
1873 2001 1919 2031 seu
1933 2000 2136 2039 Praejudicium
2148 2002 2248 2034 cedere
2262 2013 2315 2043 po-

1247 2042 1328 2079 terit,
1346 2040 1604 2071 communicabunt
1619 2039 1677 2070 ullo
1692 2040 1791 2070 modo.

1287 2079 1321 2109 In
1335 2081 1429 2119 cujus,
1445 2080 1506 2110 &c.
1521 2078 1604 2117 usque
1618 2077 1652 2108 ad
1667 2077 1783 2108 Festum
1797 2076 1912 2109 Paschae
1924 2101 1935 2117 ,
1953 2078 2088 2117 proximo
2102 2079 2247 2118 futurum,
2261 2079 2313 2111 du-

1248 2126 1358 2149 raturas.

1286 2156 1376 2225 flIJeste
1398 2153 1481 2196 Rege
1501 2154 1575 2195 apud
1593 2154 1901 2194 Westmonasterium,
1916 2155 2051 2187 vicesimo
2071 2155 2194 2189 secundo
2211 2157 2257 2190 die
2273 2157 2316 2193 A-,

1273 2205 1293 2225 ri
1305 2204 1334 2225 is.

1251 2205 1271 2234 P
1697 2234 1750 2262 Per
1762 2231 1844 2272 ipficm
1858 2235 1954 2271 Regem
1967 2231 2006 2268 &
2020 2233 2170 2265 Concilium.

1859 2309 2047 2348 Dupplicatur.

1504 2440 1598 2482 Super
1621 2435 1756 2483 Pafflzgio
1776 2437 1955 2469 Excercitus
1971 2438 2070 2482 Regis.

1258 2521 1383 2578 REX
1401 2522 1576 2552 Vicecomiti
1596 2521 1728 2559 Kantiae,
1748 2521 1880 2552 Salutem.
2334 2531 2411 2561 Ann-
2424 2529 2468 2563 D..

1356 2562 1540 2598 Praecipimus
1558 2561 1626 2598 tibi,
1644 2559 1761 2589 firmiter
1781 2560 1984 2598 injungentes,
2004 2559 2085 2598 quod
2101 2561 2130 2590 in
2143 2560 2253 2600 singulis
2268 2560 2321 2592 Ci-
2356 2578 2439 2606 1⁶70.

1256 2601 1402 2638 vitatibus,
1421 2599 1535 2637 Burgis,
1552 2599 1634 2629 Villis
1649 2597 1848 2635 MercatoriiS,
1867 2598 2046 2637 Hundredis,
2062 2599 2270 2638 Libertatibus,
2285 2602 2318 2631 ὃς
2335 2591 2388 2635 „10³-
2402 2619 2449 2646 44·

1257 2642 1315 2671 aliis
1337 2639 1441 2676 Locis,
1458 2639 1486 2667 in
1509 2636 1610 2668 Balliva
1632 2644 1695 2675 tua,
1712 2636 1760 2667 ubi
1779 2637 1878 2667 melius
1897 2638 2027 2676 expedire
2042 2638 2160 2676 videris,
2178 2640 2236 2668 tam
2253 2639 2322 2669 infra
2338 2652 2366 2674 E.
2388 2656 2414 2682 3,

1259 2680 1416 2710 Libertates
1429 2699 1439 2714 ,
1464 2677 1551 2715 quam
1574 2684 1666 2714 eXtra,
1690 2684 1724 2704 ex
1744 2670 1822 2712 parte
1840 2676 1936 2706 nostra
1958 2676 2073 2715 publice
2093 2676 2264 2714 proclamari
2284 2677 2324 2709 fa·
2339 2685 2425 2721 Claus.

1257 2728 1314 2748 cias
1651 2728 1653 2730 ·
2360 2742 2362 2744 Γ
2379 2746 2383 2750 Ι
2417 2745 2422 2750 1
2462 2724 2469 2751 ,⁴

1296 2740 1392 2795 (Συὸά
1413 2762 1514 2784 omnes
1535 2752 1570 2783 ὃς
1585 2751 1685 2788 singuli
1698 2750 1843 2782 Homines
1863 2751 1897 2782 ad
1913 2751 2020 2792 Arma,
2040 2753 2167 2792 Armati,
2185 2754 2219 2785 &
2233 2754 2323 2794 Sagit-
2335 2733 2374 2795 3²4
2389 2727 2472 2798 ,ΖΞ-Ξῖ,

1261 2795 1338 2832 rarii,
1357 2792 1558 2830 cuiuscumque
1570 2789 1664 2821 Status
1679 2790 1725 2820 seu
1738 2789 1923 2821 Conditionis
1933 2791 2055 2831 fuerint,

1299 2834 1377 2872 Qi,
1394 2832 1422 2860 in
1443 2828 1622 2868 Obsequium
1643 2828 1792 2867 nostrum,
1808 2829 1843 2858 ad
1865 2828 1959 2859 Partes
1978 2829 2189 2868 Normanniae,
2208 2831 2242 2862 ὃς
2259 2831 2324 2863 alias

1259 2880 1349 2912 partes
1369 2868 1600 2906 TransmarinaS,
1615 2868 1645 2897 in
1668 2865 1779 2904 Regno
1794 2867 1938 2905 Franciae,
1957 2867 1990 2897 ad
2004 2868 2090 2899 Vadia
2103 2868 2216 2907 nostra,
2232 2879 2246 2898 a
2260 2869 2326 2901 Do-

1261 2911 1356 2941 mibus
1370 2908 1422 2939 suis
1435 2907 1520 2947 usque
1537 2905 1636 2944 Mare,
1654 2905 1688 2935 &
1704 2915 1757 2942 pro
1772 2904 1860 2935 Mora
1873 2905 1918 2935 sua
1935 2905 2041 2936 ibidem
2061 2907 2206 2946 quousque
2220 2908 2327 2938 Trans-

1261 2949 1352 2980 fretati
1372 2947 1502 2984 fuerint,
1527 2955 1560 2975 ac
1582 2954 1634 2982 pro
1655 2943 1785 2982 Paffigio
1811 2943 1861 2973 suo
1880 2944 2026 2982 quousque
2047 2945 2076 2975 in
2098 2945 2181 2976 dietis
2202 2946 2326 2983 partibus

1262 2985 1465 3019 Transmarinis
1477 2982 1681 3022 applicuerint,
1700 2982 1781 3020 gratis
1796 2980 1935 3020 proficisci
1949 2983 2106 3022 voluerint,

1298 3026 1403 3065 Equis,
1430 3023 1524 3054 Armis
1539 3045 1549 3060 ,
1574 3022 1607 3052 &
1631 3020 1789 3050 Armaturis
1804 3043 1814 3059 ,
1837 3029 1891 3058 pro
1910 3020 1989 3052 Statu
2007 3021 2057 3052 suo
2077 3023 2324 3061 competentibus,

1263 3074 1333 3097 cum
1353 3063 1434 3095 omni
1449 3061 1605 3105 celeritate,
1621 3067 1674 3098 qua
1689 3057 1747 3089 fieri
1760 3059 1882 3097 poterit,
1901 3058 1928 3090 se
1943 3068 2058 3099 parent,
2075 3061 2109 3092 δε
2124 3062 2209 3099 usque
2223 3061 2328 3093 Villam

1260 3105 1296 3136 de
1310 3103 1541 3139 Suthampton1a‚

1284 3142 1363 3173 -Ubi
1386 3139 1550 3176 Paffagium
1665 3175 1670 3179 Ι

1263 3191 1309 3212 ma
1319 3204 1329 3219 ,
1344 3180 1547 3213 Armatorum,
1562 3175 1594 3206 &
1609 3174 1643 3205 Sa
1665 3175 1822 3205 ittariorum
1835 3174 2101 3216 praediistorum,&
2112 3178 2244 3207 omnium
2257 3175 2328 3206 alio-

1264 3229 1344 3257 rum,
1361 3219 1409 3258 qui
1431 3216 1513 3256 gratis
1532 3214 1566 3245 ad
1588 3213 1630 3245 Va
1651 3214 1676 3244 ia
1687 3212 1798 3252 nostra,
1818 3221 1848 3243 ut
1861 3214 2062 3253 praemittitur,
2081 3214 2232 3253 profecturi
2247 3213 2326 3252 sunt,

1266 3258 1475 3331 Οΐῖἓὲἔὲἒηῖεἰ
1487 3294 1522 3323 ita
1545 3290 1625 3330 quod
1647 3290 1699 3322 fint
1718 3289 1827 3335 ibidem
1845 3296 1910 3320 ante
1929 3289 2054 3321 Ostabas
2076 3289 2173 3321 Saneti
2189 3288 2329 3327 johannis

1266 3335 1398 3374 Baptistae
1420 3332 1553 3372 proximo
1577 3330 1682 3360 futuras
1696 3352 1706 3367 ,
1736 3329 1781 3360 vel
1802 3339 1832 3359 in
1852 3328 1957 3359 eisdem
1976 3328 2099 3359 Odiabis
2116 3328 2149 3358 ad
2172 3330 2305 3359 ultimum
2318 3350 2330 3366 ‚

1265 3374 1392 3413 prompti
1408 3373 1442 3403 δί
1456 3370 1539 3409 parati
1552 3368 1586 3398 ad
1600 3367 1836 3408 proficiscendum
1851 3366 1951 3397 exinde
1965 3367 1998 3397 ad
2016 3374 2104 3404 partes
2117 3367 2286 3406 supradictas

1306 3413 1343 3444 Et
1356 3412 1426 3443 Nos
1438 3409 1541 3441 eisdem
1554 3406 1729 3437 Hominibus
1741 3406 1775 3437 ad
1791 3406 1894 3443 Arma,
1913 3405 2044 3443 Armatis,
2057 3406 2090 3436 δε
2105 3404 2253 3443 Sagittariis
2298 3415 2328 3436 a-

1268 3452 1314 3483 dia
1334 3451 1377 3481 sua
1412 3460 1427 3479 a
1441 3452 1456 3467 *⁸
1469 3455 1599 3484 tempore
1611 3454 1669 3484 quo
1683 3453 1698 3473 a
1712 3443 1859 3475 Domibus
1871 3444 1922 3473 suis
1936 3452 1971 3473 ex
1986 3444 2039 3473 hac
2054 3443 2132 3473 causa
2148 3442 2322 3480 recesserint,
2341 3463 2357 3479 ,
2376 3465 2418 3491 VI

1270 3493 1304 3523 &
1320 3474 1425 3520 ibidem
1443 3486 1559 3517 Moram
1573 3483 1647 3514 suam
1663 3484 1790 3520 fecerint,
1801 3483 1944 3520 quousque
1958 3482 1987 3510 in
1996 3481 2077 3511 dietis
2086 3480 2213 3512 Partibus
2224 3481 2329 3512 Trans·
2342 3502 2358 3528 6
2421 3485 2427 3492 ‘

1271 3529 1383 3560 marinis
1405 3524 1611 3564 applicuerint,
1635 3530 1699 3552 ante
1717 3521 1875 3559 passagium
1897 3521 1975 3550 suum
1996 3519 2182 3558 praedic‘lum,
2202 3521 2270 3550 solvi
2291 3522 2325 3551 &
2360 3510 2407 3538 54¹

1270 3566 1388 3598 satisfieri
1406 3565 1556 3597 faciemus,
1573 3562 1609 3590 ita
1621 3559 1701 3598 qubd
1715 3569 1826 3590 exnunc
1838 3581 1847 3596 ,
1865 3559 1894 3588 in
1907 3557 2055 3588 Comitiva
2071 3558 2198 3595 praediffi
2211 3558 2326 3588 Rober-

1273 3607 1295 3637 ti
1330 3606 1362 3636 &
1387 3603 1507 3634 aliorum
1531 3598 1670 3630 Fidelium
1685 3597 1866 3633 nostrorum,
1883 3597 1913 3626 in
1929 3595 2106 3638 Obsequium
2124 3596 2274 3635 nostrum,
2291 3595 2326 3628 ad

1272 3628 1366 3675 Pirtes
1380 3640 1541 3681 praedictas,
1560 3637 1616 3667 sine
1630 3637 1763 3667 dilatione
1775 3634 1903 3673 aliquali,
1921 3633 2131 3673 proficilcautur
2140 3658 2150 3674 ‚

1308 3681 1345 3712 Et
1358 3682 1415 3711 hoc
1430 3678 1582 3708 nullatenus
1594 3677 1718 3705 omittas.

1309 3719 1400 3751 Teste
1416 3717 1498 3756 Rege
1510 3713 1583 3756 apud
1597 3711 1901 3749 Westmonasterium,
1920 3711 1996 3742 serito
2011 3711 2056 3741 die
2072 3709 2153 3742 Maii.

1569 3136 1694 3168 Roberti
1708 3134 1826 3166 Knoues
1839 3136 1874 3166 &
1889 3138 2021 3167 omniurn
2036 3120 2205 3169 Hominum
2220 3137 2254 3168 ad
2270 3137 2325 3168 Ar-

1310 3794 1475 3829 Confimilia
1502 3791 1600 3822 Brevia
1627 3789 1787 3830 diriguntur
1816 3789 1926 3830 singulis
1948 3788 2178 3821 vicecomitibus
2196 3798 2247 3828 per
2266 3789 2327 3821 An-

1271 3836 1374 3876 gliam,
1391 3835 1440 3867 sub
1455 3831 1556 3865 eadem
1568 3829 1651 3862 Data.

2292 4036 2336 4060 De
