<?xml version="1.0" encoding="UTF-8"?>
<!DOCTYPE html PUBLIC "-//W3C//DTD XHTML 1.0 Transitional//EN"
    "http://www.w3.org/TR/xhtml1/DTD/xhtml1-transitional.dtd">
<html xmlns="http://www.w3.org/1999/xhtml" xml:lang="en" lang="en">
 <head>
  <title>
</title>
<meta http-equiv="Content-Type" content="text/html;charset=utf-8" />
  <meta name='ocr-system' content='tesseract 3.04.00' />
  <meta name='ocr-capabilities' content='ocr_page ocr_carea ocr_par ocr_line ocrx_word'/>
</head>
<body>
  <div class='ocr_page' id='page_1' title='image "./fderaconventione03ryme_0624.png"; bbox 0 0 2561 4251; ppageno 0'>
   <div class='ocr_carea' id='block_1_1' title="bbox 35 192 169 300">
    <p class='ocr_par' dir='ltr' id='par_1_1' title="bbox 35 192 169 300">
     <span class='ocr_line' id='line_1_1' title="bbox 37 192 169 226; baseline 0 -4"><span class='ocrx_word' id='word_1_1' title='bbox 37 193 116 226; x_wconf 79' lang='lat' dir='ltr'>Anii.</span> <span class='ocrx_word' id='word_1_2' title='bbox 126 192 169 224; x_wconf 89' lang='lat' dir='ltr'>D.</span> 
     </span>
     <span class='ocr_line' id='line_1_2' title="bbox 56 234 145 271; baseline 0.011 -10"><span class='ocrx_word' id='word_1_3' title='bbox 56 234 145 271; x_wconf 80' lang='lat'>1382.</span> 
     </span>
     <span class='ocr_line' id='line_1_3' title="bbox 35 274 134 300; baseline 0.02 -2"><span class='ocrx_word' id='word_1_4' title='bbox 35 274 88 298; x_wconf 77' lang='lat' dir='ltr'>Ric.</span> <span class='ocrx_word' id='word_1_5' title='bbox 108 281 134 300; x_wconf 85' lang='lat'>2.</span> 
     </span>
    </p>
   </div>
   <div class='ocr_carea' id='block_1_2' title="bbox 44 1109 178 1460">
    <p class='ocr_par' dir='ltr' id='par_1_2' title="bbox 44 1109 178 1460">
     <span class='ocr_line' id='line_1_4' title="bbox 47 1109 176 1142; baseline -0.023 0"><span class='ocrx_word' id='word_1_6' title='bbox 47 1111 123 1142; x_wconf 84' lang='lat' dir='ltr'>Ann.</span> <span class='ocrx_word' id='word_1_7' title='bbox 135 1109 176 1141; x_wconf 89' lang='lat' dir='ltr'>D.</span> 
     </span>
     <span class='ocr_line' id='line_1_5' title="bbox 66 1152 154 1191; baseline -0.023 -8"><span class='ocrx_word' id='word_1_8' title='bbox 66 1152 154 1191; x_wconf 79' lang='lat'>1382.</span> 
     </span>
     <span class='ocr_line' id='line_1_6' title="bbox 44 1194 141 1221; baseline 0.01 -3"><span class='ocrx_word' id='word_1_9' title='bbox 44 1197 96 1221; x_wconf 76' lang='lat' dir='ltr'>An.</span> <span class='ocrx_word' id='word_1_10' title='bbox 113 1194 141 1219; x_wconf 92' lang='lat'>6.</span> 
     </span>
     <span class='ocr_line' id='line_1_7' title="bbox 44 1237 117 1260; baseline 0 -3"><span class='ocrx_word' id='word_1_11' title='bbox 44 1237 73 1260; x_wconf 78' lang='lat' dir='ltr'>R.</span> <span class='ocrx_word' id='word_1_12' title='bbox 93 1240 117 1257; x_wconf 84' lang='lat'>2.</span> 
     </span>
     <span class='ocr_line' id='line_1_8' title="bbox 44 1270 178 1298; baseline 0 -1"><span class='ocrx_word' id='word_1_13' title='bbox 44 1274 132 1298; x_wconf 72' lang='lat' dir='ltr'>franc.</span> <span class='ocrx_word' id='word_1_14' title='bbox 150 1270 178 1297; x_wconf 92' lang='lat'>6.</span> 
     </span>
     <span class='ocr_line' id='line_1_9' title="bbox 44 1313 177 1337; baseline -0.008 0"><span class='ocrx_word' id='word_1_15' title='bbox 44 1313 74 1337; x_wconf 85' lang='lat' dir='ltr'>R.</span> <span class='ocrx_word' id='word_1_16' title='bbox 95 1318 120 1335; x_wconf 90' lang='lat'>2.</span> <span class='ocrx_word' id='word_1_17' title='bbox 141 1317 177 1336; x_wconf 89' lang='lat' dir='ltr'>m.</span> 
     </span>
     <span class='ocr_line' id='line_1_10' title="bbox 47 1356 93 1375; baseline -0.043 0"><span class='ocrx_word' id='word_1_18' title='bbox 47 1356 93 1375; x_wconf 85' lang='lat'>20.</span> 
     </span>
     <span class='ocr_line' id='line_1_11' title="bbox 46 1386 143 1413; baseline 0.031 -3"><span class='ocrx_word' id='word_1_19' title='bbox 46 1387 61 1401; x_wconf 69' lang='lat'>⁸</span> <span class='ocrx_word' id='word_1_20' title='bbox 75 1386 143 1413; x_wconf 64' lang='lat' dir='ltr'>xrtl.</span> 
     </span>
     <span class='ocr_line' id='line_1_12' title="bbox 50 1426 115 1460; baseline -0.015 -9"><span class='ocrx_word' id='word_1_21' title='bbox 50 1426 115 1460; x_wconf 88' lang='lat'>365.</span> 
     </span>
    </p>
   </div>
   <div class='ocr_carea' id='block_1_3' title="bbox 192 123 264 161">
    <p class='ocr_par' dir='ltr' id='par_1_3' title="bbox 192 123 264 161">
     <span class='ocr_line' id='line_1_13' title="bbox 192 123 264 161; baseline 0.014 -11"><span class='ocrx_word' id='word_1_22' title='bbox 192 123 264 161; x_wconf 84' lang='lat'>142</span> 
     </span>
    </p>
   </div>
   <div class='ocr_carea' id='block_1_4' title="bbox 228 192 1249 232">
    <p class='ocr_par' dir='ltr' id='par_1_4' title="bbox 228 192 1249 232">
     <span class='ocr_line' id='line_1_14' title="bbox 228 192 1249 232; baseline -0.005 -6"><span class='ocrx_word' id='word_1_23' title='bbox 228 194 399 227; x_wconf 62' lang='lat' dir='ltr'>sumamus</span> <span class='ocrx_word' id='word_1_24' title='bbox 419 194 522 231; x_wconf 85' lang='lat' dir='ltr'>vobis,</span> <span class='ocrx_word' id='word_1_25' title='bbox 549 192 665 223; x_wconf 80' lang='lat' dir='ltr'>firmiter</span> <span class='ocrx_word' id='word_1_26' title='bbox 686 194 861 232; x_wconf 75' lang='lat' dir='ltr'>injungentes</span> <span class='ocrx_word' id='word_1_27' title='bbox 876 216 886 231; x_wconf 91' lang='lat'>,</span> <span class='ocrx_word' id='word_1_28' title='bbox 910 194 988 231; x_wconf 81' lang='lat' dir='ltr'>quod</span> <span class='ocrx_word' id='word_1_29' title='bbox 1010 192 1111 223; x_wconf 88' lang='lat' dir='ltr'>Naves</span> <span class='ocrx_word' id='word_1_30' title='bbox 1132 192 1175 222; x_wconf 90' lang='lat' dir='ltr'>vel</span> <span class='ocrx_word' id='word_1_31' title='bbox 1199 192 1249 222; x_wconf 81' lang='lat' dir='ltr'>alia</span> 
     </span>
    </p>
   </div>
   <div class='ocr_carea' id='block_1_5' title="bbox 627 106 1887 161">
    <p class='ocr_par' dir='ltr' id='par_1_5' title="bbox 627 106 1887 161">
     <span class='ocr_line' id='line_1_15' title="bbox 627 106 1887 161; baseline 0 -12"><span class='ocrx_word' id='word_1_32' title='bbox 627 106 1437 158; x_wconf 77' lang='lat' dir='ltr'>CONVENTIONES,</span> <span class='ocrx_word' id='word_1_33' title='bbox 1495 106 1887 161; x_wconf 90' lang='lat' dir='ltr'>LITERAE,</span> 
     </span>
    </p>
   </div>
   <div class='ocr_carea' id='block_1_6' title="bbox 189 229 1316 270">
    <p class='ocr_par' dir='ltr' id='par_1_6' title="bbox 189 229 1316 270">
     <span class='ocr_line' id='line_1_16' title="bbox 189 229 1316 270; baseline -0.004 -7"><span class='ocrx_word' id='word_1_34' title='bbox 189 235 273 270; x_wconf 70' lang='lat' dir='ltr'>Vasa,</span> <span class='ocrx_word' id='word_1_35' title='bbox 292 235 453 267; x_wconf 55' lang='lat' dir='ltr'>sufficientia</span> <span class='ocrx_word' id='word_1_36' title='bbox 476 242 530 269; x_wconf 84' lang='lat' dir='ltr'>pro</span> <span class='ocrx_word' id='word_1_37' title='bbox 553 232 628 261; x_wconf 65' lang='lat' dir='ltr'>faho</span> <span class='ocrx_word' id='word_1_38' title='bbox 648 233 682 262; x_wconf 69' lang='grc' dir='ltr'>ὃ(</span> <span class='ocrx_word' id='word_1_39' title='bbox 703 230 800 262; x_wconf 79' lang='lat' dir='ltr'>securo</span> <span class='ocrx_word' id='word_1_40' title='bbox 817 231 976 262; x_wconf 64' lang='lat' dir='ltr'>ConduCtu</span> <span class='ocrx_word' id='word_1_41' title='bbox 994 230 1150 270; x_wconf 73' lang='lat' dir='ltr'>Przimiflai</span> <span class='ocrx_word' id='word_1_42' title='bbox 1165 234 1250 260; x_wconf 79' lang='lat' dir='ltr'>Ducis</span> <span class='ocrx_word' id='word_1_43' title='bbox 1308 229 1316 234; x_wconf 79' lang='grc'><strong>“</strong></span> 
     </span>
    </p>
   </div>
   <div class='ocr_carea' id='block_1_7' title="bbox 187 269 1252 815">
    <p class='ocr_par' dir='ltr' id='par_1_7' title="bbox 187 269 1252 622">
     <span class='ocr_line' id='line_1_17' title="bbox 187 269 1251 315; baseline -0.004 -12"><span class='ocrx_word' id='word_1_44' title='bbox 187 275 378 315; x_wconf 64' lang='lat' dir='ltr'>Tlsslainenfis,</span> <span class='ocrx_word' id='word_1_45' title='bbox 397 272 630 307; x_wconf 65' lang='lat' dir='ltr'>Bmeoerrorum,</span> <span class='ocrx_word' id='word_1_46' title='bbox 654 270 797 307; x_wconf 82' lang='lat' dir='ltr'>Militum,</span> <span class='ocrx_word' id='word_1_47' title='bbox 817 271 1052 308; x_wconf 82' lang='lat' dir='ltr'>Armigerorum,</span> <span class='ocrx_word' id='word_1_48' title='bbox 1071 269 1104 299; x_wconf 89' lang='lat'>&amp;</span> <span class='ocrx_word' id='word_1_49' title='bbox 1118 270 1251 299; x_wconf 90' lang='lat' dir='ltr'>omnium</span> 
     </span>
     <span class='ocr_line' id='line_1_18' title="bbox 189 308 1252 346; baseline -0.009 0"><span class='ocrx_word' id='word_1_50' title='bbox 189 316 309 346; x_wconf 76' lang='lat' dir='ltr'>aliorum</span> <span class='ocrx_word' id='word_1_51' title='bbox 326 312 528 346; x_wconf 56' lang='lat' dir='ltr'>Surdum-um,</span> <span class='ocrx_word' id='word_1_52' title='bbox 547 308 678 338; x_wconf 64' lang='lat' dir='ltr'>carissimi</span> <span class='ocrx_word' id='word_1_53' title='bbox 697 309 796 337; x_wconf 78' lang='lat' dir='ltr'>Fratris</span> <span class='ocrx_word' id='word_1_54' title='bbox 813 308 918 346; x_wconf 84' lang='lat' dir='ltr'>nostri,</span> <span class='ocrx_word' id='word_1_55' title='bbox 941 308 1075 338; x_wconf 64' lang='lat' dir='ltr'>ancelai</span> <span class='ocrx_word' id='word_1_56' title='bbox 1096 311 1175 344; x_wconf 80' lang='lat' dir='ltr'>Regis</span> <span class='ocrx_word' id='word_1_57' title='bbox 1197 310 1252 337; x_wconf 85' lang='lat' dir='ltr'>Ro-</span> 
     </span>
     <span class='ocr_line' id='line_1_19' title="bbox 190 345 1250 385; baseline 0.001 -11"><span class='ocrx_word' id='word_1_58' title='bbox 190 365 330 385; x_wconf 50' lang='lat' dir='ltr'>maeotim!</span> <span class='ocrx_word' id='word_1_59' title='bbox 343 349 379 384; x_wconf 50' lang='grc' dir='ltr'>ὅ]</span> <span class='ocrx_word' id='word_1_60' title='bbox 395 348 547 384; x_wconf 66' lang='lat' dir='ltr'>Bolaemiae,</span> <span class='ocrx_word' id='word_1_61' title='bbox 564 349 611 384; x_wconf 89' lang='lat' dir='ltr'>qui</span> <span class='ocrx_word' id='word_1_62' title='bbox 628 356 716 383; x_wconf 81' lang='lat' dir='ltr'>nuper</span> <span class='ocrx_word' id='word_1_63' title='bbox 729 348 757 374; x_wconf 91' lang='lat' dir='ltr'>in</span> <span class='ocrx_word' id='word_1_64' title='bbox 773 345 914 384; x_wconf 80' lang='lat' dir='ltr'>Regnum</span> <span class='ocrx_word' id='word_1_65' title='bbox 928 346 1058 377; x_wconf 90' lang='lat' dir='ltr'>nostrum</span> <span class='ocrx_word' id='word_1_66' title='bbox 1074 346 1202 385; x_wconf 74' lang='lat' dir='ltr'>Angli-ae,</span> <span class='ocrx_word' id='word_1_67' title='bbox 1221 347 1250 375; x_wconf 90' lang='lat' dir='ltr'>in</span> 
     </span>
     <span class='ocr_line' id='line_1_20' title="bbox 189 384 1250 426; baseline -0.016 -2"><span class='ocrx_word' id='word_1_68' title='bbox 189 394 354 426; x_wconf 80' lang='lat' dir='ltr'>Comitiva,</span> <span class='ocrx_word' id='word_1_69' title='bbox 374 387 523 417; x_wconf 69' lang='lat' dir='ltr'>cariffiinae</span> <span class='ocrx_word' id='word_1_70' title='bbox 537 385 683 415; x_wconf 85' lang='lat' dir='ltr'>Consortis</span> <span class='ocrx_word' id='word_1_71' title='bbox 699 384 819 422; x_wconf 83' lang='lat' dir='ltr'>nostrae,</span> <span class='ocrx_word' id='word_1_72' title='bbox 841 388 937 414; x_wconf 80' lang='lat' dir='ltr'><em>Annae</em></span> <span class='ocrx_word' id='word_1_73' title='bbox 950 388 1058 423; x_wconf 80' lang='lat' dir='ltr'>Reginae</span> <span class='ocrx_word' id='word_1_74' title='bbox 1074 384 1186 421; x_wconf 66' lang='lat' dir='ltr'>Angliae</span> <span class='ocrx_word' id='word_1_75' title='bbox 1201 384 1250 414; x_wconf 76' lang='lat' dir='ltr'>ad-</span> 
     </span>
     <span class='ocr_line' id='line_1_21' title="bbox 190 424 1250 467; baseline -0.009 -5"><span class='ocrx_word' id='word_1_76' title='bbox 190 439 346 467; x_wconf 86' lang='lat' dir='ltr'>venerunt,</span> <span class='ocrx_word' id='word_1_77' title='bbox 363 428 395 458; x_wconf 70' lang='grc' dir='ltr'>ὃ(</span> <span class='ocrx_word' id='word_1_78' title='bbox 408 427 466 464; x_wconf 57' lang='lat' dir='ltr'>jam]</span> <span class='ocrx_word' id='word_1_79' title='bbox 483 425 541 455; x_wconf 60' lang='lat' dir='ltr'>sunt</span> <span class='ocrx_word' id='word_1_80' title='bbox 554 424 587 453; x_wconf 73' lang='lat' dir='ltr'>ad</span> <span class='ocrx_word' id='word_1_81' title='bbox 602 432 688 461; x_wconf 66' lang='lat' dir='ltr'>partes</span> <span class='ocrx_word' id='word_1_82' title='bbox 704 424 844 461; x_wconf 66' lang='lat' dir='ltr'>propriaS,</span> <span class='ocrx_word' id='word_1_83' title='bbox 863 424 899 454; x_wconf 90' lang='lat' dir='ltr'>de</span> <span class='ocrx_word' id='word_1_84' title='bbox 923 424 1052 455; x_wconf 87' lang='lat' dir='ltr'>Licentia</span> <span class='ocrx_word' id='word_1_85' title='bbox 1077 424 1189 460; x_wconf 87' lang='lat' dir='ltr'>nostra,</span> <span class='ocrx_word' id='word_1_86' title='bbox 1207 433 1250 452; x_wconf 89' lang='lat' dir='ltr'>re-</span> 
     </span>
     <span class='ocr_line' id='line_1_22' title="bbox 190 461 1250 507; baseline -0.008 -7"><span class='ocrx_word' id='word_1_87' title='bbox 190 471 291 507; x_wconf 86' lang='lat' dir='ltr'>dituri,</span> <span class='ocrx_word' id='word_1_88' title='bbox 309 477 376 497; x_wconf 90' lang='lat' dir='ltr'>cum</span> <span class='ocrx_word' id='word_1_89' title='bbox 393 464 585 500; x_wconf 79' lang='lat' dir='ltr'>Hominibus,</span> <span class='ocrx_word' id='word_1_90' title='bbox 605 461 743 504; x_wconf 65' lang='lat' dir='ltr'>ArmatiS,</span> <span class='ocrx_word' id='word_1_91' title='bbox 762 463 794 492; x_wconf 88' lang='lat'>&amp;</span> <span class='ocrx_word' id='word_1_92' title='bbox 818 462 986 501; x_wconf 67' lang='lat' dir='ltr'>sagittariis,</span> <span class='ocrx_word' id='word_1_93' title='bbox 1005 463 1040 493; x_wconf 90' lang='lat' dir='ltr'>ad</span> <span class='ocrx_word' id='word_1_94' title='bbox 1061 462 1122 492; x_wconf 90' lang='lat' dir='ltr'>talia</span> <span class='ocrx_word' id='word_1_95' title='bbox 1144 461 1250 491; x_wconf 89' lang='lat' dir='ltr'>Custus</span> 
     </span>
     <span class='ocr_line' id='line_1_23' title="bbox 189 499 1249 543; baseline -0.009 -4"><span class='ocrx_word' id='word_1_96' title='bbox 189 510 223 539; x_wconf 86' lang='lat'>&amp;</span> <span class='ocrx_word' id='word_1_97' title='bbox 242 507 344 543; x_wconf 88' lang='lat' dir='ltr'>Vadia,</span> <span class='ocrx_word' id='word_1_98' title='bbox 362 514 412 543; x_wconf 88' lang='lat' dir='ltr'>per</span> <span class='ocrx_word' id='word_1_99' title='bbox 427 502 515 540; x_wconf 83' lang='lat' dir='ltr'>ipsum</span> <span class='ocrx_word' id='word_1_100' title='bbox 534 502 647 530; x_wconf 76' lang='lat' dir='ltr'>D.=cem</span> <span class='ocrx_word' id='word_1_101' title='bbox 665 509 693 528; x_wconf 81' lang='lat' dir='ltr'>in</span> <span class='ocrx_word' id='word_1_102' title='bbox 707 510 738 529; x_wconf 89' lang='lat' dir='ltr'>ea</span> <span class='ocrx_word' id='word_1_103' title='bbox 752 509 828 537; x_wconf 86' lang='lat' dir='ltr'>parte</span> <span class='ocrx_word' id='word_1_104' title='bbox 843 501 993 540; x_wconf 81' lang='lat' dir='ltr'>solvenda,</span> <span class='ocrx_word' id='word_1_105' title='bbox 1012 501 1101 540; x_wconf 86' lang='lat' dir='ltr'>qualia</span> <span class='ocrx_word' id='word_1_106' title='bbox 1116 510 1168 538; x_wconf 91' lang='lat' dir='ltr'>pro</span> <span class='ocrx_word' id='word_1_107' title='bbox 1184 499 1249 530; x_wconf 88' lang='lat' dir='ltr'>Pas-</span> 
     </span>
     <span class='ocr_line' id='line_1_24' title="bbox 190 538 1251 585; baseline -0.006 -9"><span class='ocrx_word' id='word_1_108' title='bbox 190 547 265 585; x_wconf 84' lang='lat' dir='ltr'>sagio</span> <span class='ocrx_word' id='word_1_109' title='bbox 281 544 379 575; x_wconf 85' lang='lat' dir='ltr'>nostro</span> <span class='ocrx_word' id='word_1_110' title='bbox 396 542 510 581; x_wconf 83' lang='lat' dir='ltr'>proprio</span> <span class='ocrx_word' id='word_1_111' title='bbox 524 539 621 569; x_wconf 84' lang='lat' dir='ltr'>fierent</span> <span class='ocrx_word' id='word_1_112' title='bbox 636 538 669 569; x_wconf 87' lang='lat'>&amp;</span> <span class='ocrx_word' id='word_1_113' title='bbox 685 538 753 569; x_wconf 90' lang='lat' dir='ltr'>solvi</span> <span class='ocrx_word' id='word_1_114' title='bbox 766 539 919 579; x_wconf 87' lang='lat' dir='ltr'>deberent,</span> <span class='ocrx_word' id='word_1_115' title='bbox 935 550 1004 571; x_wconf 92' lang='lat' dir='ltr'>cum</span> <span class='ocrx_word' id='word_1_116' title='bbox 1020 540 1102 571; x_wconf 81' lang='lat' dir='ltr'>omni</span> <span class='ocrx_word' id='word_1_117' title='bbox 1124 539 1251 570; x_wconf 86' lang='lat' dir='ltr'>celerita-</span> 
     </span>
     <span class='ocr_line' id='line_1_25' title="bbox 190 577 801 622; baseline -0.016 -6"><span class='ocrx_word' id='word_1_118' title='bbox 190 594 236 620; x_wconf 75' lang='lat' dir='ltr'>te,</span> <span class='ocrx_word' id='word_1_119' title='bbox 256 584 311 622; x_wconf 69' lang='lat' dir='ltr'>quii</span> <span class='ocrx_word' id='word_1_120' title='bbox 325 583 381 613; x_wconf 85' lang='lat' dir='ltr'>sieri</span> <span class='ocrx_word' id='word_1_121' title='bbox 399 580 517 619; x_wconf 80' lang='lat' dir='ltr'>poterit,</span> <span class='ocrx_word' id='word_1_122' title='bbox 536 578 639 607; x_wconf 90' lang='lat' dir='ltr'>muniri</span> <span class='ocrx_word' id='word_1_123' title='bbox 654 577 686 607; x_wconf 91' lang='lat'>&amp;</span> <span class='ocrx_word' id='word_1_124' title='bbox 700 579 801 615; x_wconf 83' lang='lat' dir='ltr'>parari,</span> 
     </span>
    </p>

    <p class='ocr_par' dir='ltr' id='par_1_8' title="bbox 189 615 1250 771">
     <span class='ocr_line' id='line_1_26' title="bbox 230 615 1250 659; baseline -0.007 -6"><span class='ocrx_word' id='word_1_125' title='bbox 230 622 266 653; x_wconf 88' lang='lat' dir='ltr'>Et</span> <span class='ocrx_word' id='word_1_126' title='bbox 281 622 369 659; x_wconf 60' lang='lat' dir='ltr'>ipsam</span> <span class='ocrx_word' id='word_1_127' title='bbox 387 621 522 656; x_wconf 71' lang='lat' dir='ltr'>Ducem,</span> <span class='ocrx_word' id='word_1_128' title='bbox 542 617 573 647; x_wconf 74' lang='grc' dir='ltr'>ὃ(</span> <span class='ocrx_word' id='word_1_129' title='bbox 589 625 690 658; x_wconf 77' lang='lat' dir='ltr'>omnes</span> <span class='ocrx_word' id='word_1_130' title='bbox 704 616 771 646; x_wconf 85' lang='lat' dir='ltr'>alios</span> <span class='ocrx_word' id='word_1_131' title='bbox 787 616 823 646; x_wconf 89' lang='lat' dir='ltr'>de</span> <span class='ocrx_word' id='word_1_132' title='bbox 841 615 990 648; x_wconf 88' lang='lat' dir='ltr'>Comitiva</span> <span class='ocrx_word' id='word_1_133' title='bbox 1003 617 1064 656; x_wconf 90' lang='lat' dir='ltr'>sua,</span> <span class='ocrx_word' id='word_1_134' title='bbox 1082 615 1167 655; x_wconf 90' lang='lat' dir='ltr'>usque</span> <span class='ocrx_word' id='word_1_135' title='bbox 1187 615 1250 646; x_wconf 89' lang='lat' dir='ltr'>Vil-</span> 
     </span>
     <span class='ocr_line' id='line_1_27' title="bbox 189 654 1250 695; baseline -0.007 -3"><span class='ocrx_word' id='word_1_136' title='bbox 189 664 246 695; x_wconf 84' lang='lat' dir='ltr'>lam</span> <span class='ocrx_word' id='word_1_137' title='bbox 260 661 383 691; x_wconf 87' lang='lat' dir='ltr'>nostram</span> <span class='ocrx_word' id='word_1_138' title='bbox 400 658 517 693; x_wconf 71' lang='lat' dir='ltr'>Calesii,</span> <span class='ocrx_word' id='word_1_139' title='bbox 537 665 604 685; x_wconf 90' lang='lat' dir='ltr'>cum</span> <span class='ocrx_word' id='word_1_140' title='bbox 618 654 722 684; x_wconf 74' lang='lat' dir='ltr'>eisdem</span> <span class='ocrx_word' id='word_1_141' title='bbox 737 654 869 686; x_wconf 87' lang='lat' dir='ltr'>Navibus</span> <span class='ocrx_word' id='word_1_142' title='bbox 885 655 941 686; x_wconf 80' lang='lat' dir='ltr'>five</span> <span class='ocrx_word' id='word_1_143' title='bbox 963 655 1053 694; x_wconf 84' lang='lat' dir='ltr'>Vasis,</span> <span class='ocrx_word' id='word_1_144' title='bbox 1074 655 1111 685; x_wconf 87' lang='lat' dir='ltr'>fic</span> <span class='ocrx_word' id='word_1_145' title='bbox 1134 656 1250 686; x_wconf 88' lang='lat' dir='ltr'>munitis</span> 
     </span>
     <span class='ocr_line' id='line_1_28' title="bbox 190 693 1249 739; baseline -0.005 -8"><span class='ocrx_word' id='word_1_146' title='bbox 190 704 225 733; x_wconf 68' lang='grc' dir='ltr'>ὃς</span> <span class='ocrx_word' id='word_1_147' title='bbox 241 701 353 739; x_wconf 83' lang='lat' dir='ltr'>paratis,</span> <span class='ocrx_word' id='word_1_148' title='bbox 371 697 447 728; x_wconf 80' lang='lat' dir='ltr'>salvo</span> <span class='ocrx_word' id='word_1_149' title='bbox 464 697 496 726; x_wconf 69' lang='lat' dir='ltr'>St</span> <span class='ocrx_word' id='word_1_150' title='bbox 510 694 606 724; x_wconf 78' lang='lat' dir='ltr'>secure</span> <span class='ocrx_word' id='word_1_151' title='bbox 620 693 743 723; x_wconf 92' lang='lat' dir='ltr'>conduci</span> <span class='ocrx_word' id='word_1_152' title='bbox 758 693 877 732; x_wconf 71' lang='lat' dir='ltr'>faciatis,</span> <span class='ocrx_word' id='word_1_153' title='bbox 894 694 928 724; x_wconf 91' lang='lat'>&amp;</span> <span class='ocrx_word' id='word_1_154' title='bbox 943 695 1018 733; x_wconf 90' lang='lat' dir='ltr'>hoc,</span> <span class='ocrx_word' id='word_1_155' title='bbox 1037 695 1105 725; x_wconf 86' lang='lat' dir='ltr'>sicut</span> <span class='ocrx_word' id='word_1_156' title='bbox 1124 693 1195 724; x_wconf 91' lang='lat' dir='ltr'>Nos</span> <span class='ocrx_word' id='word_1_157' title='bbox 1215 694 1249 726; x_wconf 89' lang='lat'>&amp;</span> 
     </span>
     <span class='ocr_line' id='line_1_29' title="bbox 191 732 961 771; baseline -0.009 -1"><span class='ocrx_word' id='word_1_158' title='bbox 191 740 347 771; x_wconf 79' lang='lat' dir='ltr'>Honorem</span> <span class='ocrx_word' id='word_1_159' title='bbox 363 736 492 766; x_wconf 84' lang='lat' dir='ltr'>nostrum</span> <span class='ocrx_word' id='word_1_160' title='bbox 507 733 636 770; x_wconf 86' lang='lat' dir='ltr'>diligitis,</span> <span class='ocrx_word' id='word_1_161' title='bbox 654 732 807 762; x_wconf 88' lang='lat' dir='ltr'>nullatenus</span> <span class='ocrx_word' id='word_1_162' title='bbox 820 733 961 763; x_wconf 87' lang='lat' dir='ltr'>omittatis.</span> 
     </span>
    </p>

    <p class='ocr_par' dir='ltr' id='par_1_9' title="bbox 230 770 1214 815">
     <span class='ocr_line' id='line_1_30' title="bbox 230 770 1214 815; baseline -0.007 -6"><span class='ocrx_word' id='word_1_163' title='bbox 230 776 320 809; x_wconf 86' lang='lat' dir='ltr'>Teste</span> <span class='ocrx_word' id='word_1_164' title='bbox 334 775 416 815; x_wconf 81' lang='lat' dir='ltr'>Rege</span> <span class='ocrx_word' id='word_1_165' title='bbox 431 773 503 812; x_wconf 90' lang='lat' dir='ltr'>apud</span> <span class='ocrx_word' id='word_1_166' title='bbox 517 770 822 809; x_wconf 81' lang='lat' dir='ltr'>westmonasterium,</span> <span class='ocrx_word' id='word_1_167' title='bbox 841 771 1019 803; x_wconf 90' lang='lat' dir='ltr'>duodecimo</span> <span class='ocrx_word' id='word_1_168' title='bbox 1030 771 1074 802; x_wconf 92' lang='lat' dir='ltr'>die</span> <span class='ocrx_word' id='word_1_169' title='bbox 1083 770 1214 812; x_wconf 87' lang='lat' dir='ltr'>Augusti.</span> 
     </span>
    </p>
   </div>
   <div class='ocr_carea' id='block_1_8' title="bbox 921 848 1147 879">
    <p class='ocr_par' dir='ltr' id='par_1_10' title="bbox 921 848 1147 879">
     <span class='ocr_line' id='line_1_31' title="bbox 921 848 1147 879; baseline -0.009 0"><span class='ocrx_word' id='word_1_170' title='bbox 921 850 976 879; x_wconf 82' lang='lat' dir='ltr'>Per</span> <span class='ocrx_word' id='word_1_171' title='bbox 992 848 1147 878; x_wconf 83' lang='lat' dir='ltr'><em>Concilium.</em></span> 
     </span>
    </p>
   </div>
   <div class='ocr_carea' id='block_1_9' title="bbox 193 925 1251 942">
    <p class='ocr_par' dir='ltr' id='par_1_11' title="bbox 193 925 1251 942">
     <span class='ocr_line' id='line_1_32' title="bbox 193 925 1251 942; baseline 0 3309"><span class='ocrx_word' id='word_1_172' title='bbox 193 925 1251 942; x_wconf 95' lang='lat' dir='ltr'> </span> 
     </span>
    </p>
   </div>
   <div class='ocr_carea' id='block_1_10' title="bbox 194 974 1252 1065">
    <p class='ocr_par' dir='ltr' id='par_1_12' title="bbox 194 974 1252 1065">
     <span class='ocr_line' id='line_1_33' title="bbox 194 974 1252 1025; baseline -0.009 -8"><span class='ocrx_word' id='word_1_173' title='bbox 194 986 244 1019; x_wconf 87' lang='lat' dir='ltr'>De</span> <span class='ocrx_word' id='word_1_174' title='bbox 259 978 430 1016; x_wconf 66' lang='lat' dir='ltr'>Trat‘hzndo</span> <span class='ocrx_word' id='word_1_175' title='bbox 445 991 513 1013; x_wconf 86' lang='lat' dir='ltr'>cum</span> <span class='ocrx_word' id='word_1_176' title='bbox 531 981 606 1025; x_wconf 86' lang='lat' dir='ltr'><em>Rege</em></span> <span class='ocrx_word' id='word_1_177' title='bbox 629 980 832 1012; x_wconf 82' lang='lat' dir='ltr'>Romanorum</span> <span class='ocrx_word' id='word_1_178' title='bbox 854 978 890 1014; x_wconf 65' lang='grc' dir='ltr'>ὠ·</span> <span class='ocrx_word' id='word_1_179' title='bbox 912 977 1032 1008; x_wconf 80' lang='lat' dir='ltr'>Boemiae</span> <span class='ocrx_word' id='word_1_180' title='bbox 1053 974 1146 1020; x_wconf 79' lang='lat' dir='ltr'>fhper</span> <span class='ocrx_word' id='word_1_181' title='bbox 1166 977 1252 1023; x_wconf 71' lang='lat' dir='ltr'>Ligis</span> 
     </span>
     <span class='ocr_line' id='line_1_34' title="bbox 607 1028 835 1065; baseline -0.018 -5"><span class='ocrx_word' id='word_1_182' title='bbox 607 1029 644 1065; x_wconf 58' lang='grc' dir='ltr'>ῤ’</span> <span class='ocrx_word' id='word_1_183' title='bbox 668 1028 835 1059; x_wconf 80' lang='lat' dir='ltr'>Amicitiis.</span> 
     </span>
    </p>
   </div>
   <div class='ocr_carea' id='block_1_11' title="bbox 192 1107 1262 3853">
    <p class='ocr_par' dir='ltr' id='par_1_13' title="bbox 195 1107 1254 1232">
     <span class='ocr_line' id='line_1_35' title="bbox 195 1107 1254 1176; baseline -0.007 -29"><span class='ocrx_word' id='word_1_184' title='bbox 195 1116 326 1176; x_wconf 80' lang='lat' dir='ltr'>REX,</span> <span class='ocrx_word' id='word_1_185' title='bbox 345 1115 451 1146; x_wconf 62' lang='lat' dir='ltr'>discetis</span> <span class='ocrx_word' id='word_1_186' title='bbox 471 1115 504 1146; x_wconf 89' lang='lat'>&amp;</span> <span class='ocrx_word' id='word_1_187' title='bbox 527 1112 654 1144; x_wconf 69' lang='lat' dir='ltr'>fidelibus</span> <span class='ocrx_word' id='word_1_188' title='bbox 677 1111 743 1148; x_wconf 85' lang='lat' dir='ltr'>suis,</span> <span class='ocrx_word' id='word_1_189' title='bbox 762 1107 896 1139; x_wconf 76' lang='lat' dir='ltr'>Nitholao</span> <span class='ocrx_word' id='word_1_190' title='bbox 908 1109 940 1138; x_wconf 79' lang='lat' dir='ltr'>de</span> <span class='ocrx_word' id='word_1_191' title='bbox 952 1108 1121 1147; x_wconf 69' lang='lat' dir='ltr'>Sherneffl’ld</span> <span class='ocrx_word' id='word_1_192' title='bbox 1132 1109 1254 1140; x_wconf 73' lang='lat' dir='ltr'>Vexilla—</span> 
     </span>
     <span class='ocr_line' id='line_1_36' title="bbox 270 1147 1254 1193; baseline -0.008 -6"><span class='ocrx_word' id='word_1_193' title='bbox 270 1160 311 1187; x_wconf 92' lang='lat' dir='ltr'>rio</span> <span class='ocrx_word' id='word_1_194' title='bbox 325 1157 389 1193; x_wconf 83' lang='lat' dir='ltr'>suo,</span> <span class='ocrx_word' id='word_1_195' title='bbox 409 1156 441 1185; x_wconf 72' lang='grc' dir='ltr'>δε</span> <span class='ocrx_word' id='word_1_196' title='bbox 455 1153 593 1184; x_wconf 83' lang='lat' dir='ltr'>Bernardo</span> <span class='ocrx_word' id='word_1_197' title='bbox 609 1154 668 1181; x_wconf 84' lang='lat' dir='ltr'>Van</span> <span class='ocrx_word' id='word_1_198' title='bbox 690 1148 798 1186; x_wconf 77' lang='lat' dir='ltr'>Zecles,</span> <span class='ocrx_word' id='word_1_199' title='bbox 819 1148 961 1178; x_wconf 74' lang='lat' dir='ltr'>Militibus</span> <span class='ocrx_word' id='word_1_200' title='bbox 977 1147 1110 1178; x_wconf 78' lang='lat' dir='ltr'>Camerae</span> <span class='ocrx_word' id='word_1_201' title='bbox 1131 1149 1203 1187; x_wconf 86' lang='lat' dir='ltr'>suae,</span> <span class='ocrx_word' id='word_1_202' title='bbox 1220 1159 1254 1180; x_wconf 86' lang='lat' dir='ltr'>ac</span> 
     </span>
     <span class='ocr_line' id='line_1_37' title="bbox 196 1186 1042 1232; baseline -0.012 -6"><span class='ocrx_word' id='word_1_203' title='bbox 196 1195 339 1232; x_wconf 64' lang='lat' dir='ltr'>Magistro</span> <span class='ocrx_word' id='word_1_204' title='bbox 352 1194 467 1224; x_wconf 75' lang='lat' dir='ltr'>Ricarda</span> <span class='ocrx_word' id='word_1_205' title='bbox 480 1191 598 1222; x_wconf 83' lang='lat' dir='ltr'>Rouhale</span> <span class='ocrx_word' id='word_1_206' title='bbox 614 1190 727 1225; x_wconf 84' lang='lat' dir='ltr'>Legum</span> <span class='ocrx_word' id='word_1_207' title='bbox 742 1187 869 1218; x_wconf 56' lang='lat' dir='ltr'>Doflori</span> <span class='ocrx_word' id='word_1_208' title='bbox 879 1209 888 1225; x_wconf 91' lang='lat'>,</span> <span class='ocrx_word' id='word_1_209' title='bbox 908 1186 1042 1216; x_wconf 76' lang='lat' dir='ltr'>Salutem.</span> 
     </span>
    </p>

    <p class='ocr_par' dir='ltr' id='par_1_14' title="bbox 194 1224 1258 1505">
     <span class='ocr_line' id='line_1_38' title="bbox 232 1224 1254 1272; baseline -0.008 -7"><span class='ocrx_word' id='word_1_210' title='bbox 232 1226 329 1271; x_wconf 77' lang='lat' dir='ltr'>Cum,</span> <span class='ocrx_word' id='word_1_211' title='bbox 345 1234 416 1263; x_wconf 85' lang='lat' dir='ltr'>inter</span> <span class='ocrx_word' id='word_1_212' title='bbox 436 1230 566 1272; x_wconf 79' lang='lat' dir='ltr'>gloriosas</span> <span class='ocrx_word' id='word_1_213' title='bbox 587 1227 766 1266; x_wconf 78' lang='lat' dir='ltr'>Reipublicae</span> <span class='ocrx_word' id='word_1_214' title='bbox 786 1225 878 1256; x_wconf 80' lang='lat' dir='ltr'>Curas</span> <span class='ocrx_word' id='word_1_215' title='bbox 899 1225 931 1255; x_wconf 92' lang='lat'>&amp;</span> <span class='ocrx_word' id='word_1_216' title='bbox 954 1224 1105 1264; x_wconf 79' lang='lat' dir='ltr'>Regaiiurn</span> <span class='ocrx_word' id='word_1_217' title='bbox 1121 1225 1254 1257; x_wconf 85' lang='lat' dir='ltr'>Solicitu-</span> 
     </span>
     <span class='ocr_line' id='line_1_39' title="bbox 194 1264 1255 1306; baseline -0.008 -3"><span class='ocrx_word' id='word_1_218' title='bbox 194 1272 293 1304; x_wconf 89' lang='lat' dir='ltr'>dinum</span> <span class='ocrx_word' id='word_1_219' title='bbox 309 1272 428 1303; x_wconf 64' lang='lat' dir='ltr'>Fructus</span> <span class='ocrx_word' id='word_1_220' title='bbox 443 1271 557 1306; x_wconf 84' lang='lat' dir='ltr'>uberes,</span> <span class='ocrx_word' id='word_1_221' title='bbox 585 1267 718 1297; x_wconf 79' lang='lat' dir='ltr'>habeatur</span> <span class='ocrx_word' id='word_1_222' title='bbox 731 1266 908 1303; x_wconf 76' lang='lat' dir='ltr'>praecipuum</span> <span class='ocrx_word' id='word_1_223' title='bbox 924 1264 1084 1294; x_wconf 81' lang='lat' dir='ltr'>sublimium</span> <span class='ocrx_word' id='word_1_224' title='bbox 1100 1265 1134 1296; x_wconf 89' lang='lat'>&amp;</span> <span class='ocrx_word' id='word_1_225' title='bbox 1154 1273 1255 1302; x_wconf 85' lang='lat' dir='ltr'>poten-</span> 
     </span>
     <span class='ocr_line' id='line_1_40' title="bbox 196 1303 1255 1350; baseline -0.008 -7"><span class='ocrx_word' id='word_1_226' title='bbox 196 1323 257 1344; x_wconf 86' lang='lat' dir='ltr'>tum</span> <span class='ocrx_word' id='word_1_227' title='bbox 273 1311 438 1350; x_wconf 84' lang='lat' dir='ltr'>Principum</span> <span class='ocrx_word' id='word_1_228' title='bbox 455 1310 503 1339; x_wconf 90' lang='lat' dir='ltr'>sibi</span> <span class='ocrx_word' id='word_1_229' title='bbox 518 1306 650 1345; x_wconf 84' lang='lat' dir='ltr'>copulare</span> <span class='ocrx_word' id='word_1_230' title='bbox 667 1303 813 1341; x_wconf 83' lang='lat' dir='ltr'>Praesidia,</span> <span class='ocrx_word' id='word_1_231' title='bbox 828 1313 861 1333; x_wconf 83' lang='lat' dir='ltr'>ac</span> <span class='ocrx_word' id='word_1_232' title='bbox 876 1312 944 1333; x_wconf 88' lang='lat' dir='ltr'>curn</span> <span class='ocrx_word' id='word_1_233' title='bbox 959 1303 1058 1333; x_wconf 90' lang='lat' dir='ltr'>talibus</span> <span class='ocrx_word' id='word_1_234' title='bbox 1073 1303 1206 1343; x_wconf 82' lang='lat' dir='ltr'>Ligaruin</span> <span class='ocrx_word' id='word_1_235' title='bbox 1221 1304 1255 1334; x_wconf 89' lang='lat'>&amp;</span> 
     </span>
     <span class='ocr_line' id='line_1_41' title="bbox 198 1340 1256 1386; baseline -0.01 -3"><span class='ocrx_word' id='word_1_236' title='bbox 198 1352 400 1383; x_wconf 85' lang='lat' dir='ltr'>Amicitiarum</span> <span class='ocrx_word' id='word_1_237' title='bbox 414 1347 572 1386; x_wconf 82' lang='lat' dir='ltr'>specialium</span> <span class='ocrx_word' id='word_1_238' title='bbox 588 1345 656 1374; x_wconf 89' lang='lat' dir='ltr'>inire</span> <span class='ocrx_word' id='word_1_239' title='bbox 672 1343 806 1380; x_wconf 82' lang='lat' dir='ltr'>Foedera,</span> <span class='ocrx_word' id='word_1_240' title='bbox 823 1351 872 1378; x_wconf 89' lang='lat' dir='ltr'>per</span> <span class='ocrx_word' id='word_1_241' title='bbox 887 1350 959 1379; x_wconf 89' lang='lat' dir='ltr'>quos</span> <span class='ocrx_word' id='word_1_242' title='bbox 979 1340 1171 1380; x_wconf 77' lang='lat' dir='ltr'>principatus,</span> <span class='ocrx_word' id='word_1_243' title='bbox 1189 1342 1256 1373; x_wconf 90' lang='lat' dir='ltr'>hinc</span> 
     </span>
     <span class='ocr_line' id='line_1_42' title="bbox 197 1379 1257 1428; baseline -0.01 -7"><span class='ocrx_word' id='word_1_244' title='bbox 197 1390 282 1428; x_wconf 76' lang='lat' dir='ltr'>inde,</span> <span class='ocrx_word' id='word_1_245' title='bbox 302 1389 417 1420; x_wconf 84' lang='lat' dir='ltr'>Amoris</span> <span class='ocrx_word' id='word_1_246' title='bbox 431 1384 623 1418; x_wconf 84' lang='lat' dir='ltr'>indissolubilis</span> <span class='ocrx_word' id='word_1_247' title='bbox 634 1391 707 1412; x_wconf 82' lang='lat' dir='ltr'>nexu</span> <span class='ocrx_word' id='word_1_248' title='bbox 719 1380 883 1419; x_wconf 50' lang='lat' dir='ltr'>conjurasti,</span> <span class='ocrx_word' id='word_1_249' title='bbox 902 1379 1104 1419; x_wconf 85' lang='lat' dir='ltr'>insurgentibus</span> <span class='ocrx_word' id='word_1_250' title='bbox 1120 1381 1138 1400; x_wconf 67' lang='lat'>³⁸*</span> <span class='ocrx_word' id='word_1_251' title='bbox 1159 1389 1194 1412; x_wconf 87' lang='lat' dir='ltr'>ex</span> <span class='ocrx_word' id='word_1_252' title='bbox 1208 1381 1257 1410; x_wconf 90' lang='lat' dir='ltr'>ad-</span> 
     </span>
     <span class='ocr_line' id='line_1_43' title="bbox 196 1418 1258 1466; baseline -0.009 -6"><span class='ocrx_word' id='word_1_253' title='bbox 196 1429 277 1460; x_wconf 86' lang='lat' dir='ltr'>verso</span> <span class='ocrx_word' id='word_1_254' title='bbox 292 1426 447 1463; x_wconf 85' lang='lat' dir='ltr'>Resistere,</span> <span class='ocrx_word' id='word_1_255' title='bbox 467 1426 499 1456; x_wconf 88' lang='lat'>&amp;</span> <span class='ocrx_word' id='word_1_256' title='bbox 513 1424 548 1453; x_wconf 82' lang='lat' dir='ltr'>ab</span> <span class='ocrx_word' id='word_1_257' title='bbox 563 1419 864 1466; x_wconf 34' lang='lat' dir='ltr'>omni-Oppressionis</span> <span class='ocrx_word' id='word_1_258' title='bbox 884 1418 979 1456; x_wconf 89' lang='lat' dir='ltr'>clade,</span> <span class='ocrx_word' id='word_1_259' title='bbox 997 1419 1160 1450; x_wconf 89' lang='lat' dir='ltr'>coadunatis</span> <span class='ocrx_word' id='word_1_260' title='bbox 1182 1418 1258 1450; x_wconf 92' lang='lat' dir='ltr'>Viri-</span> 
     </span>
     <span class='ocr_line' id='line_1_44' title="bbox 194 1461 670 1505; baseline -0.021 -5"><span class='ocrx_word' id='word_1_261' title='bbox 194 1469 246 1501; x_wconf 88' lang='lat' dir='ltr'>bus</span> <span class='ocrx_word' id='word_1_262' title='bbox 256 1493 264 1504; x_wconf 81' lang='lat'>,</span> <span class='ocrx_word' id='word_1_263' title='bbox 284 1475 416 1505; x_wconf 87' lang='lat' dir='ltr'>poterunt</span> <span class='ocrx_word' id='word_1_264' title='bbox 431 1464 533 1495; x_wconf 82' lang='lat' dir='ltr'>mutuo</span> <span class='ocrx_word' id='word_1_265' title='bbox 546 1461 573 1493; x_wconf 89' lang='lat' dir='ltr'>se</span> <span class='ocrx_word' id='word_1_266' title='bbox 590 1469 670 1492; x_wconf 85' lang='lat' dir='ltr'>tueri.</span> 
     </span>
    </p>

    <p class='ocr_par' dir='ltr' id='par_1_15' title="bbox 234 1506 303 1537">
     <span class='ocr_line' id='line_1_45' title="bbox 234 1506 303 1537; baseline -0.029 0"><span class='ocrx_word' id='word_1_267' title='bbox 234 1506 303 1537; x_wconf 73' lang='lat' dir='ltr'>Nos</span> 
     </span>
    </p>

    <p class='ocr_par' dir='ltr' id='par_1_16' title="bbox 197 1528 1257 1621">
     <span class='ocr_line' id='line_1_46' title="bbox 232 1528 1257 1577; baseline -0.01 -1"><span class='ocrx_word' id='word_1_268' title='bbox 232 1528 378 1576; x_wconf 67' lang='lat' dir='ltr'>Pram&#39;iissa</span> <span class='ocrx_word' id='word_1_269' title='bbox 398 1541 620 1577; x_wconf 67' lang='lat' dir='ltr'>considerantes,</span> <span class='ocrx_word' id='word_1_270' title='bbox 638 1547 672 1569; x_wconf 89' lang='lat' dir='ltr'>ac</span> <span class='ocrx_word' id='word_1_271' title='bbox 695 1536 732 1567; x_wconf 93' lang='lat' dir='ltr'>de</span> <span class='ocrx_word' id='word_1_272' title='bbox 750 1535 848 1567; x_wconf 86' lang='lat' dir='ltr'>vestris</span> <span class='ocrx_word' id='word_1_273' title='bbox 870 1535 1021 1575; x_wconf 76' lang='lat' dir='ltr'>legalitate,</span> <span class='ocrx_word' id='word_1_274' title='bbox 1041 1535 1195 1574; x_wconf 81' lang='lat' dir='ltr'>probitate,</span> <span class='ocrx_word' id='word_1_275' title='bbox 1214 1536 1257 1566; x_wconf 88' lang='lat' dir='ltr'>in-</span> 
     </span>
     <span class='ocr_line' id='line_1_47' title="bbox 197 1573 1151 1621; baseline -0.014 -5"><span class='ocrx_word' id='word_1_276' title='bbox 197 1583 319 1621; x_wconf 76' lang='lat' dir='ltr'>dustria,</span> <span class='ocrx_word' id='word_1_277' title='bbox 338 1584 370 1614; x_wconf 86' lang='lat'>&amp;</span> <span class='ocrx_word' id='word_1_278' title='bbox 386 1579 641 1618; x_wconf 67' lang='lat' dir='ltr'>circumspee‘tione</span> <span class='ocrx_word' id='word_1_279' title='bbox 649 1575 773 1615; x_wconf 88' lang='lat' dir='ltr'>providis</span> <span class='ocrx_word' id='word_1_280' title='bbox 786 1574 944 1613; x_wconf 72' lang='lat' dir='ltr'>plenissime</span> <span class='ocrx_word' id='word_1_281' title='bbox 959 1573 1151 1614; x_wconf 79' lang='lat' dir='ltr'>confidentes,</span> 
     </span>
    </p>

    <p class='ocr_par' dir='ltr' id='par_1_17' title="bbox 197 1612 1258 1851">
     <span class='ocr_line' id='line_1_48' title="bbox 240 1612 1256 1657; baseline -0.009 -5"><span class='ocrx_word' id='word_1_282' title='bbox 240 1622 282 1652; x_wconf 89' lang='lat' dir='ltr'>Ad</span> <span class='ocrx_word' id='word_1_283' title='bbox 300 1619 497 1651; x_wconf 57' lang='lat' dir='ltr'>Tractandum</span> <span class='ocrx_word' id='word_1_284' title='bbox 514 1641 523 1657; x_wconf 79' lang='lat'>‚</span> <span class='ocrx_word' id='word_1_285' title='bbox 549 1614 793 1647; x_wconf 87' lang='lat' dir='ltr'>Conveniendum</span> <span class='ocrx_word' id='word_1_286' title='bbox 808 1636 817 1651; x_wconf 85' lang='lat'>,</span> <span class='ocrx_word' id='word_1_287' title='bbox 845 1614 878 1644; x_wconf 90' lang='lat'>&amp;</span> <span class='ocrx_word' id='word_1_288' title='bbox 901 1612 1149 1644; x_wconf 85' lang='lat' dir='ltr'>Concordandum</span> <span class='ocrx_word' id='word_1_289' title='bbox 1170 1622 1256 1650; x_wconf 87' lang='lat' dir='ltr'>cum,</span> 
     </span>
     <span class='ocr_line' id='line_1_49' title="bbox 197 1651 1256 1693; baseline -0.011 -1"><span class='ocrx_word' id='word_1_290' title='bbox 197 1659 382 1693; x_wconf 84' lang='lat' dir='ltr'>Serenissimo</span> <span class='ocrx_word' id='word_1_291' title='bbox 404 1658 498 1689; x_wconf 81' lang='lat' dir='ltr'>Fratre</span> <span class='ocrx_word' id='word_1_292' title='bbox 517 1656 630 1692; x_wconf 84' lang='lat' dir='ltr'>nostro,</span> <span class='ocrx_word' id='word_1_293' title='bbox 652 1651 807 1690; x_wconf 70' lang='lat' dir='ltr'>W’ncelao,</span> <span class='ocrx_word' id='word_1_294' title='bbox 829 1651 885 1681; x_wconf 93' lang='lat' dir='ltr'>Dei</span> <span class='ocrx_word' id='word_1_295' title='bbox 905 1651 992 1690; x_wconf 76' lang='lat' dir='ltr'>gratia</span> <span class='ocrx_word' id='word_1_296' title='bbox 1008 1674 1018 1689; x_wconf 81' lang='grc'>,</span> <span class='ocrx_word' id='word_1_297' title='bbox 1036 1655 1103 1689; x_wconf 83' lang='lat' dir='ltr'><em>Rege</em></span> <span class='ocrx_word' id='word_1_298' title='bbox 1123 1654 1256 1681; x_wconf 84' lang='lat' dir='ltr'>Romano-</span> 
     </span>
     <span class='ocr_line' id='line_1_50' title="bbox 200 1689 1256 1733; baseline -0.009 -4"><span class='ocrx_word' id='word_1_299' title='bbox 200 1711 260 1729; x_wconf 85' lang='lat' dir='ltr'>rum</span> <span class='ocrx_word' id='word_1_300' title='bbox 276 1698 313 1733; x_wconf 71' lang='lat'><em>&amp;</em></span> <span class='ocrx_word' id='word_1_301' title='bbox 328 1701 442 1729; x_wconf 76' lang='lat' dir='ltr'>Boemiae</span> <span class='ocrx_word' id='word_1_302' title='bbox 456 1696 564 1733; x_wconf 86' lang='lat' dir='ltr'>semper</span> <span class='ocrx_word' id='word_1_303' title='bbox 581 1691 715 1730; x_wconf 87' lang='lat' dir='ltr'>Augusto</span> <span class='ocrx_word' id='word_1_304' title='bbox 725 1716 734 1730; x_wconf 92' lang='lat'>‚</span> <span class='ocrx_word' id='word_1_305' title='bbox 752 1692 803 1727; x_wconf 85' lang='lat'>&amp;,</span> <span class='ocrx_word' id='word_1_306' title='bbox 823 1689 931 1720; x_wconf 71' lang='lat' dir='ltr'>Divina</span> <span class='ocrx_word' id='word_1_307' title='bbox 946 1690 1059 1721; x_wconf 78' lang='lat' dir='ltr'>favente</span> <span class='ocrx_word' id='word_1_308' title='bbox 1075 1689 1256 1728; x_wconf 70' lang='lat' dir='ltr'>Clementia,</span> 
     </span>
     <span class='ocr_line' id='line_1_51' title="bbox 197 1728 1258 1777; baseline -0.009 -8"><span class='ocrx_word' id='word_1_309' title='bbox 197 1742 362 1777; x_wconf 77' lang='lat' dir='ltr'>Imperatore</span> <span class='ocrx_word' id='word_1_310' title='bbox 370 1736 469 1777; x_wconf 86' lang='lat' dir='ltr'>futuro</span> <span class='ocrx_word' id='word_1_311' title='bbox 479 1759 487 1773; x_wconf 91' lang='lat'>,</span> <span class='ocrx_word' id='word_1_312' title='bbox 506 1734 550 1764; x_wconf 84' lang='lat' dir='ltr'>scu</span> <span class='ocrx_word' id='word_1_313' title='bbox 563 1732 598 1763; x_wconf 89' lang='lat' dir='ltr'>ad</span> <span class='ocrx_word' id='word_1_314' title='bbox 613 1732 671 1762; x_wconf 84' lang='lat' dir='ltr'>hoc</span> <span class='ocrx_word' id='word_1_315' title='bbox 685 1730 832 1767; x_wconf 88' lang='lat' dir='ltr'>Deputatis</span> <span class='ocrx_word' id='word_1_316' title='bbox 849 1739 898 1766; x_wconf 89' lang='lat' dir='ltr'>per</span> <span class='ocrx_word' id='word_1_317' title='bbox 911 1739 977 1759; x_wconf 93' lang='lat' dir='ltr'>eum</span> <span class='ocrx_word' id='word_1_318' title='bbox 987 1753 996 1766; x_wconf 93' lang='lat'>,</span> <span class='ocrx_word' id='word_1_319' title='bbox 1014 1728 1155 1760; x_wconf 85' lang='lat' dir='ltr'>sufficiens</span> <span class='ocrx_word' id='word_1_320' title='bbox 1170 1728 1258 1759; x_wconf 88' lang='lat' dir='ltr'>Man-</span> 
     </span>
     <span class='ocr_line' id='line_1_52' title="bbox 198 1766 1258 1811; baseline -0.009 -3"><span class='ocrx_word' id='word_1_321' title='bbox 198 1777 295 1808; x_wconf 88' lang='lat' dir='ltr'>datum</span> <span class='ocrx_word' id='word_1_322' title='bbox 310 1776 489 1811; x_wconf 82' lang='lat' dir='ltr'>habentibus,</span> <span class='ocrx_word' id='word_1_323' title='bbox 507 1772 585 1810; x_wconf 90' lang='lat' dir='ltr'>super</span> <span class='ocrx_word' id='word_1_324' title='bbox 621 1768 825 1804; x_wconf 82' lang='lat' dir='ltr'>uibuscumque</span> <span class='ocrx_word' id='word_1_325' title='bbox 833 1766 924 1806; x_wconf 73' lang='lat' dir='ltr'>Ligi‘s,</span> <span class='ocrx_word' id='word_1_326' title='bbox 943 1766 1258 1807; x_wconf 80' lang='lat' dir='ltr'>Confoederationibus,</span> 
     </span>
     <span class='ocr_line' id='line_1_53' title="bbox 199 1781 1083 1851; baseline -0.014 -4"><span class='ocrx_word' id='word_1_327' title='bbox 199 1817 233 1848; x_wconf 91' lang='lat'>&amp;</span> <span class='ocrx_word' id='word_1_328' title='bbox 250 1815 388 1847; x_wconf 88' lang='lat' dir='ltr'>Amicitiis</span> <span class='ocrx_word' id='word_1_329' title='bbox 401 1781 846 1851; x_wconf 65' lang='lat' dir='ltr'>Specialibus,qsemporalibuS,</span> <span class='ocrx_word' id='word_1_330' title='bbox 864 1806 907 1836; x_wconf 90' lang='lat' dir='ltr'>vel</span> <span class='ocrx_word' id='word_1_331' title='bbox 924 1805 1083 1844; x_wconf 86' lang='lat' dir='ltr'>Perpetuis,</span> 
     </span>
    </p>

    <p class='ocr_par' dir='ltr' id='par_1_18' title="bbox 197 1843 1258 1968">
     <span class='ocr_line' id='line_1_54' title="bbox 238 1843 1257 1890; baseline -0.009 -5"><span class='ocrx_word' id='word_1_332' title='bbox 238 1854 312 1885; x_wconf 87' lang='lat' dir='ltr'>Inter</span> <span class='ocrx_word' id='word_1_333' title='bbox 326 1853 410 1890; x_wconf 86' lang='lat' dir='ltr'>Nos,</span> <span class='ocrx_word' id='word_1_334' title='bbox 428 1850 563 1881; x_wconf 87' lang='lat' dir='ltr'>Subditos</span> <span class='ocrx_word' id='word_1_335' title='bbox 576 1846 704 1884; x_wconf 90' lang='lat' dir='ltr'>nostros,</span> <span class='ocrx_word' id='word_1_336' title='bbox 723 1845 842 1884; x_wconf 82' lang='lat' dir='ltr'>Regna,</span> <span class='ocrx_word' id='word_1_337' title='bbox 860 1846 893 1876; x_wconf 88' lang='lat'>&amp;</span> <span class='ocrx_word' id='word_1_338' title='bbox 911 1843 1049 1875; x_wconf 91' lang='lat' dir='ltr'>Dominia</span> <span class='ocrx_word' id='word_1_339' title='bbox 1063 1844 1158 1876; x_wconf 88' lang='lat' dir='ltr'>nostra</span> <span class='ocrx_word' id='word_1_340' title='bbox 1200 1855 1257 1876; x_wconf 81' lang='lat' dir='ltr'>uae-</span> 
     </span>
     <span class='ocr_line' id='line_1_55' title="bbox 197 1883 1258 1931; baseline -0.008 -7"><span class='ocrx_word' id='word_1_341' title='bbox 197 1902 340 1931; x_wconf 82' lang='lat' dir='ltr'>cumque,</span> <span class='ocrx_word' id='word_1_342' title='bbox 359 1900 393 1921; x_wconf 90' lang='lat' dir='ltr'>ex</span> <span class='ocrx_word' id='word_1_343' title='bbox 410 1890 481 1927; x_wconf 74' lang='lat' dir='ltr'>una,</span> <span class='ocrx_word' id='word_1_344' title='bbox 501 1889 533 1919; x_wconf 89' lang='lat'>&amp;</span> <span class='ocrx_word' id='word_1_345' title='bbox 549 1887 636 1926; x_wconf 88' lang='lat' dir='ltr'>ipsum</span> <span class='ocrx_word' id='word_1_346' title='bbox 650 1883 851 1916; x_wconf 83' lang='lat' dir='ltr'>serenissimum</span> <span class='ocrx_word' id='word_1_347' title='bbox 866 1883 994 1915; x_wconf 87' lang='lat' dir='ltr'>Fratrem</span> <span class='ocrx_word' id='word_1_348' title='bbox 1017 1883 1147 1915; x_wconf 86' lang='lat' dir='ltr'>nostrum</span> <span class='ocrx_word' id='word_1_349' title='bbox 1206 1885 1258 1915; x_wconf 88' lang='lat' dir='ltr'>ub-</span> 
     </span>
     <span class='ocr_line' id='line_1_56' title="bbox 198 1922 1257 1968; baseline -0.009 -5"><span class='ocrx_word' id='word_1_350' title='bbox 198 1932 272 1963; x_wconf 90' lang='lat' dir='ltr'>ditos</span> <span class='ocrx_word' id='word_1_351' title='bbox 286 1931 363 1968; x_wconf 90' lang='lat' dir='ltr'>suos,</span> <span class='ocrx_word' id='word_1_352' title='bbox 383 1929 501 1968; x_wconf 85' lang='lat' dir='ltr'>Regna,</span> <span class='ocrx_word' id='word_1_353' title='bbox 519 1928 553 1959; x_wconf 92' lang='lat'>&amp;</span> <span class='ocrx_word' id='word_1_354' title='bbox 569 1925 709 1956; x_wconf 76' lang='lat' dir='ltr'>Dominia</span> <span class='ocrx_word' id='word_1_355' title='bbox 724 1923 770 1954; x_wconf 88' lang='lat' dir='ltr'>sua</span> <span class='ocrx_word' id='word_1_356' title='bbox 788 1931 992 1961; x_wconf 65' lang='lat' dir='ltr'>quaecumque,</span> <span class='ocrx_word' id='word_1_357' title='bbox 1013 1932 1047 1953; x_wconf 85' lang='lat' dir='ltr'>ex</span> <span class='ocrx_word' id='word_1_358' title='bbox 1061 1922 1146 1954; x_wconf 71' lang='lat' dir='ltr'>altera</span> <span class='ocrx_word' id='word_1_359' title='bbox 1183 1932 1257 1962; x_wconf 90' lang='lat' dir='ltr'>arte,</span> 
     </span>
    </p>

    <p class='ocr_par' dir='ltr' id='par_1_19' title="bbox 192 1960 1259 2318">
     <span class='ocr_line' id='line_1_57' title="bbox 235 1960 1259 2007; baseline -0.01 -6"><span class='ocrx_word' id='word_1_360' title='bbox 235 1970 274 2001; x_wconf 90' lang='lat' dir='ltr'>Et</span> <span class='ocrx_word' id='word_1_361' title='bbox 287 1968 453 2007; x_wconf 85' lang='lat' dir='ltr'>specialiter,</span> <span class='ocrx_word' id='word_1_362' title='bbox 472 1967 499 1996; x_wconf 86' lang='lat' dir='ltr'>in</span> <span class='ocrx_word' id='word_1_363' title='bbox 513 1964 693 2006; x_wconf 79' lang='lat' dir='ltr'>specialibus,</span> <span class='ocrx_word' id='word_1_364' title='bbox 712 1969 810 1992; x_wconf 90' lang='lat' dir='ltr'>contra</span> <span class='ocrx_word' id='word_1_365' title='bbox 823 1960 956 1992; x_wconf 75' lang='lat' dir='ltr'>Karolum</span> <span class='ocrx_word' id='word_1_366' title='bbox 974 1960 1151 1992; x_wconf 89' lang='lat' dir='ltr'>Modernum</span> <span class='ocrx_word' id='word_1_367' title='bbox 1173 1965 1259 1992; x_wconf 82' lang='lat' dir='ltr'>Occu-</span> 
     </span>
     <span class='ocr_line' id='line_1_58' title="bbox 192 1999 1258 2050; baseline -0.008 -11"><span class='ocrx_word' id='word_1_368' title='bbox 192 2016 317 2050; x_wconf 79' lang='lat' dir='ltr'>patorem</span> <span class='ocrx_word' id='word_1_369' title='bbox 331 2010 416 2044; x_wconf 84' lang='lat' dir='ltr'>Regni</span> <span class='ocrx_word' id='word_1_370' title='bbox 430 2008 570 2041; x_wconf 79' lang='lat' dir='ltr'>Franciae,</span> <span class='ocrx_word' id='word_1_371' title='bbox 589 2002 762 2034; x_wconf 76' lang='lat' dir='ltr'>Lodowicum</span> <span class='ocrx_word' id='word_1_372' title='bbox 783 1999 932 2031; x_wconf 87' lang='lat' dir='ltr'>Comitem</span> <span class='ocrx_word' id='word_1_373' title='bbox 953 1999 1054 2031; x_wconf 86' lang='lat' dir='ltr'>Valesii</span> <span class='ocrx_word' id='word_1_374' title='bbox 1077 2000 1159 2039; x_wconf 91' lang='lat' dir='ltr'>ipsius</span> <span class='ocrx_word' id='word_1_375' title='bbox 1179 1999 1258 2032; x_wconf 90' lang='lat' dir='ltr'>Ger-</span> 
     </span>
     <span class='ocr_line' id='line_1_59' title="bbox 200 2038 1257 2086; baseline -0.008 -7"><span class='ocrx_word' id='word_1_376' title='bbox 200 2057 335 2086; x_wconf 85' lang='lat' dir='ltr'>manum,</span> <span class='ocrx_word' id='word_1_377' title='bbox 355 2046 529 2076; x_wconf 79' lang='lat' dir='ltr'>Lodewicum</span> <span class='ocrx_word' id='word_1_378' title='bbox 545 2039 794 2081; x_wconf 82' lang='lat' dir='ltr'>Andegavensem,</span> <span class='ocrx_word' id='word_1_379' title='bbox 839 2038 972 2069; x_wconf 80' lang='lat' dir='ltr'>ohannem</span> <span class='ocrx_word' id='word_1_380' title='bbox 985 2038 1206 2079; x_wconf 82' lang='lat' dir='ltr'>Bituricensem,</span> <span class='ocrx_word' id='word_1_381' title='bbox 1222 2041 1257 2071; x_wconf 90' lang='lat'>&amp;</span> 
     </span>
     <span class='ocr_line' id='line_1_60' title="bbox 197 2077 1258 2125; baseline -0.006 -9"><span class='ocrx_word' id='word_1_382' title='bbox 197 2086 349 2125; x_wconf 79' lang='lat' dir='ltr'>Philippum</span> <span class='ocrx_word' id='word_1_383' title='bbox 369 2082 536 2123; x_wconf 85' lang='lat' dir='ltr'>Burgundiae</span> <span class='ocrx_word' id='word_1_384' title='bbox 549 2104 558 2120; x_wconf 88' lang='lat'>,</span> <span class='ocrx_word' id='word_1_385' title='bbox 577 2080 675 2111; x_wconf 86' lang='lat' dir='ltr'>Duces</span> <span class='ocrx_word' id='word_1_386' title='bbox 696 2088 802 2116; x_wconf 82' lang='lat' dir='ltr'>praeten</span> <span class='ocrx_word' id='word_1_387' title='bbox 814 2088 847 2108; x_wconf 88' lang='lat' dir='ltr'>os</span> <span class='ocrx_word' id='word_1_388' title='bbox 861 2101 872 2117; x_wconf 90' lang='lat'>‚</span> <span class='ocrx_word' id='word_1_389' title='bbox 896 2077 979 2116; x_wconf 87' lang='lat' dir='ltr'>ipsius</span> <span class='ocrx_word' id='word_1_390' title='bbox 999 2077 1100 2108; x_wconf 86' lang='lat' dir='ltr'>Karoli</span> <span class='ocrx_word' id='word_1_391' title='bbox 1120 2077 1258 2118; x_wconf 79' lang='lat' dir='ltr'>Pati-uos,</span> 
     </span>
     <span class='ocr_line' id='line_1_61' title="bbox 197 2116 1256 2161; baseline -0.009 -5"><span class='ocrx_word' id='word_1_392' title='bbox 197 2134 312 2157; x_wconf 84' lang='lat' dir='ltr'>necnon</span> <span class='ocrx_word' id='word_1_393' title='bbox 327 2132 427 2154; x_wconf 90' lang='lat' dir='ltr'>contra</span> <span class='ocrx_word' id='word_1_394' title='bbox 441 2121 602 2161; x_wconf 82' lang='lat' dir='ltr'>Johannem</span> <span class='ocrx_word' id='word_1_395' title='bbox 613 2118 685 2148; x_wconf 92' lang='lat' dir='ltr'>olim</span> <span class='ocrx_word' id='word_1_396' title='bbox 699 2117 897 2147; x_wconf 80' lang='lat' dir='ltr'>nominantem</span> <span class='ocrx_word' id='word_1_397' title='bbox 911 2117 938 2147; x_wconf 92' lang='lat' dir='ltr'>se</span> <span class='ocrx_word' id='word_1_398' title='bbox 958 2119 1053 2154; x_wconf 75' lang='lat' dir='ltr'>Regem</span> <span class='ocrx_word' id='word_1_399' title='bbox 1072 2120 1111 2146; x_wconf 82' lang='lat' dir='ltr'>Ca</span> <span class='ocrx_word' id='word_1_400' title='bbox 1136 2116 1194 2147; x_wconf 86' lang='lat' dir='ltr'>ellae</span> <span class='ocrx_word' id='word_1_401' title='bbox 1216 2117 1256 2152; x_wconf 72' lang='lat'>&amp;-</span> 
     </span>
     <span class='ocr_line' id='line_1_62' title="bbox 197 2154 1257 2201; baseline -0.008 -7"><span class='ocrx_word' id='word_1_402' title='bbox 197 2167 338 2201; x_wconf 76' lang='lat' dir='ltr'>Legionis,</span> <span class='ocrx_word' id='word_1_403' title='bbox 356 2162 447 2192; x_wconf 87' lang='lat' dir='ltr'>adhuc</span> <span class='ocrx_word' id='word_1_404' title='bbox 462 2161 678 2197; x_wconf 85' lang='lat' dir='ltr'>Occupatorem</span> <span class='ocrx_word' id='word_1_405' title='bbox 692 2156 762 2187; x_wconf 68' lang='lat' dir='ltr'>dieti</span> <span class='ocrx_word' id='word_1_406' title='bbox 777 2155 873 2196; x_wconf 86' lang='lat' dir='ltr'>Regni</span> <span class='ocrx_word' id='word_1_407' title='bbox 895 2154 1028 2186; x_wconf 79' lang='lat' dir='ltr'>Castellae</span> <span class='ocrx_word' id='word_1_408' title='bbox 1049 2155 1084 2187; x_wconf 89' lang='lat'>&amp;</span> <span class='ocrx_word' id='word_1_409' title='bbox 1135 2157 1257 2197; x_wconf 67' lang='lat' dir='ltr'>egimus,</span> 
     </span>
     <span class='ocr_line' id='line_1_63' title="bbox 196 2193 1256 2240; baseline -0.006 -7"><span class='ocrx_word' id='word_1_410' title='bbox 196 2203 263 2234; x_wconf 83' lang='lat' dir='ltr'>licet</span> <span class='ocrx_word' id='word_1_411' title='bbox 279 2212 328 2240; x_wconf 90' lang='lat' dir='ltr'>per</span> <span class='ocrx_word' id='word_1_412' title='bbox 344 2201 498 2231; x_wconf 70' lang='lat' dir='ltr'>Ecclesiam</span> <span class='ocrx_word' id='word_1_413' title='bbox 511 2197 670 2236; x_wconf 89' lang='lat' dir='ltr'>depositum</span> <span class='ocrx_word' id='word_1_414' title='bbox 684 2196 718 2227; x_wconf 88' lang='lat'>&amp;</span> <span class='ocrx_word' id='word_1_415' title='bbox 732 2195 915 2234; x_wconf 83' lang='lat' dir='ltr'>dampnatum</span> <span class='ocrx_word' id='word_1_416' title='bbox 924 2217 934 2232; x_wconf 86' lang='lat'>,</span> <span class='ocrx_word' id='word_1_417' title='bbox 951 2194 984 2225; x_wconf 91' lang='lat'>&amp;</span> <span class='ocrx_word' id='word_1_418' title='bbox 997 2193 1141 2224; x_wconf 84' lang='lat' dir='ltr'>Robertum</span> <span class='ocrx_word' id='word_1_419' title='bbox 1154 2203 1256 2232; x_wconf 85' lang='lat' dir='ltr'>geren-</span> 
     </span>
     <span class='ocr_line' id='line_1_64' title="bbox 194 2233 1258 2280; baseline -0.005 -7"><span class='ocrx_word' id='word_1_420' title='bbox 194 2251 255 2273; x_wconf 88' lang='lat' dir='ltr'>tem</span> <span class='ocrx_word' id='word_1_421' title='bbox 269 2241 294 2272; x_wconf 90' lang='lat' dir='ltr'>se</span> <span class='ocrx_word' id='word_1_422' title='bbox 309 2250 360 2280; x_wconf 90' lang='lat' dir='ltr'>pro</span> <span class='ocrx_word' id='word_1_423' title='bbox 374 2242 442 2279; x_wconf 81' lang='lat' dir='ltr'>Rege</span> <span class='ocrx_word' id='word_1_424' title='bbox 455 2240 564 2276; x_wconf 81' lang='lat' dir='ltr'>Scotiae,</span> <span class='ocrx_word' id='word_1_425' title='bbox 579 2245 737 2274; x_wconf 85' lang='lat' dir='ltr'>eorumque</span> <span class='ocrx_word' id='word_1_426' title='bbox 757 2233 908 2273; x_wconf 73' lang='lat' dir='ltr'>Haeredes,</span> <span class='ocrx_word' id='word_1_427' title='bbox 927 2233 1080 2274; x_wconf 71' lang='lat' dir='ltr'>Valitores,</span> <span class='ocrx_word' id='word_1_428' title='bbox 1099 2233 1132 2266; x_wconf 75' lang='grc' dir='ltr'>δι</span> <span class='ocrx_word' id='word_1_429' title='bbox 1151 2234 1258 2268; x_wconf 84' lang='lat' dir='ltr'>Fauto-</span> 
     </span>
     <span class='ocr_line' id='line_1_65' title="bbox 199 2291 260 2318; baseline -0.016 -6"><span class='ocrx_word' id='word_1_430' title='bbox 199 2291 260 2318; x_wconf 73' lang='lat' dir='ltr'>reS,</span> 
     </span>
    </p>

    <p class='ocr_par' dir='ltr' id='par_1_20' title="bbox 237 2318 387 2358">
     <span class='ocr_line' id='line_1_66' title="bbox 237 2318 387 2358; baseline -0.007 -8"><span class='ocrx_word' id='word_1_431' title='bbox 237 2318 387 2358; x_wconf 88' lang='lat' dir='ltr'>Ineundis,</span> 
     </span>
    </p>

    <p class='ocr_par' dir='ltr' id='par_1_21' title="bbox 200 2351 1258 2466">
     <span class='ocr_line' id='line_1_67' title="bbox 239 2351 1257 2394; baseline -0.004 -5"><span class='ocrx_word' id='word_1_432' title='bbox 239 2358 285 2389; x_wconf 87' lang='lat' dir='ltr'>Ac</span> <span class='ocrx_word' id='word_1_433' title='bbox 306 2359 390 2388; x_wconf 83' lang='lat' dir='ltr'>etiam</span> <span class='ocrx_word' id='word_1_434' title='bbox 414 2355 450 2386; x_wconf 88' lang='lat' dir='ltr'>de</span> <span class='ocrx_word' id='word_1_435' title='bbox 472 2353 587 2394; x_wconf 88' lang='lat' dir='ltr'>Modo,</span> <span class='ocrx_word' id='word_1_436' title='bbox 606 2353 729 2391; x_wconf 75' lang='lat' dir='ltr'>Forma,</span> <span class='ocrx_word' id='word_1_437' title='bbox 749 2352 783 2383; x_wconf 92' lang='lat'>&amp;</span> <span class='ocrx_word' id='word_1_438' title='bbox 805 2352 971 2391; x_wconf 81' lang='lat' dir='ltr'>Qiantitate</span> <span class='ocrx_word' id='word_1_439' title='bbox 985 2351 1106 2392; x_wconf 74' lang='lat' dir='ltr'>Amulii,</span> <span class='ocrx_word' id='word_1_440' title='bbox 1124 2351 1257 2385; x_wconf 84' lang='lat' dir='ltr'>Subven-</span> 
     </span>
     <span class='ocr_line' id='line_1_68' title="bbox 200 2389 1258 2466; baseline -0.006 -38"><span class='ocrx_word' id='word_1_441' title='bbox 200 2398 300 2466; x_wconf 49' lang='lat' dir='ltr'>Ronisc,</span> <span class='ocrx_word' id='word_1_442' title='bbox 317 2397 362 2427; x_wconf 88' lang='lat' dir='ltr'>seu</span> <span class='ocrx_word' id='word_1_443' title='bbox 377 2394 512 2433; x_wconf 80' lang='lat' dir='ltr'>Subfidi&#39;i,</span> <span class='ocrx_word' id='word_1_444' title='bbox 530 2394 598 2425; x_wconf 89' lang='lat' dir='ltr'>hinc</span> <span class='ocrx_word' id='word_1_445' title='bbox 613 2392 694 2432; x_wconf 85' lang='lat' dir='ltr'>inde,</span> <span class='ocrx_word' id='word_1_446' title='bbox 712 2401 845 2430; x_wconf 89' lang='lat' dir='ltr'>tempore</span> <span class='ocrx_word' id='word_1_447' title='bbox 858 2389 1038 2429; x_wconf 85' lang='lat' dir='ltr'>neceffitatis,</span> <span class='ocrx_word' id='word_1_448' title='bbox 1055 2393 1158 2424; x_wconf 76' lang='lat' dir='ltr'>mutuo</span> <span class='ocrx_word' id='word_1_449' title='bbox 1173 2393 1258 2423; x_wconf 85' lang='lat' dir='ltr'>mini-</span> 
     </span>
    </p>

    <p class='ocr_par' dir='ltr' id='par_1_22' title="bbox 229 2446 305 2465">
     <span class='ocr_line' id='line_1_69' title="bbox 229 2446 305 2465; baseline -0.013 0"><span class='ocrx_word' id='word_1_450' title='bbox 229 2446 275 2465; x_wconf 88' lang='lat' dir='ltr'>ran</span> <span class='ocrx_word' id='word_1_451' title='bbox 299 2446 305 2464; x_wconf 89' lang='lat' dir='ltr'>i</span> 
     </span>
    </p>

    <p class='ocr_par' dir='ltr' id='par_1_23' title="bbox 197 2459 1257 2547">
     <span class='ocr_line' id='line_1_70' title="bbox 238 2459 1257 2508; baseline -0.004 -4"><span class='ocrx_word' id='word_1_452' title='bbox 238 2473 274 2504; x_wconf 88' lang='lat' dir='ltr'>Et</span> <span class='ocrx_word' id='word_1_453' title='bbox 286 2459 322 2504; x_wconf 64' lang='lat' dir='ltr'>de</span> <span class='ocrx_word' id='word_1_454' title='bbox 334 2472 669 2508; x_wconf 84' lang='lat' dir='ltr'>Communicationibus,</span> <span class='ocrx_word' id='word_1_455' title='bbox 689 2470 760 2500; x_wconf 89' lang='lat' dir='ltr'>inter</span> <span class='ocrx_word' id='word_1_456' title='bbox 776 2468 925 2507; x_wconf 88' lang='lat' dir='ltr'>Subditos‚</span> <span class='ocrx_word' id='word_1_457' title='bbox 943 2467 1011 2499; x_wconf 88' lang='lat' dir='ltr'>hinc</span> <span class='ocrx_word' id='word_1_458' title='bbox 1027 2468 1112 2507; x_wconf 80' lang='lat' dir='ltr'>inde,</span> <span class='ocrx_word' id='word_1_459' title='bbox 1127 2469 1157 2500; x_wconf 89' lang='lat' dir='ltr'>in</span> <span class='ocrx_word' id='word_1_460' title='bbox 1173 2468 1257 2500; x_wconf 88' lang='lat' dir='ltr'>Mer-</span> 
     </span>
     <span class='ocr_line' id='line_1_71' title="bbox 197 2507 1098 2547; baseline -0.004 -5"><span class='ocrx_word' id='word_1_461' title='bbox 197 2513 328 2543; x_wconf 86' lang='lat' dir='ltr'>cimoniis</span> <span class='ocrx_word' id='word_1_462' title='bbox 345 2513 377 2542; x_wconf 86' lang='lat'>&amp;</span> <span class='ocrx_word' id='word_1_463' title='bbox 392 2512 449 2542; x_wconf 85' lang='lat' dir='ltr'>aliis</span> <span class='ocrx_word' id='word_1_464' title='bbox 465 2511 576 2547; x_wconf 87' lang='lat' dir='ltr'>Licitis,</span> <span class='ocrx_word' id='word_1_465' title='bbox 596 2510 691 2540; x_wconf 78' lang='lat' dir='ltr'>secure</span> <span class='ocrx_word' id='word_1_466' title='bbox 706 2509 738 2539; x_wconf 70' lang='grc' dir='ltr'>ὃ(</span> <span class='ocrx_word' id='word_1_467' title='bbox 753 2507 934 2538; x_wconf 86' lang='lat' dir='ltr'>fraternaliter</span> <span class='ocrx_word' id='word_1_468' title='bbox 947 2507 1098 2546; x_wconf 87' lang='lat' dir='ltr'>faciendis,</span> 
     </span>
    </p>

    <p class='ocr_par' dir='ltr' id='par_1_24' title="bbox 200 2545 1258 2742">
     <span class='ocr_line' id='line_1_72' title="bbox 237 2545 1258 2587; baseline -0.002 -7"><span class='ocrx_word' id='word_1_469' title='bbox 237 2550 367 2580; x_wconf 84' lang='lat' dir='ltr'>Necnon</span> <span class='ocrx_word' id='word_1_470' title='bbox 381 2550 459 2587; x_wconf 90' lang='lat' dir='ltr'>super</span> <span class='ocrx_word' id='word_1_471' title='bbox 481 2549 615 2579; x_wconf 86' lang='lat' dir='ltr'>omnibus</span> <span class='ocrx_word' id='word_1_472' title='bbox 635 2549 667 2578; x_wconf 93' lang='lat'>&amp;</span> <span class='ocrx_word' id='word_1_473' title='bbox 688 2546 802 2584; x_wconf 86' lang='lat' dir='ltr'>singulis</span> <span class='ocrx_word' id='word_1_474' title='bbox 825 2545 975 2584; x_wconf 85' lang='lat' dir='ltr'>Articulis,</span> <span class='ocrx_word' id='word_1_475' title='bbox 993 2555 1199 2584; x_wconf 86' lang='lat' dir='ltr'>quantumcum</span> <span class='ocrx_word' id='word_1_476' title='bbox 1223 2556 1258 2578; x_wconf 88' lang='lat' dir='ltr'>ue</span> 
     </span>
     <span class='ocr_line' id='line_1_73' title="bbox 200 2584 1256 2627; baseline -0.003 -8"><span class='ocrx_word' id='word_1_477' title='bbox 200 2589 377 2627; x_wconf 76' lang='lat' dir='ltr'>specialibus,</span> <span class='ocrx_word' id='word_1_478' title='bbox 395 2589 444 2625; x_wconf 90' lang='lat' dir='ltr'>qui</span> <span class='ocrx_word' id='word_1_479' title='bbox 459 2587 560 2625; x_wconf 82' lang='lat' dir='ltr'>Ligas,</span> <span class='ocrx_word' id='word_1_480' title='bbox 577 2584 842 2616; x_wconf 82' lang='lat' dir='ltr'>Consoederationes</span> <span class='ocrx_word' id='word_1_481' title='bbox 874 2584 918 2615; x_wconf 90' lang='lat' dir='ltr'>seu</span> <span class='ocrx_word' id='word_1_482' title='bbox 935 2584 1080 2615; x_wconf 79' lang='lat' dir='ltr'>Amicitias</span> <span class='ocrx_word' id='word_1_483' title='bbox 1096 2585 1179 2620; x_wconf 89' lang='lat' dir='ltr'>(inter</span> <span class='ocrx_word' id='word_1_484' title='bbox 1188 2585 1256 2616; x_wconf 57' lang='lat' dir='ltr'>hos</span> 
     </span>
     <span class='ocr_line' id='line_1_74' title="bbox 200 2608 1258 2666; baseline -0.005 -7"><span class='ocrx_word' id='word_1_485' title='bbox 200 2630 235 2659; x_wconf 86' lang='lat'>&amp;</span> <span class='ocrx_word' id='word_1_486' title='bbox 250 2626 418 2666; x_wconf 63' lang='lat' dir='ltr'>praedkstum</span> <span class='ocrx_word' id='word_1_487' title='bbox 432 2625 643 2656; x_wconf 84' lang='lat' dir='ltr'>Sereniffimum</span> <span class='ocrx_word' id='word_1_488' title='bbox 658 2624 782 2653; x_wconf 81' lang='lat' dir='ltr'>Fratrem</span> <span class='ocrx_word' id='word_1_489' title='bbox 804 2608 932 2653; x_wconf 59' lang='lat' dir='ltr'>nostrum</span> <span class='ocrx_word' id='word_1_490' title='bbox 955 2622 1113 2659; x_wconf 82' lang='lat' dir='ltr'>firmandas)</span> <span class='ocrx_word' id='word_1_491' title='bbox 1136 2633 1258 2654; x_wconf 89' lang='lat' dir='ltr'>concer-</span> 
     </span>
     <span class='ocr_line' id='line_1_75' title="bbox 202 2660 1256 2704; baseline -0.003 -8"><span class='ocrx_word' id='word_1_492' title='bbox 202 2676 270 2696; x_wconf 88' lang='lat' dir='ltr'>nere</span> <span class='ocrx_word' id='word_1_493' title='bbox 283 2674 417 2704; x_wconf 88' lang='lat' dir='ltr'>poterunt</span> <span class='ocrx_word' id='word_1_494' title='bbox 433 2663 637 2701; x_wconf 86' lang='lat' dir='ltr'>quovismodo,</span> <span class='ocrx_word' id='word_1_495' title='bbox 658 2671 725 2692; x_wconf 92' lang='lat' dir='ltr'>cum</span> <span class='ocrx_word' id='word_1_496' title='bbox 746 2671 846 2691; x_wconf 90' lang='lat' dir='ltr'>eorum</span> <span class='ocrx_word' id='word_1_497' title='bbox 869 2660 1080 2700; x_wconf 86' lang='lat' dir='ltr'>Iiicidentibus,</span> <span class='ocrx_word' id='word_1_498' title='bbox 1098 2661 1256 2702; x_wconf 87' lang='lat' dir='ltr'>Emergen-</span> 
     </span>
     <span class='ocr_line' id='line_1_76' title="bbox 202 2699 794 2742; baseline -0.012 -7"><span class='ocrx_word' id='word_1_499' title='bbox 202 2705 293 2742; x_wconf 79' lang='lat' dir='ltr'>tibuS,</span> <span class='ocrx_word' id='word_1_500' title='bbox 314 2702 567 2740; x_wconf 79' lang='lat' dir='ltr'>Dependentibus,</span> <span class='ocrx_word' id='word_1_501' title='bbox 585 2702 616 2731; x_wconf 73' lang='grc' dir='ltr'>ὅ(</span> <span class='ocrx_word' id='word_1_502' title='bbox 633 2699 794 2736; x_wconf 81' lang='lat' dir='ltr'>Connexis,</span> 
     </span>
    </p>

    <p class='ocr_par' dir='ltr' id='par_1_25' title="bbox 199 2737 1259 2851">
     <span class='ocr_line' id='line_1_77' title="bbox 239 2737 1256 2778; baseline -0.004 -5"><span class='ocrx_word' id='word_1_503' title='bbox 239 2743 283 2773; x_wconf 85' lang='lat' dir='ltr'>Ac</span> <span class='ocrx_word' id='word_1_504' title='bbox 307 2743 421 2778; x_wconf 76' lang='lat' dir='ltr'>omnia,</span> <span class='ocrx_word' id='word_1_505' title='bbox 440 2750 505 2778; x_wconf 75' lang='lat' dir='ltr'>quae</span> <span class='ocrx_word' id='word_1_506' title='bbox 529 2739 564 2768; x_wconf 81' lang='lat' dir='ltr'>lic</span> <span class='ocrx_word' id='word_1_507' title='bbox 588 2738 738 2775; x_wconf 59' lang='lat' dir='ltr'>Trastata,</span> <span class='ocrx_word' id='word_1_508' title='bbox 758 2737 958 2775; x_wconf 87' lang='lat' dir='ltr'>Concordata,</span> <span class='ocrx_word' id='word_1_509' title='bbox 977 2738 1010 2767; x_wconf 89' lang='lat'>&amp;</span> <span class='ocrx_word' id='word_1_510' title='bbox 1025 2737 1180 2769; x_wconf 90' lang='lat' dir='ltr'>Conventa</span> <span class='ocrx_word' id='word_1_511' title='bbox 1195 2739 1256 2769; x_wconf 82' lang='lat' dir='ltr'>fue-</span> 
     </span>
     <span class='ocr_line' id='line_1_78' title="bbox 200 2775 1259 2849; baseline -0.005 -37"><span class='ocrx_word' id='word_1_512' title='bbox 200 2783 359 2849; x_wconf 78' lang='lat' dir='ltr'>rint,dcum</span> <span class='ocrx_word' id='word_1_513' title='bbox 376 2781 457 2811; x_wconf 92' lang='lat' dir='ltr'>omni</span> <span class='ocrx_word' id='word_1_514' title='bbox 475 2779 644 2815; x_wconf 86' lang='lat' dir='ltr'>Securitate,</span> <span class='ocrx_word' id='word_1_515' title='bbox 661 2775 756 2807; x_wconf 71' lang='lat' dir='ltr'>debita</span> <span class='ocrx_word' id='word_1_516' title='bbox 771 2777 804 2807; x_wconf 71' lang='grc' dir='ltr'>ὅ(</span> <span class='ocrx_word' id='word_1_517' title='bbox 820 2775 955 2814; x_wconf 73' lang='lat' dir='ltr'>honesta,</span> <span class='ocrx_word' id='word_1_518' title='bbox 974 2777 1003 2806; x_wconf 87' lang='lat' dir='ltr'>in</span> <span class='ocrx_word' id='word_1_519' title='bbox 1023 2776 1080 2807; x_wconf 85' lang='lat' dir='ltr'>hoc</span> <span class='ocrx_word' id='word_1_520' title='bbox 1101 2777 1181 2816; x_wconf 89' lang='lat' dir='ltr'>casu,</span> <span class='ocrx_word' id='word_1_521' title='bbox 1199 2778 1259 2808; x_wconf 87' lang='lat' dir='ltr'>Fir-</span> 
     </span>
     <span class='ocr_line' id='line_1_79' title="bbox 199 2830 336 2851; baseline -0.015 0"><span class='ocrx_word' id='word_1_522' title='bbox 199 2830 265 2851; x_wconf 73' lang='lat' dir='ltr'>man</span> <span class='ocrx_word' id='word_1_523' title='bbox 289 2831 336 2850; x_wconf 71' lang='lat' dir='ltr'>uti]</span> 
     </span>
    </p>

    <p class='ocr_par' dir='ltr' id='par_1_26' title="bbox 202 2843 1260 2934">
     <span class='ocr_line' id='line_1_80' title="bbox 238 2843 1260 2894; baseline -0.004 -5"><span class='ocrx_word' id='word_1_524' title='bbox 238 2843 483 2894; x_wconf 68' lang='lat' dir='ltr'>Conliii&#39;iilemque</span> <span class='ocrx_word' id='word_1_525' title='bbox 505 2855 689 2886; x_wconf 78' lang='lat' dir='ltr'>Securitatem</span> <span class='ocrx_word' id='word_1_526' title='bbox 706 2878 715 2890; x_wconf 85' lang='lat'>,</span> <span class='ocrx_word' id='word_1_527' title='bbox 739 2863 792 2891; x_wconf 90' lang='lat' dir='ltr'>pro</span> <span class='ocrx_word' id='word_1_528' title='bbox 815 2852 915 2883; x_wconf 89' lang='lat' dir='ltr'>Nobis</span> <span class='ocrx_word' id='word_1_529' title='bbox 937 2853 970 2884; x_wconf 90' lang='lat'>&amp;</span> <span class='ocrx_word' id='word_1_530' title='bbox 991 2851 1125 2883; x_wconf 85' lang='lat' dir='ltr'>Nomine</span> <span class='ocrx_word' id='word_1_531' title='bbox 1141 2852 1260 2893; x_wconf 87' lang='lat' dir='ltr'>nostro,</span> 
     </span>
     <span class='ocr_line' id='line_1_81' title="bbox 202 2891 911 2934; baseline -0.013 -6"><span class='ocrx_word' id='word_1_532' title='bbox 202 2897 362 2927; x_wconf 85' lang='lat' dir='ltr'>Petendum</span> <span class='ocrx_word' id='word_1_533' title='bbox 375 2919 383 2934; x_wconf 90' lang='lat'>,</span> <span class='ocrx_word' id='word_1_534' title='bbox 402 2894 614 2932; x_wconf 85' lang='lat' dir='ltr'>Stipulandum,</span> <span class='ocrx_word' id='word_1_535' title='bbox 633 2894 665 2923; x_wconf 68' lang='grc' dir='ltr'>δε</span> <span class='ocrx_word' id='word_1_536' title='bbox 683 2891 911 2929; x_wconf 84' lang='lat' dir='ltr'>Recipiendum,</span> 
     </span>
    </p>

    <p class='ocr_par' dir='ltr' id='par_1_27' title="bbox 201 2928 1260 3088">
     <span class='ocr_line' id='line_1_82' title="bbox 237 2928 1260 2974; baseline -0.004 -10"><span class='ocrx_word' id='word_1_537' title='bbox 237 2935 469 2974; x_wconf 74' lang='lat' dir='ltr'>Jurandumque,</span> <span class='ocrx_word' id='word_1_538' title='bbox 488 2934 515 2962; x_wconf 91' lang='lat' dir='ltr'>in</span> <span class='ocrx_word' id='word_1_539' title='bbox 532 2933 665 2962; x_wconf 84' lang='lat' dir='ltr'>Animam</span> <span class='ocrx_word' id='word_1_540' title='bbox 686 2930 810 2960; x_wconf 86' lang='lat' dir='ltr'>nostram</span> <span class='ocrx_word' id='word_1_541' title='bbox 821 2952 830 2967; x_wconf 89' lang='lat'>,</span> <span class='ocrx_word' id='word_1_542' title='bbox 847 2928 926 2967; x_wconf 81' lang='lat' dir='ltr'>quod</span> <span class='ocrx_word' id='word_1_543' title='bbox 950 2928 1102 2968; x_wconf 58' lang='lat' dir='ltr'>Trasiata,</span> <span class='ocrx_word' id='word_1_544' title='bbox 1119 2928 1260 2961; x_wconf 87' lang='lat' dir='ltr'>Conven-</span> 
     </span>
     <span class='ocr_line' id='line_1_83' title="bbox 201 2968 1237 3011; baseline -0.006 -6"><span class='ocrx_word' id='word_1_545' title='bbox 201 2982 229 3005; x_wconf 82' lang='lat' dir='ltr'>ta</span> <span class='ocrx_word' id='word_1_546' title='bbox 240 2997 248 3011; x_wconf 91' lang='lat'>,</span> <span class='ocrx_word' id='word_1_547' title='bbox 266 2975 299 3004; x_wconf 67' lang='grc' dir='ltr'>ὃ(</span> <span class='ocrx_word' id='word_1_548' title='bbox 315 2972 500 3003; x_wconf 79' lang='lat' dir='ltr'>Concordata</span> <span class='ocrx_word' id='word_1_549' title='bbox 514 2970 634 3007; x_wconf 87' lang='lat' dir='ltr'>ibidem,</span> <span class='ocrx_word' id='word_1_550' title='bbox 654 2970 725 2999; x_wconf 85' lang='lat' dir='ltr'>Rata</span> <span class='ocrx_word' id='word_1_551' title='bbox 739 2969 904 2999; x_wconf 85' lang='lat' dir='ltr'>habebimus</span> <span class='ocrx_word' id='word_1_552' title='bbox 917 2968 1065 3008; x_wconf 87' lang='lat' dir='ltr'>&amp;Grata,</span> <span class='ocrx_word' id='word_1_553' title='bbox 1085 2978 1138 2999; x_wconf 91' lang='lat' dir='ltr'>nec</span> <span class='ocrx_word' id='word_1_554' title='bbox 1152 2969 1237 3007; x_wconf 86' lang='lat' dir='ltr'>aliqui</span> 
     </span>
     <span class='ocr_line' id='line_1_84' title="bbox 202 3006 1258 3050; baseline -0.004 -8"><span class='ocrx_word' id='word_1_555' title='bbox 202 3013 434 3050; x_wconf 83' lang='lat' dir='ltr'>procurabimus,</span> <span class='ocrx_word' id='word_1_556' title='bbox 449 3009 494 3039; x_wconf 89' lang='lat' dir='ltr'>vel</span> <span class='ocrx_word' id='word_1_557' title='bbox 518 3010 681 3045; x_wconf 76' lang='lat' dir='ltr'>Faciemus,</span> <span class='ocrx_word' id='word_1_558' title='bbox 698 3018 745 3045; x_wconf 90' lang='lat' dir='ltr'>per</span> <span class='ocrx_word' id='word_1_559' title='bbox 767 3007 845 3045; x_wconf 86' lang='lat' dir='ltr'>quod</span> <span class='ocrx_word' id='word_1_560' title='bbox 863 3006 996 3037; x_wconf 64' lang='lat' dir='ltr'>Tractata</span> <span class='ocrx_word' id='word_1_561' title='bbox 1017 3007 1050 3037; x_wconf 88' lang='lat'>&amp;</span> <span class='ocrx_word' id='word_1_562' title='bbox 1074 3006 1258 3038; x_wconf 86' lang='lat' dir='ltr'>Concordata</span> 
     </span>
     <span class='ocr_line' id='line_1_85' title="bbox 203 3045 1260 3088; baseline -0.006 -7"><span class='ocrx_word' id='word_1_563' title='bbox 203 3050 364 3088; x_wconf 80' lang='lat' dir='ltr'>hujusmodi</span> <span class='ocrx_word' id='word_1_564' title='bbox 379 3048 492 3079; x_wconf 56' lang='lat' dir='ltr'>Effeclu</span> <span class='ocrx_word' id='word_1_565' title='bbox 503 3048 599 3078; x_wconf 86' lang='lat' dir='ltr'>debito</span> <span class='ocrx_word' id='word_1_566' title='bbox 615 3046 737 3077; x_wconf 77' lang='lat' dir='ltr'>frustrari</span> <span class='ocrx_word' id='word_1_567' title='bbox 753 3054 884 3083; x_wconf 89' lang='lat' dir='ltr'>poterunt</span> <span class='ocrx_word' id='word_1_568' title='bbox 898 3045 943 3076; x_wconf 89' lang='lat' dir='ltr'>seu</span> <span class='ocrx_word' id='word_1_569' title='bbox 968 3046 1186 3084; x_wconf 83' lang='lat' dir='ltr'>quomodolibet</span> <span class='ocrx_word' id='word_1_570' title='bbox 1204 3046 1260 3076; x_wconf 86' lang='lat' dir='ltr'>im-</span> 
     </span>
    </p>

    <p class='ocr_par' dir='ltr' id='par_1_28' title="bbox 203 3090 1260 3204">
     <span class='ocr_line' id='line_1_86' title="bbox 224 3090 291 3119; baseline 0 0"><span class='ocrx_word' id='word_1_571' title='bbox 224 3090 291 3119; x_wconf 79' lang='lat' dir='ltr'>cdii-i</span> 
     </span>
     <span class='ocr_line' id='line_1_87' title="bbox 203 3100 1260 3166; baseline -0.005 -8"><span class='ocrx_word' id='word_1_572' title='bbox 203 3100 221 3128; x_wconf 70' lang='lat' dir='ltr'>P</span> <span class='ocrx_word' id='word_1_573' title='bbox 243 3128 287 3158; x_wconf 86' lang='lat' dir='ltr'>Ac</span> <span class='ocrx_word' id='word_1_574' title='bbox 298 3112 495 3166; x_wconf 64' lang='lat' dir='ltr'>juramentum</span> <span class='ocrx_word' id='word_1_575' title='bbox 510 3124 654 3155; x_wconf 85' lang='lat' dir='ltr'>consimile</span> <span class='ocrx_word' id='word_1_576' title='bbox 666 3125 702 3154; x_wconf 84' lang='lat' dir='ltr'>ab</span> <span class='ocrx_word' id='word_1_577' title='bbox 716 3122 818 3154; x_wconf 90' lang='lat' dir='ltr'>eodem</span> <span class='ocrx_word' id='word_1_578' title='bbox 833 3121 1004 3153; x_wconf 82' lang='lat' dir='ltr'>serenissimo</span> <span class='ocrx_word' id='word_1_579' title='bbox 1025 3122 1120 3154; x_wconf 81' lang='lat' dir='ltr'>Fratre</span> <span class='ocrx_word' id='word_1_580' title='bbox 1141 3121 1260 3162; x_wconf 89' lang='lat' dir='ltr'>nostro,</span> 
     </span>
     <span class='ocr_line' id='line_1_88' title="bbox 203 3161 1205 3204; baseline -0.005 -7"><span class='ocrx_word' id='word_1_581' title='bbox 203 3166 250 3197; x_wconf 77' lang='lat' dir='ltr'>seu</span> <span class='ocrx_word' id='word_1_582' title='bbox 267 3168 324 3204; x_wconf 89' lang='lat' dir='ltr'>ejus</span> <span class='ocrx_word' id='word_1_583' title='bbox 342 3165 505 3203; x_wconf 86' lang='lat' dir='ltr'>Deputatis,</span> <span class='ocrx_word' id='word_1_584' title='bbox 525 3163 700 3200; x_wconf 78' lang='lat' dir='ltr'>petendum,</span> <span class='ocrx_word' id='word_1_585' title='bbox 719 3161 913 3200; x_wconf 80' lang='lat' dir='ltr'>Exigendum,</span> <span class='ocrx_word' id='word_1_586' title='bbox 931 3162 964 3191; x_wconf 86' lang='lat'>&amp;</span> <span class='ocrx_word' id='word_1_587' title='bbox 978 3161 1205 3199; x_wconf 87' lang='lat' dir='ltr'>Recipiendum‚</span> 
     </span>
    </p>

    <p class='ocr_par' dir='ltr' id='par_1_29' title="bbox 204 3199 1262 3436">
     <span class='ocr_line' id='line_1_89' title="bbox 242 3199 1262 3242; baseline -0.006 -7"><span class='ocrx_word' id='word_1_588' title='bbox 242 3204 411 3242; x_wconf 77' lang='lat' dir='ltr'>Caeteraqiie</span> <span class='ocrx_word' id='word_1_589' title='bbox 424 3204 518 3233; x_wconf 82' lang='lat' dir='ltr'>omnia</span> <span class='ocrx_word' id='word_1_590' title='bbox 532 3203 565 3232; x_wconf 76' lang='grc' dir='ltr'>ὃ(</span> <span class='ocrx_word' id='word_1_591' title='bbox 583 3201 685 3240; x_wconf 85' lang='lat' dir='ltr'>singula</span> <span class='ocrx_word' id='word_1_592' title='bbox 701 3200 890 3238; x_wconf 79' lang='lat' dir='ltr'>Faciendum,</span> <span class='ocrx_word' id='word_1_593' title='bbox 909 3199 1143 3237; x_wconf 85' lang='lat' dir='ltr'>Excercendum,</span> <span class='ocrx_word' id='word_1_594' title='bbox 1161 3199 1262 3230; x_wconf 81' lang='lat' dir='ltr'>&amp;Ex-</span> 
     </span>
     <span class='ocr_line' id='line_1_90' title="bbox 204 3237 1258 3282; baseline -0.007 -8"><span class='ocrx_word' id='word_1_595' title='bbox 204 3243 395 3282; x_wconf 81' lang='lat' dir='ltr'>pediendum,</span> <span class='ocrx_word' id='word_1_596' title='bbox 415 3251 478 3280; x_wconf 79' lang='lat' dir='ltr'>quae</span> <span class='ocrx_word' id='word_1_597' title='bbox 499 3242 528 3270; x_wconf 89' lang='lat' dir='ltr'>in</span> <span class='ocrx_word' id='word_1_598' title='bbox 551 3239 702 3270; x_wconf 59' lang='lat' dir='ltr'>Praemissls</span> <span class='ocrx_word' id='word_1_599' title='bbox 723 3240 756 3270; x_wconf 91' lang='lat'>&amp;</span> <span class='ocrx_word' id='word_1_600' title='bbox 778 3240 854 3269; x_wconf 87' lang='lat' dir='ltr'>circa</span> <span class='ocrx_word' id='word_1_601' title='bbox 875 3248 907 3268; x_wconf 88' lang='lat' dir='ltr'>ea</span> <span class='ocrx_word' id='word_1_602' title='bbox 929 3239 1079 3269; x_wconf 82' lang='lat' dir='ltr'>neceflaria</span> <span class='ocrx_word' id='word_1_603' title='bbox 1093 3239 1195 3270; x_wconf 90' lang='lat' dir='ltr'>fuerint</span> <span class='ocrx_word' id='word_1_604' title='bbox 1213 3237 1258 3268; x_wconf 90' lang='lat' dir='ltr'>seu</span> 
     </span>
     <span class='ocr_line' id='line_1_91' title="bbox 205 3275 1260 3320; baseline -0.007 -8"><span class='ocrx_word' id='word_1_605' title='bbox 205 3281 425 3320; x_wconf 85' lang='lat' dir='ltr'>quomodolibet</span> <span class='ocrx_word' id='word_1_606' title='bbox 438 3288 594 3317; x_wconf 76' lang='lat' dir='ltr'>oportuna,</span> <span class='ocrx_word' id='word_1_607' title='bbox 612 3288 644 3308; x_wconf 91' lang='lat' dir='ltr'>ac</span> <span class='ocrx_word' id='word_1_608' title='bbox 659 3288 723 3315; x_wconf 77' lang='lat' dir='ltr'>quae</span> <span class='ocrx_word' id='word_1_609' title='bbox 737 3278 850 3315; x_wconf 83' lang='lat' dir='ltr'>qualitas</span> <span class='ocrx_word' id='word_1_610' title='bbox 865 3278 898 3308; x_wconf 90' lang='lat'>&amp;</span> <span class='ocrx_word' id='word_1_611' title='bbox 913 3286 1009 3308; x_wconf 84' lang='lat' dir='ltr'>natura</span> <span class='ocrx_word' id='word_1_612' title='bbox 1021 3275 1180 3316; x_wconf 86' lang='lat' dir='ltr'>hujusmodi</span> <span class='ocrx_word' id='word_1_613' title='bbox 1193 3275 1226 3305; x_wconf 91' lang='lat' dir='ltr'>N</span> <span class='ocrx_word' id='word_1_614' title='bbox 1230 3286 1260 3306; x_wconf 89' lang='lat' dir='ltr'>e-</span> 
     </span>
     <span class='ocr_line' id='line_1_92' title="bbox 206 3314 1259 3359; baseline -0.007 -9"><span class='ocrx_word' id='word_1_615' title='bbox 206 3323 275 3359; x_wconf 87' lang='lat' dir='ltr'>gotii</span> <span class='ocrx_word' id='word_1_616' title='bbox 289 3323 403 3359; x_wconf 79' lang='lat' dir='ltr'>exigunt</span> <span class='ocrx_word' id='word_1_617' title='bbox 416 3320 448 3349; x_wconf 83' lang='lat'>&amp;</span> <span class='ocrx_word' id='word_1_618' title='bbox 465 3319 626 3355; x_wconf 72' lang='lat' dir='ltr'>requirunt,</span> <span class='ocrx_word' id='word_1_619' title='bbox 644 3318 677 3348; x_wconf 86' lang='lat'>&amp;</span> <span class='ocrx_word' id='word_1_620' title='bbox 693 3326 756 3354; x_wconf 63' lang='lat' dir='ltr'>quae</span> <span class='ocrx_word' id='word_1_621' title='bbox 771 3316 879 3345; x_wconf 85' lang='lat' dir='ltr'>nosmet</span> <span class='ocrx_word' id='word_1_622' title='bbox 896 3315 945 3352; x_wconf 88' lang='lat' dir='ltr'>ipsi</span> <span class='ocrx_word' id='word_1_623' title='bbox 960 3316 1052 3346; x_wconf 86' lang='lat' dir='ltr'>facere</span> <span class='ocrx_word' id='word_1_624' title='bbox 1075 3314 1218 3353; x_wconf 80' lang='lat' dir='ltr'>possemus</span> <span class='ocrx_word' id='word_1_625' title='bbox 1239 3314 1259 3344; x_wconf 89' lang='lat' dir='ltr'>si</span> 
     </span>
     <span class='ocr_line' id='line_1_93' title="bbox 205 3353 1261 3397; baseline -0.006 -9"><span class='ocrx_word' id='word_1_626' title='bbox 205 3360 384 3397; x_wconf 87' lang='lat' dir='ltr'>personaliter</span> <span class='ocrx_word' id='word_1_627' title='bbox 401 3357 609 3393; x_wconf 83' lang='lat' dir='ltr'>interess&#39;emus,</span> <span class='ocrx_word' id='word_1_628' title='bbox 628 3357 711 3386; x_wconf 87' lang='lat' dir='ltr'>etiam</span> <span class='ocrx_word' id='word_1_629' title='bbox 726 3354 746 3384; x_wconf 84' lang='lat' dir='ltr'>fi</span> <span class='ocrx_word' id='word_1_630' title='bbox 761 3354 822 3385; x_wconf 87' lang='lat' dir='ltr'>talia</span> <span class='ocrx_word' id='word_1_631' title='bbox 834 3354 943 3392; x_wconf 83' lang='lat' dir='ltr'>forent,</span> <span class='ocrx_word' id='word_1_632' title='bbox 961 3364 1026 3392; x_wconf 80' lang='lat' dir='ltr'>quae</span> <span class='ocrx_word' id='word_1_633' title='bbox 1035 3353 1204 3384; x_wconf 86' lang='lat' dir='ltr'>Mandatum</span> <span class='ocrx_word' id='word_1_634' title='bbox 1213 3361 1261 3383; x_wconf 87' lang='lat' dir='ltr'>ex-</span> 
     </span>
     <span class='ocr_line' id='line_1_94' title="bbox 205 3394 733 3436; baseline -0.008 -9"><span class='ocrx_word' id='word_1_635' title='bbox 205 3399 314 3436; x_wconf 83' lang='lat' dir='ltr'>igerent</span> <span class='ocrx_word' id='word_1_636' title='bbox 326 3405 589 3435; x_wconf 81' lang='lat' dir='ltr'>quantumcumque</span> <span class='ocrx_word' id='word_1_637' title='bbox 602 3394 716 3432; x_wconf 84' lang='lat' dir='ltr'>speciale</span> <span class='ocrx_word' id='word_1_638' title='bbox 724 3416 733 3432; x_wconf 82' lang='lat'>,</span> 
     </span>
    </p>

    <p class='ocr_par' dir='ltr' id='par_1_30' title="bbox 202 3429 1262 3586">
     <span class='ocr_line' id='line_1_95' title="bbox 247 3429 1262 3472; baseline -0.005 -7"><span class='ocrx_word' id='word_1_639' title='bbox 247 3435 326 3472; x_wconf 76' lang='lat' dir='ltr'>Vos,</span> <span class='ocrx_word' id='word_1_640' title='bbox 346 3436 377 3466; x_wconf 66' lang='grc' dir='ltr'>ὃς</span> <span class='ocrx_word' id='word_1_641' title='bbox 394 3434 476 3464; x_wconf 88' lang='lat' dir='ltr'>Duos</span> <span class='ocrx_word' id='word_1_642' title='bbox 489 3432 634 3470; x_wconf 75' lang='lat' dir='ltr'>vestrum,</span> <span class='ocrx_word' id='word_1_643' title='bbox 653 3432 764 3463; x_wconf 88' lang='lat' dir='ltr'>nostros</span> <span class='ocrx_word' id='word_1_644' title='bbox 778 3441 875 3468; x_wconf 76' lang='lat' dir='ltr'>veros,</span> <span class='ocrx_word' id='word_1_645' title='bbox 893 3430 1047 3470; x_wconf 82' lang='lat' dir='ltr'>legitimos,</span> <span class='ocrx_word' id='word_1_646' title='bbox 1065 3431 1098 3462; x_wconf 91' lang='lat'>&amp;</span> <span class='ocrx_word' id='word_1_647' title='bbox 1119 3429 1262 3460; x_wconf 87' lang='lat' dir='ltr'>indubita-</span> 
     </span>
     <span class='ocr_line' id='line_1_96' title="bbox 206 3467 1262 3511; baseline -0.007 -7"><span class='ocrx_word' id='word_1_648' title='bbox 206 3482 250 3504; x_wconf 90' lang='lat' dir='ltr'>tos</span> <span class='ocrx_word' id='word_1_649' title='bbox 264 3474 478 3510; x_wconf 66' lang='lat' dir='ltr'>Procuratores,</span> <span class='ocrx_word' id='word_1_650' title='bbox 496 3472 692 3511; x_wconf 78' lang='lat' dir='ltr'>Negotiorum</span> <span class='ocrx_word' id='word_1_651' title='bbox 713 3469 865 3506; x_wconf 79' lang='lat' dir='ltr'>Gestores,</span> <span class='ocrx_word' id='word_1_652' title='bbox 883 3469 1117 3506; x_wconf 79' lang='lat' dir='ltr'>Commiffarios,</span> <span class='ocrx_word' id='word_1_653' title='bbox 1135 3467 1262 3505; x_wconf 87' lang='lat' dir='ltr'>Deputa-</span> 
     </span>
     <span class='ocr_line' id='line_1_97' title="bbox 204 3507 1259 3549; baseline -0.004 -8"><span class='ocrx_word' id='word_1_654' title='bbox 204 3521 250 3541; x_wconf 85' lang='lat' dir='ltr'>tos</span> <span class='ocrx_word' id='word_1_655' title='bbox 266 3535 275 3549; x_wconf 91' lang='lat'>,</span> <span class='ocrx_word' id='word_1_656' title='bbox 292 3513 324 3542; x_wconf 90' lang='lat'>&amp;</span> <span class='ocrx_word' id='word_1_657' title='bbox 347 3512 481 3541; x_wconf 76' lang='lat' dir='ltr'>Nuncios</span> <span class='ocrx_word' id='word_1_658' title='bbox 502 3510 626 3547; x_wconf 67' lang='lat' dir='ltr'>speciales</span> <span class='ocrx_word' id='word_1_659' title='bbox 641 3533 651 3548; x_wconf 94' lang='lat'>,</span> <span class='ocrx_word' id='word_1_660' title='bbox 671 3509 799 3539; x_wconf 84' lang='lat' dir='ltr'>Facimus</span> <span class='ocrx_word' id='word_1_661' title='bbox 812 3532 822 3545; x_wconf 90' lang='lat'>,</span> <span class='ocrx_word' id='word_1_662' title='bbox 841 3507 978 3538; x_wconf 87' lang='lat' dir='ltr'>Creamus</span> <span class='ocrx_word' id='word_1_663' title='bbox 991 3532 1000 3546; x_wconf 91' lang='lat'>,</span> <span class='ocrx_word' id='word_1_664' title='bbox 1019 3508 1206 3544; x_wconf 86' lang='lat' dir='ltr'>Ordinamus,</span> <span class='ocrx_word' id='word_1_665' title='bbox 1225 3507 1259 3537; x_wconf 73' lang='grc' dir='ltr'>ὅ(</span> 
     </span>
     <span class='ocr_line' id='line_1_98' title="bbox 202 3549 653 3586; baseline -0.007 -6"><span class='ocrx_word' id='word_1_666' title='bbox 202 3549 416 3580; x_wconf 69' lang='lat' dir='ltr'>Constituimtis</span> <span class='ocrx_word' id='word_1_667' title='bbox 431 3560 478 3586; x_wconf 86' lang='lat' dir='ltr'>per</span> <span class='ocrx_word' id='word_1_668' title='bbox 495 3549 653 3578; x_wconf 73' lang='lat' dir='ltr'>Praesentes·</span> 
     </span>
    </p>

    <p class='ocr_par' dir='ltr' id='par_1_31' title="bbox 208 3572 1260 3770">
     <span class='ocr_line' id='line_1_99' title="bbox 244 3572 1260 3625; baseline -0.006 -8"><span class='ocrx_word' id='word_1_669' title='bbox 244 3589 461 3624; x_wconf 76' lang='lat' dir='ltr'>promittentes,</span> <span class='ocrx_word' id='word_1_670' title='bbox 482 3588 509 3616; x_wconf 82' lang='lat' dir='ltr'>in</span> <span class='ocrx_word' id='word_1_671' title='bbox 527 3587 623 3617; x_wconf 82' lang='lat' dir='ltr'>Verbo</span> <span class='ocrx_word' id='word_1_672' title='bbox 644 3572 755 3625; x_wconf 50' lang='lat' dir='ltr'>hegio,</span> <span class='ocrx_word' id='word_1_673' title='bbox 772 3595 824 3615; x_wconf 92' lang='lat' dir='ltr'>nos</span> <span class='ocrx_word' id='word_1_674' title='bbox 844 3584 971 3622; x_wconf 76' lang='lat' dir='ltr'>Rarum,</span> <span class='ocrx_word' id='word_1_675' title='bbox 987 3584 1125 3621; x_wconf 82' lang='lat' dir='ltr'>Gratum,</span> <span class='ocrx_word' id='word_1_676' title='bbox 1143 3583 1176 3614; x_wconf 83' lang='lat'>&amp;</span> <span class='ocrx_word' id='word_1_677' title='bbox 1200 3582 1260 3612; x_wconf 89' lang='lat' dir='ltr'>Fir-</span> 
     </span>
     <span class='ocr_line' id='line_1_100' title="bbox 211 3619 1260 3663; baseline -0.007 -7"><span class='ocrx_word' id='word_1_678' title='bbox 211 3636 291 3656; x_wconf 89' lang='lat' dir='ltr'>mum</span> <span class='ocrx_word' id='word_1_679' title='bbox 312 3628 448 3663; x_wconf 74' lang='lat' dir='ltr'>perpetuo</span> <span class='ocrx_word' id='word_1_680' title='bbox 467 3626 609 3656; x_wconf 82' lang='lat' dir='ltr'>habituros</span> <span class='ocrx_word' id='word_1_681' title='bbox 633 3624 768 3662; x_wconf 88' lang='lat' dir='ltr'>quicquid</span> <span class='ocrx_word' id='word_1_682' title='bbox 791 3633 839 3661; x_wconf 91' lang='lat' dir='ltr'>per</span> <span class='ocrx_word' id='word_1_683' title='bbox 864 3623 940 3659; x_wconf 84' lang='lat' dir='ltr'>Vos,</span> <span class='ocrx_word' id='word_1_684' title='bbox 960 3625 1003 3653; x_wconf 86' lang='lat' dir='ltr'>vel</span> <span class='ocrx_word' id='word_1_685' title='bbox 1017 3623 1102 3657; x_wconf 84' lang='lat' dir='ltr'>Duos</span> <span class='ocrx_word' id='word_1_686' title='bbox 1116 3619 1260 3659; x_wconf 74' lang='lat' dir='ltr'>vestrum,</span> 
     </span>
     <span class='ocr_line' id='line_1_101' title="bbox 208 3659 1259 3699; baseline -0.004 -7"><span class='ocrx_word' id='word_1_687' title='bbox 208 3664 331 3699; x_wconf 56' lang='lat' dir='ltr'>Acium,</span> <span class='ocrx_word' id='word_1_688' title='bbox 349 3664 488 3699; x_wconf 83' lang='lat' dir='ltr'>Gestum,</span> <span class='ocrx_word' id='word_1_689' title='bbox 507 3663 551 3693; x_wconf 86' lang='lat' dir='ltr'>seu</span> <span class='ocrx_word' id='word_1_690' title='bbox 568 3663 752 3692; x_wconf 84' lang='lat' dir='ltr'>Procuratum</span> <span class='ocrx_word' id='word_1_691' title='bbox 768 3661 849 3691; x_wconf 87' lang='lat' dir='ltr'>fuerit</span> <span class='ocrx_word' id='word_1_692' title='bbox 865 3662 892 3691; x_wconf 89' lang='lat' dir='ltr'>in</span> <span class='ocrx_word' id='word_1_693' title='bbox 908 3661 1074 3699; x_wconf 60' lang='lat' dir='ltr'>Praemiffis,</span> <span class='ocrx_word' id='word_1_694' title='bbox 1093 3662 1126 3692; x_wconf 91' lang='lat'>&amp;</span> <span class='ocrx_word' id='word_1_695' title='bbox 1146 3659 1259 3695; x_wconf 84' lang='lat' dir='ltr'>singulis</span> 
     </span>
     <span class='ocr_line' id='line_1_102' title="bbox 209 3698 1259 3739; baseline -0.003 -10"><span class='ocrx_word' id='word_1_696' title='bbox 209 3700 434 3739; x_wconf 67' lang='lat' dir='ltr'>Pi·2i:iiiissoi-tini;</span> <span class='ocrx_word' id='word_1_697' title='bbox 455 3702 511 3731; x_wconf 81' lang='lat' dir='ltr'>aliis</span> <span class='ocrx_word' id='word_1_698' title='bbox 534 3701 675 3731; x_wconf 80' lang='lat' dir='ltr'>Mandatis</span> <span class='ocrx_word' id='word_1_699' title='bbox 692 3701 737 3730; x_wconf 86' lang='lat' dir='ltr'>seu</span> <span class='ocrx_word' id='word_1_700' title='bbox 756 3700 959 3730; x_wconf 77' lang='lat' dir='ltr'>procuratoriis</span> <span class='ocrx_word' id='word_1_701' title='bbox 979 3700 1081 3731; x_wconf 81' lang='lat' dir='ltr'>nostris</span> <span class='ocrx_word' id='word_1_702' title='bbox 1103 3700 1132 3728; x_wconf 90' lang='lat' dir='ltr'>in</span> <span class='ocrx_word' id='word_1_703' title='bbox 1150 3698 1200 3727; x_wconf 88' lang='lat' dir='ltr'>suo</span> <span class='ocrx_word' id='word_1_704' title='bbox 1214 3699 1259 3727; x_wconf 90' lang='lat' dir='ltr'>ni-</span> 
     </span>
     <span class='ocr_line' id='line_1_103' title="bbox 212 3739 650 3770; baseline 0.002 -4"><span class='ocrx_word' id='word_1_705' title='bbox 212 3740 379 3770; x_wconf 73' lang='lat' dir='ltr'>chilominus</span> <span class='ocrx_word' id='word_1_706' title='bbox 395 3741 497 3770; x_wconf 73' lang='lat' dir='ltr'>robore</span> <span class='ocrx_word' id='word_1_707' title='bbox 510 3739 650 3768; x_wconf 73' lang='lat' dir='ltr'>duraturis.</span> 
     </span>
    </p>

    <p class='ocr_par' dir='ltr' id='par_1_32' title="bbox 210 3773 1260 3853">
     <span class='ocr_line' id='line_1_104' title="bbox 234 3773 1260 3818; baseline 0 -14"><span class='ocrx_word' id='word_1_708' title='bbox 234 3776 314 3818; x_wconf 30' lang='lat' dir='ltr'>,Dat</span> <span class='ocrx_word' id='word_1_709' title='bbox 331 3780 359 3807; x_wconf 80' lang='lat' dir='ltr'>in</span> <span class='ocrx_word' id='word_1_710' title='bbox 376 3778 478 3808; x_wconf 83' lang='lat' dir='ltr'>Palatio</span> <span class='ocrx_word' id='word_1_711' title='bbox 494 3777 592 3807; x_wconf 85' lang='lat' dir='ltr'>nostro</span> <span class='ocrx_word' id='word_1_712' title='bbox 606 3776 712 3815; x_wconf 81' lang='lat' dir='ltr'>lVestm.</span> <span class='ocrx_word' id='word_1_713' title='bbox 728 3777 778 3807; x_wconf 90' lang='lat' dir='ltr'>sub</span> <span class='ocrx_word' id='word_1_714' title='bbox 792 3776 893 3815; x_wconf 86' lang='lat' dir='ltr'>Magni</span> <span class='ocrx_word' id='word_1_715' title='bbox 907 3775 995 3815; x_wconf 83' lang='lat' dir='ltr'>Sigilli</span> <span class='ocrx_word' id='word_1_716' title='bbox 1008 3775 1096 3807; x_wconf 87' lang='lat' dir='ltr'>nostri</span> <span class='ocrx_word' id='word_1_717' title='bbox 1109 3773 1260 3806; x_wconf 90' lang='lat' dir='ltr'>Testimo-</span> 
     </span>
     <span class='ocr_line' id='line_1_105' title="bbox 210 3814 703 3853; baseline 0.002 -10"><span class='ocrx_word' id='word_1_718' title='bbox 210 3822 277 3852; x_wconf 85' lang='lat' dir='ltr'>nio,</span> <span class='ocrx_word' id='word_1_719' title='bbox 296 3815 409 3847; x_wconf 85' lang='lat' dir='ltr'>decimo</span> <span class='ocrx_word' id='word_1_720' title='bbox 424 3817 498 3848; x_wconf 80' lang='lat' dir='ltr'>sexto</span> <span class='ocrx_word' id='word_1_721' title='bbox 510 3816 557 3846; x_wconf 83' lang='lat' dir='ltr'>die</span> <span class='ocrx_word' id='word_1_722' title='bbox 571 3814 703 3853; x_wconf 83' lang='lat' dir='ltr'>Augusti.</span> 
     </span>
    </p>
   </div>
   <div class='ocr_carea' id='block_1_12' title="bbox 892 3889 1155 3929">
    <p class='ocr_par' dir='ltr' id='par_1_33' title="bbox 892 3889 1155 3929">
     <span class='ocr_line' id='line_1_106' title="bbox 892 3889 1155 3929; baseline 0 -11"><span class='ocrx_word' id='word_1_723' title='bbox 892 3891 943 3919; x_wconf 77' lang='lat' dir='ltr'>Per</span> <span class='ocrx_word' id='word_1_724' title='bbox 956 3889 1039 3929; x_wconf 73' lang='lat' dir='ltr'>ipficm</span> <span class='ocrx_word' id='word_1_725' title='bbox 1051 3892 1155 3928; x_wconf 84' lang='lat' dir='ltr'>Regem.</span> 
     </span>
    </p>
   </div>
   <div class='ocr_carea' id='block_1_13' title="bbox 1442 277 2200 328">
    <p class='ocr_par' dir='ltr' id='par_1_34' title="bbox 1442 277 2200 328">
     <span class='ocr_line' id='line_1_107' title="bbox 1442 277 2200 328; baseline 0.012 -20"><span class='ocrx_word' id='word_1_726' title='bbox 1442 279 1501 308; x_wconf 78' lang='lat' dir='ltr'>Prc¹</span> <span class='ocrx_word' id='word_1_727' title='bbox 1518 277 1651 323; x_wconf 79' lang='lat' dir='ltr'>Aquenfi</span> <span class='ocrx_word' id='word_1_728' title='bbox 1663 278 1801 325; x_wconf 79' lang='lat' dir='ltr'>Epiftopo</span> <span class='ocrx_word' id='word_1_729' title='bbox 1813 288 1867 324; x_wconf 83' lang='lat' dir='ltr'>per</span> <span class='ocrx_word' id='word_1_730' title='bbox 1888 278 2064 323; x_wconf 76' lang='lat' dir='ltr'>Capitulum</span> <span class='ocrx_word' id='word_1_731' title='bbox 2085 284 2200 328; x_wconf 68' lang='lat' dir='ltr'>Ejefto.</span> 
     </span>
    </p>
   </div>
   <div class='ocr_carea' id='block_1_14' title="bbox 2364 195 2498 306">
    <p class='ocr_par' dir='ltr' id='par_1_35' title="bbox 2364 195 2498 306">
     <span class='ocr_line' id='line_1_108' title="bbox 2364 195 2498 233; baseline 0.015 -2"><span class='ocrx_word' id='word_1_732' title='bbox 2364 195 2440 231; x_wconf 82' lang='lat' dir='ltr'>Ann.</span> <span class='ocrx_word' id='word_1_733' title='bbox 2455 199 2498 233; x_wconf 87' lang='lat' dir='ltr'>D.</span> 
     </span>
     <span class='ocr_line' id='line_1_109' title="bbox 2388 239 2472 279; baseline 0.012 -11"><span class='ocrx_word' id='word_1_734' title='bbox 2388 239 2472 279; x_wconf 83' lang='lat'>1382.</span> 
     </span>
     <span class='ocr_line' id='line_1_110' title="bbox 2364 279 2461 306; baseline 0.021 -2"><span class='ocrx_word' id='word_1_735' title='bbox 2364 279 2419 306; x_wconf 85' lang='lat' dir='ltr'>Ric.</span> <span class='ocrx_word' id='word_1_736' title='bbox 2434 288 2461 306; x_wconf 88' lang='lat'>2.</span> 
     </span>
    </p>
   </div>
   <div class='ocr_carea' id='block_1_15' title="bbox 1292 359 2457 414">
    <p class='ocr_par' dir='ltr' id='par_1_36' title="bbox 1292 359 2457 414">
     <span class='ocr_line' id='line_1_111' title="bbox 1292 359 2457 414; baseline 0.009 -24"><span class='ocrx_word' id='word_1_737' title='bbox 1292 359 1409 414; x_wconf 77' lang='lat' dir='ltr'>REX</span> <span class='ocrx_word' id='word_1_738' title='bbox 1419 384 1428 398; x_wconf 86' lang='lat'>‚</span> <span class='ocrx_word' id='word_1_739' title='bbox 1445 360 1551 392; x_wconf 71' lang='lat' dir='ltr'>dileffis</span> <span class='ocrx_word' id='word_1_740' title='bbox 1567 363 1634 401; x_wconf 81' lang='lat' dir='ltr'>libi,</span> <span class='ocrx_word' id='word_1_741' title='bbox 1651 362 1769 393; x_wconf 80' lang='lat' dir='ltr'>Geraldo</span> <span class='ocrx_word' id='word_1_742' title='bbox 1783 363 1815 393; x_wconf 79' lang='lat' dir='ltr'>de</span> <span class='ocrx_word' id='word_1_743' title='bbox 1832 366 1933 393; x_wconf 79' lang='lat' dir='ltr'>Meuta</span> <span class='ocrx_word' id='word_1_744' title='bbox 1947 362 2066 395; x_wconf 88' lang='lat' dir='ltr'>Clerico</span> <span class='ocrx_word' id='word_1_745' title='bbox 2076 364 2202 399; x_wconf 81' lang='lat' dir='ltr'>Sacristae</span> <span class='ocrx_word' id='word_1_746' title='bbox 2216 367 2414 406; x_wconf 70' lang='lat' dir='ltr'>Baioniae,Ar¹·</span> <span class='ocrx_word' id='word_1_747' title='bbox 2429 365 2457 392; x_wconf 83' lang='lat'>⁶·</span> 
     </span>
    </p>
   </div>
   <div class='ocr_carea' id='block_1_16' title="bbox 1281 399 2362 2143">
    <p class='ocr_par' dir='ltr' id='par_1_37' title="bbox 1366 399 2299 440">
     <span class='ocr_line' id='line_1_112' title="bbox 1366 399 2299 440; baseline 0.003 -10"><span class='ocrx_word' id='word_1_748' title='bbox 1366 400 1400 430; x_wconf 88' lang='lat'>&amp;</span> <span class='ocrx_word' id='word_1_749' title='bbox 1412 399 1561 430; x_wconf 77' lang='lat' dir='ltr'>Theobaldo</span> <span class='ocrx_word' id='word_1_750' title='bbox 1576 403 1608 431; x_wconf 82' lang='lat' dir='ltr'>de</span> <span class='ocrx_word' id='word_1_751' title='bbox 1622 401 1748 432; x_wconf 81' lang='lat' dir='ltr'>Poileant</span> <span class='ocrx_word' id='word_1_752' title='bbox 1761 401 1920 440; x_wconf 85' lang='lat' dir='ltr'>Scutifero,</span> <span class='ocrx_word' id='word_1_753' title='bbox 1939 402 2073 433; x_wconf 86' lang='lat' dir='ltr'>Salutem.</span> <span class='ocrx_word' id='word_1_754' title='bbox 2294 424 2299 427; x_wconf 88' lang='lat'><em>-</em></span> 
     </span>
    </p>

    <p class='ocr_par' dir='ltr' id='par_1_38' title="bbox 1281 434 2352 593">
     <span class='ocr_line' id='line_1_113' title="bbox 1325 434 2352 482; baseline 0.009 -15"><span class='ocrx_word' id='word_1_755' title='bbox 1325 434 1422 479; x_wconf 77' lang='lat' dir='ltr'>Cum,</span> <span class='ocrx_word' id='word_1_756' title='bbox 1442 438 1611 470; x_wconf 86' lang='lat' dir='ltr'>Venerabilis</span> <span class='ocrx_word' id='word_1_757' title='bbox 1627 442 1655 470; x_wconf 86' lang='lat' dir='ltr'>in</span> <span class='ocrx_word' id='word_1_758' title='bbox 1671 439 1786 471; x_wconf 84' lang='lat' dir='ltr'>Christo</span> <span class='ocrx_word' id='word_1_759' title='bbox 1803 440 1900 479; x_wconf 81' lang='lat' dir='ltr'>Pater,</span> <span class='ocrx_word' id='word_1_760' title='bbox 1917 439 2062 479; x_wconf 87' lang='lat' dir='ltr'>Johannes</span> <span class='ocrx_word' id='word_1_761' title='bbox 2076 442 2217 482; x_wconf 77' lang='lat' dir='ltr'>Epifiopus</span> <span class='ocrx_word' id='word_1_762' title='bbox 2235 449 2271 475; x_wconf 90' lang='lat' dir='ltr'><em>A</em></span> <span class='ocrx_word' id='word_1_763' title='bbox 2288 457 2352 476; x_wconf 84' lang='lat' dir='ltr'>uen-</span> 
     </span>
     <span class='ocr_line' id='line_1_114' title="bbox 1281 471 2349 522; baseline 0.009 -20"><span class='ocrx_word' id='word_1_764' title='bbox 1281 471 1320 512; x_wconf 79' lang='lat' dir='ltr'>fis</span> <span class='ocrx_word' id='word_1_765' title='bbox 1336 484 1364 503; x_wconf 89' lang='lat' dir='ltr'>in</span> <span class='ocrx_word' id='word_1_766' title='bbox 1380 475 1501 507; x_wconf 88' lang='lat' dir='ltr'>Servitio</span> <span class='ocrx_word' id='word_1_767' title='bbox 1515 479 1619 508; x_wconf 83' lang='lat' dir='ltr'>nostro</span> <span class='ocrx_word' id='word_1_768' title='bbox 1626 489 1676 517; x_wconf 88' lang='lat' dir='ltr'>ac,</span> <span class='ocrx_word' id='word_1_769' title='bbox 1695 479 1789 509; x_wconf 70' lang='lat' dir='ltr'>dilecti</span> <span class='ocrx_word' id='word_1_770' title='bbox 1803 479 1915 517; x_wconf 87' lang='lat' dir='ltr'>Patrui,</span> <span class='ocrx_word' id='word_1_771' title='bbox 1934 479 2075 517; x_wconf 84' lang='lat' dir='ltr'>Johannis</span> <span class='ocrx_word' id='word_1_772' title='bbox 2090 483 2167 517; x_wconf 81' lang='lat' dir='ltr'>Regis</span> <span class='ocrx_word' id='word_1_773' title='bbox 2181 482 2268 522; x_wconf 74' lang='lat' dir='ltr'>castet</span> <span class='ocrx_word' id='word_1_774' title='bbox 2311 483 2349 519; x_wconf 59' lang='grc' dir='ltr'>ῤ’</span> 
     </span>
     <span class='ocr_line' id='line_1_115' title="bbox 1289 513 2351 557; baseline 0.015 -18"><span class='ocrx_word' id='word_1_775' title='bbox 1289 513 1415 549; x_wconf 76' lang='lat' dir='ltr'>Legionis</span> <span class='ocrx_word' id='word_1_776' title='bbox 1429 514 1520 545; x_wconf 82' lang='lat' dir='ltr'>Ducis</span> <span class='ocrx_word' id='word_1_777' title='bbox 1536 516 1726 555; x_wconf 81' lang='lat' dir='ltr'>Lancastriae,</span> <span class='ocrx_word' id='word_1_778' title='bbox 1745 518 1774 547; x_wconf 89' lang='lat' dir='ltr'>iii</span> <span class='ocrx_word' id='word_1_779' title='bbox 1789 518 1914 556; x_wconf 88' lang='lat' dir='ltr'>partibus</span> <span class='ocrx_word' id='word_1_780' title='bbox 1926 518 2087 557; x_wconf 80' lang='lat' dir='ltr'>Hispaniae,</span> <span class='ocrx_word' id='word_1_781' title='bbox 2106 518 2158 550; x_wconf 86' lang='lat' dir='ltr'>sub</span> <span class='ocrx_word' id='word_1_782' title='bbox 2172 519 2351 554; x_wconf 70' lang='lat' dir='ltr'>Proteeuone</span> 
     </span>
     <span class='ocr_line' id='line_1_116' title="bbox 1289 550 1870 593; baseline 0.014 -13"><span class='ocrx_word' id='word_1_783' title='bbox 1289 550 1322 580; x_wconf 89' lang='lat'>&amp;</span> <span class='ocrx_word' id='word_1_784' title='bbox 1339 551 1514 590; x_wconf 83' lang='lat' dir='ltr'>Salvagardia</span> <span class='ocrx_word' id='word_1_785' title='bbox 1529 555 1630 585; x_wconf 87' lang='lat' dir='ltr'>nostris</span> <span class='ocrx_word' id='word_1_786' title='bbox 1646 558 1762 593; x_wconf 87' lang='lat' dir='ltr'>praesens</span> <span class='ocrx_word' id='word_1_787' title='bbox 1774 556 1870 588; x_wconf 74' lang='lat' dir='ltr'>existit</span> 
     </span>
    </p>

    <p class='ocr_par' dir='ltr' id='par_1_39' title="bbox 1289 580 2357 788">
     <span class='ocr_line' id='line_1_117' title="bbox 1312 580 2353 635; baseline 0.01 -15"><span class='ocrx_word' id='word_1_788' title='bbox 1312 588 1550 635; x_wconf 62' lang='lat' dir='ltr'>⁴Capitulumque</span> <span class='ocrx_word' id='word_1_789' title='bbox 1572 593 1704 632; x_wconf 86' lang='lat' dir='ltr'>Aquense</span> <span class='ocrx_word' id='word_1_790' title='bbox 1717 617 1727 632; x_wconf 91' lang='lat'>,</span> <span class='ocrx_word' id='word_1_791' title='bbox 1752 595 1808 625; x_wconf 89' lang='lat' dir='ltr'>sive</span> <span class='ocrx_word' id='word_1_792' title='bbox 1831 580 1978 627; x_wconf 71' lang='lat' dir='ltr'>Caiionici</span> <span class='ocrx_word' id='word_1_793' title='bbox 2017 596 2120 627; x_wconf 85' lang='lat' dir='ltr'>&#39;usdem</span> <span class='ocrx_word' id='word_1_794' title='bbox 2136 619 2146 634; x_wconf 90' lang='lat'>,</span> <span class='ocrx_word' id='word_1_795' title='bbox 2163 595 2288 629; x_wconf 88' lang='lat' dir='ltr'>nostram</span> <span class='ocrx_word' id='word_1_796' title='bbox 2310 609 2353 631; x_wconf 84' lang='lat' dir='ltr'>re-</span> 
     </span>
     <span class='ocr_line' id='line_1_118' title="bbox 1289 629 2353 697; baseline 0.01 -39"><span class='ocrx_word' id='word_1_797' title='bbox 1289 636 1366 697; x_wconf 53' lang='lat' dir='ltr'>{am</span> <span class='ocrx_word' id='word_1_798' title='bbox 1388 629 1567 669; x_wconf 68' lang='lat' dir='ltr'>Maiestatem</span> <span class='ocrx_word' id='word_1_799' title='bbox 1581 654 1592 670; x_wconf 64' lang='lat'>2</span> <span class='ocrx_word' id='word_1_800' title='bbox 1618 641 1651 662; x_wconf 88' lang='lat' dir='ltr'>ac</span> <span class='ocrx_word' id='word_1_801' title='bbox 1671 632 1908 672; x_wconf 82' lang='lat' dir='ltr'>Salvamgardiam</span> <span class='ocrx_word' id='word_1_802' title='bbox 1921 658 1932 672; x_wconf 87' lang='lat'>,</span> <span class='ocrx_word' id='word_1_803' title='bbox 1957 635 1991 667; x_wconf 70' lang='grc' dir='ltr'>δε</span> <span class='ocrx_word' id='word_1_804' title='bbox 2040 635 2232 667; x_wconf 72' lang='lat' dir='ltr'>rotefflonem</span> <span class='ocrx_word' id='word_1_805' title='bbox 2251 638 2353 675; x_wconf 84' lang='lat' dir='ltr'>praedi-</span> 
     </span>
     <span class='ocr_line' id='line_1_119' title="bbox 1292 676 2357 754; baseline 0.008 -17"><span class='ocrx_word' id='word_1_806' title='bbox 1292 744 1297 749; x_wconf 39' lang='lat'><strong>.</strong></span> <span class='ocrx_word' id='word_1_807' title='bbox 1320 676 1430 737; x_wconf 60' lang='lat' dir='ltr'>a&#39;¹{&#39;Sub</span> <span class='ocrx_word' id='word_1_808' title='bbox 1449 708 1550 752; x_wconf 84' lang='lat' dir='ltr'>quibus</span> <span class='ocrx_word' id='word_1_809' title='bbox 1572 709 1681 754; x_wconf 71' lang='lat' dir='ltr'>nedum</span> <span class='ocrx_word' id='word_1_810' title='bbox 1703 709 1781 741; x_wconf 88' lang='lat' dir='ltr'>idern</span> <span class='ocrx_word' id='word_1_811' title='bbox 1799 709 1975 748; x_wconf 80' lang='lat' dir='ltr'>Episcopus,</span> <span class='ocrx_word' id='word_1_812' title='bbox 1992 719 2022 742; x_wconf 87' lang='lat' dir='ltr'>ut</span> <span class='ocrx_word' id='word_1_813' title='bbox 2042 714 2238 752; x_wconf 68' lang='lat' dir='ltr'>praemittitur,</span> <span class='ocrx_word' id='word_1_814' title='bbox 2262 685 2357 747; x_wconf 42' lang='lat' dir='ltr'>iet-«Sc</span> 
     </span>
     <span class='ocr_line' id='line_1_120' title="bbox 1289 743 2233 788; baseline 0.008 -14"><span class='ocrx_word' id='word_1_815' title='bbox 1289 743 1371 782; x_wconf 88' lang='lat' dir='ltr'>ipsius</span> <span class='ocrx_word' id='word_1_816' title='bbox 1386 744 1528 785; x_wconf 89' lang='lat' dir='ltr'>Vicarius,</span> <span class='ocrx_word' id='word_1_817' title='bbox 1547 747 1711 787; x_wconf 85' lang='lat' dir='ltr'>Officiales,</span> <span class='ocrx_word' id='word_1_818' title='bbox 1730 748 1949 788; x_wconf 65' lang='lat' dir='ltr'>Procuratores,</span> <span class='ocrx_word' id='word_1_819' title='bbox 1968 749 2002 781; x_wconf 89' lang='lat'>&amp;</span> <span class='ocrx_word' id='word_1_820' title='bbox 2018 748 2098 781; x_wconf 90' lang='lat' dir='ltr'>Bona</span> <span class='ocrx_word' id='word_1_821' title='bbox 2113 752 2233 783; x_wconf 82' lang='lat' dir='ltr'>existunt</span> 
     </span>
    </p>

    <p class='ocr_par' dir='ltr' id='par_1_40' title="bbox 1289 777 2358 1045">
     <span class='ocr_line' id='line_1_121' title="bbox 1328 777 2356 830; baseline 0.01 -17"><span class='ocrx_word' id='word_1_822' title='bbox 1328 782 1449 827; x_wconf 69' lang='lat' dir='ltr'>Laedere</span> <span class='ocrx_word' id='word_1_823' title='bbox 1463 796 1522 815; x_wconf 90' lang='lat' dir='ltr'>non</span> <span class='ocrx_word' id='word_1_824' title='bbox 1538 796 1682 826; x_wconf 79' lang='lat' dir='ltr'>verentes,</span> <span class='ocrx_word' id='word_1_825' title='bbox 1700 787 1849 825; x_wconf 84' lang='lat' dir='ltr'>praefatum</span> <span class='ocrx_word' id='word_1_826' title='bbox 1863 786 2038 826; x_wconf 87' lang='lat' dir='ltr'>Episcopum</span> <span class='ocrx_word' id='word_1_827' title='bbox 2047 811 2057 827; x_wconf 86' lang='lat'>,</span> <span class='ocrx_word' id='word_1_828' title='bbox 2074 799 2106 820; x_wconf 89' lang='lat' dir='ltr'>ac</span> <span class='ocrx_word' id='word_1_829' title='bbox 2120 777 2282 830; x_wconf 74' lang='lat' dir='ltr'>Vicariut’n,</span> <span class='ocrx_word' id='word_1_830' title='bbox 2296 791 2356 822; x_wconf 87' lang='lat' dir='ltr'>Of-</span> 
     </span>
     <span class='ocr_line' id='line_1_122' title="bbox 1290 820 2355 867; baseline 0.01 -16"><span class='ocrx_word' id='word_1_831' title='bbox 1290 820 1410 867; x_wconf 76' lang='lat' dir='ltr'>ficiales,</span> <span class='ocrx_word' id='word_1_832' title='bbox 1428 824 1462 855; x_wconf 75' lang='grc' dir='ltr'>δε</span> <span class='ocrx_word' id='word_1_833' title='bbox 1485 823 1686 856; x_wconf 82' lang='lat' dir='ltr'>Procuratores</span> <span class='ocrx_word' id='word_1_834' title='bbox 1708 826 1787 865; x_wconf 84' lang='lat' dir='ltr'>suos,</span> <span class='ocrx_word' id='word_1_835' title='bbox 1806 825 1856 857; x_wconf 89' lang='lat' dir='ltr'>sub</span> <span class='ocrx_word' id='word_1_836' title='bbox 1879 825 1938 864; x_wconf 86' lang='lat' dir='ltr'>ipso</span> <span class='ocrx_word' id='word_1_837' title='bbox 1961 827 1995 858; x_wconf 88' lang='lat'>&amp;</span> <span class='ocrx_word' id='word_1_838' title='bbox 2012 827 2069 864; x_wconf 92' lang='lat' dir='ltr'>ejus</span> <span class='ocrx_word' id='word_1_839' title='bbox 2087 828 2206 858; x_wconf 89' lang='lat' dir='ltr'>nomine</span> <span class='ocrx_word' id='word_1_840' title='bbox 2220 829 2355 861; x_wconf 89' lang='lat' dir='ltr'>Admini-</span> 
     </span>
     <span class='ocr_line' id='line_1_123' title="bbox 1289 860 2358 905; baseline 0.01 -15"><span class='ocrx_word' id='word_1_841' title='bbox 1289 860 1453 892; x_wconf 89' lang='lat' dir='ltr'>strationem</span> <span class='ocrx_word' id='word_1_842' title='bbox 1468 864 1550 900; x_wconf 84' lang='lat' dir='ltr'>iplius</span> <span class='ocrx_word' id='word_1_843' title='bbox 1563 864 1748 902; x_wconf 75' lang='lat' dir='ltr'>Episcopatus</span> <span class='ocrx_word' id='word_1_844' title='bbox 1761 866 1792 895; x_wconf 93' lang='lat' dir='ltr'>in</span> <span class='ocrx_word' id='word_1_845' title='bbox 1805 864 1998 905; x_wconf 86' lang='lat' dir='ltr'>Spiritualibus</span> <span class='ocrx_word' id='word_1_846' title='bbox 2013 866 2047 896; x_wconf 77' lang='grc' dir='ltr'>δε</span> <span class='ocrx_word' id='word_1_847' title='bbox 2065 865 2287 904; x_wconf 85' lang='lat' dir='ltr'>Temporalibus</span> <span class='ocrx_word' id='word_1_848' title='bbox 2307 878 2358 901; x_wconf 87' lang='lat' dir='ltr'>ex-</span> 
     </span>
     <span class='ocr_line' id='line_1_124' title="bbox 1290 902 2337 944; baseline 0.006 -14"><span class='ocrx_word' id='word_1_849' title='bbox 1290 908 1448 944; x_wconf 76' lang='lat' dir='ltr'>cercenteS,</span> <span class='ocrx_word' id='word_1_850' title='bbox 1466 902 1502 932; x_wconf 88' lang='lat' dir='ltr'>de</span> <span class='ocrx_word' id='word_1_851' title='bbox 1517 902 1595 933; x_wconf 58' lang='lat' dir='ltr'>disto</span> <span class='ocrx_word' id='word_1_852' title='bbox 1617 902 1804 941; x_wconf 81' lang='lat' dir='ltr'>Episcopatu,</span> <span class='ocrx_word' id='word_1_853' title='bbox 1824 912 1925 940; x_wconf 85' lang='lat' dir='ltr'>praeter</span> <span class='ocrx_word' id='word_1_854' title='bbox 1943 903 1977 934; x_wconf 89' lang='lat'>&amp;</span> <span class='ocrx_word' id='word_1_855' title='bbox 1989 913 2090 935; x_wconf 85' lang='lat' dir='ltr'>contra</span> <span class='ocrx_word' id='word_1_856' title='bbox 2110 906 2184 942; x_wconf 82' lang='lat' dir='ltr'>juris</span> <span class='ocrx_word' id='word_1_857' title='bbox 2195 903 2337 937; x_wconf 84' lang='lat' dir='ltr'>Ordinem</span> 
     </span>
     <span class='ocr_line' id='line_1_125' title="bbox 1289 932 2356 981; baseline 0.008 -14"><span class='ocrx_word' id='word_1_858' title='bbox 1289 945 1320 967; x_wconf 90' lang='lat' dir='ltr'>ut</span> <span class='ocrx_word' id='word_1_859' title='bbox 1342 938 1462 977; x_wconf 85' lang='lat' dir='ltr'>dieitur,</span> <span class='ocrx_word' id='word_1_860' title='bbox 1479 942 1638 979; x_wconf 85' lang='lat' dir='ltr'>ejecerunt,</span> <span class='ocrx_word' id='word_1_861' title='bbox 1657 942 1690 973; x_wconf 70' lang='grc' dir='ltr'>ὃς</span> <span class='ocrx_word' id='word_1_862' title='bbox 1712 943 1748 972; x_wconf 89' lang='lat' dir='ltr'>de</span> <span class='ocrx_word' id='word_1_863' title='bbox 1770 941 1860 972; x_wconf 72' lang='lat' dir='ltr'>Facto</span> <span class='ocrx_word' id='word_1_864' title='bbox 1880 943 2010 980; x_wconf 88' lang='lat' dir='ltr'>nequiter</span> <span class='ocrx_word' id='word_1_865' title='bbox 2030 942 2198 981; x_wconf 71' lang='lat' dir='ltr'>spoliarunt,</span> <span class='ocrx_word' id='word_1_866' title='bbox 2216 944 2246 974; x_wconf 91' lang='lat' dir='ltr'>in</span> <span class='ocrx_word' id='word_1_867' title='bbox 2268 932 2356 976; x_wconf 58' lang='lat' dir='ltr'>dieii</span> 
     </span>
     <span class='ocr_line' id='line_1_126' title="bbox 1289 976 2355 1045; baseline 0.007 -38"><span class='ocrx_word' id='word_1_868' title='bbox 1289 976 1393 1045; x_wconf 80' lang='lat' dir='ltr'>nGostrae</span> <span class='ocrx_word' id='word_1_869' title='bbox 1409 977 1574 1018; x_wconf 85' lang='lat' dir='ltr'>Magestatis</span> <span class='ocrx_word' id='word_1_870' title='bbox 1587 988 1808 1019; x_wconf 87' lang='lat' dir='ltr'>contemptum,</span> <span class='ocrx_word' id='word_1_871' title='bbox 1825 980 1962 1020; x_wconf 77' lang='lat' dir='ltr'>ipsiusque</span> <span class='ocrx_word' id='word_1_872' title='bbox 1975 981 2112 1020; x_wconf 83' lang='lat' dir='ltr'>Episcopi</span> <span class='ocrx_word' id='word_1_873' title='bbox 2126 980 2297 1021; x_wconf 85' lang='lat' dir='ltr'>Dampnurn</span> <span class='ocrx_word' id='word_1_874' title='bbox 2320 984 2355 1015; x_wconf 78' lang='grc' dir='ltr'>δε</span> 
     </span>
    </p>

    <p class='ocr_par' dir='ltr' id='par_1_41' title="bbox 1324 1025 1465 1047">
     <span class='ocr_line' id='line_1_127' title="bbox 1324 1025 1465 1047; baseline 0.014 -2"><span class='ocrx_word' id='word_1_875' title='bbox 1324 1025 1465 1047; x_wconf 89' lang='lat' dir='ltr'>ravamen.</span> 
     </span>
    </p>

    <p class='ocr_par' dir='ltr' id='par_1_42' title="bbox 1327 1053 1410 1093">
     <span class='ocr_line' id='line_1_128' title="bbox 1327 1053 1410 1093; baseline 0 -9"><span class='ocrx_word' id='word_1_876' title='bbox 1327 1053 1410 1093; x_wconf 88' lang='lat' dir='ltr'>Nos,</span> 
     </span>
    </p>

    <p class='ocr_par' dir='ltr' id='par_1_43' title="bbox 1290 1092 2357 1212">
     <span class='ocr_line' id='line_1_129' title="bbox 1327 1092 2356 1138; baseline 0.008 -16"><span class='ocrx_word' id='word_1_877' title='bbox 1327 1092 1546 1138; x_wconf 71' lang='lat' dir='ltr'>Considerantes</span> <span class='ocrx_word' id='word_1_878' title='bbox 1587 1096 1647 1128; x_wconf 82' lang='lat' dir='ltr'>uod</span> <span class='ocrx_word' id='word_1_879' title='bbox 1667 1096 1795 1135; x_wconf 74' lang='lat' dir='ltr'>praefatus</span> <span class='ocrx_word' id='word_1_880' title='bbox 1815 1096 1840 1128; x_wconf 91' lang='lat' dir='ltr'><strong>E</strong></span> <span class='ocrx_word' id='word_1_881' title='bbox 1863 1097 1972 1135; x_wconf 87' lang='lat' dir='ltr'>iscopus</span> <span class='ocrx_word' id='word_1_882' title='bbox 1995 1098 2032 1129; x_wconf 88' lang='lat' dir='ltr'>fic</span> <span class='ocrx_word' id='word_1_883' title='bbox 2045 1098 2103 1137; x_wconf 78' lang='lat' dir='ltr'>est,</span> <span class='ocrx_word' id='word_1_884' title='bbox 2121 1098 2156 1130; x_wconf 87' lang='lat' dir='ltr'>ad</span> <span class='ocrx_word' id='word_1_885' title='bbox 2172 1099 2292 1138; x_wconf 86' lang='lat' dir='ltr'>praesens</span> <span class='ocrx_word' id='word_1_886' title='bbox 2325 1100 2356 1131; x_wconf 87' lang='lat' dir='ltr'>in</span> 
     </span>
     <span class='ocr_line' id='line_1_130' title="bbox 1290 1106 2357 1178; baseline 0.009 -18"><span class='ocrx_word' id='word_1_887' title='bbox 1290 1131 1392 1175; x_wconf 78' lang='lat' dir='ltr'>nostris</span> <span class='ocrx_word' id='word_1_888' title='bbox 1404 1143 1559 1172; x_wconf 90' lang='lat' dir='ltr'>occupatus</span> <span class='ocrx_word' id='word_1_889' title='bbox 1566 1106 1726 1175; x_wconf 38' lang='lat' dir='ltr'>{segonig</span> <span class='ocrx_word' id='word_1_890' title='bbox 1745 1135 1826 1175; x_wconf 76' lang='lat' dir='ltr'>quod</span> <span class='ocrx_word' id='word_1_891' title='bbox 1849 1137 1889 1167; x_wconf 90' lang='lat' dir='ltr'>uis</span> <span class='ocrx_word' id='word_1_892' title='bbox 1902 1135 2028 1175; x_wconf 86' lang='lat' dir='ltr'>Propriis</span> <span class='ocrx_word' id='word_1_893' title='bbox 2042 1137 2186 1169; x_wconf 89' lang='lat' dir='ltr'>intendere</span> <span class='ocrx_word' id='word_1_894' title='bbox 2199 1147 2261 1169; x_wconf 90' lang='lat' dir='ltr'>non</span> <span class='ocrx_word' id='word_1_895' title='bbox 2273 1122 2357 1178; x_wconf 64' lang='lat' dir='ltr'>pote-</span> 
     </span>
     <span class='ocr_line' id='line_1_131' title="bbox 1291 1174 1743 1212; baseline 0.013 -13"><span class='ocrx_word' id='word_1_896' title='bbox 1291 1179 1327 1200; x_wconf 85' lang='lat' dir='ltr'>rit</span> <span class='ocrx_word' id='word_1_897' title='bbox 1360 1180 1445 1208; x_wconf 92' lang='lat' dir='ltr'>prout</span> <span class='ocrx_word' id='word_1_898' title='bbox 1459 1174 1569 1212; x_wconf 81' lang='lat' dir='ltr'>expedit</span> <span class='ocrx_word' id='word_1_899' title='bbox 1582 1176 1615 1206; x_wconf 92' lang='lat'>&amp;</span> <span class='ocrx_word' id='word_1_900' title='bbox 1630 1175 1743 1205; x_wconf 88' lang='lat' dir='ltr'>deceret</span> 
     </span>
    </p>

    <p class='ocr_par' dir='ltr' id='par_1_44' title="bbox 1327 1195 2320 1289">
     <span class='ocr_line' id='line_1_132' title="bbox 1327 1195 2320 1289; baseline 0.007 -12"><span class='ocrx_word' id='word_1_901' title='bbox 1327 1195 1730 1282; x_wconf 46' lang='lat' dir='ltr'>itfflstmb</span> <span class='ocrx_word' id='word_1_902' title='bbox 1744 1199 1942 1289; x_wconf 51' lang='lat' dir='ltr'>iam&#39;fiz‘ffi</span> <span class='ocrx_word' id='word_1_903' title='bbox 1957 1213 2104 1283; x_wconf 43' lang='lat' dir='ltr'>nisi</span> <span class='ocrx_word' id='word_1_904' title='bbox 2118 1214 2320 1285; x_wconf 50' lang='lat' dir='ltr'>pridies-</span> 
     </span>
    </p>

    <p class='ocr_par' dir='ltr' id='par_1_45' title="bbox 1291 1262 2358 1522">
     <span class='ocr_line' id='line_1_133' title="bbox 2000 1263 2235 1284; baseline 0.004 -1"><span class='ocrx_word' id='word_1_905' title='bbox 2000 1263 2034 1283; x_wconf 85' lang='lat' dir='ltr'>ei</span> <span class='ocrx_word' id='word_1_906' title='bbox 2047 1263 2062 1282; x_wconf 90' lang='lat' dir='ltr'>a</span> <span class='ocrx_word' id='word_1_907' title='bbox 2075 1263 2091 1283; x_wconf 91' lang='lat' dir='ltr'>e</span> <span class='ocrx_word' id='word_1_908' title='bbox 2126 1263 2167 1284; x_wconf 88' lang='lat' dir='ltr'>cir</span> <span class='ocrx_word' id='word_1_909' title='bbox 2186 1263 2235 1284; x_wconf 88' lang='lat' dir='ltr'>um</span> 
     </span>
     <span class='ocr_line' id='line_1_134' title="bbox 1291 1262 2358 1332; baseline 0.007 -16"><span class='ocrx_word' id='word_1_910' title='bbox 1291 1295 1344 1330; x_wconf 85' lang='lat' dir='ltr'>ne,</span> <span class='ocrx_word' id='word_1_911' title='bbox 1362 1287 1395 1318; x_wconf 89' lang='lat'>&amp;</span> <span class='ocrx_word' id='word_1_912' title='bbox 1414 1273 1548 1320; x_wconf 67' lang='lat' dir='ltr'>industria</span> <span class='ocrx_word' id='word_1_913' title='bbox 1569 1289 1693 1328; x_wconf 88' lang='lat' dir='ltr'>providis</span> <span class='ocrx_word' id='word_1_914' title='bbox 1713 1291 1796 1329; x_wconf 81' lang='lat' dir='ltr'>plene</span> <span class='ocrx_word' id='word_1_915' title='bbox 1813 1262 2001 1328; x_wconf 64' lang='grc' dir='ltr'>ίἐοηίὶἀίῐῐιιιε)</span> <span class='ocrx_word' id='word_1_916' title='bbox 2016 1292 2046 1321; x_wconf 88' lang='lat' dir='ltr'>in</span> <span class='ocrx_word' id='word_1_917' title='bbox 2059 1277 2131 1322; x_wconf 73' lang='lat' dir='ltr'>Fide</span> <span class='ocrx_word' id='word_1_918' title='bbox 2143 1291 2178 1323; x_wconf 91' lang='lat'>&amp;</span> <span class='ocrx_word' id='word_1_919' title='bbox 2193 1263 2358 1332; x_wconf 52' lang='lat' dir='ltr'>Uggntiao-</span> 
     </span>
     <span class='ocr_line' id='line_1_135' title="bbox 1315 1315 2358 1372; baseline 0.006 -17"><span class='ocrx_word' id='word_1_920' title='bbox 1315 1325 1394 1356; x_wconf 90' lang='lat' dir='ltr'>uibus</span> <span class='ocrx_word' id='word_1_921' title='bbox 1407 1328 1490 1372; x_wconf 68' lang='lat' dir='ltr'>nobis</span> <span class='ocrx_word' id='word_1_922' title='bbox 1505 1329 1658 1372; x_wconf 83' lang='lat' dir='ltr'>tenemini,</span> <span class='ocrx_word' id='word_1_923' title='bbox 1678 1327 1866 1360; x_wconf 85' lang='lat' dir='ltr'>Comittimus</span> <span class='ocrx_word' id='word_1_924' title='bbox 1879 1330 1913 1361; x_wconf 70' lang='grc' dir='ltr'>ὃς</span> <span class='ocrx_word' id='word_1_925' title='bbox 1929 1329 2104 1360; x_wconf 89' lang='lat' dir='ltr'>Mandamus</span> <span class='ocrx_word' id='word_1_926' title='bbox 2118 1330 2245 1368; x_wconf 86' lang='lat' dir='ltr'>quatinus</span> <span class='ocrx_word' id='word_1_927' title='bbox 2266 1315 2358 1370; x_wconf 63' lang='lat' dir='ltr'>Bona:</span> 
     </span>
     <span class='ocr_line' id='line_1_136' title="bbox 1310 1365 2356 1408; baseline 0.007 -15"><span class='ocrx_word' id='word_1_928' title='bbox 1310 1373 1373 1408; x_wconf 80' lang='lat' dir='ltr'>ura,</span> <span class='ocrx_word' id='word_1_929' title='bbox 1389 1365 1618 1405; x_wconf 70' lang='lat' dir='ltr'>Jurisditstiones,</span> <span class='ocrx_word' id='word_1_930' title='bbox 1636 1369 1669 1399; x_wconf 76' lang='grc' dir='ltr'>δε</span> <span class='ocrx_word' id='word_1_931' title='bbox 1683 1368 1734 1398; x_wconf 88' lang='lat' dir='ltr'>alia</span> <span class='ocrx_word' id='word_1_932' title='bbox 1769 1377 1954 1407; x_wconf 70' lang='lat' dir='ltr'>uaecumque,</span> <span class='ocrx_word' id='word_1_933' title='bbox 1971 1368 2007 1399; x_wconf 90' lang='lat' dir='ltr'>ad</span> <span class='ocrx_word' id='word_1_934' title='bbox 2021 1367 2132 1399; x_wconf 60' lang='lat' dir='ltr'>didium</span> <span class='ocrx_word' id='word_1_935' title='bbox 2151 1367 2356 1407; x_wconf 87' lang='lat' dir='ltr'>Episcopatum</span> 
     </span>
     <span class='ocr_line' id='line_1_137' title="bbox 1293 1405 2357 1477; baseline 0.005 -44"><span class='ocrx_word' id='word_1_936' title='bbox 1293 1406 1474 1473; x_wconf 43' lang='lat' dir='ltr'>perghncetputig,</span> <span class='ocrx_word' id='word_1_937' title='bbox 1492 1407 1610 1475; x_wconf 55' lang='lat' dir='ltr'>ngmlirile</span> <span class='ocrx_word' id='word_1_938' title='bbox 1626 1407 1732 1444; x_wconf 79' lang='lat' dir='ltr'>praefati</span> <span class='ocrx_word' id='word_1_939' title='bbox 1774 1406 1891 1476; x_wconf 49' lang='lat' dir='ltr'>{isc-⁰91³}</span> <span class='ocrx_word' id='word_1_940' title='bbox 1889 1430 1899 1445; x_wconf 86' lang='lat'>,</span> <span class='ocrx_word' id='word_1_941' title='bbox 1917 1417 1951 1451; x_wconf 78' lang='lat' dir='ltr'>ac</span> <span class='ocrx_word' id='word_1_942' title='bbox 1972 1405 2007 1437; x_wconf 90' lang='lat' dir='ltr'>ad</span> <span class='ocrx_word' id='word_1_943' title='bbox 1999 1406 2357 1477; x_wconf 42' lang='lat' dir='ltr'>ggpaQUS·C1{)1-mm⁰dqm·&#39;</span> 
     </span>
     <span class='ocr_line' id='line_1_138' title="bbox 1293 1445 2358 1522; baseline 0.008 -12"><span class='ocrx_word' id='word_1_944' title='bbox 1293 1479 1344 1510; x_wconf 74' lang='lat' dir='ltr'>viis</span> <span class='ocrx_word' id='word_1_945' title='bbox 1359 1481 1391 1511; x_wconf 73' lang='grc' dir='ltr'>δι</span> <span class='ocrx_word' id='word_1_946' title='bbox 1407 1466 1500 1512; x_wconf 68' lang='lat' dir='ltr'>moniis</span> <span class='ocrx_word' id='word_1_947' title='bbox 1513 1454 1975 1522; x_wconf 45' lang='lat' dir='ltr'>meiio‘issioifffii’ibiisssssiiis,rens²</span> <span class='ocrx_word' id='word_1_948' title='bbox 2086 1455 2156 1477; x_wconf 77' lang='lat' dir='ltr'>mim</span> <span class='ocrx_word' id='word_1_949' title='bbox 2195 1455 2233 1477; x_wconf 87' lang='lat' dir='ltr'>an</span> <span class='ocrx_word' id='word_1_950' title='bbox 2251 1445 2358 1478; x_wconf 78' lang='lat' dir='ltr'>faciatis</span> 
     </span>
    </p>

    <p class='ocr_par' dir='ltr' id='par_1_46' title="bbox 1291 1517 2360 1822">
     <span class='ocr_line' id='line_1_139' title="bbox 1332 1517 2359 1564; baseline 0.006 -16"><span class='ocrx_word' id='word_1_951' title='bbox 1332 1517 1516 1558; x_wconf 89' lang='lat' dir='ltr'>Compotum</span> <span class='ocrx_word' id='word_1_952' title='bbox 1532 1521 1588 1553; x_wconf 87' lang='lat' dir='ltr'>five</span> <span class='ocrx_word' id='word_1_953' title='bbox 1601 1521 1800 1553; x_wconf 85' lang='lat' dir='ltr'>Ratiocinium</span> <span class='ocrx_word' id='word_1_954' title='bbox 1815 1521 1853 1553; x_wconf 88' lang='lat' dir='ltr'>de</span> <span class='ocrx_word' id='word_1_955' title='bbox 1867 1523 2019 1561; x_wconf 87' lang='lat' dir='ltr'>omnibus,</span> <span class='ocrx_word' id='word_1_956' title='bbox 2034 1532 2085 1561; x_wconf 87' lang='lat' dir='ltr'>per</span> <span class='ocrx_word' id='word_1_957' title='bbox 2104 1522 2216 1554; x_wconf 67' lang='lat' dir='ltr'>dietum</span> <span class='ocrx_word' id='word_1_958' title='bbox 2237 1521 2359 1564; x_wconf 85' lang='lat' dir='ltr'>Capitu-</span> 
     </span>
     <span class='ocr_line' id='line_1_140' title="bbox 1293 1555 2360 1601; baseline 0.005 -13"><span class='ocrx_word' id='word_1_959' title='bbox 1293 1555 1374 1601; x_wconf 56' lang='lat' dir='ltr'>lum?</span> <span class='ocrx_word' id='word_1_960' title='bbox 1391 1559 1436 1589; x_wconf 90' lang='lat' dir='ltr'>seu</span> <span class='ocrx_word' id='word_1_961' title='bbox 1449 1558 1616 1591; x_wconf 85' lang='lat' dir='ltr'>Canonicos</span> <span class='ocrx_word' id='word_1_962' title='bbox 1631 1560 1778 1601; x_wconf 78' lang='lat' dir='ltr'>singulares</span> <span class='ocrx_word' id='word_1_963' title='bbox 1791 1559 1933 1600; x_wconf 86' lang='lat' dir='ltr'>ejusdem,</span> <span class='ocrx_word' id='word_1_964' title='bbox 1950 1561 1986 1592; x_wconf 92' lang='lat' dir='ltr'>de</span> <span class='ocrx_word' id='word_1_965' title='bbox 2003 1561 2083 1592; x_wconf 70' lang='lat' dir='ltr'>dicto</span> <span class='ocrx_word' id='word_1_966' title='bbox 2101 1560 2205 1599; x_wconf 89' lang='lat' dir='ltr'>Episco</span> <span class='ocrx_word' id='word_1_967' title='bbox 2225 1570 2273 1592; x_wconf 86' lang='lat' dir='ltr'>atu</span> <span class='ocrx_word' id='word_1_968' title='bbox 2295 1571 2360 1600; x_wconf 88' lang='lat' dir='ltr'>per-</span> 
     </span>
     <span class='ocr_line' id='line_1_141' title="bbox 1291 1598 2358 1643; baseline 0.007 -18"><span class='ocrx_word' id='word_1_969' title='bbox 1291 1603 1399 1640; x_wconf 81' lang='lat' dir='ltr'>ceptis,</span> <span class='ocrx_word' id='word_1_970' title='bbox 1418 1598 1456 1641; x_wconf 32' lang='grc' dir='ltr'>,δε</span> <span class='ocrx_word' id='word_1_971' title='bbox 1477 1608 1542 1643; x_wconf 70' lang='lat' dir='ltr'>quae</span> <span class='ocrx_word' id='word_1_972' title='bbox 1562 1600 1669 1638; x_wconf 88' lang='lat' dir='ltr'>percipi</span> <span class='ocrx_word' id='word_1_973' title='bbox 1691 1607 1839 1638; x_wconf 88' lang='lat' dir='ltr'>poterunt,</span> <span class='ocrx_word' id='word_1_974' title='bbox 1863 1600 1882 1630; x_wconf 90' lang='lat' dir='ltr'>si</span> <span class='ocrx_word' id='word_1_975' title='bbox 1903 1599 1984 1638; x_wconf 89' lang='lat' dir='ltr'>ipsius</span> <span class='ocrx_word' id='word_1_976' title='bbox 2006 1599 2137 1638; x_wconf 87' lang='lat' dir='ltr'>Episcopi</span> <span class='ocrx_word' id='word_1_977' title='bbox 2156 1599 2186 1629; x_wconf 93' lang='lat' dir='ltr'>O</span> <span class='ocrx_word' id='word_1_978' title='bbox 2222 1600 2305 1632; x_wconf 70' lang='lat' dir='ltr'>ciales</span> <span class='ocrx_word' id='word_1_979' title='bbox 2322 1600 2358 1632; x_wconf 87' lang='lat'>&amp;</span> 
     </span>
     <span class='ocr_line' id='line_1_142' title="bbox 1294 1633 2359 1678; baseline 0.006 -15"><span class='ocrx_word' id='word_1_980' title='bbox 1294 1633 1424 1665; x_wconf 88' lang='lat' dir='ltr'>Ministti</span> <span class='ocrx_word' id='word_1_981' title='bbox 1438 1636 1643 1668; x_wconf 73' lang='lat' dir='ltr'>administrasse</span> <span class='ocrx_word' id='word_1_982' title='bbox 1655 1637 1745 1669; x_wconf 79' lang='lat' dir='ltr'>libere</span> <span class='ocrx_word' id='word_1_983' title='bbox 1761 1637 1932 1676; x_wconf 77' lang='lat' dir='ltr'>potuissent,</span> <span class='ocrx_word' id='word_1_984' title='bbox 1950 1648 1965 1668; x_wconf 89' lang='lat' dir='ltr'>a</span> <span class='ocrx_word' id='word_1_985' title='bbox 1977 1637 2058 1669; x_wconf 69' lang='lat' dir='ltr'>dieto</span> <span class='ocrx_word' id='word_1_986' title='bbox 2073 1637 2228 1678; x_wconf 80' lang='lat' dir='ltr'>capitulo,</span> <span class='ocrx_word' id='word_1_987' title='bbox 2247 1639 2280 1670; x_wconf 90' lang='lat'>&amp;</span> <span class='ocrx_word' id='word_1_988' title='bbox 2303 1638 2359 1670; x_wconf 89' lang='lat' dir='ltr'>sin-</span> 
     </span>
     <span class='ocr_line' id='line_1_143' title="bbox 1293 1672 2359 1715; baseline 0.005 -12"><span class='ocrx_word' id='word_1_989' title='bbox 1293 1672 1434 1712; x_wconf 88' lang='lat' dir='ltr'>gularibus</span> <span class='ocrx_word' id='word_1_990' title='bbox 1447 1674 1577 1706; x_wconf 88' lang='lat' dir='ltr'>Personis</span> <span class='ocrx_word' id='word_1_991' title='bbox 1591 1676 1729 1715; x_wconf 85' lang='lat' dir='ltr'>ejusdem,</span> <span class='ocrx_word' id='word_1_992' title='bbox 1747 1675 1875 1707; x_wconf 65' lang='lat' dir='ltr'>districte</span> <span class='ocrx_word' id='word_1_993' title='bbox 1889 1677 1922 1709; x_wconf 88' lang='lat'>&amp;</span> <span class='ocrx_word' id='word_1_994' title='bbox 1936 1676 2060 1713; x_wconf 88' lang='lat' dir='ltr'>legaliter</span> <span class='ocrx_word' id='word_1_995' title='bbox 2073 1677 2217 1715; x_wconf 85' lang='lat' dir='ltr'>exigentes</span> <span class='ocrx_word' id='word_1_996' title='bbox 2251 1678 2286 1709; x_wconf 72' lang='grc' dir='ltr'>δι</span> <span class='ocrx_word' id='word_1_997' title='bbox 2298 1676 2359 1708; x_wconf 89' lang='grc' dir='ltr'>Βο-</span> 
     </span>
     <span class='ocr_line' id='line_1_144' title="bbox 1294 1699 2359 1779; baseline 0.006 -38"><span class='ocrx_word' id='word_1_998' title='bbox 1294 1721 1352 1779; x_wconf 56' lang='lat' dir='ltr'>fla„</span> <span class='ocrx_word' id='word_1_999' title='bbox 1364 1722 1413 1756; x_wconf 90' lang='lat' dir='ltr'>per</span> <span class='ocrx_word' id='word_1_1000' title='bbox 1426 1713 1496 1758; x_wconf 82' lang='lat' dir='ltr'>ipsos</span> <span class='ocrx_word' id='word_1_1001' title='bbox 1512 1724 1643 1753; x_wconf 88' lang='lat' dir='ltr'>recepta,</span> <span class='ocrx_word' id='word_1_1002' title='bbox 1661 1714 1769 1753; x_wconf 73' lang='lat' dir='ltr'>praefati</span> <span class='ocrx_word' id='word_1_1003' title='bbox 1781 1713 1886 1759; x_wconf 66' lang='lat' dir='ltr'>Episco</span> <span class='ocrx_word' id='word_1_1004' title='bbox 1907 1715 2038 1758; x_wconf 73' lang='lat' dir='ltr'>insibus,</span> <span class='ocrx_word' id='word_1_1005' title='bbox 2055 1723 2141 1759; x_wconf 83' lang='lat' dir='ltr'>prout</span> <span class='ocrx_word' id='word_1_1006' title='bbox 2160 1699 2292 1759; x_wconf 70' lang='lat' dir='ltr'>expe’dire</span> <span class='ocrx_word' id='word_1_1007' title='bbox 2313 1716 2359 1760; x_wconf 75' lang='lat' dir='ltr'>vi-</span> 
     </span>
     <span class='ocr_line' id='line_1_145' title="bbox 1294 1752 2359 1822; baseline 0.004 -40"><span class='ocrx_word' id='word_1_1008' title='bbox 1294 1760 1393 1820; x_wconf 49' lang='grc' dir='ltr'>Οῗὲιίιῃιεᾶ</span> <span class='ocrx_word' id='word_1_1009' title='bbox 1395 1775 1414 1820; x_wconf 52' lang='lat'>,1</span> <span class='ocrx_word' id='word_1_1010' title='bbox 1415 1753 1608 1822; x_wconf 43' lang='lat' dir='ltr'>tigrellcames’</span> <span class='ocrx_word' id='word_1_1011' title='bbox 1626 1753 1772 1793; x_wconf 89' lang='lat' dir='ltr'>quousque</span> <span class='ocrx_word' id='word_1_1012' title='bbox 1795 1753 1871 1784; x_wconf 85' lang='lat' dir='ltr'>idem</span> <span class='ocrx_word' id='word_1_1013' title='bbox 1921 1752 2051 1791; x_wconf 84' lang='lat' dir='ltr'>piscopus</span> <span class='ocrx_word' id='word_1_1014' title='bbox 2069 1753 2147 1784; x_wconf 84' lang='lat' dir='ltr'>aliter</span> <span class='ocrx_word' id='word_1_1015' title='bbox 2168 1754 2234 1785; x_wconf 77' lang='lat' dir='ltr'>inde</span> <span class='ocrx_word' id='word_1_1016' title='bbox 2248 1754 2359 1787; x_wconf 81' lang='lat' dir='ltr'>duxerit</span> 
     </span>
    </p>

    <p class='ocr_par' dir='ltr' id='par_1_47' title="bbox 1294 1827 2362 2062">
     <span class='ocr_line' id='line_1_146' title="bbox 1332 1827 2360 1870; baseline 0.006 -12"><span class='ocrx_word' id='word_1_1017' title='bbox 1332 1827 1476 1861; x_wconf 89' lang='lat' dir='ltr'>Dedimus</span> <span class='ocrx_word' id='word_1_1018' title='bbox 1492 1840 1614 1870; x_wconf 89' lang='lat' dir='ltr'>namque</span> <span class='ocrx_word' id='word_1_1019' title='bbox 1629 1830 1786 1862; x_wconf 88' lang='lat' dir='ltr'>Senescallo</span> <span class='ocrx_word' id='word_1_1020' title='bbox 1800 1829 1902 1861; x_wconf 91' lang='lat' dir='ltr'>nostro</span> <span class='ocrx_word' id='word_1_1021' title='bbox 1918 1829 2096 1870; x_wconf 85' lang='lat' dir='ltr'>Laudarum,</span> <span class='ocrx_word' id='word_1_1022' title='bbox 2114 1840 2148 1864; x_wconf 82' lang='lat' dir='ltr'>ac</span> <span class='ocrx_word' id='word_1_1023' title='bbox 2168 1832 2250 1862; x_wconf 85' lang='lat' dir='ltr'>certis</span> <span class='ocrx_word' id='word_1_1024' title='bbox 2270 1831 2360 1864; x_wconf 83' lang='lat' dir='ltr'>fideli-</span> 
     </span>
     <span class='ocr_line' id='line_1_147' title="bbox 1295 1867 2344 1908; baseline 0.005 -11"><span class='ocrx_word' id='word_1_1025' title='bbox 1295 1867 1347 1897; x_wconf 85' lang='lat' dir='ltr'>bus</span> <span class='ocrx_word' id='word_1_1026' title='bbox 1362 1867 1465 1899; x_wconf 87' lang='lat' dir='ltr'>nostris</span> <span class='ocrx_word' id='word_1_1027' title='bbox 1479 1869 1507 1898; x_wconf 92' lang='lat' dir='ltr'>iri</span> <span class='ocrx_word' id='word_1_1028' title='bbox 1521 1871 1643 1908; x_wconf 87' lang='lat' dir='ltr'>partibus</span> <span class='ocrx_word' id='word_1_1029' title='bbox 1655 1869 1722 1908; x_wconf 86' lang='lat' dir='ltr'>illis,</span> <span class='ocrx_word' id='word_1_1030' title='bbox 1740 1880 1790 1908; x_wconf 88' lang='lat' dir='ltr'>per</span> <span class='ocrx_word' id='word_1_1031' title='bbox 1802 1869 1865 1900; x_wconf 88' lang='lat' dir='ltr'>alias</span> <span class='ocrx_word' id='word_1_1032' title='bbox 1883 1869 1991 1900; x_wconf 86' lang='lat' dir='ltr'>Literas</span> <span class='ocrx_word' id='word_1_1033' title='bbox 2012 1868 2134 1908; x_wconf 90' lang='lat' dir='ltr'>nostras,</span> <span class='ocrx_word' id='word_1_1034' title='bbox 2151 1869 2179 1900; x_wconf 89' lang='lat' dir='ltr'>in</span> <span class='ocrx_word' id='word_1_1035' title='bbox 2201 1869 2344 1902; x_wconf 84' lang='lat' dir='ltr'>Mandatis</span> 
     </span>
     <span class='ocr_line' id='line_1_148' title="bbox 1294 1894 2362 1952; baseline 0.006 -17"><span class='ocrx_word' id='word_1_1036' title='bbox 1294 1914 1324 1936; x_wconf 89' lang='lat' dir='ltr'>ut</span> <span class='ocrx_word' id='word_1_1037' title='bbox 1344 1906 1515 1951; x_wconf 63' lang='lat' dir='ltr'>praedidtum</span> <span class='ocrx_word' id='word_1_1038' title='bbox 1530 1907 1698 1952; x_wconf 31' lang='lat' dir='ltr'>,Capitulum</span> <span class='ocrx_word' id='word_1_1039' title='bbox 1715 1909 1749 1940; x_wconf 89' lang='lat'>&amp;</span> <span class='ocrx_word' id='word_1_1040' title='bbox 1770 1907 1904 1938; x_wconf 87' lang='lat' dir='ltr'>Personas</span> <span class='ocrx_word' id='word_1_1041' title='bbox 1924 1908 2071 1948; x_wconf 79' lang='lat' dir='ltr'>singulares</span> <span class='ocrx_word' id='word_1_1042' title='bbox 2083 1907 2224 1947; x_wconf 83' lang='lat' dir='ltr'>ejusdem,</span> <span class='ocrx_word' id='word_1_1043' title='bbox 2241 1909 2273 1938; x_wconf 89' lang='lat' dir='ltr'>in</span> <span class='ocrx_word' id='word_1_1044' title='bbox 2295 1894 2362 1941; x_wconf 63' lang='lat' dir='ltr'>cast:</span> 
     </span>
     <span class='ocr_line' id='line_1_149' title="bbox 1299 1944 2360 1990; baseline 0.003 -15"><span class='ocrx_word' id='word_1_1045' title='bbox 1299 1954 1359 1983; x_wconf 88' lang='lat' dir='ltr'>quo</span> <span class='ocrx_word' id='word_1_1046' title='bbox 1376 1944 1590 1990; x_wconf 82' lang='lat' dir='ltr'>Monitionibus</span> <span class='ocrx_word' id='word_1_1047' title='bbox 1603 1949 1636 1979; x_wconf 90' lang='lat'>&amp;</span> <span class='ocrx_word' id='word_1_1048' title='bbox 1652 1946 1794 1977; x_wconf 88' lang='lat' dir='ltr'>Mandatis</span> <span class='ocrx_word' id='word_1_1049' title='bbox 1807 1946 1909 1977; x_wconf 87' lang='lat' dir='ltr'>nostris</span> <span class='ocrx_word' id='word_1_1050' title='bbox 1922 1957 1983 1978; x_wconf 89' lang='lat' dir='ltr'>non</span> <span class='ocrx_word' id='word_1_1051' title='bbox 1998 1949 2138 1986; x_wconf 88' lang='lat' dir='ltr'>paruerint</span> <span class='ocrx_word' id='word_1_1052' title='bbox 2150 1956 2220 1978; x_wconf 88' lang='lat' dir='ltr'>cum</span> <span class='ocrx_word' id='word_1_1053' title='bbox 2233 1946 2340 1979; x_wconf 75' lang='lat' dir='ltr'>effectu</span> <span class='ocrx_word' id='word_1_1054' title='bbox 2348 1969 2360 1988; x_wconf 86' lang='lat'>,</span> 
     </span>
     <span class='ocr_line' id='line_1_150' title="bbox 1295 1982 2360 2026; baseline 0.006 -13"><span class='ocrx_word' id='word_1_1055' title='bbox 1295 1982 1329 2013; x_wconf 84' lang='lat' dir='ltr'>ad</span> <span class='ocrx_word' id='word_1_1056' title='bbox 1347 1984 1487 2021; x_wconf 83' lang='lat' dir='ltr'>praemiffa</span> <span class='ocrx_word' id='word_1_1057' title='bbox 1500 1985 1642 2025; x_wconf 79' lang='lat' dir='ltr'>facienda,</span> <span class='ocrx_word' id='word_1_1058' title='bbox 1660 1985 1888 2025; x_wconf 84' lang='lat' dir='ltr'>quibuscumque</span> <span class='ocrx_word' id='word_1_1059' title='bbox 1896 1984 1972 2025; x_wconf 86' lang='lat' dir='ltr'>Juris</span> <span class='ocrx_word' id='word_1_1060' title='bbox 1983 1987 2017 2019; x_wconf 77' lang='grc' dir='ltr'>δε</span> <span class='ocrx_word' id='word_1_1061' title='bbox 2032 1985 2112 2018; x_wconf 71' lang='lat' dir='ltr'>Facu</span> <span class='ocrx_word' id='word_1_1062' title='bbox 2133 1984 2299 2026; x_wconf 85' lang='lat' dir='ltr'>Remediis,</span> <span class='ocrx_word' id='word_1_1063' title='bbox 2315 1995 2360 2025; x_wconf 55' lang='lat' dir='ltr'>ax·-</span> 
     </span>
     <span class='ocr_line' id='line_1_151' title="bbox 1294 2024 1620 2062; baseline 0.009 -9"><span class='ocrx_word' id='word_1_1064' title='bbox 1294 2031 1374 2053; x_wconf 86' lang='lat' dir='ltr'>ceant</span> <span class='ocrx_word' id='word_1_1065' title='bbox 1389 2024 1423 2054; x_wconf 91' lang='lat'>&amp;</span> <span class='ocrx_word' id='word_1_1066' title='bbox 1438 2024 1620 2062; x_wconf 87' lang='lat' dir='ltr'>compellarit.</span> 
     </span>
    </p>

    <p class='ocr_par' dir='ltr' id='par_1_48' title="bbox 1330 2061 1550 2100">
     <span class='ocr_line' id='line_1_152' title="bbox 1330 2061 1550 2100; baseline 0 -8"><span class='ocrx_word' id='word_1_1067' title='bbox 1330 2061 1364 2092; x_wconf 92' lang='lat' dir='ltr'>1n</span> <span class='ocrx_word' id='word_1_1068' title='bbox 1380 2063 1474 2100; x_wconf 87' lang='lat' dir='ltr'>cujus,</span> <span class='ocrx_word' id='word_1_1069' title='bbox 1490 2063 1550 2094; x_wconf 89' lang='lat' dir='ltr'>&amp;c.</span> 
     </span>
    </p>

    <p class='ocr_par' dir='ltr' id='par_1_49' title="bbox 1367 2099 2268 2143">
     <span class='ocr_line' id='line_1_153' title="bbox 1367 2099 2268 2143; baseline 0.002 -11"><span class='ocrx_word' id='word_1_1070' title='bbox 1367 2099 1459 2132; x_wconf 87' lang='lat' dir='ltr'>Teste</span> <span class='ocrx_word' id='word_1_1071' title='bbox 1473 2100 1559 2141; x_wconf 85' lang='lat' dir='ltr'>Rege</span> <span class='ocrx_word' id='word_1_1072' title='bbox 1571 2102 1646 2142; x_wconf 85' lang='lat' dir='ltr'>apud</span> <span class='ocrx_word' id='word_1_1073' title='bbox 1660 2102 1969 2143; x_wconf 84' lang='lat' dir='ltr'>Westmonasterium,</span> <span class='ocrx_word' id='word_1_1074' title='bbox 1986 2103 2060 2136; x_wconf 87' lang='lat' dir='ltr'>xxiv.</span> <span class='ocrx_word' id='word_1_1075' title='bbox 2078 2102 2125 2134; x_wconf 88' lang='lat' dir='ltr'>die</span> <span class='ocrx_word' id='word_1_1076' title='bbox 2138 2102 2268 2143; x_wconf 85' lang='lat' dir='ltr'>Augusti.</span> 
     </span>
    </p>
   </div>
   <div class='ocr_carea' id='block_1_17' title="bbox 2031 2179 2251 2212">
    <p class='ocr_par' dir='ltr' id='par_1_50' title="bbox 2031 2179 2251 2212">
     <span class='ocr_line' id='line_1_154' title="bbox 2031 2179 2251 2212; baseline -0.009 -1"><span class='ocrx_word' id='word_1_1077' title='bbox 2031 2182 2084 2211; x_wconf 85' lang='lat' dir='ltr'>Per</span> <span class='ocrx_word' id='word_1_1078' title='bbox 2097 2179 2251 2212; x_wconf 73' lang='lat' dir='ltr'>Concilium.</span> 
     </span>
    </p>
   </div>
   <div class='ocr_carea' id='block_1_18' title="bbox 1521 2307 2123 2355">
    <p class='ocr_par' dir='ltr' id='par_1_51' title="bbox 1521 2307 2123 2355">
     <span class='ocr_line' id='line_1_155' title="bbox 1521 2307 2123 2355; baseline -0.005 -13"><span class='ocrx_word' id='word_1_1079' title='bbox 1521 2308 1570 2342; x_wconf 88' lang='lat' dir='ltr'>De</span> <span class='ocrx_word' id='word_1_1080' title='bbox 1586 2307 1756 2342; x_wconf 60' lang='lat' dir='ltr'>Traliando</span> <span class='ocrx_word' id='word_1_1081' title='bbox 1774 2319 1843 2342; x_wconf 84' lang='lat' dir='ltr'>cum</span> <span class='ocrx_word' id='word_1_1082' title='bbox 1862 2310 1938 2355; x_wconf 86' lang='lat' dir='ltr'>Rege</span> <span class='ocrx_word' id='word_1_1083' title='bbox 1959 2308 2123 2342; x_wconf 80' lang='lat' dir='ltr'>Navarrae.</span> 
     </span>
    </p>
   </div>
   <div class='ocr_carea' id='block_1_19' title="bbox 1295 2392 1980 2471">
    <p class='ocr_par' dir='ltr' id='par_1_52' title="bbox 1295 2392 1980 2471">
     <span class='ocr_line' id='line_1_156' title="bbox 1295 2392 1980 2463; baseline 0 -39"><span class='ocrx_word' id='word_1_1084' title='bbox 1295 2392 1415 2463; x_wconf 55' lang='lat' dir='ltr'>RE}</span> <span class='ocrx_word' id='word_1_1085' title='bbox 1430 2392 1576 2441; x_wconf 66' lang='lat' dir='ltr'>Omnibtis</span> <span class='ocrx_word' id='word_1_1086' title='bbox 1586 2417 1595 2432; x_wconf 89' lang='lat'>‚</span> <span class='ocrx_word' id='word_1_1087' title='bbox 1613 2393 1647 2424; x_wconf 91' lang='lat' dir='ltr'>ad</span> <span class='ocrx_word' id='word_1_1088' title='bbox 1661 2404 1749 2434; x_wconf 80' lang='lat' dir='ltr'>quos,</span> <span class='ocrx_word' id='word_1_1089' title='bbox 1766 2395 1828 2427; x_wconf 57' lang='lat' dir='ltr'>&amp;a</span> <span class='ocrx_word' id='word_1_1090' title='bbox 1844 2392 1980 2425; x_wconf 90' lang='lat' dir='ltr'>Salutem.</span> 
     </span>
     <span class='ocr_line' id='line_1_157' title="bbox 1414 2432 1685 2471; baseline 0.004 -9"><span class='ocrx_word' id='word_1_1091' title='bbox 1414 2442 1490 2463; x_wconf 79' lang='lat' dir='ltr'>cratis</span> <span class='ocrx_word' id='word_1_1092' title='bbox 1505 2432 1585 2470; x_wconf 91' lang='lat' dir='ltr'>quod</span> <span class='ocrx_word' id='word_1_1093' title='bbox 1601 2432 1685 2471; x_wconf 89' lang='lat' dir='ltr'>Nos,</span> 
     </span>
    </p>
   </div>
   <div class='ocr_carea' id='block_1_20' title="bbox 2363 406 2442 430">
    <p class='ocr_par' dir='ltr' id='par_1_53' title="bbox 2363 406 2442 430">
     <span class='ocr_line' id='line_1_158' title="bbox 2363 406 2442 430; baseline 0.013 -1"><span class='ocrx_word' id='word_1_1094' title='bbox 2363 406 2392 429; x_wconf 88' lang='lat' dir='ltr'>R.</span> <span class='ocrx_word' id='word_1_1095' title='bbox 2414 412 2442 430; x_wconf 87' lang='lat'>2.</span> 
     </span>
    </p>
   </div>
   <div class='ocr_carea' id='block_1_21' title="bbox 2365 440 2495 545">
    <p class='ocr_par' dir='ltr' id='par_1_54' title="bbox 2365 440 2495 545">
     <span class='ocr_line' id='line_1_159' title="bbox 2367 440 2477 477; baseline 0.009 -10"><span class='ocrx_word' id='word_1_1096' title='bbox 2367 440 2433 477; x_wconf 81' lang='lat' dir='ltr'>Vasc.</span> <span class='ocrx_word' id='word_1_1097' title='bbox 2449 441 2477 470; x_wconf 84' lang='lat'>6.</span> 
     </span>
     <span class='ocr_line' id='line_1_160' title="bbox 2365 483 2495 508; baseline 0.008 -2"><span class='ocrx_word' id='word_1_1098' title='bbox 2365 483 2394 506; x_wconf 87' lang='lat' dir='ltr'>R.</span> <span class='ocrx_word' id='word_1_1099' title='bbox 2416 489 2441 507; x_wconf 85' lang='lat'>2.</span> <span class='ocrx_word' id='word_1_1100' title='bbox 2459 488 2495 508; x_wconf 86' lang='lat' dir='ltr'>m.</span> 
     </span>
     <span class='ocr_line' id='line_1_161' title="bbox 2365 518 2407 545; baseline 0 0"><span class='ocrx_word' id='word_1_1101' title='bbox 2365 518 2407 545; x_wconf 91' lang='lat'>16.</span> 
     </span>
    </p>
   </div>
   <div class='ocr_carea' id='block_1_22' title="bbox 2366 717 2465 794">
    <p class='ocr_par' dir='ltr' id='par_1_55' title="bbox 2366 717 2465 794">
     <span class='ocr_line' id='line_1_162' title="bbox 2366 717 2465 747; baseline -0.01 0"><span class='ocrx_word' id='word_1_1102' title='bbox 2366 717 2382 734; x_wconf 70' lang='lat'>*⁸</span> <span class='ocrx_word' id='word_1_1103' title='bbox 2397 719 2465 747; x_wconf 86' lang='lat' dir='ltr'>v11.</span> 
     </span>
     <span class='ocr_line' id='line_1_163' title="bbox 2368 757 2431 794; baseline 0.032 -11"><span class='ocrx_word' id='word_1_1104' title='bbox 2368 757 2431 794; x_wconf 84' lang='lat'>366.</span> 
     </span>
    </p>
   </div>
   <div class='ocr_carea' id='block_1_23' title="bbox 2373 2396 2503 2475">
    <p class='ocr_par' dir='ltr' id='par_1_56' title="bbox 2373 2396 2503 2475">
     <span class='ocr_line' id='line_1_164' title="bbox 2373 2396 2503 2429; baseline 0.015 -2"><span class='ocrx_word' id='word_1_1105' title='bbox 2373 2396 2449 2427; x_wconf 88' lang='lat' dir='ltr'>Ann.</span> <span class='ocrx_word' id='word_1_1106' title='bbox 2458 2396 2503 2429; x_wconf 83' lang='lat' dir='ltr'>D:</span> 
     </span>
     <span class='ocr_line' id='line_1_165' title="bbox 2392 2437 2477 2475; baseline 0 -9"><span class='ocrx_word' id='word_1_1107' title='bbox 2392 2437 2477 2475; x_wconf 88' lang='lat'>1382.</span> 
     </span>
    </p>
   </div>
   <div class='ocr_carea' id='block_1_24' title="bbox 1289 2467 2504 2665">
    <p class='ocr_par' dir='ltr' id='par_1_57' title="bbox 1289 2467 2504 2665">
     <span class='ocr_line' id='line_1_166' title="bbox 1303 2467 2468 2511; baseline 0 -11"><span class='ocrx_word' id='word_1_1108' title='bbox 1303 2507 1308 2511; x_wconf 93' lang='lat'>.</span> <span class='ocrx_word' id='word_1_1109' title='bbox 1329 2469 1380 2501; x_wconf 91' lang='lat' dir='ltr'>De</span> <span class='ocrx_word' id='word_1_1110' title='bbox 1396 2471 1602 2509; x_wconf 69' lang='lat' dir='ltr'>circumspecta</span> <span class='ocrx_word' id='word_1_1111' title='bbox 1616 2472 1774 2509; x_wconf 84' lang='lat' dir='ltr'>Fidelitate,</span> <span class='ocrx_word' id='word_1_1112' title='bbox 1789 2471 1824 2503; x_wconf 91' lang='lat'>&amp;</span> <span class='ocrx_word' id='word_1_1113' title='bbox 1840 2470 1994 2510; x_wconf 88' lang='lat' dir='ltr'>Industria,</span> <span class='ocrx_word' id='word_1_1114' title='bbox 2013 2469 2200 2501; x_wconf 69' lang='lat' dir='ltr'>Dilestomm</span> <span class='ocrx_word' id='word_1_1115' title='bbox 2217 2469 2252 2501; x_wconf 93' lang='lat'>&amp;</span> <span class='ocrx_word' id='word_1_1116' title='bbox 2273 2467 2357 2500; x_wconf 87' lang='lat' dir='ltr'>Fide·</span> <span class='ocrx_word' id='word_1_1117' title='bbox 2371 2478 2425 2503; x_wconf 81' lang='lat' dir='ltr'>An.</span> <span class='ocrx_word' id='word_1_1118' title='bbox 2439 2477 2468 2502; x_wconf 84' lang='lat'>6.</span> 
     </span>
     <span class='ocr_line' id='line_1_167' title="bbox 1289 2505 2446 2552; baseline 0.002 -14"><span class='ocrx_word' id='word_1_1119' title='bbox 1289 2505 1361 2552; x_wconf 84' lang='lat' dir='ltr'>hum</span> <span class='ocrx_word' id='word_1_1120' title='bbox 1385 2509 1565 2548; x_wconf 86' lang='lat' dir='ltr'>nostrorum,</span> <span class='ocrx_word' id='word_1_1121' title='bbox 1582 2513 1741 2540; x_wconf 79' lang='lat' dir='ltr'>Bertrucati</span> <span class='ocrx_word' id='word_1_1122' title='bbox 1761 2511 1794 2540; x_wconf 87' lang='lat' dir='ltr'>de</span> <span class='ocrx_word' id='word_1_1123' title='bbox 1814 2509 1918 2540; x_wconf 82' lang='lat' dir='ltr'>Lebret</span> <span class='ocrx_word' id='word_1_1124' title='bbox 1939 2508 2090 2547; x_wconf 84' lang='lat' dir='ltr'>Chivaler‚</span> <span class='ocrx_word' id='word_1_1125' title='bbox 2107 2508 2212 2538; x_wconf 84' lang='lat' dir='ltr'>David</span> <span class='ocrx_word' id='word_1_1126' title='bbox 2231 2507 2357 2538; x_wconf 79' lang='lat' dir='ltr'>craddok</span> <span class='ocrx_word' id='word_1_1127' title='bbox 2370 2517 2400 2541; x_wconf 86' lang='lat' dir='ltr'>R.</span> <span class='ocrx_word' id='word_1_1128' title='bbox 2419 2524 2446 2541; x_wconf 84' lang='lat'>2.</span> 
     </span>
     <span class='ocr_line' id='line_1_168' title="bbox 1291 2544 2503 2586; baseline -0.001 -10"><span class='ocrx_word' id='word_1_1129' title='bbox 1291 2544 1428 2577; x_wconf 81' lang='lat' dir='ltr'>Chivaler</span> <span class='ocrx_word' id='word_1_1130' title='bbox 1441 2547 1560 2586; x_wconf 86' lang='lat' dir='ltr'>Majoris</span> <span class='ocrx_word' id='word_1_1131' title='bbox 1578 2547 1707 2579; x_wconf 87' lang='lat' dir='ltr'>Civitatis</span> <span class='ocrx_word' id='word_1_1132' title='bbox 1721 2548 1825 2579; x_wconf 86' lang='lat' dir='ltr'>nostrae</span> <span class='ocrx_word' id='word_1_1133' title='bbox 1843 2547 1991 2584; x_wconf 85' lang='lat' dir='ltr'>Burdegal.</span> <span class='ocrx_word' id='word_1_1134' title='bbox 2010 2547 2152 2585; x_wconf 80' lang='lat' dir='ltr'>Johannis</span> <span class='ocrx_word' id='word_1_1135' title='bbox 2169 2547 2202 2575; x_wconf 86' lang='lat' dir='ltr'>de</span> <span class='ocrx_word' id='word_1_1136' title='bbox 2222 2550 2353 2576; x_wconf 78' lang='lat' dir='ltr'>Strattm</span> <span class='ocrx_word' id='word_1_1137' title='bbox 2368 2556 2456 2580; x_wconf 66' lang='lat' dir='ltr'>franc.</span> <span class='ocrx_word' id='word_1_1138' title='bbox 2473 2553 2503 2580; x_wconf 77' lang='lat'>6,</span> 
     </span>
     <span class='ocr_line' id='line_1_169' title="bbox 1291 2584 2504 2624; baseline 0.002 -9"><span class='ocrx_word' id='word_1_1139' title='bbox 1291 2584 1418 2616; x_wconf 88' lang='lat' dir='ltr'>Domini</span> <span class='ocrx_word' id='word_1_1140' title='bbox 1438 2585 1474 2616; x_wconf 92' lang='lat' dir='ltr'>de</span> <span class='ocrx_word' id='word_1_1141' title='bbox 1495 2586 1648 2616; x_wconf 88' lang='lat' dir='ltr'>Landirans</span> <span class='ocrx_word' id='word_1_1142' title='bbox 1662 2610 1672 2624; x_wconf 88' lang='lat'>,</span> <span class='ocrx_word' id='word_1_1143' title='bbox 1701 2586 1911 2617; x_wconf 83' lang='lat' dir='ltr'>Constabularii</span> <span class='ocrx_word' id='word_1_1144' title='bbox 1932 2585 2026 2616; x_wconf 78' lang='lat' dir='ltr'>Castri</span> <span class='ocrx_word' id='word_1_1145' title='bbox 2043 2584 2133 2614; x_wconf 87' lang='lat' dir='ltr'>nostri</span> <span class='ocrx_word' id='word_1_1146' title='bbox 2155 2584 2326 2623; x_wconf 79' lang='lat' dir='ltr'>Burdegaliae</span> <span class='ocrx_word' id='word_1_1147' title='bbox 2341 2607 2351 2622; x_wconf 88' lang='lat'>‚</span> <span class='ocrx_word' id='word_1_1148' title='bbox 2365 2594 2394 2618; x_wconf 80' lang='lat' dir='ltr'>R.</span> <span class='ocrx_word' id='word_1_1149' title='bbox 2420 2600 2447 2620; x_wconf 85' lang='lat'>2.</span> <span class='ocrx_word' id='word_1_1150' title='bbox 2465 2599 2504 2618; x_wconf 84' lang='lat' dir='ltr'>m.</span> 
     </span>
     <span class='ocr_line' id='line_1_170' title="bbox 1292 2621 2418 2665; baseline -0.003 -11"><span class='ocrx_word' id='word_1_1151' title='bbox 1292 2622 1426 2663; x_wconf 84' lang='lat' dir='ltr'>Magistri</span> <span class='ocrx_word' id='word_1_1152' title='bbox 1437 2626 1583 2663; x_wconf 82' lang='lat' dir='ltr'>Reymundi</span> <span class='ocrx_word' id='word_1_1153' title='bbox 1598 2624 1744 2655; x_wconf 81' lang='lat' dir='ltr'>Guillielmi</span> <span class='ocrx_word' id='word_1_1154' title='bbox 1757 2625 1794 2655; x_wconf 91' lang='lat' dir='ltr'>de</span> <span class='ocrx_word' id='word_1_1155' title='bbox 1814 2624 1894 2664; x_wconf 91' lang='lat' dir='ltr'>Puy,</span> <span class='ocrx_word' id='word_1_1156' title='bbox 1912 2625 1946 2655; x_wconf 91' lang='lat'>&amp;</span> <span class='ocrx_word' id='word_1_1157' title='bbox 1967 2622 2101 2661; x_wconf 87' lang='lat' dir='ltr'>Magistri</span> <span class='ocrx_word' id='word_1_1158' title='bbox 2124 2621 2272 2653; x_wconf 80' lang='lat' dir='ltr'>Guillielmi</span> <span class='ocrx_word' id='word_1_1159' title='bbox 2291 2624 2355 2652; x_wconf 87' lang='lat' dir='ltr'>Ar-</span> <span class='ocrx_word' id='word_1_1160' title='bbox 2371 2638 2418 2665; x_wconf 80' lang='lat'>24,</span> 
     </span>
    </p>
   </div>
   <div class='ocr_carea' id='block_1_25' title="bbox 1289 2662 2359 3663">
    <p class='ocr_par' dir='ltr' id='par_1_58' title="bbox 1292 2662 1920 2704">
     <span class='ocr_line' id='line_1_171' title="bbox 1292 2662 1920 2704; baseline 0.003 -13"><span class='ocrx_word' id='word_1_1161' title='bbox 1292 2663 1372 2692; x_wconf 77' lang='lat' dir='ltr'>nand</span> <span class='ocrx_word' id='word_1_1162' title='bbox 1380 2663 1417 2693; x_wconf 90' lang='lat' dir='ltr'>de</span> <span class='ocrx_word' id='word_1_1163' title='bbox 1431 2662 1476 2693; x_wconf 89' lang='lat' dir='ltr'>Ca</span> <span class='ocrx_word' id='word_1_1164' title='bbox 1494 2663 1569 2704; x_wconf 91' lang='lat' dir='ltr'>lynet</span> <span class='ocrx_word' id='word_1_1165' title='bbox 1579 2686 1588 2701; x_wconf 81' lang='lat'>‚</span> <span class='ocrx_word' id='word_1_1166' title='bbox 1627 2664 1714 2694; x_wconf 90' lang='lat' dir='ltr'>lenius</span> <span class='ocrx_word' id='word_1_1167' title='bbox 1725 2662 1920 2699; x_wconf 79' lang='lat' dir='ltr'>confidentes,</span> 
     </span>
    </p>

    <p class='ocr_par' dir='ltr' id='par_1_59' title="bbox 1330 2699 2048 2738">
     <span class='ocr_line' id='line_1_172' title="bbox 1330 2699 2048 2738; baseline -0.001 -7"><span class='ocrx_word' id='word_1_1168' title='bbox 1330 2699 1380 2731; x_wconf 91' lang='lat' dir='ltr'>De</span> <span class='ocrx_word' id='word_1_1169' title='bbox 1394 2700 1462 2732; x_wconf 92' lang='lat' dir='ltr'>Con</span> <span class='ocrx_word' id='word_1_1170' title='bbox 1477 2703 1540 2733; x_wconf 91' lang='lat' dir='ltr'>ensu</span> <span class='ocrx_word' id='word_1_1171' title='bbox 1556 2702 1589 2733; x_wconf 90' lang='lat'>&amp;</span> <span class='ocrx_word' id='word_1_1172' title='bbox 1631 2702 1786 2733; x_wconf 86' lang='lat' dir='ltr'>visaniento</span> <span class='ocrx_word' id='word_1_1173' title='bbox 1801 2701 1929 2733; x_wconf 82' lang='lat' dir='ltr'>Concilii</span> <span class='ocrx_word' id='word_1_1174' title='bbox 1942 2700 2048 2738; x_wconf 81' lang='lat' dir='ltr'>nostri,</span> 
     </span>
    </p>

    <p class='ocr_par' dir='ltr' id='par_1_60' title="bbox 1289 2736 2357 2857">
     <span class='ocr_line' id='line_1_173' title="bbox 1289 2736 2357 2779; baseline -0.002 -9"><span class='ocrx_word' id='word_1_1175' title='bbox 1289 2768 1291 2770; x_wconf 78' lang='grc'>,</span> <span class='ocrx_word' id='word_1_1176' title='bbox 1331 2738 1422 2779; x_wconf 86' lang='lat' dir='ltr'>Ipsos,</span> <span class='ocrx_word' id='word_1_1177' title='bbox 1442 2740 1653 2778; x_wconf 85' lang='lat' dir='ltr'>Bertrucatum,</span> <span class='ocrx_word' id='word_1_1178' title='bbox 1671 2740 1955 2779; x_wconf 82' lang='lat' dir='ltr'>David‚Johannem</span> <span class='ocrx_word' id='word_1_1179' title='bbox 1988 2736 2254 2779; x_wconf 87' lang='lat' dir='ltr'>Reymundum,&amp;</span> <span class='ocrx_word' id='word_1_1180' title='bbox 2269 2736 2357 2768; x_wconf 91' lang='lat' dir='ltr'>Guil-</span> 
     </span>
     <span class='ocr_line' id='line_1_174' title="bbox 1291 2762 2357 2819; baseline -0.002 -11"><span class='ocrx_word' id='word_1_1181' title='bbox 1291 2775 1442 2816; x_wconf 81' lang='lat' dir='ltr'>li&#39;elmum,</span> <span class='ocrx_word' id='word_1_1182' title='bbox 1467 2779 1617 2819; x_wconf 83' lang='lat' dir='ltr'>Qatuor,</span> <span class='ocrx_word' id='word_1_1183' title='bbox 1636 2780 1670 2810; x_wconf 91' lang='lat'>&amp;</span> <span class='ocrx_word' id='word_1_1184' title='bbox 1692 2779 1767 2810; x_wconf 92' lang='lat' dir='ltr'>Tres</span> <span class='ocrx_word' id='word_1_1185' title='bbox 1784 2788 1902 2817; x_wconf 83' lang='lat' dir='ltr'>eorum,</span> <span class='ocrx_word' id='word_1_1186' title='bbox 1920 2762 2033 2809; x_wconf 61' lang='lat' dir='ltr'>nostros</span> <span class='ocrx_word' id='word_1_1187' title='bbox 2052 2787 2135 2808; x_wconf 88' lang='lat' dir='ltr'>veros</span> <span class='ocrx_word' id='word_1_1188' title='bbox 2156 2778 2190 2809; x_wconf 93' lang='lat'>&amp;</span> <span class='ocrx_word' id='word_1_1189' title='bbox 2213 2777 2357 2817; x_wconf 82' lang='lat' dir='ltr'>legitimos</span> 
     </span>
     <span class='ocr_line' id='line_1_175' title="bbox 1293 2814 2234 2857; baseline -0.002 -10"><span class='ocrx_word' id='word_1_1190' title='bbox 1293 2816 1514 2856; x_wconf 86' lang='lat' dir='ltr'>Procuratores,</span> <span class='ocrx_word' id='word_1_1191' title='bbox 1532 2818 1731 2857; x_wconf 86' lang='lat' dir='ltr'>Negotiorum</span> <span class='ocrx_word' id='word_1_1192' title='bbox 1746 2817 1889 2857; x_wconf 88' lang='lat' dir='ltr'>gestores,</span> <span class='ocrx_word' id='word_1_1193' title='bbox 1906 2827 1940 2848; x_wconf 88' lang='lat' dir='ltr'>ac</span> <span class='ocrx_word' id='word_1_1194' title='bbox 1955 2816 1990 2847; x_wconf 93' lang='lat' dir='ltr'>N</span> <span class='ocrx_word' id='word_1_1195' title='bbox 1993 2818 2094 2847; x_wconf 86' lang='lat' dir='ltr'>uncios</span> <span class='ocrx_word' id='word_1_1196' title='bbox 2105 2814 2234 2853; x_wconf 72' lang='lat' dir='ltr'>speciales</span> 
     </span>
    </p>

    <p class='ocr_par' dir='ltr' id='par_1_61' title="bbox 1292 2838 2356 3048">
     <span class='ocr_line' id='line_1_176' title="bbox 1332 2838 2356 2899; baseline -0.004 -13"><span class='ocrx_word' id='word_1_1197' title='bbox 1332 2856 1588 2899; x_wconf 34' lang='lat' dir='ltr'>Ad&#39;Traetandum</span> <span class='ocrx_word' id='word_1_1198' title='bbox 1602 2857 1635 2888; x_wconf 90' lang='lat'><strong>&amp;</strong></span> <span class='ocrx_word' id='word_1_1199' title='bbox 1647 2855 1896 2888; x_wconf 77' lang='lat' dir='ltr'>concordandum</span> <span class='ocrx_word' id='word_1_1200' title='bbox 1911 2865 1980 2886; x_wconf 90' lang='lat' dir='ltr'>cum</span> <span class='ocrx_word' id='word_1_1201' title='bbox 1988 2878 1998 2894; x_wconf 79' lang='lat'>‚</span> <span class='ocrx_word' id='word_1_1202' title='bbox 2016 2853 2176 2894; x_wconf 81' lang='lat' dir='ltr'>Magnifice</span> <span class='ocrx_word' id='word_1_1203' title='bbox 2187 2854 2221 2885; x_wconf 89' lang='lat'>&amp;</span> <span class='ocrx_word' id='word_1_1204' title='bbox 2234 2838 2356 2895; x_wconf 68' lang='lat' dir='ltr'>Potente</span> 
     </span>
     <span class='ocr_line' id='line_1_177' title="bbox 1292 2891 2356 2932; baseline -0.002 -9"><span class='ocrx_word' id='word_1_1205' title='bbox 1292 2892 1438 2932; x_wconf 84' lang='lat' dir='ltr'>Principe,</span> <span class='ocrx_word' id='word_1_1206' title='bbox 1460 2894 1594 2925; x_wconf 88' lang='lat' dir='ltr'>Domino</span> <span class='ocrx_word' id='word_1_1207' title='bbox 1615 2895 1720 2925; x_wconf 76' lang='lat' dir='ltr'>Kar-olo</span> <span class='ocrx_word' id='word_1_1208' title='bbox 1737 2897 1806 2932; x_wconf 88' lang='lat' dir='ltr'>Rege</span> <span class='ocrx_word' id='word_1_1209' title='bbox 1827 2897 1974 2924; x_wconf 82' lang='lat' dir='ltr'>Navarrae</span> <span class='ocrx_word' id='word_1_1210' title='bbox 1992 2893 2108 2930; x_wconf 89' lang='lat' dir='ltr'>illustri,</span> <span class='ocrx_word' id='word_1_1211' title='bbox 2132 2891 2356 2927; x_wconf 70' lang='lat' dir='ltr'>Consanguineo</span> 
     </span>
     <span class='ocr_line' id='line_1_178' title="bbox 1295 2928 2356 2971; baseline -0.003 -11"><span class='ocrx_word' id='word_1_1212' title='bbox 1295 2931 1395 2962; x_wconf 88' lang='lat' dir='ltr'>nostro</span> <span class='ocrx_word' id='word_1_1213' title='bbox 1414 2932 1574 2971; x_wconf 76' lang='lat' dir='ltr'>carissimo,</span> <span class='ocrx_word' id='word_1_1214' title='bbox 1592 2933 1638 2964; x_wconf 93' lang='lat' dir='ltr'>seu</span> <span class='ocrx_word' id='word_1_1215' title='bbox 1658 2933 1711 2964; x_wconf 93' lang='lat' dir='ltr'>suis</span> <span class='ocrx_word' id='word_1_1216' title='bbox 1733 2934 1763 2963; x_wconf 89' lang='lat' dir='ltr'>in</span> <span class='ocrx_word' id='word_1_1217' title='bbox 1785 2933 1838 2963; x_wconf 89' lang='lat' dir='ltr'>hac</span> <span class='ocrx_word' id='word_1_1218' title='bbox 1852 2941 1929 2970; x_wconf 90' lang='lat' dir='ltr'>parte</span> <span class='ocrx_word' id='word_1_1219' title='bbox 1943 2929 2195 2967; x_wconf 86' lang='lat' dir='ltr'>Procuratoribus,</span> <span class='ocrx_word' id='word_1_1220' title='bbox 2213 2928 2356 2967; x_wconf 88' lang='lat' dir='ltr'>Nunciis,</span> 
     </span>
     <span class='ocr_line' id='line_1_179' title="bbox 1296 2966 2355 3010; baseline -0.002 -11"><span class='ocrx_word' id='word_1_1221' title='bbox 1296 2969 1342 3000; x_wconf 90' lang='lat' dir='ltr'>seu</span> <span class='ocrx_word' id='word_1_1222' title='bbox 1355 2970 1520 3009; x_wconf 87' lang='lat' dir='ltr'>Deputatis,</span> <span class='ocrx_word' id='word_1_1223' title='bbox 1537 2972 1690 3010; x_wconf 85' lang='lat' dir='ltr'>plenariam</span> <span class='ocrx_word' id='word_1_1224' title='bbox 1702 2971 1877 3002; x_wconf 88' lang='lat' dir='ltr'>Potestatem</span> <span class='ocrx_word' id='word_1_1225' title='bbox 1889 2970 1926 3000; x_wconf 90' lang='lat' dir='ltr'>ab</span> <span class='ocrx_word' id='word_1_1226' title='bbox 1940 2969 2000 3008; x_wconf 87' lang='lat' dir='ltr'>ipso</span> <span class='ocrx_word' id='word_1_1227' title='bbox 2019 2968 2098 3007; x_wconf 84' lang='lat' dir='ltr'>Rege</span> <span class='ocrx_word' id='word_1_1228' title='bbox 2115 2967 2301 3004; x_wconf 85' lang='lat' dir='ltr'>habentibus,</span> <span class='ocrx_word' id='word_1_1229' title='bbox 2317 2966 2355 2997; x_wconf 89' lang='lat' dir='ltr'>de</span> 
     </span>
     <span class='ocr_line' id='line_1_180' title="bbox 1295 3005 2202 3048; baseline -0.004 -9"><span class='ocrx_word' id='word_1_1230' title='bbox 1295 3008 1523 3048; x_wconf 72' lang='lat' dir='ltr'>qtiibuscumque</span> <span class='ocrx_word' id='word_1_1231' title='bbox 1538 3011 1697 3047; x_wconf 88' lang='lat' dir='ltr'>Amicitiis,</span> <span class='ocrx_word' id='word_1_1232' title='bbox 1714 3009 1887 3048; x_wconf 85' lang='lat' dir='ltr'>Alligantiis‚</span> <span class='ocrx_word' id='word_1_1233' title='bbox 1903 3008 1936 3039; x_wconf 91' lang='lat'>&amp;</span> <span class='ocrx_word' id='word_1_1234' title='bbox 1953 3007 2055 3038; x_wconf 89' lang='lat' dir='ltr'>mutuis</span> <span class='ocrx_word' id='word_1_1235' title='bbox 2071 3005 2202 3043; x_wconf 81' lang='lat' dir='ltr'>Auxiliis,</span> 
     </span>
    </p>

    <p class='ocr_par' dir='ltr' id='par_1_62' title="bbox 1292 3042 2356 3239">
     <span class='ocr_line' id='line_1_181' title="bbox 1333 3042 2356 3090; baseline -0.005 -12"><span class='ocrx_word' id='word_1_1236' title='bbox 1333 3046 1411 3078; x_wconf 86' lang='lat' dir='ltr'>Inter</span> <span class='ocrx_word' id='word_1_1237' title='bbox 1426 3048 1513 3087; x_wconf 83' lang='lat' dir='ltr'>Nos,</span> <span class='ocrx_word' id='word_1_1238' title='bbox 1528 3049 1562 3079; x_wconf 90' lang='lat'>&amp;</span> <span class='ocrx_word' id='word_1_1239' title='bbox 1584 3048 1720 3078; x_wconf 66' lang='lat' dir='ltr'>Haeredes</span> <span class='ocrx_word' id='word_1_1240' title='bbox 1739 3047 1866 3084; x_wconf 67' lang='lat' dir='ltr'>nostum,</span> <span class='ocrx_word' id='word_1_1241' title='bbox 1883 3055 1937 3090; x_wconf 86' lang='lat' dir='ltr'>pro</span> <span class='ocrx_word' id='word_1_1242' title='bbox 1957 3044 2075 3083; x_wconf 86' lang='lat' dir='ltr'>Nobis,</span> <span class='ocrx_word' id='word_1_1243' title='bbox 2093 3043 2222 3081; x_wconf 86' lang='lat' dir='ltr'>Regnis,</span> <span class='ocrx_word' id='word_1_1244' title='bbox 2239 3042 2356 3082; x_wconf 85' lang='lat' dir='ltr'>Terris,</span> 
     </span>
     <span class='ocr_line' id='line_1_182' title="bbox 1294 3082 2356 3125; baseline -0.006 -8"><span class='ocrx_word' id='word_1_1245' title='bbox 1294 3085 1328 3116; x_wconf 91' lang='lat'>&amp;</span> <span class='ocrx_word' id='word_1_1246' title='bbox 1350 3085 1516 3125; x_wconf 86' lang='lat' dir='ltr'>Dominiis,</span> <span class='ocrx_word' id='word_1_1247' title='bbox 1531 3096 1565 3117; x_wconf 88' lang='lat' dir='ltr'>ac</span> <span class='ocrx_word' id='word_1_1248' title='bbox 1585 3086 1709 3117; x_wconf 90' lang='lat' dir='ltr'>Subditis</span> <span class='ocrx_word' id='word_1_1249' title='bbox 1728 3085 1762 3116; x_wconf 91' lang='lat'>&amp;</span> <span class='ocrx_word' id='word_1_1250' title='bbox 1785 3084 1909 3115; x_wconf 84' lang='lat' dir='ltr'>Vaffallis</span> <span class='ocrx_word' id='word_1_1251' title='bbox 1928 3082 2030 3114; x_wconf 89' lang='lat' dir='ltr'>nostris</span> <span class='ocrx_word' id='word_1_1252' title='bbox 2053 3083 2294 3121; x_wconf 86' lang='lat' dir='ltr'>quibuscumque,</span> <span class='ocrx_word' id='word_1_1253' title='bbox 2319 3082 2356 3113; x_wconf 90' lang='lat'>&amp;</span> 
     </span>
     <span class='ocr_line' id='line_1_183' title="bbox 1292 3120 2354 3167; baseline -0.003 -12"><span class='ocrx_word' id='word_1_1254' title='bbox 1292 3124 1383 3161; x_wconf 88' lang='lat' dir='ltr'>ipsum</span> <span class='ocrx_word' id='word_1_1255' title='bbox 1406 3124 1537 3167; x_wconf 78' lang='lat' dir='ltr'>Regem,</span> <span class='ocrx_word' id='word_1_1256' title='bbox 1561 3126 1594 3155; x_wconf 93' lang='lat'>&amp;</span> <span class='ocrx_word' id='word_1_1257' title='bbox 1618 3123 1755 3154; x_wconf 68' lang='lat' dir='ltr'>Haeredes</span> <span class='ocrx_word' id='word_1_1258' title='bbox 1775 3124 1851 3161; x_wconf 89' lang='lat' dir='ltr'>suos,</span> <span class='ocrx_word' id='word_1_1259' title='bbox 1896 3132 1929 3153; x_wconf 92' lang='lat' dir='ltr'>ro</span> <span class='ocrx_word' id='word_1_1260' title='bbox 1950 3121 2006 3165; x_wconf 68' lang='lat' dir='ltr'>Se,</span> <span class='ocrx_word' id='word_1_1261' title='bbox 2030 3121 2061 3152; x_wconf 90' lang='lat' dir='ltr'>R</span> <span class='ocrx_word' id='word_1_1262' title='bbox 2098 3122 2139 3150; x_wconf 89' lang='lat' dir='ltr'>nis</span> <span class='ocrx_word' id='word_1_1263' title='bbox 2180 3120 2294 3158; x_wconf 88' lang='lat' dir='ltr'>Terris,</span> <span class='ocrx_word' id='word_1_1264' title='bbox 2319 3120 2354 3152; x_wconf 89' lang='lat'>&amp;</span> 
     </span>
     <span class='ocr_line' id='line_1_184' title="bbox 1294 3159 2059 3200; baseline -0.001 -7"><span class='ocrx_word' id='word_1_1265' title='bbox 1294 3162 1442 3193; x_wconf 87' lang='lat' dir='ltr'>Dominiis</span> <span class='ocrx_word' id='word_1_1266' title='bbox 1454 3164 1525 3200; x_wconf 77' lang='lat' dir='ltr'>iuis,</span> <span class='ocrx_word' id='word_1_1267' title='bbox 1543 3172 1576 3192; x_wconf 85' lang='lat' dir='ltr'>ac</span> <span class='ocrx_word' id='word_1_1268' title='bbox 1589 3172 1691 3193; x_wconf 86' lang='lat' dir='ltr'>eorum</span> <span class='ocrx_word' id='word_1_1269' title='bbox 1710 3162 1847 3193; x_wconf 90' lang='lat' dir='ltr'>omnibus</span> <span class='ocrx_word' id='word_1_1270' title='bbox 1891 3159 2008 3198; x_wconf 87' lang='lat' dir='ltr'>ubditis,</span> <span class='ocrx_word' id='word_1_1271' title='bbox 2025 3161 2059 3192; x_wconf 92' lang='lat'>&amp;</span> 
     </span>
     <span class='ocr_line' id='line_1_185' title="bbox 1294 3201 1752 3239; baseline 0.002 -9"><span class='ocrx_word' id='word_1_1272' title='bbox 1294 3201 1384 3231; x_wconf 85' lang='lat' dir='ltr'>raliter</span> <span class='ocrx_word' id='word_1_1273' title='bbox 1398 3201 1444 3231; x_wconf 89' lang='lat' dir='ltr'>vel</span> <span class='ocrx_word' id='word_1_1274' title='bbox 1459 3203 1597 3239; x_wconf 80' lang='lat' dir='ltr'>perpetuo</span> <span class='ocrx_word' id='word_1_1275' title='bbox 1613 3202 1752 3231; x_wconf 89' lang='lat' dir='ltr'>duraturis</span> 
     </span>
    </p>

    <p class='ocr_par' dir='ltr' id='par_1_63' title="bbox 1331 3223 2204 3278">
     <span class='ocr_line' id='line_1_186' title="bbox 1331 3223 2204 3278; baseline -0.001 -10"><span class='ocrx_word' id='word_1_1276' title='bbox 1331 3238 1521 3277; x_wconf 88' lang='lat' dir='ltr'>Ordinamus,</span> <span class='ocrx_word' id='word_1_1277' title='bbox 1539 3239 1683 3278; x_wconf 89' lang='lat' dir='ltr'>Facimus,</span> <span class='ocrx_word' id='word_1_1278' title='bbox 1698 3240 1731 3271; x_wconf 91' lang='lat'>&amp;</span> <span class='ocrx_word' id='word_1_1279' title='bbox 1747 3223 1956 3270; x_wconf 59' lang='lat' dir='ltr'>Censtituimus</span> <span class='ocrx_word' id='word_1_1280' title='bbox 1970 3247 2021 3276; x_wconf 88' lang='lat' dir='ltr'>per</span> <span class='ocrx_word' id='word_1_1281' title='bbox 2038 3237 2204 3268; x_wconf 72' lang='lat' dir='ltr'>Praesentes:</span> 
     </span>
    </p>

    <p class='ocr_par' dir='ltr' id='par_1_64' title="bbox 1296 3274 2359 3502">
     <span class='ocr_line' id='line_1_187' title="bbox 1334 3274 2357 3316; baseline -0.002 -9"><span class='ocrx_word' id='word_1_1282' title='bbox 1334 3276 1442 3309; x_wconf 88' lang='lat' dir='ltr'>Dantes</span> <span class='ocrx_word' id='word_1_1283' title='bbox 1465 3280 1498 3310; x_wconf 91' lang='lat'>&amp;</span> <span class='ocrx_word' id='word_1_1284' title='bbox 1515 3277 1716 3309; x_wconf 87' lang='lat' dir='ltr'>Concedentes</span> <span class='ocrx_word' id='word_1_1285' title='bbox 1730 3278 1852 3316; x_wconf 91' lang='lat' dir='ltr'>eisdem,</span> <span class='ocrx_word' id='word_1_1286' title='bbox 1871 3281 2054 3315; x_wconf 82' lang='lat' dir='ltr'>Bertrucato,</span> <span class='ocrx_word' id='word_1_1287' title='bbox 2072 3276 2191 3311; x_wconf 79' lang='lat' dir='ltr'>David,</span> <span class='ocrx_word' id='word_1_1288' title='bbox 2208 3274 2357 3314; x_wconf 75' lang='lat' dir='ltr'>Johanm&#39;,=</span> 
     </span>
     <span class='ocr_line' id='line_1_188' title="bbox 1296 3312 2356 3357; baseline 0 -13"><span class='ocrx_word' id='word_1_1289' title='bbox 1296 3317 1461 3357; x_wconf 82' lang='lat' dir='ltr'>Reymundo,</span> <span class='ocrx_word' id='word_1_1290' title='bbox 1480 3319 1513 3348; x_wconf 66' lang='grc' dir='ltr'>ὃς</span> <span class='ocrx_word' id='word_1_1291' title='bbox 1526 3316 1693 3355; x_wconf 84' lang='lat' dir='ltr'>Guillielmo,</span> <span class='ocrx_word' id='word_1_1292' title='bbox 1713 3317 1865 3356; x_wconf 86' lang='lat' dir='ltr'>Quatuor‚</span> <span class='ocrx_word' id='word_1_1293' title='bbox 1882 3317 1915 3347; x_wconf 90' lang='lat'>&amp;</span> <span class='ocrx_word' id='word_1_1294' title='bbox 1930 3315 2038 3346; x_wconf 90' lang='lat' dir='ltr'>Tribus</span> <span class='ocrx_word' id='word_1_1295' title='bbox 2059 3324 2158 3346; x_wconf 88' lang='lat' dir='ltr'>eorum</span> <span class='ocrx_word' id='word_1_1296' title='bbox 2177 3312 2356 3345; x_wconf 86' lang='lat' dir='ltr'>Potestatem</span> 
     </span>
     <span class='ocr_line' id='line_1_189' title="bbox 1297 3350 2357 3394; baseline -0.004 -9"><span class='ocrx_word' id='word_1_1297' title='bbox 1297 3356 1331 3385; x_wconf 89' lang='lat'>&amp;</span> <span class='ocrx_word' id='word_1_1298' title='bbox 1354 3355 1561 3386; x_wconf 65' lang='lat' dir='ltr'>Auctoritatem</span> <span class='ocrx_word' id='word_1_1299' title='bbox 1580 3356 1722 3394; x_wconf 84' lang='lat' dir='ltr'>speciales,</span> <span class='ocrx_word' id='word_1_1300' title='bbox 1748 3365 1781 3387; x_wconf 90' lang='lat' dir='ltr'>ac</span> <span class='ocrx_word' id='word_1_1301' title='bbox 1803 3354 1975 3385; x_wconf 90' lang='lat' dir='ltr'>Mandatum</span> <span class='ocrx_word' id='word_1_1302' title='bbox 1995 3353 2140 3393; x_wconf 81' lang='lat' dir='ltr'>generale,</span> <span class='ocrx_word' id='word_1_1303' title='bbox 2164 3362 2218 3391; x_wconf 91' lang='lat' dir='ltr'>pro</span> <span class='ocrx_word' id='word_1_1304' title='bbox 2238 3350 2357 3390; x_wconf 79' lang='lat' dir='ltr'>Nobis,</span> 
     </span>
     <span class='ocr_line' id='line_1_190' title="bbox 1299 3389 2359 3432; baseline -0.003 -9"><span class='ocrx_word' id='word_1_1305' title='bbox 1299 3393 1486 3432; x_wconf 84' lang='lat' dir='ltr'>Haeredibus,</span> <span class='ocrx_word' id='word_1_1306' title='bbox 1513 3394 1637 3432; x_wconf 85' lang='lat' dir='ltr'>Regnis,</span> <span class='ocrx_word' id='word_1_1307' title='bbox 1662 3394 1762 3424; x_wconf 85' lang='lat' dir='ltr'>Terris</span> <span class='ocrx_word' id='word_1_1308' title='bbox 1777 3418 1787 3432; x_wconf 96' lang='lat'>,</span> <span class='ocrx_word' id='word_1_1309' title='bbox 1811 3393 1959 3423; x_wconf 87' lang='lat' dir='ltr'>Dominiis</span> <span class='ocrx_word' id='word_1_1310' title='bbox 1973 3415 1984 3430; x_wconf 89' lang='lat'>‚</span> <span class='ocrx_word' id='word_1_1311' title='bbox 2007 3391 2151 3428; x_wconf 86' lang='lat' dir='ltr'>Subditis,</span> <span class='ocrx_word' id='word_1_1312' title='bbox 2177 3392 2210 3423; x_wconf 91' lang='lat'><strong>&amp;</strong></span> <span class='ocrx_word' id='word_1_1313' title='bbox 2232 3389 2359 3420; x_wconf 82' lang='lat' dir='ltr'>Vaffallis</span> 
     </span>
     <span class='ocr_line' id='line_1_191' title="bbox 1298 3427 2355 3502; baseline -0.002 -41"><span class='ocrx_word' id='word_1_1314' title='bbox 1298 3432 1398 3501; x_wconf 55' lang='lat' dir='ltr'>nostgis</span> <span class='ocrx_word' id='word_1_1315' title='bbox 1421 3432 1684 3502; x_wconf 49' lang='lat' dir='ltr'>{Zielrzniffasorrciinia</span> <span class='ocrx_word' id='word_1_1316' title='bbox 1704 3434 1738 3465; x_wconf 90' lang='lat'>&amp;</span> <span class='ocrx_word' id='word_1_1317' title='bbox 1753 3432 1858 3472; x_wconf 88' lang='lat' dir='ltr'>singula</span> <span class='ocrx_word' id='word_1_1318' title='bbox 1869 3429 2045 3469; x_wconf 53' lang='lat' dir='ltr'>vastandi,</span> <span class='ocrx_word' id='word_1_1319' title='bbox 2062 3427 2285 3466; x_wconf 83' lang='lat' dir='ltr'>Concordandi,</span> <span class='ocrx_word' id='word_1_1320' title='bbox 2303 3428 2355 3459; x_wconf 86' lang='lat' dir='ltr'>Fa-</span> 
     </span>
     <span class='ocr_line' id='line_1_192' title="bbox 1296 3480 1651 3502; baseline 0.003 -1"><span class='ocrx_word' id='word_1_1321' title='bbox 1296 3480 1359 3501; x_wconf 91' lang='lat' dir='ltr'>cien</span> <span class='ocrx_word' id='word_1_1322' title='bbox 1382 3482 1389 3501; x_wconf 91' lang='lat' dir='ltr'>i</span> <span class='ocrx_word' id='word_1_1323' title='bbox 1502 3481 1519 3501; x_wconf 81' lang='lat' dir='ltr'>x</span> <span class='ocrx_word' id='word_1_1324' title='bbox 1540 3483 1555 3502; x_wconf 89' lang='lat' dir='ltr'>e</span> <span class='ocrx_word' id='word_1_1325' title='bbox 1576 3482 1620 3502; x_wconf 87' lang='lat' dir='ltr'>ien</span> <span class='ocrx_word' id='word_1_1326' title='bbox 1642 3482 1651 3501; x_wconf 91' lang='lat' dir='ltr'>i</span> 
     </span>
    </p>

    <p class='ocr_par' dir='ltr' id='par_1_65' title="bbox 1295 3483 2359 3587">
     <span class='ocr_line' id='line_1_193' title="bbox 1332 3483 2359 3548; baseline -0.005 -9"><span class='ocrx_word' id='word_1_1327' title='bbox 1332 3509 1369 3539; x_wconf 81' lang='lat' dir='ltr'>Et</span> <span class='ocrx_word' id='word_1_1328' title='bbox 1388 3494 1503 3548; x_wconf 65' lang='lat' dir='ltr'>dmnia,</span> <span class='ocrx_word' id='word_1_1329' title='bbox 1520 3483 1597 3541; x_wconf 54' lang='lat' dir='ltr'>l{uim</span> <span class='ocrx_word' id='word_1_1330' title='bbox 1620 3494 1772 3548; x_wconf 56' lang='lat' dir='ltr'>Tiactam</span> <span class='ocrx_word' id='word_1_1331' title='bbox 1797 3507 1998 3547; x_wconf 87' lang='lat' dir='ltr'>Concordata,</span> <span class='ocrx_word' id='word_1_1332' title='bbox 2022 3507 2056 3539; x_wconf 93' lang='lat'>&amp;</span> <span class='ocrx_word' id='word_1_1333' title='bbox 2079 3506 2216 3545; x_wconf 81' lang='lat' dir='ltr'>Expedita</span> <span class='ocrx_word' id='word_1_1334' title='bbox 2235 3505 2359 3542; x_wconf 70' lang='lat' dir='ltr'>fuerint,</span> 
     </span>
     <span class='ocr_line' id='line_1_194' title="bbox 1295 3547 1620 3587; baseline 0.006 -11"><span class='ocrx_word' id='word_1_1335' title='bbox 1295 3547 1457 3586; x_wconf 85' lang='lat' dir='ltr'>Firmandi,</span> <span class='ocrx_word' id='word_1_1336' title='bbox 1477 3549 1620 3587; x_wconf 88' lang='lat' dir='ltr'>Vallandi,</span> 
     </span>
    </p>

    <p class='ocr_par' dir='ltr' id='par_1_66' title="bbox 1295 3579 2357 3663">
     <span class='ocr_line' id='line_1_195' title="bbox 1332 3579 2357 3624; baseline -0.006 -8"><span class='ocrx_word' id='word_1_1337' title='bbox 1332 3586 1371 3617; x_wconf 90' lang='lat' dir='ltr'>Et</span> <span class='ocrx_word' id='word_1_1338' title='bbox 1392 3587 1491 3617; x_wconf 90' lang='lat' dir='ltr'>omnia</span> <span class='ocrx_word' id='word_1_1339' title='bbox 1511 3587 1561 3617; x_wconf 90' lang='lat' dir='ltr'>alia</span> <span class='ocrx_word' id='word_1_1340' title='bbox 1584 3584 1761 3617; x_wconf 84' lang='lat' dir='ltr'>Excercendi</span> <span class='ocrx_word' id='word_1_1341' title='bbox 1783 3595 1847 3624; x_wconf 83' lang='lat' dir='ltr'>quae</span> <span class='ocrx_word' id='word_1_1342' title='bbox 1867 3587 1942 3617; x_wconf 90' lang='lat' dir='ltr'>circa</span> <span class='ocrx_word' id='word_1_1343' title='bbox 1960 3595 1992 3616; x_wconf 89' lang='lat' dir='ltr'>ea</span> <span class='ocrx_word' id='word_1_1344' title='bbox 2011 3583 2161 3616; x_wconf 73' lang='lat' dir='ltr'>neceflaria</span> <span class='ocrx_word' id='word_1_1345' title='bbox 2180 3582 2284 3613; x_wconf 88' lang='lat' dir='ltr'>fuerint</span> <span class='ocrx_word' id='word_1_1346' title='bbox 2310 3579 2357 3611; x_wconf 86' lang='lat' dir='ltr'>vel</span> 
     </span>
     <span class='ocr_line' id='line_1_196' title="bbox 1295 3623 2053 3663; baseline -0.001 -9"><span class='ocrx_word' id='word_1_1347' title='bbox 1295 3633 1453 3663; x_wconf 88' lang='lat' dir='ltr'>oportuna,</span> <span class='ocrx_word' id='word_1_1348' title='bbox 1473 3626 1557 3655; x_wconf 90' lang='lat' dir='ltr'>etiam</span> <span class='ocrx_word' id='word_1_1349' title='bbox 1574 3625 1594 3654; x_wconf 88' lang='lat' dir='ltr'>si</span> <span class='ocrx_word' id='word_1_1350' title='bbox 1611 3624 1783 3655; x_wconf 89' lang='lat' dir='ltr'>Mandatum</span> <span class='ocrx_word' id='word_1_1351' title='bbox 1797 3625 1906 3663; x_wconf 86' lang='lat' dir='ltr'>exigant</span> <span class='ocrx_word' id='word_1_1352' title='bbox 1919 3623 2053 3662; x_wconf 86' lang='lat' dir='ltr'>speciale,</span> 
     </span>
    </p>
   </div>
   <div class='ocr_carea' id='block_1_26' title="bbox 2111 3143 2356 3197">
    <p class='ocr_par' dir='ltr' id='par_1_67' title="bbox 2111 3143 2356 3197">
     <span class='ocr_line' id='line_1_197' title="bbox 2111 3143 2356 3197; baseline -0.004 -7"><span class='ocrx_word' id='word_1_1353' title='bbox 2111 3143 2223 3197; x_wconf 57' lang='lat' dir='ltr'>afanis,</span> <span class='ocrx_word' id='word_1_1354' title='bbox 2241 3167 2356 3197; x_wconf 85' lang='lat' dir='ltr'>tempo-</span> 
     </span>
    </p>
   </div>
   <div class='ocr_carea' id='block_1_27' title="bbox 1335 3655 2474 3701">
    <p class='ocr_par' dir='ltr' id='par_1_68' title="bbox 1335 3655 2474 3701">
     <span class='ocr_line' id='line_1_198' title="bbox 1335 3655 2474 3701; baseline -0.005 -9"><span class='ocrx_word' id='word_1_1355' title='bbox 1335 3664 1353 3682; x_wconf 67' lang='lat'><strong><em>*</em></strong></span> <span class='ocrx_word' id='word_1_1356' title='bbox 1374 3662 1500 3700; x_wconf 66' lang='lat' dir='ltr'>Renum,</span> <span class='ocrx_word' id='word_1_1357' title='bbox 1516 3663 1657 3701; x_wconf 88' lang='lat' dir='ltr'>Gratum,</span> <span class='ocrx_word' id='word_1_1358' title='bbox 1673 3664 1706 3694; x_wconf 93' lang='lat'>&amp;</span> <span class='ocrx_word' id='word_1_1359' title='bbox 1722 3662 1853 3693; x_wconf 88' lang='lat' dir='ltr'>Firmum</span> <span class='ocrx_word' id='word_1_1360' title='bbox 1869 3663 1991 3694; x_wconf 86' lang='lat' dir='ltr'>habituri</span> <span class='ocrx_word' id='word_1_1361' title='bbox 2013 3659 2148 3699; x_wconf 85' lang='lat' dir='ltr'>quicquid</span> <span class='ocrx_word' id='word_1_1362' title='bbox 2168 3657 2270 3694; x_wconf 78' lang='lat' dir='ltr'>iidem,</span> <span class='ocrx_word' id='word_1_1363' title='bbox 2290 3655 2357 3687; x_wconf 87' lang='lat' dir='ltr'>Ber·</span> <span class='ocrx_word' id='word_1_1364' title='bbox 2373 3666 2388 3683; x_wconf 76' lang='grc' dir='ltr'><strong>ο</strong></span> <span class='ocrx_word' id='word_1_1365' title='bbox 2408 3668 2474 3697; x_wconf 61' lang='grc' dir='ltr'>νη,</span> 
     </span>
    </p>
   </div>
   <div class='ocr_carea' id='block_1_28' title="bbox 1293 3697 2354 3897">
    <p class='ocr_par' dir='ltr' id='par_1_69' title="bbox 1293 3697 2354 3897">
     <span class='ocr_line' id='line_1_199' title="bbox 1295 3697 2289 3745; baseline -0.008 -13"><span class='ocrx_word' id='word_1_1366' title='bbox 1295 3710 1434 3739; x_wconf 88' lang='lat' dir='ltr'>trucatus,</span> <span class='ocrx_word' id='word_1_1367' title='bbox 1454 3701 1563 3740; x_wconf 89' lang='lat' dir='ltr'>David,</span> <span class='ocrx_word' id='word_1_1368' title='bbox 1586 3701 1748 3740; x_wconf 88' lang='lat' dir='ltr'>Johannes,</span> <span class='ocrx_word' id='word_1_1369' title='bbox 1773 3700 1980 3745; x_wconf 75' lang='lat' dir='ltr'>Reymundus,</span> <span class='ocrx_word' id='word_1_1370' title='bbox 2006 3701 2040 3731; x_wconf 93' lang='lat'>&amp;</span> <span class='ocrx_word' id='word_1_1371' title='bbox 2060 3697 2248 3743; x_wconf 71' lang='lat' dir='ltr'>GullielmuS,</span> <span class='ocrx_word' id='word_1_1372' title='bbox 2285 3734 2289 3738; x_wconf 42' lang='grc'><strong>-</strong></span> 
     </span>
     <span class='ocr_line' id='line_1_200' title="bbox 1294 3732 2354 3784; baseline -0.007 -15"><span class='ocrx_word' id='word_1_1373' title='bbox 1294 3740 1440 3783; x_wconf 30' lang='grc' dir='ltr'>ωοῐχνεΙ</span> <span class='ocrx_word' id='word_1_1374' title='bbox 1461 3740 1535 3770; x_wconf 83' lang='lat' dir='ltr'>Tres</span> <span class='ocrx_word' id='word_1_1375' title='bbox 1554 3750 1673 3784; x_wconf 79' lang='lat' dir='ltr'>eorum,</span> <span class='ocrx_word' id='word_1_1376' title='bbox 1693 3739 1831 3770; x_wconf 84' lang='lat' dir='ltr'>Nomine</span> <span class='ocrx_word' id='word_1_1377' title='bbox 1849 3738 1967 3777; x_wconf 87' lang='lat' dir='ltr'>nostro,</span> <span class='ocrx_word' id='word_1_1378' title='bbox 1991 3738 2111 3768; x_wconf 86' lang='lat' dir='ltr'>fecerint</span> <span class='ocrx_word' id='word_1_1379' title='bbox 2131 3744 2161 3764; x_wconf 86' lang='lat' dir='ltr'>in</span> <span class='ocrx_word' id='word_1_1380' title='bbox 2185 3732 2301 3764; x_wconf 76' lang='lat' dir='ltr'>Praeimi</span> <span class='ocrx_word' id='word_1_1381' title='bbox 2315 3743 2354 3772; x_wconf 85' lang='lat' dir='ltr'>is,</span> 
     </span>
     <span class='ocr_line' id='line_1_201' title="bbox 1293 3777 2354 3855; baseline -0.003 -10"><span class='ocrx_word' id='word_1_1382' title='bbox 1293 3777 1708 3855; x_wconf 40' lang='lat' dir='ltr'>seuffiglqugigrffggffiprsuirgnilli</span> <span class='ocrx_word' id='word_1_1383' title='bbox 1723 3815 1813 3847; x_wconf 88' lang='lat' dir='ltr'>nostri</span> <span class='ocrx_word' id='word_1_1384' title='bbox 1835 3814 2021 3846; x_wconf 88' lang='lat' dir='ltr'>Testimonio</span> <span class='ocrx_word' id='word_1_1385' title='bbox 2034 3835 2045 3850; x_wconf 84' lang='lat'>‚</span> <span class='ocrx_word' id='word_1_1386' title='bbox 2076 3811 2106 3840; x_wconf 85' lang='lat' dir='ltr'>in</span> <span class='ocrx_word' id='word_1_1387' title='bbox 2127 3809 2233 3842; x_wconf 83' lang='lat' dir='ltr'>Palatio</span> <span class='ocrx_word' id='word_1_1388' title='bbox 2255 3810 2354 3842; x_wconf 85' lang='lat' dir='ltr'>nostro</span> 
     </span>
     <span class='ocr_line' id='line_1_202' title="bbox 1298 3853 1984 3897; baseline 0 -13"><span class='ocrx_word' id='word_1_1389' title='bbox 1298 3853 1538 3895; x_wconf 79' lang='lat' dir='ltr'>Westmonasterii,</span> <span class='ocrx_word' id='word_1_1390' title='bbox 1556 3855 1692 3886; x_wconf 88' lang='lat' dir='ltr'>vicesimo</span> <span class='ocrx_word' id='word_1_1391' title='bbox 1705 3864 1785 3887; x_wconf 90' lang='lat' dir='ltr'>nono</span> <span class='ocrx_word' id='word_1_1392' title='bbox 1797 3855 1843 3886; x_wconf 88' lang='lat' dir='ltr'>die</span> <span class='ocrx_word' id='word_1_1393' title='bbox 1855 3853 1984 3897; x_wconf 82' lang='lat' dir='ltr'>Augusti.</span> 
     </span>
    </p>
   </div>
   <div class='ocr_carea' id='block_1_29' title="bbox 1990 3925 2250 3965">
    <p class='ocr_par' dir='ltr' id='par_1_70' title="bbox 1990 3925 2250 3965">
     <span class='ocr_line' id='line_1_203' title="bbox 1990 3925 2250 3965; baseline 0.008 -9"><span class='ocrx_word' id='word_1_1394' title='bbox 1990 3927 2043 3956; x_wconf 80' lang='lat' dir='ltr'>Per</span> <span class='ocrx_word' id='word_1_1395' title='bbox 2054 3925 2135 3964; x_wconf 74' lang='lat' dir='ltr'>ipfitm</span> <span class='ocrx_word' id='word_1_1396' title='bbox 2148 3927 2250 3965; x_wconf 81' lang='lat' dir='ltr'>Regem.</span> 
     </span>
    </p>
   </div>
   <div class='ocr_carea' id='block_1_30' title="bbox 2309 4052 2353 4080">
    <p class='ocr_par' dir='ltr' id='par_1_71' title="bbox 2309 4052 2353 4080">
     <span class='ocr_line' id='line_1_204' title="bbox 2309 4052 2353 4080; baseline -0.045 0"><span class='ocrx_word' id='word_1_1397' title='bbox 2309 4052 2353 4080; x_wconf 69' lang='lat' dir='ltr'>De</span> 
     </span>
    </p>
   </div>
   <div class='ocr_carea' id='block_1_31' title="bbox 2310 3705 2438 3742">
    <p class='ocr_par' dir='ltr' id='par_1_72' title="bbox 2310 3705 2438 3742">
     <span class='ocr_line' id='line_1_205' title="bbox 2310 3705 2438 3742; baseline 0 -17"><span class='ocrx_word' id='word_1_1398' title='bbox 2310 3705 2356 3725; x_wconf 85' lang='lat' dir='ltr'>ua-</span> <span class='ocrx_word' id='word_1_1399' title='bbox 2375 3706 2438 3742; x_wconf 82' lang='lat'><strong>3⁶7·</strong></span> 
     </span>
    </p>
   </div>
  </div>
 </body>
</html>
