2561 4251
191 134 267 174 182

49 218 125 249 Anu.
139 215 181 246 D.
231 218 371 248 Volumus
383 218 416 249 &
431 216 591 247 ordinamus
604 217 682 255 quod
705 217 794 246 nullus
815 213 928 244 Officio
956 206 1130 244 Notariati'is
1138 213 1168 241 in
1184 209 1267 241 dic‘to

72 265 157 296 1359·
189 257 305 288 Ducatu
320 264 483 292 utatur,nec
499 254 579 285 Fides
593 255 682 293 aliqua
698 255 779 285 alicui
793 253 916 291 Notasio
924 252 1104 289 adhibeatur,
1117 250 1168 280 nisi
1183 248 1264 279 fuerit

50 300 118 324 Euv-
139 304 165 332 3·
194 295 230 326 de
246 295 325 325 dieto
350 295 462 324 Ducatu
485 293 618 323 oriundus
635 316 644 331 ,
670 294 702 324 &
721 303 773 330 *per
788 292 953 322 Dominum
978 290 1133 320 Summum
1151 285 1270 318 Pontifi-

194 333 328 371 cem,vel
345 341 391 369 per
407 331 493 368 Nos,
512 332 556 361 seu
573 331 720 361 Ministros
734 330 845 360 nostros
860 329 983 367 ejusdem
997 327 1146 364 Ducatsis,
1162 325 1197 356 ad
1213 325 1270 354 lioc

194 372 307 441 {rigabis
321 370 517 400 auctoritatem
532 370 680 408 specialem
697 369 851 407 habentes,
876 376 981 398 creatus
1002 368 1032 397 in
1047 365 1160 396 Officio
1181 363 1273 401 supra-

216 421 241 441 ic
255 419 289 440 o:

234 448 269 478 Et
284 447 351 477 ideo
371 447 454 477 vobis
473 446 639 477 mandamus
652 445 734 483 ,quud
747 444 966 475 Ordinationem
980 442 1145 481 praedictam
1164 442 1194 470 in
1206 439 1272 470 Du-

195 495 257 519 catu
275 485 416 523 praediffl)
433 485 587 522 publicari,
605 485 638 514 &
656 484 775 514 firmiter
790 485 896 522 teneri,
913 484 946 515 &
961 482 1098 513 observari
1117 480 1230 511 faciatis.

232 524 299 555 Dat.
319 524 392 562 apud
404 521 714 561 Westmonasterium,
732 523 826 561 primo
844 522 890 553 die
907 521 990 553 Maii.

891 600 944 628 Per
963 596 1044 637 ipsizm
1062 599 1167 634 Regem.

74 745 153 771 «VI.
202 729 225 750 *
250 730 310 763 Pro
330 724 533 774 Mzgnatibus
556 728 705 769 Franciae,
722 725 814 771 sitper
837 724 985 758 Traffatu
1009 725 1114 765 Pacis,
1140 725 1171 754 in
1180 721 1273 754 Nun-

76 783 136 810 126.
604 780 686 808 cium
709 773 871 817 destinatis.

55 868 132 900 Ann.
147 862 340 918 D.REX
360 861 490 892 universis
505 861 539 892 δε
553 859 667 897 singulis
687 858 866 890 Hominibus
886 857 989 888 nostris
1006 857 1113 896 Ligiis,
1131 855 1276 894 subditis,

76 915 161 945 1359.
286 902 319 932 &
335 901 446 932 Amicis
456 923 466 939 ,
486 910 519 930 ac
535 900 619 930 nobis
633 897 792 938 Benivolis,
811 898 846 929 ad
861 897 1016 936 quos,&c.
1034 896 1163 927 Salutem.

55 949 108 973 An.
127 954 171 982 33.
243 941 344 972 Sciatis
359 939 438 977 qubd
449 962 458 978 ,

53 988 82 1012 Ε.
108 994 133 1020 3.
240 979 322 1010 Ctim
340 978 463 1009 Nobiles
482 977 564 1015 Viri,

54 1027 147 1050 Frnnc.

56 1066 140 1097 33.E.
154 1072 179 1097 3.
243 1057 373 1094 Archiepi
388 1063 461 1093 copus
481 1053 648 1094 Senonenfis,

49 1100 193 1138 nu.i8.p.i;
246 1102 336 1127 Comes
371 1106 384 1123 e
403 1092 595 1131 Tankerville,

245 1141 333 1166 Comes
350 1134 382 1162 de
400 1136 526 1170 Dampno
541 1134 689 1168 Martino,

240 1171 418 1210 Blarestallus
440 1172 472 1200 a'e
490 1169 666 1207 Dodenham,

242 1215 374 1243 Dominus
392 1211 423 1240 de
439 1208 604 1246 Albinzaco,

240 1250 387 1282 Priibnarii
407 1248 512 1285 nostri,

235 1289 272 1320 Et
290 1286 421 1328 Magister
436 1286 583 1326 Johannes
600 1285 708 1314 Rotarii
726 1282 874 1320 Clericus,

244 1367 290 1398 Ad
309 1375 397 1404 partes
416 1364 542 1395 Franciae
560 1373 612 1401 pro
632 1361 799 1401 quibusdam
816 1358 965 1397 Articulis,
992 1356 1162 1388 Trac'tatum
1180 1355 1278 1394 Pacis,

202 1409 274 1438 inter
300 1405 368 1436 Nos
394 1405 427 1436 &
444 1402 640 1434 Adversarium
654 1400 783 1431 nostrum
799 1400 895 1436 initae,
912 1399 942 1428 in
958 1396 1109 1428 Nuncium
1130 1395 1182 1426 lint
1194 1395 1278 1426 desti-

203 1447 262 1477 nati
272 1468 280 1483 ,

237 1484 274 1515 Et
290 1483 373 1520 ΝΘΕ,
392 1492 446 1520 ΡΕΥ
470 1481 578 1511 Lites&
594 1477 701 1509 ss0stf²⁵
725 1477 855 1508 Parentes
903 1473 1070 1518 ῘῙῙΓΕΕῬῨΓπως
1092 1472 1167 1510 ipsos
1188 1471 1222 1502 N
1226 1483 1278 1502 un·
1309 1481 1451 1521 johannes
1469 1482 1506 1512 de
1522 1480 1678 1520 Dunstaple
1691 1506 1701 1520 ,
1726 1493 1814 1520 nuper
1837 1493 1909 1514 unus
1930 1481 2183 1514 Palefridiariorum
2203 1480 2385 1518 nostrorum,

198 1525 277 1561 cios,
296 1524 328 1553 ὃς
345 1521 505 1560 quemlibet
520 1527 621 1548 eorum
637 1539 647 1554 ,
672 1515 768 1546 eundo
791 1525 839 1553 per
889 1515 1033 1543 ominium
1049 1513 1082 1543 &
1106 1510 1275 1541 potestatem

201 1563 314 1599 nostra,
333 1561 366 1591 &
381 1570 429 1597 per
442 1566 529 1596 partes
545 1557 581 1586 de
594 1555 768 1585 Obedientia
789 1555 823 1584 &
842 1553 979 1583 Amicitia
996 1551 1091 1581 nostra
1114 1549 1277 1587 existentes,

202 1604 262 1632 tam
278 1602 306 1629 in
319 1600 441 1636 partibus
458 1596 601 1633 Franci-x,
620 1595 706 1632 quam
721 1593 807 1630 alibi,
825 1592 855 1620 in
871 1590 975 1621 salvum
992 1590 1026 1620 &
1051 1590 1179 1620 securum
1192 1587 1277 1618 Con-

205 1640 327 1670 dud'tum
343 1636 488 1672 nostrum,
507 1642 591 1672 prout
604 1635 634 1663 in
647 1632 732 1663 dietis
750 1631 847 1662 Literis
868 1629 967 1660 nostris
989 1628 1026 1658 de
1048 1627 1204 1658 Conduetu
1219 1627 1278 1665 ple-

208 1680 271 1710 nius
288 1677 458 1706 continetur.

243 1716 353 1752 Vobis,
373 1714 464 1750 Ligiis
480 1712 512 1742 &
533 1710 658 1741 Subditis
679 1708 797 1746 nostris,
816 1707 934 1737 firmiter
953 1706 1128 1744 injungimus
1148 1705 1181 1736 &
1197 1715 1277 1735 man-

205 1756 322 1792 damus,
340 1753 390 1783 sub
402 1749 571 1781 omnimoda
593 1747 772 1779 forisfactura
788 1747 842 1784 qua
858 1747 941 1776 nobis
960 1744 1122 1775 forisfacere
1136 1745 1277 1782 poteritis,

194 1794 318 1832 vosque,
337 1792 456 1822 Amicm
468 1789 501 1819 &
518 1787 667 1819 Benivolos
683 1809 693 1825 ,
718 1787 819 1816 intime
834 1794 967 1821 rogamus
988 1792 1119 1821 quatenus
1138 1782 1279 1820 praedictis

201 1834 235 1863 N
240 1833 345 1868 unciis,
360 1830 455 1860 eundo
470 1838 517 1865 per
535 1827 712 1856 Dominium
729 1826 763 1855 δε
787 1823 960 1853 Potest-atem
982 1822 1115 1859 praedicta
1129 1844 1139 1860 ,
1164 1822 1208 1851 seu
1228 1831 1277 1858 per

201 1870 358 1902 Distritstus
372 1867 496 1904 vestros,
514 1875 582 1903 vos,
601 1864 700 1895 Amici
715 1863 748 1893 &
764 1862 892 1892 Benivoli
905 1860 1011 1899 nostri,
1029 1861 1060 1890 in
1081 1860 1186 1891 eisdem
1211 1869 1276 1890 nio-

201 1910 308 1945 rando,
326 1909 358 1939 &
373 1905 476 1937 exinde
503 1904 536 1935 ad
560 1911 648 1941 partes
670 1901 764 1940 Regni
788 1900 875 1930 nostri
898 1900 1016 1936 Angliae
1035 1899 1195 1937 redeundo,
1214 1909 1276 1929 non

201 1949 344 1985 inferatis,
361 1946 422 1983 seu,
443 1952 579 1982 quantum
600 1942 628 1971 in
648 1941 730 1971 vobis
743 1939 800 1978 est,
819 1940 854 1969 ab
870 1938 927 1968 aliis
943 1937 1038 1968 inferri
1052 1939 1216 1976 permittatis
1228 1937 1277 1968 ln-

201 1989 304 2027 juriam
328 2009 337 2025 ,
376 1982 561 2019 Molestiam,
588 1980 760 2022 Dampnum
775 2001 785 2016 ,
819 1977 1085 2014 impedimentum,
1102 1976 1215 2015 aliquod
1233 1976 1277 2007 seu

201 2027 369 2058 Gravamen
382 2046 392 2062 ,
419 2031 519 2053 contra
536 2028 665 2050 tenorem
693 2017 850 2049 Literarum
877 2015 1032 2047 nostrarum
1061 2016 1095 2047 de
1119 2015 1277 2048 Conduetu

202 2064 404 2105 praedietarum
415 2085 424 2099 ,

240 2104 288 2133 Set
303 2103 373 2140 ipsos
388 2099 540 2136 Nuncios,
559 2098 591 2128 ὃς
607 2095 762 2136 quemlibet
778 2104 877 2126 eorum
887 2118 896 2133 ,
915 2093 1103 2126 favorabiliter
1118 2093 1278 2132 petrastetis

201 2144 237 2174 &
255 2142 381 2178 benigne
395 2162 404 2177 ,
429 2140 461 2169 ὃ(
488 2160 498 2175 ,
535 2139 605 2168 cum
628 2135 738 2166 necesse
762 2135 870 2173 fuerit,
896 2133 972 2164 salvo
991 2144 1038 2171 per
1058 2133 1212 2164 DistriCims
1227 2143 1278 2164 ve-

201 2182 272 2212 stros
287 2179 470 2214 conducatis,
494 2176 565 2207 cum
584 2185 633 2213 per
650 2173 742 2212 ipsos,
758 2173 803 2204 seu
829 2182 931 2204 eorum
954 2172 1078 2211 aliquem
1094 2195 1105 2212 ,
1125 2171 1204 2210 super
1218 2172 1276 2203 hoc

202 2230 237 2251 ex
256 2228 330 2257 parte
344 2216 437 2248 nostra
453 2216 558 2246 fueritis
576 2214 706 2253 requifiti.

238 2258 272 2289 In
287 2259 381 2295 cujus,
398 2256 458 2286 &e
478 2254 561 2292 usque
579 2253 612 2283 ad
630 2251 746 2282 Festum
760 2250 926 2281 Nativitatis
941 2249 1039 2281 Saneti
1051 2249 1191 2289 Johannis
1205 2248 1277 2289 Bap-

203 2297 275 2328 tistae
291 2296 425 2333 proxime>
447 2293 570 2322 futurum
587 2291 736 2321 duraturas.

272 2335 340 2367 Dat.
358 2330 431 2373 apud
446 2328 751 2366 westmonasterium,
769 2327 926 2359 undecimo
943 2327 990 2358 die
1010 2327 1094 2358 Maii.

895 2369 949 2396 Per
966 2366 1050 2406 ipsum
1066 2369 1171 2405 Regem.

414 2447 581 2482 Consimiles
599 2447 704 2478 Literas
722 2445 757 2477 de
776 2443 936 2476 Conduetu
955 2443 1060 2475 habent

207 2530 353 2570 Johannes
375 2530 496 2566 Bigotti,
513 2529 545 2557 de
565 2528 700 2561 Biterris,

208 2573 249 2599 Et
270 2571 447 2604 Berengarius
466 2570 553 2604 Lari,
567 2566 599 2594 de
618 2564 760 2593 Norbana.

208 2623 295 2633 ·---
316 2606 450 2636 Vallettus
465 2605 568 2643 Jacobi
580 2605 610 2632 de
625 2606 767 2637 Bouroon,
784 2600 933 2638 Prisonarii
947 2602 1033 2636 Regis.

204 2663 292 2672 -—-—-
311 2644 468 2674 Familiaris
483 2641 640 2682 Marestalli
655 2638 835 2676 Dodenham,
855 2637 1004 2676 Prilimarii
1019 2641 1104 2677 Regis.

210 2684 357 2715 Gulielmus
372 2683 403 2712 de
419 2681 552 2720 Bolonia,
571 2684 722 2721 Equitator
737 2677 907 2714 Adversarii
923 2680 1010 2715 Regis.

210 2724 327 2754 Thornax
345 2722 487 2761 Espircrii,
507 2720 629 2749 Valettus
644 2716 813 2755 Adversarii
830 2718 918 2752 Regis.

209 2766 310 2792 Frater
325 2764 415 2790 Hamo
431 2763 581 2789 Can-onitas
595 2758 731 2788 Abbatiae
747 2753 818 2784 Belli
834 2753 942 2783 Portu‘s.

206 2801 341 2840 Johamze
360 2800 391 2829 dc
408 2798 435 2828 la
455 2798 524 2837 Val,
544 2802 677 2828 Dominus
691 2798 746 2827 de]

242 2839 372 2870 Tintniak
380 2861 389 2876 ,

206 2882 323 2909 Iwmms
338 2875 459 2906 charmel
469 2874 558 2905 Miles.
737 2880 745 2927 Ι

206 2916 353 2957 Johanues
366 2916 396 2944 de
410 2914 496 2954 Jult'z
509 2914 573 2944 Mil.
763 2910 866 2938 Nuncii
882 2911 977 2938 Karo-

204 2954 348 2994 Reyfridus
363 2955 393 2983 de
410 2957 495 2995 Veyer.
736 2930 781 2977 >l:
798 2949 830 2978 de
850 2947 938 2987 Bloys.

206 2995 339 3024 Oliverus
357 2993 388 3022 de
410 2995 465 3032 Pyn
740 2972 745 3022 Ι

207 3031 357 3063 Rollandus
375 3032 405 3061 de
419 3035 494 3060 seint
511 3030 581 3060 Gile.
739 3023 744 3073 Ι

207 3074 307 3101 Petrus
326 3070 469 3100 Plantam.
724 3076 741 3101 j

206 3110 296 3140 Guido
309 3111 424 3149 Foraje,
441 3106 557 3148 Ssutlfhr
571 3109 681 3136 Comitis
698 3101 951 3143 Asiteffiodorenfis,
971 3101 1121 3142 Prtssmarii
1137 3101 1223 3138 Regis.

382 3238 430 3270 De
455 3232 596 3279 Ponstase
611 3231 777 3266 ‘frenandi
798 3244 867 3265 cmn
886 3234 963 3278 Rege
979 3227 1115 3272 Castellae.

63 3316 139 3346 Asm‘
152 3311 196 3343 D*
291 3323 439 3360 Niversis,
457 3320 600 3360 praesentes
615 3320 722 3349 Literas
742 3317 920 3355 inspecturis,
940 3314 1093 3346 Edwardus
1105 3337 1115 3352 ,
1141 3313 1197 3344 Dei
1218 3323 1283 3351 gra-

63 3362 177 3427 A¹3{9·
312 3363 368 3401 tia,
388 3362 452 3392 Rex
474 3360 598 3391 Franci-z
619 3359 652 3389 ὅτ.
669 3357 785 3395 Angliae
805 3357 838 3387 δε
853 3356 999 3387 Dominus
1020 3353 1187 3390 Hiberniae,
1204 3352 1283 3383 Salu-

92 3404 116 3420 n.
156 3401 179 3428 3·
213 3409 281 3431 tem.

63 3438 95 3461 E.
114 3442 137 3467 3·
252 3439 351 3469 Sciatis
367 3439 442 3477 quod
458 3438 527 3469 Nos
538 3461 548 3475 ,

64 3476 128 3500 ΡΜ·
148 3477 193 3506 33·
250 3477 342 3509 Grata
354 3478 574 3508 consideratione
594 3474 736 3513 pensantes
754 3473 868 3503 sincerae
888 3469 1062 3501 Diled'tionis
1081 3467 1284 3498 Constantiam

65 3515 199 3545 f·3·P-2·
213 3517 246 3547 &
262 3516 461 3547 Subventionis
480 3514 735 3551 promptitudinem
750 3535 759 3550 ,
786 3511 903 3549 quibus,
931 3507 1101 3539 Sereniffirni
1123 3506 1285 3544 Principes,

66 3558 104 3577 θη·
115 3558 147 3583 27
153 3573 159 3579 ·
215 3555 338 3585 Domini
354 3554 450 3590 Reges
465 3553 612 3589 Castellae,
629 3550 843 3587 Consanguinei
858 3547 944 3578 nostri
967 3545 1098 3578 carissimi
1113 3567 1123 3583 ‚
1146 3545 1179 3575 ὃ(
1194 3544 1284 3575 nostri

216 3592 433 3630 Progenitores,
452 3591 476 3621 se
491 3594 590 3621 mutui)
608 3597 819 3627 praevenerunt,

251 3631 287 3661 Et
304 3631 486 3662 desiderantes
505 3629 575 3658 Hoc
592 3628 694 3658 nostris
709 3627 886 3665 temporibus
900 3624 1076 3660 continuari,

256 3669 300 3699 Ac
315 3670 348 3699 dc
365 3669 492 3700 fidelitate
508 3668 541 3696 &
557 3666 808 3703 circumspectione
823 3662 959 3705 provida,
977 3662 1149 3692 dilectorum
1166 3661 1199 3691 &
1216 3658 1286 3689 fide-

216 3706 286 3735 lium
302 3707 466 3737 nostrorum
476 3729 486 3744 ,
501 3705 639 3743 johannis
651 3704 686 3733 de
702 3703 902 3733 Cheveresdon
915 3701 1061 3732 Senescalli
1076 3697 1163 3729 nostri
1180 3698 1286 3728 Vasco-

215 3745 290 3782 nize,
310 3746 341 3775 &
355 3745 488 3782 johannis
500 3743 535 3774 de
550 3741 667 3772 Stretele
682 3741 893 3772 Constabularii
908 3739 994 3770 nostri
1018 3736 1207 3774 Burdegaliae,
1226 3736 1287 3773 ple-

218 3783 282 3812 nius
296 3783 468 3812 confidentes
477 3807 485 3820 ,

255 3820 275 3839 ³*
304 3820 348 3849 Ad
365 3820 560 3850 Traetandum
575 3819 607 3849 &
629 3816 881 3847 Concordandum‘
893 3827 962 3846 cum
988 3815 1047 3852 ipso
1065 3813 1287 3849 Consanguineo

222 3857 340 3894 nostro,
359 3858 402 3887 vel
420 3858 564 3895 Depntatis
579 3858 616 3887 ab
635 3865 672 3885 eo
685 3878 694 3892 ,
711 3855 746 3884 de
770 3855 849 3891 Ligis
874 3856 906 3884 ὃς
923 3855 1041 3885 Auxiliis
1054 3876 1065 3891 ,
1087 3854 1157 3882 inter
1175 3850 1286 3881 nostros

224 3896 426 3932 progenitores
434 3897 470 3925 sic
487 3897 578 3933 initis,
595 3897 665 3925 inter
680 3893 749 3923 Nos
765 3893 978 3930 continuandis,

259 3934 303 3964 Ac
325 3933 360 3962 de
380 3934 517 3963 Aniicitiis
533 3934 564 3963 ὃ(
582 3933 738 3969 Alligantiis
761 3932 831 3960 inter
849 3930 936 3967 ipsum
961 3928 1213 3965 Consanguineum
1234 3936 1287 3955 no-

221 3972 310 4003 strum
326 3973 358 4002 &
383 3981 451 4008 n05,
468 3971 487 3999 li
509 3980 658 4008 oporteat,
680 3970 716 4000 de
734 3978 814 4000 novo
829 3968 973 4006 ineundis,
999 3969 1031 3998 ὃς
1051 3967 1153 3997 mutuis
1172 3964 1289 3995 Auxiliis

220 4010 373 4043 hinc'inde
394 4008 570 4046 praestandis,

259 4049 297 4079 Et
312 4048 344 4078 ad
364 4058 411 4089 οἶ,
429 4057 490 4083 quae
509 4047 545 4076 sic
565 4047 697 4078 Tractata
716 4048 750 4079 &
770 4044 951 4077 Concordata
966 4043 1090 4082 fuerint,
1108 4049 1286 4081 quacumque

208 4088 365 4120 Securitate
381 4084 550 4115 nrnianduni
560 4106 569 4121 ,

87 3822 172 3848 *VL

95 3869 157 3895 ¹27·

638 107 1906 171 CONVENTioNEs,L1TER‘AE,

1346 207 1385 238 Et
1404 207 1439 238 ad
1460 209 1559 239 omnia
1575 209 1627 240 aira
1644 209 1678 240 &
1696 208 1803 246 singula
1824 206 2012 248 faciendum
2036 207 2107 250 quae
2124 209 2154 254 in
2172 206 2318 248 praemiffis
2331 217 2381 240 ne·
2393 202 2472 234 Ann-
2484 201 2526 234 D·

2558 157 2561 194 i

2549 199 2561 231 *l

1306 246 1421 290 ceffaria
1434 246 1537 277 fuerint
1550 248 1595 277 vel
1610 256 1765 285 oportuna,
1781 247 1868 276 etiam
1883 247 1902 276 si
1924 246 2094 279 Mandatum
2107 257 2220 285 exigant
2243 244 2501 286 speciale*,'‘·1'359·
2559 255 2561 273 ³

1344 283 1476 324 Eisdem,
1497 285 1653 316 Senescallo
1670 286 1704 316 &
1720 283 1955 322 Constabulario‚
1973 286 2007 316 &
2023 295 2123 318 eorum
2138 287 2230 325 alteri,
2247 286 2378 326 plenam,
2398 283 2465 310 Ἐάν·
2482 290 2510 318 3-
2559 301 2561 314 ι

1311 330 1409 354 tenore
1423 323 1600 361 praesentium
1610 347 1619 362 ,
1636 323 1822 354 concedimus
1837 321 2025 361 Potestatetn3

1349 361 1457 392 Rarum
1472 363 1505 392 &
1521 371 1632 400 gratum
1645 360 1907 401 habituriquicquid
1915 360 2024 400 dictos,
2042 361 2273 396 Senescallum&
2295 363 2379 394 Con-

1312 399 1493 444 stabularium
1502 423 1512 439 ,
1538 401 1583 431 vel
1600 410 1700 431 eorum
1718 400 1853 438 alterum,
1869 400 1988 430 nomine
2003 399 2118 439 nostro,
2135 401 2246 433 Aetum
2257 401 2304 434 vel
2315 402 2380 434 Ge-

1317 438 1392 469 stum
1414 438 1496 469 fuerit
1512 441 1542 469 in
1558 439 1710 477 praemiffis.
1856 455 1860 459 ·

1349 476 1384 507 In
1402 477 1495 514 cujus,
1513 478 1574 507 &c.

1387 513 1456 559 Dat.
1473 515 1626 559 in·Palati0
1641 515 1740 547 nostro
1753 516 1870 547 Westrn
1888 517 1995 555 primo.
2019 516 2064 547 die
2075 515 2175 555 Junii,
2191 526 2266 549 anno
2278 517 2380 556 Regni

1312 552 1400 585 nostri
1415 553 1438 584 F
1439 561 1543 584 ranciae
1556 554 1690 585 vicesimo
1697 577 1708 593 ,
1725 554 1826 594 Regni
1841 558 1911 587 vero
1919 555 2008 587 nostri
2018 554 2132 593 Angliae
2140 555 2279 587 tricefimo
2286 557 2378 589 tertio.

1996 634 2051 663 Per
2067 631 2151 673 ipfiem
2167 634 2274 670 Regem.

1604 760 1664 790 Pro
1686 754 1886 797 Archibaldo.
1899 755 1936 790 de
1952 758 2098 804 Douglas.

1382 842 1444 874 EX
1461 843 1522 874 ὅτε.
1541 842 1672 874 Salutem.

1418 882 1518 912 Sciatis
1535 881 1613 925 quod
1634 881 1800 919 suscepimus
1821 882 1850 912 in
1873 880 1979 912 salvum
1998 881 2033 913 &
2047 881 2176 914 securum
2197 882 2386 914 Condudium

1317 920 1447 950 nostrum
1465 919 1668 951 Archibaldum
1685 920 1720 950 de
1745 920 1893 964 Dougkzs',
1917 919 2043 951 Militem
2064 920 2101 951 de
2122 921 2242 961 partibus
2264 921 2389 960 Scotiae,

1317 959 1351 989 &
1369 959 1585 1004 Qinqnealios
1604 957 1722 996 Equites
1734 958 1770 988 de
1785 957 1934 990 Comitiva
1946 958 2011 998 sua,
2028 959 2170 990 veniendo
2189 959 2223 990 ad
2239 969 2309 998 nos,
2327 959 2387 995 &c.

1313 1005 1395 1035 prout
1416 997 1587 1041 1n⁴firml1bus
1600 996 1633 1026 de
1648 996 1785 1026 conductu
1801 998 1916 1028 Literis.

1353 1035 1386 1081 ln
1405 1046 1501 1074 cujus,
1517 1037 1578 1067 &c
1599 1035 1683 1073 usque
1703 1034 1739 1066 ad
1753 1034 1868 1065 Festum
1884 1035 1982 1066 SanCti
2004 1036 2082 1068 Petri
2103 1037 2138 1069 ad
2153 1035 2276 1068 Vincula
2289 1037 2387 1075 proxi-

1318 1082 1372 1103 mo
1389 1072 1511 1105 futurum
1525 1074 1674 1105 duraturas.

1393 1111 1461 1143 Dat.
1480 1112 1553 1151 apud
1571 1111 1874 1151 Westmonasterium‚
1893 1111 1968 1144 sexto
1986 1111 2032 1144 die
2041 1112 2127 1152 Junii.

2403 909 2522 977 ..23⁵3

2404 984 2433 1006 E.
2452 988 2479 1015 3·

2009 1191 2064 1220 Per
2079 1189 2162 1230 ipsum
2178 1192 2281 1230 Regem.

1519 1322 1577 1352 Pro
1593 1318 1793 1354 Mahemiato
1808 1322 1841 1352 in
1860 1316 2004 1364 Confliflu
2027 1314 2175 1361 Creffiaw.

1317 1409 1377 1474 R
1389 1403 1414 1434 E
1424 1404 1474 1442 X,
1498 1404 1662 1443 Omnibus,
1677 1404 1710 1436 ad
1721 1415 1790 1443 quos
1805 1405 1865 1437 &c.
1885 1404 2021 1436 Salutem.

1382 1442 1471 1474 Scatis
1486 1444 1564 1481 quod
1573 1467 1581 1482 ,
1591 1444 1626 1474 de
1634 1443 1719 1483 gratia
1731 1444 1829 1475 nostra
1841 1444 1969 1483 speciali,
1988 1445 2023 1476 &
2031 1452 2084 1482 pro
2089 1443 2170 1474 bono
2181 1441 2302 1474 servitio
2310 1439 2387 1481 quod
2425 1467 2509 1499 1359.

1313 1521 1397 1552 nobis
1410 1531 1425 1550 a
1438 1520 1530 1558 longo
1543 1530 1673 1559 ternpore
1690 1521 1848 1562 impendit,
1865 1522 1899 1553 ὅ(
1920 1531 1974 1564 pro
1996 1531 2033 1551 eo
2054 1521 2134 1559 quod
2156 1520 2230 1564 idern
2240 1520 2385 1558 johannes
2401 1501 2454 1564 ἴ·
2472 1509 2519 1537 33·

1314 1562 1345 1590 in
1360 1560 1487 1604 Servitio*
1498 1559 1595 1590 nostro
1610 1560 1645 1591 ad
1658 1559 1768 1591 Bellum
1783 1559 1819 1590 de
1839 1559 1941 1601 Cressy
1967 1559 2160 1590 Mahemiatus
2174 1560 2262 1589 extitit
2275 1581 2285 1597 ,
2302 1557 2388 1588 Con·
2404 1557 2434 1602 P·
2455 1547 2468 1574 3

1314 1599 1448 1630 cessimus
1463 1609 1488 1629 ei
1504 1598 1586 1629 Duos
1601 1598 1738 1629 Denarios
1751 1608 1800 1636 per
1815 1599 1893 1630 diem
1909 1608 1961 1637 pro
1975 1598 2073 1630 Vadiis
2090 1599 2159 1637 suis,
2184 1597 2298 1629 Decem
2314 1597 2389 1628 Soli·
2424 1582 2454 1602 at

1315 1637 1367 1682 dos
1383 1646 1438 1675 pro
1453 1636 1542 1668 Roba
1555 1638 1599 1668 sua
1607 1660 1616 1675 ‚
1634 1638 1668 1669 &
1687 1636 1820 1681 Qatuor
1834 1637 1948 1668 Solidos
1963 1637 1996 1668 &
2012 1636 2095 1668 octo
2109 1636 2252 1668 Denarios
2259 1645 2312 1674 pro
2319 1634 2389 1665 Cal-
2404 1618 2434 1641 E.
2445 1620 2472 1651 3⁸
2485 1623 2512 1652 Ρ·

1314 1685 1419 1708 ciatura
1434 1675 1497 1713 sua,
1516 1685 1564 1713 per
1578 1676 1696 1707 Annum
1712 1675 1908 1714 percipiendos
1921 1700 1931 1716 ,
1959 1676 1992 1706 &
2007 1675 2155 1706 habendos
2175 1675 2209 1706 ad
2227 1683 2317 1706 totam
2334 1673 2387 1704 Vi-

1314 1724 1377 1759 tam.
1390 1714 1483 1758 suam,
1500 1713 1537 1744 de
1549 1714 1677 1758 Exitibus
1689 1712 1852 1745 Comitatus
1872 1713 2034 1752 Devoniae‚
2056 1723 2105 1752 per
2127 1714 2235 1745 Manus
2254 1713 2384 1744 Viceco-

1315 1751 2151 1832 333frisaci&¹333&ss”gessss'affiz‘fgffmiiffissg’
2176 1752 2212 1784 ²³
2225 1752 2386 1784 T⁶¹¹¹¹¹¹¹⁰³

1765 1814 1776 1830 ,
2143 1813 2151 1821 .

1353 1830 1387 1862 In
1401 1830 1480 1861 cu'us
1515 1831 1576 1860 &c.

1389 1839 1585 1907 Tejste'Rege
1609 1868 1685 1908 apud
1702 1867 2010 1906 Westmonasterium,
2035 1866 2210 1900 duodecimo
2224 1867 2271 1899 die
2280 1867 2379 1908 ²Junii4

1866 1948 1921 1976 Per
1938 1949 2032 1977 Breve
2049 1946 2082 1976 de
2100 1948 2219 1977 Privato
2236 1943 2335 1984 Sigillo.

1491 2074 1541 2107 De
1559 2069 1698 2116 Custodia
1715 2071 1863 2104 Brevium
1878 2071 2039 2103 Britannice
2056 2066 2215 2115 commtffl³0

1320 2159 1406 2214 RE
1416 2158 1447 2190 X
1463 2159 1599 2190 omnibus
1637 2157 1671 2189 ad
1686 2166 1775 2197 quos,
1793 2157 1855 2189 &c.
1891 2154 2023 2187 Salutem.

1419 2198 1520 2230 Sciatis
1534 2181 1617 2236 quod
1632 2196 1717 2234 Nos,

1355 2237 1403 2268 De
1418 2236 1549 2267 fidelitate
1570 2236 1604 2268 &
1630 2233 1888 2273 circumspectione
1902 2255 1913 2273 ,
1935 2232 2035 2265 dilecti
2053 2233 2160 2271 nobis,
2182 2232 2335 2264 willielmi
2357 2231 2394 2263 de
2430 2229 2516 2261 1359·

1315 2275 1471 2308 Wakefeld
1485 2275 1677 2314 confidentes,
2411 2263 2464 2288 An.
2475 2269 2508 2297 33
2513 2281 2523 2288 ·

1354 2313 1558 2346 Conceffimus
1578 2315 1605 2345 ei
1628 2311 1797 2344 Custodiam
1819 2311 1951 2342 omnium
1973 2310 2105 2342 Brevium
2125 2309 2273 2341 Britanniae
2288 2332 2299 2349 ,
2314 2308 2390 2347 apud
2412 2302 2440 2326 E.
2459 2308 2485 2336 3·

1317 2352 1472 2385 Civitatem
1485 2353 1611 2384 nostram
1624 2351 1699 2382 Burd
1734 2351 1784 2381 alae
1799 2349 1836 2380 de
1851 2349 1980 2380 Navibus
1993 2350 2081 2390 recipi
2095 2349 2258 2393 solitorum,
2275 2347 2382 2379 adDu-
2404 2338 2541 2416 ξ’ζῗέἶὲ

1316 2403 1382 2424 cem
1397 2392 1560 2433 Britanniae,
1579 2392 1608 2421 in
1623 2390 1704 2421 custo
1725 2391 1750 2419 ia
1763 2388 1856 2420 nostra
1871 2387 2052 2427 existentem,
2067 2388 2282 2426 pertinentium,

1334 2473 1339 2477 Ι
1354 2431 1542 2475 Habendarn‚
1561 2429 1695 2469 quamdiu
1711 2428 1859 2460 Ducatum
1874 2426 2024 2458 Britanniae
2046 2428 2078 2457 in
2101 2425 2194 2457 Manu
2209 2425 2302 2458 nostra
2314 2434 2388 2457 con·-

1320 2479 1574 2547 tlglgeldcigffigdgrf
1582 2492 1612 2537 in
1627 2506 1740 2537 Officio
1757 2506 1824 2544 illo,
1840 2504 1905 2536 talia
1924 2503 2015 2535 vadia
2031 2504 2066 2536 &
2088 2502 2182 2534 Feoda
2222 2503 2312 2542 qualia
2327 2503 2390 2541 alii,

1317 2550 1366 2591 qui
1374 2547 1532 2579 custodiam
1547 2546 1623 2577 illam
1639 2545 1771 2576 haetenus
1784 2544 1937 2576 habuerunt
1949 2565 1959 2581 ‚
1966 2543 2111 2581 percipere
2119 2552 2173 2573 con
2186 2550 2320 2573 neverunt
2336 2551 2389 2581 pro

1318 2587 1486 2663 83ῗᾷἙῦὸό
1500 2623 1536 2654 de
1551 2622 1698 2663 Exitibus,
1707 2622 1744 2655 de
1759 2621 1893 2653 Brevibus
1904 2619 1957 2650 illis
1971 2618 2220 2658 provenientibus,
2239 2618 2324 2650 nobis
2341 2628 2383 2650 re-

1321 2663 1458 2703 spondeat
1474 2670 1555 2701 prout
1573 2662 1665 2692 decet.

1358 2702 1393 2734 In
1411 2702 1489 2739 cujus
1524 2701 1585 2732 &c.

1395 2740 1482 2774 Teste
1496 2725 1579 2779 kege
1591 2737 1664 2778 apud
1676 2735 1983 2776 westmonasterium,
2002 2735 2119 2766 decimo
2138 2735 2241 2775 quinto
2254 2734 2300 2765 die
2310 2734 2387 2774 Julii.

2012 2814 2067 2843 Per
2082 2810 2164 2851 ipficm
2180 2813 2284 2849 Regem.

1634 2939 1654 2960 ¹*
1679 2944 1728 2976 De
1751 2942 1869 2975 Marca
1891 2937 2083 2973 concedenda.
2423 2945 2443 2966 θ’
2456 2947 2509 2975 νῙ.·

2412 2984 2476 3013 128.

1320 3032 1452 3104 REX
1470 3028 1627 3063 Senescallo
1639 3028 1688 3059 suo
1702 3025 1893 3058 Vasconiae&
1908 3022 2126 3055 constabulario
2137 3021 2188 3054 suo
2194 3020 2386 3060 Burdegaliae,
2405 3022 2481 3053 Ann.
2497 3021 2538 3053 D.

1405 3073 1453 3110 qui
1470 3079 1546 3102 nunc
1559 3069 1638 3106 sunt,
1655 3065 1701 3097 vel
1713 3065 1760 3104 qui
1776 3074 1827 3102 pro
1846 3072 1976 3101 tempore
1991 3062 2106 3100 fuerint,
2121 3070 2167 3092 aut
2181 3070 2283 3092 eorum
2303 3060 2385 3092 Loca
2427 3057 2525 3101 1359(

1322 3112 1498 3148 tenentibus,
1516 3107 1650 3139 Salutem.
2406 3103 2459 3127 An.
2477 3109 2524 3138 33.

1359 3148 1402 3179 Ex
1416 3157 1511 3188 parte,
1526 3145 1623 3176 dsseffl
1637 3141 1741 3174 Valetti
1755 3139 1860 3178 nostri,
1875 3139 2029 3170 willielmi
2048 3139 2084 3170 de
2102 3138 2257 3170 Wakeseld
2272 3161 2282 3177 ‚
2307 3136 2389 3169 Civis
2408 3143 2438 3166 Ε.
2449 3147 2475 3175 3.

1321 3187 1453 3218 Civitatis
1483 3184 1590 3216 nostrae
1606 3180 1780 3219 Burdegaliae
1791 3202 1801 3218 ,
1825 3178 1908 3209 nobis
1933 3177 1976 3209 est
1989 3201 2000 3217 ,
2024 3179 2146 3217 graviter
2170 3176 2390 3216 conquerendo,
2407 3177 2475 3243 gase.
2494 3178 2540 3212 33.
2558 3206 2561 3209 ,

2386 3251 2394 3262 κ
2433 3223 2539 3253 .3.m.3.

1323 3225 1514 3256 monstratum
1531 3221 1627 3261 quOd,

1361 3263 1440 3295 Cum
1457 3262 1529 3301 ipse,
1547 3270 1596 3298 per
1615 3258 1724 3289 Gentes
1744 3255 1901 3287 Adversarii
1924 3255 2010 3287 nostri
2034 3255 2161 3286 Franci-ae
2210 3253 2390 3292 temporibus

1322 3303 1518 3341 Treugarum,
1542 3301 1614 3330 inter
1633 3298 1700 3328 Nos
1723 3297 1757 3328 ὃς
1773 3295 1884 3326 dietum
1908 3294 2103 3326 Adversarium
2124 3303 2163 3323 no
2203 3302 2252 3323 um
2275 3292 2389 3324 diversis

1323 3343 1435 3372 vicibus
1452 3341 1585 3371 initarum
1604 3336 1704 3374 pluries
1718 3358 1728 3374 ,
1750 3334 1828 3372 supra
1851 3333 1932 3364 Mare
1950 3342 2046 3371 captus
2060 3355 2070 3370 ‚
2096 3332 2129 3362 δε
2143 3332 2175 3360 in
2190 3331 2258 3361 Arta
2275 3330 2391 3363 Prisona

1322 3380 1476 3419 Detentus,
1493 3379 1526 3410 &
1542 3377 1576 3407 ad
1588 3374 1707 3406 diversas
1721 3373 1964 3410 Redemptiones‚
1984 3380 2049 3409 quas
2066 3378 2129 3401 ante
2147 3368 2392 3401 Deliberationem

1323 3420 1401 3450 suam
1418 3418 1519 3454 solvit,
1536 3415 1656 3454 positus,
1673 3414 1707 3445 &
1724 3412 1760 3444 de
1776 3412 1857 3443 Vinis
1879 3411 1912 3442 &
1925 3410 1983 3440 aliis
2005 3409 2090 3439 Bonis
2110 3407 2162 3439 suis
2212 3408 2247 3438 ad
2267 3408 2392 3439 valorem

1325 3459 1460 3497 Qiinque
1477 3455 1594 3486 Milium
1612 3454 1763 3484 Librarum
1774 3473 1784 3488 ,
1802 3448 1984 3494 Depraedatus
2002 3447 2114 3486 fuiffet,
2125 3431 2208 3478 'unde
2216 3446 2393 3478 Satisfaetio-

1325 3508 1395 3527 nem
1410 3497 1531 3534 aliquam
1545 3493 1679 3524 haetenus
1695 3499 1754 3521 non
1770 3489 1911 3526 habuerit,

1361 3535 1416 3573 Et,
1432 3536 1501 3565 licet
1521 3531 1662 3563 Custodes
1676 3529 1857 3564 Treugarum
1872 3526 1998 3565 illarum,
2017 3534 2050 3555 ex
2070 3532 2146 3563 parte
2168 3522 2261 3554 nostrii
2282 3523 2313 3552 in
2326 3521 2392 3553 Du-

1326 3583 1388 3605 catu
1404 3573 1565 3609 Britanniae,
1585 3572 1642 3600 tam
1657 3578 1707 3598 ore
1721 3575 1816 3603 tenuS,
1833 3566 1919 3605 quam
1935 3574 1983 3602 per
1998 3563 2116 3594 diversas
2131 3563 2232 3593 Literas
2246 3560 2302 3591 suas
2328 3559 2392 3592 Cu-

1326 3612 1419 3643 stodes
1437 3609 1598 3642 earumdem
1614 3607 1814 3642 Treugarum,
1833 3613 1888 3641 pro
1900 3611 1978 3641 parte
1991 3602 2062 3633 dieti
2078 3599 2233 3643 Adversarii
2255 3582 2343 3628 nosiri
2359 3600 2390 3629 in

1326 3651 1430 3682 eodem
1447 3650 1562 3680 Ducatu
1579 3645 1748 3681 Britanniae,
1765 3642 1798 3673 &
1821 3642 1903 3681 alibi,
1919 3643 1948 3671 in
1967 3641 2095 3679 ,partibus
2116 3639 2241 3668 Franmae
2254 3658 2265 3674 ,
2287 3636 2392 3674 pluries

1326 3689 1527 3728 requiiiverunt
1544 3695 1573 3716 ut
1587 3683 1769 3719 Willielmo,
1786 3681 1822 3710 de
1830 3679 1989 3718 Caprione,
2006 3676 2276 3720 Imprisonamento,
2290 3675 2393 3706 &De-

1326 3728 1498 3766 praedatione
1516 3723 1674 3763 praedietis,
1692 3730 1725 3751 ac
1743 3719 1779 3750 de
1794 3718 1936 3756 Dampnis
1954 3719 1987 3748 ὅτ
1998 3716 2139 3758 jaeturis9
2157 3723 2220 3751 quae
2236 3713 2394 3744 occafioni·

1327 3768 1377 3797 bus
1393 3766 1444 3795 illis
1464 3764 1606 3800 sustinuit,
1623 3758 1754 3791 emendas
1770 3758 1876 3788 debitas
1891 3757 1947 3786 fieri
1961 3755 2099 3790 facerent,
2117 3751 2205 3795 iidem
2217 3759 2315 3794 tamen
2330 3751 2393 3783 Cu-
2439 3776 2444 3781 ,

1326 3805 1416 3835 stodes
1432 3804 1627 3839 Treugarum,
1642 3809 1695 3837 pro
1710 3805 1784 3835 parte
1803 3796 1873 3825 dieti
1890 3791 2048 3837 Adversarii
2068 3789 2157 3820 nostri
2173 3812 2182 3828 ,
2217 3799 2390 3833 quicquam,

1326 3844 1361 3873 ad
1381 3841 1585 3880 Requisitiones
1600 3837 1764 3876 praediitas,
1782 3834 1872 3864 facere
1885 3842 1946 3862 non
1968 3837 2118 3866 curarunt,
2134 3828 2202 3872 sicut
2220 3828 2296 3858 idem
2312 3828 2393 3858 Wil-

1325 3882 1453 3918 lielmus,
1472 3889 1519 3916 per
1532 3876 1717 3908 Instrumenta
1732 3872 1849 3904 Publica
1862 3878 1879 3909 ‚‘
1897 3870 1930 3901 &
1946 3869 2008 3900 alias
2026 3866 2185 3897 Evidennas
2199 3888 2210 3904 ,
2225 3865 2393 3898 sufficienter

1395 3920 1429 3948 rit
1446 3918 1567 3947 edocere

1326 3929 1416 3988 poi’eer
1433 3955 1508 3994 quod
1522 3938 1672 3993 praedictus
1689 3949 1861 3982 Willielmus
1873 3945 1955 3979 nobis
1979 3942 2143 3981 supplicavit
2162 3942 2216 3975 fibi
2230 3942 2266 3975 de
2281 3942 2391 3977 Reme-

1325 3997 1374 4027 dio
1389 4003 1517 4033 congruo
1533 3991 1696 4031 providere,

1363 4033 1433 4066 Nos
1442 4055 1453 4070 ,

2177 4090 2193 4098 ,
2336 4056 2400 4096 Qi

2404 860 2481 893 Ann.
2490 861 2532 893 D.

2400 1020 2467 1047 Scot.
2489 1021 2536 1054 33.⁸

2400 1059 2535 1093 E.3.m.5.

2403 1417 2479 1450 Ann.
2493 1420 2536 1452 D.

2457 1559 2532 1615 ·'33-

2407 1661 2536 1682 ‚um-22.

2407 2179 2485 2212 Ann.
2495 2182 2541 2217 Di
