2561 4251
249 121 298 172 58

100 205 178 237 Ann.
194 204 235 235 D.
247 205 358 274 s{onem
370 201 513 241 nostram,
532 211 647 233 necnon
669 202 699 231 in
717 202 824 232 salvum
845 200 1028 241 &securum
1051 195 1240 227 Conductum
1258 205 1312 226 no-

124 244 208 283 13-62'.
273 253 353 279 rum,

99 287 168 311 lav.
186 291 214 321 3.
281 282 318 312 Et
338 280 406 327 ideo
422 279 506 310 vobis
528 278 709 316 mandamus,
728 275 885 325 &eprout
909 279 941 306 in
962 273 1094 315 fimilibus
1118 274 1150 304 de
1173 273 1310 303 conduet'u

248 324 423 394 Lifgmczjus’
441 356 501 386 &c.
845 392 850 397 ι
998 391 1003 397 ⁸
1231 387 1236 392 .

241 394 407 478 prilisireste
421 394 504 435 Rege
518 393 592 432 apud
610 390 921 430 westmonasterium,
940 390 1058 422 decimo
1079 389 1187 421 octavo
1209 387 1255 417 die
1270 385 1313 417 Α-

886 479 940 508 Per
953 476 1035 517 ipſstm
1049 478 1153 515 Regem.

341 607 400 638 Pro
425 606 525 638 Eleclo
551 604 699 649 Vcncte'nfi
707 630 717 647 ‚
744 602 780 636 de
806 600 1001 638 Proventibus
1024 597 1208 647 recipiendis.

95 710 172 741 Arm·
190 709 230 740 D·
253 698 336 754 RE
346 698 392 742 X,
415 698 532 742 Dilec‘lo
547 699 665 730 Clerico
680 698 744 736 suo,
763 696 869 737 Egidio
882 696 918 727 de
925 694 1179 740 Wyngresworth,
1194 692 1313 739 Recep-

329 746 382 767 tori
399 736 533 768 hxitiiiim
554 739 588 769 &
611 737 808 768 Proventuum
829 735 994 766 nostrorum
1014 744 1044 765 in
1057 734 1184 771 ‚Ducatu
1205 733 1312 764 Britan-

135 759 146 769 ’ν
172 758 186 769 ¹³

95 750 211 824 Αιξόῖὲ,
248 774 320 812 niae,
339 776 472 806 Salutem.
1253 810 1258 815 .
1289 811 1294 815 η

93 831 124 853 E.
148 836 173 853 ⁴.
286 813 385 853 Cum,
406 825 454 853 per
476 815 582 845 Literas
600 814 708 845 nostras
728 814 874 852 Patentes,
893 813 930 844 de
949 813 1051 844 Gratia
1071 810 1166 843 nostra
1184 809 1313 850 speciali,

94 847 183 891 Fraiic.
247 853 485 892 concefferimus‚
501 854 621 884 discreto
649 852 894 891 Viro,Johanni,
917 852 953 882 de
977 852 1064 882 Loco
1091 849 1311 894 Monachorum

97 905 143 929 -6.
152 907 181 930 E.
199 911 224 938 3,
246 888 459 923 Archidiacono
469 915 479 930 ,
497 893 530 923 &
544 891 647 922 Ele&
662 891 796 922 Eccleliae
809 890 1097 928 Venetensis,omnes
1105 888 1218 932 Exitus,
1228 887 1311 931 Red-

91 923 128 969 73„
149 951 189 970 η,
245 929 335 969 ditus,
354 932 388 962 &
405 930 563 961 Proventus
584 930 771 970 Episcopatus
791 929 970 967 venetensis,
989 930 1046 966 jam
1072 936 1212 964 vacantis,
1227 926 1261 956 &
1280 935 1311 956 m

245 978 331 999 manu
349 969 441 1000 nostra
455 969 610 1008 existentis,
986 1004 991 1010 ,
1105 1005 1110 1009 ,
1175 1003 1180 1009 ,
1253 1003 1257 1008 .

281 1007 438 1038 Habendos
451 1009 484 1039 &
498 1007 710 1046 percipiendos,
731 1017 746 1037 a
760 1014 890 1044 tempore
900 1004 1005 1036 Mortis
1018 1004 1112 1034 ultimi
1126 1002 1260 1047 Episcopi
1267 1002 1313 1032 lo-

242 1046 270 1076 ci
285 1047 430 1083 praediCti,
450 1047 584 1085 quamdiu
600 1047 803 1085 Episcopatum
818 1045 897 1075 illum
917 1045 954 1075 sic
975 1053 1094 1087 vacare,
1114 1043 1147 1072 &
1166 1051 1196 1071 m
1217 1040 1311 1071 Manu

239 1085 335 1116 nostra
350 1086 385 1116 lic
400 1086 556 1122 contigerit
572 1095 732 1122 remanere,
751 1083 853 1123 absque
865 1085 960 1123 aliquo
975 1082 1059 1112 nobis
1073 1081 1139 1111 inde
1154 1078 1310 1116 reddendo,

240 1133 323 1162 prout
339 1124 367 1153 in
384 1123 486 1154 Literis
500 1123 599 1154 nostris
613 1123 754 1162 praedietis
788 1122 879 1152 lenius
892 1123 1074 1164 continetur,
1241 1157 1245 1162 Ι

279 1161 370 1191 Vobis
381 1162 547 1193 mandamus
563 1163 642 1201 quod
656 1163 745 1199 ipsum
762 1132 893 1191 Electum
906 1170 1005 1190 ornnes
1019 1159 1133 1202 Exitus,
1145 1155 1310 1201 Redditus,

239 1200 272 1230 &
289 1200 448 1231 Proventus
464 1201 615 1239 praedidtos
627 1201 728 1231 habere
741 1201 773 1230 &
786 1200 930 1237 percipere
943 1200 1125 1237 permittam,
1139 1205 1216 1236 Juitta
1229 1204 1312 1227 teno—

243 1248 303 1269 rem
321 1238 480 1270 Literarum
494 1240 654 1270 nostrarum
669 1238 878 1279 praedietarum.
998 1276 1002 1280 ⁵
1017 1275 1023 1281 ⁶

275 1276 343 1307 Dat.
362 1278 436 1316 apud
457 1278 582 1309 Wcstm.
598 1279 734 1310 viceiimo
748 1277 854 1308 octavo
869 1275 917 1307 die
932 1274 1045 1316 Aprilis.

875 1354 929 1382 Per
947 1351 1029 1392 ipficm
1045 1356 1151 1390 Regem.

266 1497 293 1525 ᾗ
318 1500 366 1533 De
387 1501 502 1542 Sciatis,
537 1510 641 1532 contra
665 1499 818 1544 Trengas‚
853 1497 939 1542 infra
961 1499 1069 1531 Portus
1093 1496 1209 1543 Angliae
1229 1508 1286 1528 non

666 1545 863 1590 molestana'is.

85 1515 103 1534 *Κ
125 1516 178 1542 vi.

89 1557 153 1591 3⁶²·

86 1641 162 1672 Αῃῃ,
178 1639 220 1670 D,
243 1631 368 1688 REX
389 1633 548 1664 Admirallis
585 1631 814 1664 Vicecomitibus
851 1631 1026 1671 Majoribus,
1046 1629 1222 1676 Custodibus
1234 1629 1306 1674 Por-

107 1680 192 1719 1362.
267 1709 272 1713 ι
320 1672 523 1714 tuiimnlaris,
541 1656 751 1703 Collecsloribus
771 1655 963 1702 culiumarum
973 1694 983 1709 ,
1000 1672 1033 1702 &
1050 1670 1109 1700 aliis
1124 1669 1305 1700 Ministris&

83 1722 138 1746 A,
160 1721 204 1755 3⁶,
240 1706 381 1740 Fidelibus
398 1712 465 1749 luis,
480 1711 512 1741 ad
527 1721 614 1751 quos,
629 1712 689 1741 &c.
710 1710 843 1742 Salutem.

273 1746 355 1779 Cum
371 1750 398 1778 in
415 1749 554 1789 Treugis,

211 1820 217 1826 ι
273 1785 351 1818 Inter
368 1787 448 1826 Nos,
466 1797 519 1827 pro
534 1788 634 1819 Nobis
654 1787 688 1818 &
706 1786 833 1818 Subditis
853 1785 971 1824 nostris,
990 1786 1024 1817 &
1046 1786 1142 1818 David
1161 1788 1197 1818 de
1218 1787 1304 1827 Bruys

85 1838 113 1861 E.
133 1844 158 1872 3·
176 1845 212 1862 m,
235 1823 402 1864 de-Scotia,
432 1827 621 1857 Prisonarium
642 1825 771 1856 nostrum
806 1835 858 1862 pro
881 1825 919 1856 Se
939 1826 973 1856 &
995 1825 1118 1857 Siibditis
1138 1827 1207 1865 suis,
1223 1828 1303 1865 super

84 1881 113 1909 5,
232 1861 452 1931 &eliber-atione
467 1866 589 1904 ejusdem
613 1863 710 1895 David
731 1875 747 1895 a
768 1848 882 1894 firisona
899 1863 1011 1903 nostra,
1035 1865 1109 1896 initis
1124 1866 1158 1897 &
1177 1876 1303 1898 concor—

252 1910 300 1931 atis

269 1927 459 1972 Cdntineatur
478 1941 575 1981 quod,
593 1941 757 1973 durantibus
778 1941 904 1979 Treugis
927 1940 994 1980 illis,
1011 1950 1114 1973 omnes
1135 1942 1299 1983 Homines,

231 1978 267 2009 de
288 1989 403 2018 utraque
420 1981 518 2018 Parte,
534 1981 710 2019 adinvicem,
730 1990 779 2018 per
801 1980 941 2018 Terram,
958 1982 991 2012 &
1008 1989 1058 2020 per
1079 1980 1164 2013 Mare
1183 1982 1302 2015 iCastris

230 2018 264 2086 l&
280 2018 359 2050 Villis
373 2019 479 2049 Claulis
492 2021 525 2051 &
542 2020 671 2050 Firinatis
693 2020 838 2050 dumtaxat
856 2020 992 2060 exceptis)
1010 2022 1228 2052 communicare
1251 2032 1300 2053 va-

241 2066 304 2087 ediis

271 2081 323 2135 Et}
350 2097 380 2126 in
405 2096 467 2127 casu
488 2107 545 2135 quo
563 2096 654 2135 aliqua
669 2096 763 2127 Navis
777 2119 786 2134 ,
812 2105 848 2127 ex
868 2096 924 2128 una
948 2096 995 2128 vel
1014 2096 1099 2128 altera
1121 2106 1199 2137 parte
1215 2122 1224 2137 ,
1250 2108 1299 2138 per

228 2132 459 2175 Tempestaicm‚
479 2135 523 2165 vel
538 2136 619 2166 aliam
634 2135 826 2166 necessitatem
836 2135 996 2174 ,compulsa
1012 2136 1094 2166 fuerit
1107 2137 1141 2168 ad
1155 2138 1298 2176 applican-

229 2172 298 2203 dum
321 2176 348 2203 in
364 2174 470 2211 aliquos
484 2174 600 2211 Portus,
618 2175 644 2204 in
662 2174 764 2213 Anglia
786 2174 831 2204 vel
858 2175 886 2204 in
907 2174 1019 2213 Scotia,
1038 2175 1117 2213 quod
1141 2175 1237 2207 Navis
1253 2178 1298 2208 illa

230 2212 336 2242 ibidem
352 2213 468 2250 pacifice
483 2214 634 2253 applicare,
656 2214 777 2251 morari,
797 2214 829 2243 &
853 2213 1012 2251 quiescere,
1028 2213 1062 2244 &
1081 2223 1145 2244 eam
1159 2214 1298 2247 Victuali-

231 2251 297 2287 bus,
317 2261 369 2289 pro
393 2260 521 2289 tempore
541 2252 734 2289 competenti,
749 2253 876 2289 munire,
896 2252 929 2282 &
946 2251 1065 2290 exinde,
1092 2262 1160 2283 cum
1173 2255 1225 2284 suis
1239 2255 1296 2285 Bo-

229 2291 270 2319 nis
285 2291 316 2320 ἃ
332 2290 476 2320 Gentibus
486 2314 495 2329 ‚
512 2291 598 2321 libere
611 2293 645 2322 ὃ(
659 2291 764 2328 absque
779 2291 875 2328 aliquo
893 2290 996 2321 Aresto
1011 2291 1056 2323 vel
1071 2290 1294 2333 impedimento,

229 2329 327 2396 reiIinti
341 2328 461 2368 poffint,

303 2377 334 2396 os

271 2389 408 2472 Volegiiites
420 2404 550 2449 'Ifreugas
566 2405 712 2445 praedietas
729 2407 759 2436 in
780 2406 932 2445 omnibus,
950 2414 1088 2446 quantum
1109 2407 1144 2438 ad
1159 2417 1212 2439 nos
1233 2410 1295 2440 atti-

228 2452 275 2472 net
311 2454 330 2472 O
363 2454 450 2473 elvarl

270 2466 376 2519 ffobis,
393 2483 426 2512 &c
447 2467 563 2512 c’uilibet
582 2482 708 2513 vestrfim
731 2484 900 2522 injungimus
922 2483 955 2513 &
978 2484 1143 2515 mandamus
1158 2486 1256 2523 quod,
1274 2486 1294 2517 fi

230 2518 322 2557 aliqua
337 2520 444 2558 Navis,
465 2521 549 2550 Bonis
562 2521 728 2551 Hominum
750 2522 785 2551 de
799 2523 894 2552 Scotia
910 2530 1035 2560 carcata,
1050 2524 1080 2553 in
1100 2523 1133 2553 ali
1156 2534 1207 2554 uos
1221 2524 1295 2554 Por-

230 2567 274 2588 tus
289 2559 357 2588 infra
368 2559 520 2589 Districslus
531 2559 655 2598 vestros,
674 2561 703 2590 in
718 2560 797 2590 disto
812 2560 920 2597 Regno
933 2560 1050 2600 nostro,
1067 2570 1116 2601 per
1155 2562 1295 2603 empesta-

231 2605 307 2633 tem,
325 2597 369 2626 vel
385 2598 463 2628 aliam
486 2598 695 2633 necessitatem,
711 2599 892 2638 applicuerit,
910 2607 978 2629 tunc
1000 2599 1121 2630 Navem
1144 2601 1238 2640 illam,
1258 2602 1292 2632 &

232 2635 375 2665 Homine3
389 2638 420 2667 S<
439 2636 515 2666 Bona
530 2638 556 2666 in
569 2636 667 2667 eadem
681 2635 762 2666 Navi
775 2638 936 2674 existentia,
956 2637 1064 2668 ibidem
1083 2638 1203 2678 pacifice
1225 2650 1293 2670 mo-

228 2675 279 2704 rari
293 2674 326 2704 ἃ
342 2676 481 2715 quiescere
491 2698 500 2712 ,
516 2676 549 2706 &
566 2674 682 2705 Navem
697 2675 772 2704 illam
787 2675 980 2713 Vic‘tualibus,
997 2687 1049 2714 pro
1064 2686 1194 2716 tempore
1206 2688 1292 2709 com-

228 2714 349 2753 petenti,
373 2713 405 2744 ad
430 2713 523 2743 custus
545 2713 622 2751 suos,
641 2714 768 2751 munire,
788 2714 821 2744 &
840 2713 959 2752 exinde,
978 2723 1062 2752 prout
1083 2717 1121 2746 eis
1141 2717 1290 2756 placuerit,

226 2751 328 2789 absque
343 2752 436 2791 aliquo
451 2751 554 2782 Aresto
571 2752 616 2782 seu
632 2751 862 2790 Impedimento,
879 2752 1010 2783 recedere
1032 2755 1214 2794 permittatis,
1229 2757 1291 2794 jux-

227 2800 253 2822 ta
269 2791 391 2820 formam
407 2790 589 2827 Treugarum
605 2790 820 2831 praedic‘tarunr,

271 2829 345 2867 Ipsos
367 2839 468 2860 contra
479 2829 606 2869 Treugas
624 2830 681 2860 illas
701 2839 761 2859 non
785 2827 973 2860 Molestantes
991 2830 1020 2860 in
1041 2830 1136 2869 aliquo
1155 2831 1202 2863 seu
1215 2832 1292 2864 Gra-

228 2877 332 2899 vantes.

264 2905 352 2973 {feste
370 2906 451 2947 Rege
471 2906 544 2946 apud
567 2905 875 2945 Westmonasterium,
898 2906 1037 2938 vicesimo
1058 2907 1162 2940 octavo
1184 2909 1231 2940 die
1249 2910 1291 2942 A·

227 2954 270 2982 pri
282 2955 311 2974 is.

229 3086 288 3117 Pro
311 3087 426 3118 Comite
448 3083 484 3117 de
509 3083 711 3128 Sutherland,
746 3086 782 3120 de
805 3087 942 3119 Licentia
966 3090 997 3120 in
1020 3090 1154 3121 Scotiam
1177 3090 1291 3122 Rever-

703 3135 798 3169 tendi.

79 3220 155 3251 Ann.
169 3219 211 3252 D.
230 3218 355 3276 REX
374 3219 619 3259 Vicecomitibus,
638 3219 992 3261 Majoribus,Ballivis,&
1009 3221 1066 3253 aliis
1079 3221 1219 3254 Fidelibus
1228 3224 1290 3263 suis,

103 3260 185 3297 1362.
306 3258 339 3288 ad
355 3268 440 3297 quos,
459 3259 519 3290 δῖε.
537 3259 671 3290 Salutem.

265 3294 364 3328 Sciatis
375 3297 454 3336 quod
463 3320 472 3335 ‚

105 3358 109 3363 .
129 3357 173 3402 ,d
226 3374 234 3404 l
264 3334 342 3405 (dlum
357 3346 447 3375 nuper
460 3335 619 3367 dederimus
633 3335 793 3368 Licentiam
801 3337 977 3376 willielmo,
997 3337 1112 3369 Comiti
1124 3337 1161 3369 de
1175 3338 1291 3370 Sother-

116 3377 153 3402 11'
174 3395 180 3403 .
237 3384 270 3404 an

264 3398 327 3452 (ἐή
342 3414 370 3442 in
385 3412 541 3451 obsidem,
560 3414 615 3443 uns
631 3423 700 3444 cum
713 3414 934 3445 aiiisNobiiibus
947 3414 984 3446 de
996 3414 1108 3452 Scoiia,
1125 3424 1178 3452 pro
1192 3415 1289 3446 David

224 3451 261 3482 de
276 3452 376 3490 Bruys,
395 3451 551 3482 Prisonario
563 3451 661 3483 nostro
696 3454 725 3482 in
741 3452 867 3483 Civitate
891 3453 986 3485 nostra
1001 3453 1166 3485 Londoniae
1184 3454 1210 3484 se
1226 3455 1287 3485 red-

225 3490 311 3527 didit,
329 3489 451 3528 ibidem,
474 3489 524 3520 sub
549 3490 643 3521 forma
668 3475 888 3522 behberationis
911 3491 1032 3530 ejusdem
1060 3491 1176 3531 David,
1194 3503 1289 3524 mora-

224 3537 302 3560 turus

263 3551 463 3598 proficiscendi
476 3567 509 3598 ad
526 3576 616 3605 partes
635 3567 741 3599 Scotiae
761 3577 814 3608 pro
831 3570 913 3599 certis
934 3569 1054 3610 negotiis
1071 3568 1161 3608 ipsum
1182 3569 1289 3602 Comi-

227 3613 288 3635 tem
301 3606 495 3644 tangentibus,

262 3644 299 3674 [ια
315 3643 394 3682 qubd
404 3666 413 3680 ,
430 3645 498 3673 citi-a
513 3643 657 3682 Qintum
672 3644 818 3676 decimum
832 3645 908 3676 diem
917 3645 987 3676 Maii
1003 3647 1135 3686 proximo
1149 3645 1285 3687 futurum,

223 3681 257 3710 ad
271 3683 376 3713 dietam
392 3681 548 3712 Civitatem
562 3681 688 3712 nostram
705 3683 867 3714 Londoniae
888 3684 1004 3722 rediret,
1018 3684 1127 3715 ibidem
1147 3684 1177 3714 in
1198 3685 1286 3717 Obsi-

224 3718 309 3757 dcm,
328 3722 356 3750 in
373 3720 465 3750 forma
480 3718 535 3758 quai
547 3720 621 3757 prius
636 3723 813 3760 morabatur,
832 3732 1003 3762 moraturus,

262 3757 342 3796 Nos,
358 3768 393 3788 ex
408 3759 491 3789 certis
508 3758 608 3795 caufis,
627 3760 752 3789 volentes
768 3761 860 3791 eidem
876 3761 987 3792 Comiti
1023 3762 1072 3799 qui
1081 3761 1138 3799 jam
1152 3760 1189 3791 de
1201 3761 1284 3793 dictis

225 3796 345 3838 partibus
368 3797 473 3827 Scotiae
489 3796 587 3834 rediit,
610 3797 643 3828 &
664 3797 692 3826 in
719 3796 842 3829 Civitate
868 3799 963 3830 nostra
984 3785 1116 3830 Eborum
1140 3808 1283 3839 moratur,

225 3831 358 3863 Gratiam
382 3835 472 3865 facere
497 3834 661 3873 specialem,

222 3870 332 3900 easdem
348 3881 432 3908 pai-tes
449 3874 569 3910 Scoiiae3

80 3302 130 3325 Aa.
148 3302 190 3335 36.

78 3339 100 3363 12-
132 3346 143 3355 s

718 109 1526 165 CONVENTIONES‚
1582 117 1971 168 LITERAE,

1386 198 1424 230 Et
1439 200 1519 245 super
1535 202 1593 233 hoc
1613 205 1761 242 corporale
1782 205 1896 243 praestet
1915 205 2147 243 Sacramentum,
2164 212 2230 236 ante
2251 203 2411 236 Receffum
2433 199 2509 233 Ann-
2522 201 2561 235 D·

1347 236 1429 268 suum
1445 249 1459 268 a
1473 241 1587 272 civitate
1600 241 1731 272 Eborum
1745 242 1921 281 supraema,
2455 240 2539 281 1362-

1386 275 1424 307 Et
1437 278 1503 309 ideo
1516 279 1598 310 vobis
1609 280 1775 310 mandamus
1790 281 1869 318 quod
1883 282 1972 320 ipsum
1985 282 2152 322 Comitem,
2171 292 2238 314 cum
2245 281 2414 313 Duodecim
2435 281 2504 310 ΕΜ.
2521 289 2546 319 3·

1348 313 1516 355 Equitibus,
1536 318 1570 348 ad
1585 318 1672 348 dietas
1686 327 1773 357 partes
1785 319 1892 350 Scotiae
1908 321 2039 359 transire,
2057 322 2092 352 ὃς
2108 321 2212 352 exinde
2227 322 2257 351 in
2272 321 2414 366 Angliam,

1349 353 1435 397 usque
1449 355 1484 386 ad
1497 357 1605 387 dictam
1618 355 1775 388 Civitatem
1797 357 1923 388 nostram
1940 359 2118 398 Londoniae,
2136 361 2227 391 redire
2247 361 2414 398 permittatis

1350 402 1381 422 in
1395 392 1485 424 forma
1499 395 1650 434 praedicta,
1669 393 1731 430 &a
1750 402 1783 425 ut
1797 399 1826 425 in
1834 396 1965 435 similibus
1979 399 2084 427 Literis
2098 399 2130 427 de
2145 402 2282 429 Licentia.

1351 468 1359 498 l
1388 430 1422 499 {ln
1437 434 1534 472 cujus,
1553 435 1614 466 &c-
1634 434 1719 474 usque
1733 434 1767 465 ad
1783 434 1896 465 dietum
1911 436 2028 468 Festum
2048 435 2146 467 Saneti
2159 437 2237 468 Petri
2251 437 2285 469 ad
2303 435 2416 467 Vincu-

1361 479 1376 499 a
1410 480 1539 502 uraturas.

1385 507 1482 576 geste
1497 510 1580 550 Rege
1598 512 1672 550 apud
1687 511 1976 544 westmonasterium
1991 537 2001 552 ,
2027 511 2165 544 vicesimo
2182 512 2287 546 octavo
2308 513 2354 545 die
2374 512 2417 544 A-

1350 556 1384 587 pr
1405 556 1433 576 is.
2132 559 2136 561 ’

1352 671 1380 699 ’ὶέ
1398 673 1445 705 De
1467 675 1664 707 Sacramento
1687 673 1761 707 disti
1785 676 1910 708 Comitis
1916 703 1953 757 ἑὼ
1954 675 1990 709 de
2013 675 2161 710 redeundo
2187 679 2219 709 in
2243 675 2414 722 Angliam‚
2458 679 2490 754 ΣΞ
2506 682 2548 712 vt

1792 727 1916 769 recipien
1955 746 1966 758 .
2439 730 2453 758 3
2495 736 2506 748 0

1415 808 1440 840 E
1450 808 1498 847 X,
1514 808 1623 840 dileffis
1637 809 1671 840 &
1687 807 1711 838 F
1713 807 1830 839 idelibus
1844 808 1909 847 suis,
1929 807 2118 840 Marmaduco
2132 810 2158 841 le
2172 808 2346 841 Conestable
2359 808 2413 840 Vi·
2434 810 2512 843 Ann.
2523 812 2561 849 D.'

1435 850 1573 879 cecomiti
1587 846 1676 884 Regis
1692 847 1841 887 Eborum,
1859 849 1893 879 &
1913 847 2046 878 Henrico
2065 848 2102 878 de
2121 847 2237 889 Ingelby
2257 849 2413 880 canonico
2463 852 2545 891 1362.

1350 885 1485 918 Ecclesiae
1500 888 1574 917 beati
1587 886 1664 916 Petri
1679 886 1829 926 Eborum,
1845 886 1981 917 Salutem.
2434 891 2486 917 An.
2505 893 2549 928 36‚

1385 925 1468 956 Cum
1484 936 1573 965 nuper
1586 924 1761 964 dederimus,
1775 923 1836 959 &c.
1851 932 1883 954 ut
1892 924 1980 965 stapra
2004 924 2083 965 usque
2097 932 2234 963 moratur,
2247 924 2358 960 &tunc
2364 925 2414 967 stc,
2435 931 2466 955 Ε.
2486 937 2512 964 3.

1363 1003 1368 1009 ·
1384 964 1474 996 Prout
1489 967 1518 995 in
1535 964 1633 995 Literis
1647 963 1749 993 nostris
1764 963 1943 1003 Patentibus,
1961 965 2028 995 inde
2043 964 2200 1003 confectis,
2216 964 2326 1004 plenius
2341 975 2414 996 con·
2463 965 2528 996 Ibid-

1348 1009 1516 1086 ungiuols’ffie
1531 1040 1676 1072 Fidelitate
1690 1039 1781 1071 vestra
1798 1037 1984 1085 confidentes)
2002 1041 2132 1086 dedimus
2144 1040 2416 1085 vobistpotestatem

1349 1079 2136 1163 ζεῗεῗρὲἱέἶξῗῗέἓξᾶῗξᾞὲἑὲἓὲῗὲρῖἰιῐέἑέἔᾞῧρῗῗὲἷῗιὲἔ
2142 1080 2416 1163 ’ρξξῗέῗῐὲἃὲἕὲἧὲἐ

1347 1167 1378 1186 in
1394 1156 1489 1188 Manu
1503 1156 1551 1187 rua
1568 1159 1694 1194 (praerate
1706 1155 1890 1193 Vicecomec)
1909 1157 1989 1195 quod
2004 1157 2076 1196 ipse,
2093 1166 2165 1188 citra
2179 1157 2414 1188 dietumFestum

1348 1195 1447 1226 Saneti
1461 1195 1534 1226 Petri
1551 1196 1585 1225 ad
1602 1195 1743 1234 Vincula,
1759 1195 1805 1226 vel
1818 1197 1846 1226 in
1865 1195 1968 1226 eodem
1988 1195 2074 1226 Festo
2095 1195 2128 1225 ad
2148 1195 2298 1234 ultimum,
2315 1197 2349 1227 ad
2370 1197 2414 1227 di-

1350 1234 1428 1264 etam
1450 1233 1606 1264 Civitatem
1624 1233 1753 1264 nostram
1768 1234 1933 1265 Londoniae
1953 1234 2075 1272 redibit,
2093 1233 2203 1265 ibidem
2224 1235 2254 1265 in
2274 1235 2414 1266 Obsidem

1347 1273 1378 1304 in
1390 1273 1484 1304 forma
1498 1273 1633 1312 praedieta
1647 1282 1822 1312 moraturus,

1387 1311 1426 1343 Et
1446 1313 1512 1343 ideo
1534 1313 1618 1342 vobis
1639 1311 1803 1342 mandamus
1823 1312 1904 1350 quod
1925 1311 2139 1343 Sacramentum
2161 1310 2348 1350 praedictum,
2362 1312 2414 1343 sub

1350 1350 1449 1381 eadem
1466 1351 1576 1387 forma,
1596 1351 1752 1390 recipiatis,
1770 1351 1803 1382 &
1818 1352 1844 1380 ei
1860 1350 1966 1381 Literas
1983 1350 2145 1388 praedictas,
2161 1360 2229 1389 quas
2246 1351 2343 1388 vobis,
2362 1351 2414 1381 sub

1349 1389 1465 1428 Sigillo,
1484 1389 1659 1421 Venerabilis
1672 1389 1778 1427 Patris,
1795 1389 1944 1420 Willielmi
1952 1389 2086 1428 Episcopi
2099 1387 2414 1429 Wyntoniensis,Can-

1349 1429 1452 1460 cellarii
1471 1427 1577 1466 nostri,
1595 1428 1751 1466 mittimus,
1769 1428 1904 1467 liberetis3
1922 1438 1975 1458 nos
1995 1428 2031 1458 de
2050 1428 2237 1458 Sacramento
2256 1427 2412 1466 praedieto,

1346 1466 1399 1535 fsiub
1413 1467 1515 1505 Sigillis
1530 1465 1643 1504 vestris,
1660 1467 1690 1499 in
1702 1466 1876 1498 Cancellaria
1891 1467 2003 1505 nostra,
2020 1466 2150 1497 distinete
2169 1467 2202 1498 &
2220 1467 2315 1506 aperte
2329 1467 2414 1498 certi-

1367 1515 1470 1536 cantes.

1382 1544 1417 1575 In
1433 1545 1527 1582 cujus,
1546 1545 1608 1576 &c.
2060 1581 2066 1587 ·
2214 1582 2219 1587 ¹
2318 1582 2323 1587 ¹
2338 1582 2345 1587 Ι

1419 1582 1510 1614 Teste
1523 1583 1604 1622 Rege
1618 1582 1692 1621 apud
1706 1580 2016 1620 westmonasterium,
2031 1581 2176 1613 tricesimo
2190 1580 2238 1611 die
2254 1580 2367 1621 Aprilis.

1365 1725 1424 1756 Pro
1449 1719 1674 1769 Archiepisbopo
1699 1720 1736 1754 de
1758 1723 1886 1764 Seintz,
1909 1720 1954 1754 ad
1973 1723 2116 1772 Poyt'liers
2138 1733 2240 1770 capto,
2262 1723 2299 1758 de
2321 1728 2387 1759 Ac-

1782 1774 1960 1818 quietantia.

1343 1855 1425 1919 LE
1444 1856 1506 1887 Roi
1520 1867 1536 1887 a
1551 1864 1639 1896 touz,
1657 1856 1686 1902 qi
1701 1855 1790 1888 cestes
1802 1857 1914 1888 Lettres
1930 1865 2049 1888 verront
2063 1867 2102 1887 ou
2116 1866 2217 1889 orront
2250 1858 2334 1890 Salui.
2428 1863 2555 1899 Ann,D,

1435 1894 1535 1926 Savoir
1549 1906 1621 1926 vous
1635 1895 1746 1934 failbns,
1767 1906 1822 1935 que
1837 1905 1910 1939 nous
1923 1905 2010 1926 avons
2024 1906 2060 1940 en
2074 1895 2204 1935 Compte
2219 1881 2253 1929 ἐς
2264 1897 2382 1937 Receu,
2450 1898 2550 1944 1362}

1379 1933 1433 1964 Par
1453 1934 1489 1965 les
1505 1935 1594 1964 mains
1612 1933 1648 1965 de
1669 1933 1815 1966 Reverent
1835 1933 1916 1965 Piere
1942 1943 1978 1964 en
1998 1933 2076 1966 Dieu
2091 1959 2101 1974 ,
2133 1935 2262 1974 Symond
2280 1936 2407 1978 Evesque
2425 1947 2478 1971 Aa.
2493 1945 2538 1981 3⁶·

1341 1972 1377 2003 de
1390 1972 1462 2013 Ely,
1477 1972 1574 2002 nostre
1588 1972 1751 2012 Tresorier,
2426 1985 2456 2008 E.
2478 1991 2504 2018 3,

1375 2011 1424 2042 De
1443 2011 1586 2043 Reverent
1605 2011 1687 2043 Piere
1702 2021 1738 2042 en
1757 2011 1834 2042 Dieu
1846 2033 1855 2049 ,
1874 2009 2043 2043 Guilliames
2052 2010 2240 2052 Arcevesques
2252 2014 2288 2045 de
2295 2014 2405 2054 Seintz,
2424 2023 2514 2048 Franc.
2541 2036 2546 2042 -

1375 2049 1534 2120 lgrisioesnier
1547 2060 1580 2089 a,
1585 2050 1689 2118 knostre
1703 2050 1787 2082 chere
1803 2054 1836 2082 ὃς
1847 2049 1912 2080 foial
1921 2072 1931 2088 ,
1944 2050 2077 2081 Thomas
2090 2050 2125 2081 de
2134 2050 2314 2094 Beauchamp
2323 2052 2405 2084 Con-
2427 2059 2470 2094 36.
2483 2062 2512 2086 Ε.
2526 2059 2552 2097 31

1341 2097 1369 2120 te
1403 2099 1419 2120 e
1478 2099 1565 2119 arrew
2422 2106 2460 2125 m.
2494 2118 2502 2126 .
2521 2096 2525 2100 “

1374 2128 1424 2168 Sys
1438 2126 1502 2157 Mill
1518 2099 1623 2159 Esciiti
1637 2127 1729 2165 d’Or,
1746 2137 1783 2158 en
1798 2126 1968 2158 Deduction
1982 2127 2015 2158 &
2031 2126 2125 2158 Rebat
2141 2127 2177 2158 de
2196 2129 2220 2159 la
2235 2130 2294 2170 plus
2311 2130 2405 2162 Gran-
2473 2106 2490 2132 9

1337 2165 1372 2235 {e
1387 2168 1526 2205 Somme,
1543 2167 1591 2207 q’il
1606 2166 1693 2198 Nous
1706 2167 1768 2197 doit
1778 2167 1853 2205 paier
1866 2176 1881 2196 a
1894 2167 1975 2196 cause
1990 2165 2026 2195 de
2047 2167 2071 2196 la
2091 2166 2167 2197 Prile
2180 2178 2196 2198 a
2217 2168 2244 2199 la
2258 2168 2352 2200 Bataill
2366 2169 2404 2201 de

1363 2216 1446 2237 oiters

1375 2243 1437 2275 Des
1451 2229 1536 2284 iiuiels
1550 2245 1600 2286 Sys
1610 2243 1675 2275 Mill
1685 2243 1807 2281 Esaia,
1827 2252 1873 2280 par
1889 2242 1953 2273 tiele
1965 2244 2089 2286 maniei‘e
2102 2253 2221 2283 receuz,
2238 2254 2319 2278 nouz
2327 2247 2403 2287 Qfi-

1336 2290 1418 2322 tons,
1437 2283 1607 2323 Delivrons,
1622 2285 1656 2315 δε
1669 2281 1810 2313 Absolons
1821 2282 1846 2312 le
1859 2281 1898 2312 dit
1916 2282 2112 2325 Arceveique,
2130 2284 2165 2314 δε
2179 2292 2248 2315 touz
2262 2285 2301 2316 les
2314 2296 2404 2318 autres

1334 2321 1458 2362 Obligez
1472 2334 1487 2354 a
1504 2323 1590 2353 Nous
1604 2333 1652 2360 par
1668 2322 1737 2352 celle
1756 2320 1852 2358 cause,
1871 2331 1886 2351 a
1900 2329 1970 2351 touz
1980 2322 2143 2363 Jqourimais,

1372 2360 1411 2392 Et
1431 2361 1490 2392 leur
1506 2361 1606 2391 faisons
1629 2360 1805 2391 Covenance
1827 2360 1860 2391 ὅ(
1882 2360 2005 2396 exprelle
2025 2360 2147 2390 Paelion
2169 2360 2205 2392 de
2221 2361 2321 2402 jamais
2341 2363 2404 2395 De-

1337 2399 1454 2430 mander
1477 2411 1511 2431 au
1525 2399 1564 2430 dit
1589 2399 1786 2438 Arcevesque‚
1805 2398 2026 2438 enJugoement
2049 2408 2086 2429 ne
2105 2398 2225 2440 dehors,
2243 2401 2269 2431 la
2283 2400 2404 2436 Somme

1334 2439 1383 2477 qui
1399 2438 1481 2469 Paiee
1497 2439 1585 2469 Nous
1602 2438 1644 2468 est
1659 2438 1766 2469 ficome
1780 2437 1871 2468 deffus
1885 2423 1926 2468 eff
1940 2434 2002 2467 dit?

1373 2476 1453 2507 Don.
1475 2487 1522 2515 par
1539 2477 1769 2516 Tesmoignance
1783 2476 1818 2506 de
1840 2475 1936 2506 nostre
1959 2474 2053 2506 Grant
2073 2474 2153 2515 Seal,
2172 2487 2188 2507 a
2209 2476 2305 2509 nostre
2317 2478 2400 2510 Tour

1336 2516 1372 2546 de
1388 2515 1534 2553 Londres,
1549 2516 1575 2546 le
1590 2517 1695 2553 primer
1708 2514 1780 2554 Jour
1793 2514 1829 2545 de
1850 2514 1938 2554 May,
1955 2514 2021 2544 l'An
2036 2514 2072 2545 de
2086 2514 2183 2546 Grace
2199 2515 2284 2556 Mill,
2301 2517 2399 2549 Trois-

1338 2562 1423 2585 centz
1431 2576 1441 2593 ,
1460 2554 1568 2586 Setiam
1581 2555 1613 2585 ὃς
1627 2554 1730 2593 DeuX,
1748 2554 1782 2585 &
1796 2552 1832 2583 de
1844 2554 1940 2584 nostre
1954 2553 2057 2593 Regne
2069 2552 2180 2584 Trente
2194 2553 2289 2585 Sifine.

1407 2691 1457 2723 De
1477 2686 1699 2731 solutionibus,
1739 2699 1809 2736 uper
1832 2687 2023 2722 Liberatione
2047 2692 2135 2737 Regis
2161 2693 2303 2725 Francia.

1332 2773 1412 2843 [⁴1⁴2l
1427 2774 1486 2804 Roi
1500 2785 1515 2805 a
1528 2783 1597 2805 touz
1610 2783 1702 2814 ceuz,
1720 2775 1770 2813 qui
1783 2774 1871 2806 cestes
1887 2774 1997 2806 Lettres
2019 2784 2136 2807 verront
2151 2786 2190 2806 ou
2209 2785 2329 2815 orront,
2347 2776 2396 2808 Sa·
2413 2776 2492 2847 Ann6.
2504 2776 2543 2812 D.

1414 2822 1472 2844 ui‘z..
2437 2827 2450 2847 1
2492 2826 2521 2847 2.

1369 2851 1470 2882 Savoir
1490 2861 1562 2882 vous
1584 2851 1684 2882 faisons
1703 2861 1776 2892 que,
1794 2851 1820 2882 le
1837 2851 1985 2884 Reverent
2004 2853 2086 2884 Piere
2103 2863 2139 2883 en
2155 2852 2250 2892 Dieu,
2275 2852 2396 2885 Simond
2415 2826 2470 2883 An3.
2485 2857 2526 2893 36.

1332 2888 1462 2930 Evesque
1481 2891 1517 2921 de
1530 2890 1601 2929 Ely,
1617 2890 1712 2921 nostre
1730 2890 1882 2929 Tresorer,
1900 2891 1933 2921 ad
1955 2901 1990 2921 en
2009 2891 2139 2931 Compte
2159 2892 2193 2922 &
2213 2891 2342 2930 Resceu,
2357 2903 2394 2923 en
2413 2899 2444 2921 E.
2463 2904 2488 2930 3.

1332 2928 1426 2958 Noun
1443 2929 1479 2959 de
1494 2928 1579 2959 Nous
1589 2952 1598 2966 ,
1614 2939 1663 2967 par
1682 2929 1720 2959 les
1735 2930 1824 2959 mains
1839 2929 1873 2960 N
1875 2929 1981 2960 icholas
2001 2928 2085 2967 Ode,
2100 2929 2237 2960 Tresorer
2250 2929 2287 2960 de
2298 2930 2394 2962 nostre
2411 2933 2476 2960 ibid.
2489 2939 2524 2960 m.

1331 2966 1491 2998 Treschere
1510 2968 1544 2999 ὃς
1567 2967 1705 2998 Tresame
1726 2968 1827 3005 Frere,
1846 2968 1870 2998 le
1890 2967 1951 2997 Roi
1975 2966 2011 2997 de
2033 2966 2155 3007 France,
2174 2966 2253 2999 Cent
2272 2968 2307 2999 &
2331 2968 2393 3010 Oyt
2415 2980 2456 2998 io.

1334 3006 1401 3036 Mill
1418 3007 1450 3037 &
1465 3005 1526 3045 Oyt
1541 3006 1639 3037 Centz
1651 3005 1744 3036 Escuz
1756 3005 1844 3044 d'Or,

1372 3043 1411 3074 Et
1424 3043 1509 3083 aussi,
1523 3043 1608 3074 d'une
1620 3044 1753 3082 Subside,
1775 3044 1883 3074 Grante
1905 3053 1939 3074 au
1961 3042 2037 3081 Pape
2051 3053 2100 3081 par
2114 3043 2140 3074 le
2154 3043 2269 3085 Clergie
2281 3045 2318 3077 de
2331 3046 2396 3078 nos-

1333 3091 1376 3114 tre
1392 3082 1541 3119 Roialme,
1560 3082 1670 3120 Qatre
1682 3081 1773 3112 Vintz
1790 3083 1823 3113 &
1840 3081 1894 3111 Dis
1907 3081 1973 3111 Mill
1987 3081 2080 3112 Escuz
2094 3082 2187 3121 d'Or,

1372 3120 1458 3152 Dont
1470 3121 1508 3150 les
1523 3120 1611 3151 Deux
1626 3120 1720 3152 Escuz
1737 3121 1827 3152 valent
1841 3120 1896 3150 Un
1910 3119 1945 3150 N
1947 3120 2014 3152 oble
2027 3120 2063 3151 de
2081 3121 2106 3151 la
2120 3121 2245 3153 Monoie
2262 3121 2396 3164 d’Engle-

1333 3167 1597 3242 terlriii’Deduction
1610 3197 1643 3228 &
1658 3195 1753 3241 Rebat
1765 3196 1801 3226 de
1817 3195 1928 3240 Qarre
1942 3196 2038 3241 Centz
2053 3196 2120 3228 Mill
2127 3198 2218 3229 Escuz
2223 3222 2234 3238 ,
2252 3198 2292 3244 les
2303 3200 2397 3238 quielx

1333 3235 1429 3266 nostre
1447 3235 1488 3265 dit
1501 3236 1584 3266 frere
1595 3245 1665 3265 nous
1679 3235 1763 3265 estoit
1775 3236 1892 3273 obligez
1907 3246 1923 3266 a
1936 3245 2026 3276 paier,
2043 3247 2058 3267 a
2070 3236 2107 3267 les
2115 3237 2216 3268 Toutz
2230 3237 2329 3269 Seintz
2335 3239 2396 3269 dar-

1333 3274 1393 3303 rein
1407 3272 1496 3312 paffe,
1515 3284 1531 3304 a
1544 3273 1624 3304 cause
1638 3274 1674 3304 de
1688 3274 1713 3304 sa
1728 3273 1919 3313 Delivrance,

1369 3311 1432 3342 Des
1446 3312 1523 3350 queis
1538 3311 1705 3351 Soummes,
1722 3313 1778 3343 enfi
1791 3312 1887 3344 Paietz
1896 3337 1906 3352 ,
1923 3313 1957 3346 &
1969 3312 2110 3344 Resceues
2122 3324 2157 3344 en
2172 3313 2269 3345 nostre
2287 3314 2395 3354 Nom,

1333 3351 1439 3381 ficome
1454 3350 1545 3381 dessus
1561 3351 1601 3380 est
1615 3351 1672 3390 dit,
1692 3351 1777 3382 Nous
1792 3352 1934 3390 QiitonS,
1953 3351 2125 3390 Delivrons,
2138 3353 2322 3385 &Absolons
2329 3355 2394 3386 nos-

1333 3398 1374 3420 tre
1388 3389 1429 3419 dit
1444 3389 1467 3420 F
1470 3399 1528 3420 rere
1543 3391 1576 3421 &
1592 3389 1630 3420 ses
1645 3390 1730 3421 Heirs
1742 3400 1759 3420 a
1774 3399 1844 3422 touz
1856 3390 2016 3429 joursmais,

1371 3430 1387 3445 ⁴
1398 3427 1436 3458 Et
1452 3428 1512 3458 leur
1527 3427 1626 3459 faisons
1640 3428 1816 3460 Covenance
1835 3431 1870 3461 &
1888 3429 2014 3467 expreffe
2031 3428 2152 3460 Pafflon
2166 3429 2202 3460 de
2211 3430 2308 3468 jamais
2328 3430 2389 3461 De·
2410 3431 2430 3451 ²*
2448 3432 2499 3459 v1.

1335 3467 1451 3497 mandet
1464 3477 1480 3497 a
1495 3466 1588 3506 Eulx,
1606 3478 1642 3498 ne
1662 3478 1677 3498 a
1692 3469 1750 3498 leur
1762 3467 1862 3506 Heirs,
1881 3478 1918 3498 en
1936 3467 2127 3507 Juggement,
2144 3477 2181 3499 ne
2201 3469 2237 3500 de
2254 3468 2337 3508 hors,
2352 3469 2389 3499 les
2409 3471 2473 3508 364.

1333 3505 1434 3536 Sornes
1447 3506 1494 3545 qui
1509 3506 1588 3544 paiez
1601 3516 1673 3536 nous
1688 3506 1750 3536 sont
1764 3506 1871 3537 ficome
1886 3506 1977 3536 deffus
1993 3506 2034 3537 est
2046 3506 2096 3537 dit.

1370 3544 1452 3574 Don.
1472 3554 1519 3582 par
1533 3545 1762 3584 Tesmoignance
1782 3545 1818 3575 de
1838 3544 1933 3575 nostre
1953 3544 2046 3576 Grant
2061 3545 2138 3582 Seal,
2156 3555 2172 3576 a
2192 3544 2286 3575 nostre
2305 3543 2390 3575 Tour

1331 3581 1368 3612 de
1382 3583 1528 3621 Londres,
1544 3583 1570 3613 le
1584 3584 1688 3620 primer
1704 3582 1776 3621 Jour
1795 3584 1831 3613 de
1844 3583 1934 3623 May,
1950 3583 2014 3613 l’An
2029 3584 2066 3614 de
2080 3584 2176 3614 Grace
2191 3583 2275 3621 Mill,
2292 3581 2390 3613 Trois-

1330 3630 1432 3660 centz,
1450 3621 1599 3660 Soixante,
1618 3623 1651 3652 ὃς
1667 3621 1753 3652 Deux
1762 3645 1773 3660 ,
1790 3623 1823 3654 &
1836 3622 1871 3653 de
1885 3621 1981 3653 nostre
1996 3622 2098 3661 Regne
2112 3621 2219 3652 Trente
2231 3620 2316 3651 sisme.

1593 3759 1652 3789 Pro
1679 3758 1841 3790 Familiari
1865 3760 1976 3804 Reginae
1997 3760 2104 3790 Scotiae.
2407 3771 2482 3802 Arm,
2495 3767 2535 3805 D,

2431 3806 2511 3847 1362.

686 3834 814 3867 dedimus
836 3839 862 3868 ei
884 3838 1044 3870 Licentiam
1070 3838 1227 3869 revertendi
1247 3841 1282 3871 ad
1321 3840 1498 3913 JOhannes
1513 3840 1652 3886 Heryng,
1669 3841 1823 3872 Familiaris
1838 3841 1980 3880 Johannae
2002 3838 2122 3878 Reginae
2138 3839 2263 3880 Scotiae,
2278 3841 2390 3873 Sororis
2407 3851 2457 3875 Aa.
2473 3847 2517 3883 36.

1373 3879 1473 3918 Regis,
1492 3879 1576 3910 habet
1593 3881 1700 3910 Literas
1714 3880 1803 3918 Regis
1816 3879 1853 3909 de
1868 3877 2026 3909 Conduem
2040 3887 2094 3915 pro
2108 3877 2134 3907 se
2150 3879 2293 3910 &Tribus
2303 3880 2389 3921 Equi·
2406 3890 2436 3913 Ε.
2458 3894 2482 3921 3.

262 3907 302 3951 Ira
313 3909 393 3946 quod
408 3910 481 3940 idem
502 3911 626 3954 Comes,
647 3912 714 3941 citra
737 3911 852 3956 Festum
876 3914 969 3944 Sanffl
990 3915 1067 3946 Petri
1086 3914 1120 3944 ad
1144 3913 1281 3953 Vincula,
1327 3918 1418 3955 tibus,
1436 3918 1580 3949 veniendo
1595 3920 1624 3948 in
1639 3918 1788 3957 Angliam,
1804 3917 1911 3947 ibidem
1934 3917 2091 3953 morando,
2109 3917 2142 3948 δε
2159 3919 2262 3950 exinde
2280 3920 2314 3950 ad
2328 3929 2389 3959 par·
2407 3928 2473 3951 stoc.
2488 3921 2533 3957 36,

219 3948 358 3984 proximo
380 3947 523 3987 futurum,
541 3950 575 3979 ad
598 3949 704 3980 dietam
728 3949 883 3980 Civitatem
903 3952 1029 3983 nostram
1052 3952 1216 3984 Londoniae
1239 3964 1282 3985 re·
1321 3958 1366 3984 tes
1390 3952 1496 3986 Scotiae
1510 3956 1673 3994 redeundo,
1700 3956 1761 3988 ὅτε.
1781 3965 1831 3996 per
1853 3963 1945 3985 unum
1966 3953 2083 3985 Annum
2108 3958 2242 3993 proxime>
2262 3957 2388 3988 futurum
2409 3965 2440 3988 Ε.
2462 3969 2485 3997 3.
2501 3967 2536 3987 m·

220 3985 301 4023 deat,
319 3986 353 4016 &
374 3984 479 4015 ibidem
493 3987 522 4016 in
536 3987 644 4025 Forma,
661 3998 716 4028 qua
729 3989 804 4026 prius
817 3991 991 4030 moi-abatur,
1008 3999 1152 4029 moretur,

1329 3993 1477 4024 duraturas.
2411 4000 2438 4026 6.

2302 4031 2393 4064 Teste
