2561 4251
695 161 806 202 ET
890 157 1157 200 ACTA

3 247 76 280 Ann.
89 245 130 276 D.
147 245 180 275 ad
200 245 306 276 didtam
326 246 480 276 Civitatem
504 245 540 276 de
563 244 662 282 Cork,
682 256 734 283 pro
751 256 830 277 mora
846 245 890 276 sua
904 245 1052 283 praedicta,
1071 245 1100 274 in
1115 242 1200 274 Festo

23 284 104 325 1388.
147 284 244 314 Sanffl
258 283 407 314 Michaelis
417 285 550 323 proximo
566 285 660 315 futuro
672 284 707 313 ad
723 285 852 314 ultimum
862 307 872 321 ,

4 327 53 355 Ric.
71 333 97 352 2.
184 322 222 352 Et
238 322 317 360 quod
332 322 429 359 liceat,
443 324 559 353 cuicum
583 333 617 353 ue
632 323 781 360 placuerit,
794 322 843 352 fibi
855 332 908 359 pro
923 320 1129 351 Sustentatione
1142 319 1200 356 sua,

145 360 180 391 ad
193 361 367 391 Terminum
382 359 475 398 Vitae,
495 332 684 399 Qadraginta
700 360 812 390 Musas
826 370 874 398 per
894 360 1012 389 Annum
1027 367 1201 388 tantummo-

146 399 187 429 do
200 400 264 428 dare
279 400 312 430 &
327 397 498 437 ministrare,
517 409 599 437 prout
615 401 642 428 in
656 398 842 429 Ordinatione
856 398 988 438 praedic'ta
1002 396 1110 434 plenius
1131 406 1202 426 con-

148 446 270 474 tinetur,

184 475 275 505 Vobis
293 475 326 506 ὅτ
348 475 464 506 cuilibet
485 473 614 507 vestrum
640 474 809 504 Mandamus
831 473 911 512 quod
935 473 1027 502 eidem
1041 472 1201 510 Episcopo,

148 513 238 543 versus
251 511 361 542 dic'tum
378 513 495 544 Portum
512 513 676 548 Bristolliae,
695 513 801 542 ibidem
824 512 903 549 super
917 511 1049 541 Transitu
1068 511 1116 540 suo
1133 521 1203 547 prte-

148 551 229 581 dieto
248 560 317 580 cum
341 552 529 589 Familiaribus
550 551 689 587 praedietis
704 549 859 587 morando,
879 550 912 579 &
928 549 1027 579 exinde
1043 549 1077 578 ad
1093 550 1200 579 dictam

151 589 307 619 Civitatem
328 588 494 620 transeundo
507 612 517 627 ,
543 589 576 618 &
591 588 696 618 ibidem
712 587 850 618 morando
860 609 870 625 ,
888 588 916 616 in
934 588 1037 618 Forma
1053 588 1203 625 praedicta,

151 636 210 657 non
229 627 351 657 inferatis
366 651 376 666 ,
402 638 456 657 nec
477 627 572 656 inferri
593 627 753 662 permittatis
767 648 777 664 ,
801 625 969 663 Dampnum
985 648 994 664 ,
1014 625 1204 663 Violentiam,

152 665 391 702 impedimentum
407 664 535 702 aliquod,
552 664 598 694 seu
611 664 773 694 Gravamen
789 686 799 702 ,
825 664 978 702 Victualia,
997 665 1046 694 fibi
1062 666 1095 695 ὃ(
1112 664 1206 693 Fami-

149 704 259 734 liaribus
280 704 332 734 suis
352 703 491 741 praediCtis
515 702 665 733 necessaria
686 704 714 732 in
735 703 787 733 hac
809 712 885 740 parte
899 724 908 740 ,
929 713 980 740 pro
998 702 1126 732 Denariis
1138 702 1205 740 suis,

150 744 286 780 prompte
298 740 451 778 solvendis,
468 741 517 770 fibi
533 740 715 771 ministrantes
729 742 763 772 ὃς
779 740 926 770 ministrari
941 741 1090 778 facientes,

188 779 225 810 Et
238 791 304 818 vos,
320 779 425 817 praefati
443 778 600 817 Custodes,
619 779 710 815 ipsum
725 779 917 816 Episcopum,
938 789 1006 809 cum
1015 779 1207 817 Qiadraginta

152 817 276 855 Marcis,
295 827 349 855 pro
365 817 491 855 praesenti
505 817 605 848 Primo
619 817 722 855 Anno,
741 827 799 847 uno
816 817 925 854 Ledto,
942 816 1059 846 Vestura
1074 827 1126 854 pro
1141 827 1205 846 cor-

152 864 222 894 pore
237 856 303 892 su0,
321 865 353 885 ac
369 866 427 886 uno
444 856 534 886 Libro
548 866 602 893 pro
616 855 705 885 Horis
719 855 769 885 suis
784 854 927 892 dicendis,
942 864 1008 884 cum
1016 854 1140 885 Duobus
1157 855 1208 883 Fa-

155 894 305 924 miliaribus
324 894 463 931 praediffls
476 917 486 933 ,
512 894 602 924 versus
625 893 731 923 dietam
751 893 906 923 Civitatem
928 894 956 921 in
969 892 1055 922 Portu
1071 893 1208 929 praedic‘to

11 929 28 948 ¹*
48 929 116 956 VH·
154 932 244 962 libere
265 933 297 963 ὃς
317 932 335 951 '¹‘
355 933 458 970 absque
480 932 684 971 impedimento
709 932 820 961 transire
842 932 1005 969 permittatis
1019 953 1029 968 ,
1052 930 1158 961 ibidem
1181 932 1209 960 in

13 977 77 1005 591·
155 970 248 1001 forma
264 970 395 1007 praedi&a
409 978 593 1000 moraturum.

193 1007 282 1040 Teste
296 1008 377 1048 Rege
389 1007 463 1046 apud
479 1006 750 1047 westmonasterium,
771 1007 886 1039 OCtavo
903 1006 961 1038 Die
970 1006 1045 1045 Julii.

890 1086 940 1113 Per
957 1082 1108 1113 Concilium.

868 1162 909 1189 Et
923 1167 985 1189 erat
999 1162 1110 1190 Parem.

161 1290 218 1320 Pro
234 1290 382 1333 Imperitis
406 1293 437 1320 in
456 1288 656 1321 parliamento
676 1314 685 1329 ‚
706 1287 798 1332 super
816 1286 953 1329 Tranfim
973 1289 1004 1316 in
1023 1284 1217 1317 Hiberniam.

18 1362 92 1393 Ann·
105 1360 146 1390 D·
166 1372 222 1426 R
234 1371 259 1401 E
270 1370 318 1408 X,
337 1371 484 1403 Universis
499 1374 531 1404 &
547 1371 666 1412 Singulis
678 1370 924 1410 Vicecomitibus,
943 1371 1003 1402 &e
1023 1379 1074 1400 nec
1090 1378 1149 1399 non
1158 1367 1221 1398 Cu-

45 1400 129 1439 1333·
246 1409 371 1440 stodibus
386 1412 496 1451 passagii
513 1413 540 1441 in
557 1411 647 1441 Portu
664 1409 755 1439 Cestr.
776 1409 909 1440 Salutem·

18 1444 68 1467 An.
89 1448 133 1467 1²·
205 1446 301 1486 Cum,
321 1450 392 1479 inter
408 1451 476 1489 alia,
493 1450 519 1479 in
537 1450 638 1479 ultimo
651 1447 836 1477 Parliamenro
850 1447 966 1484 nostro,
983 1446 1053 1488 apud
1070 1444 1222 1474 Westmo-

17 1482 55 1522 RQ
67 1488 92 1504 2·
167 1485 318 1516 nasterium
331 1496 429 1526 tento,
447 1488 608 1519 ordinatum
624 1488 653 1516 sit
667 1485 746 1524 quod
761 1485 905 1523 Johamm
917 1484 984 1514 Holt
998 1484 1148 1520 Chrvakr,

19 1517 82 1544 rlnd.
201 1522 259 1554 Pro
283 1525 444 1562 quibusdam
466 1526 679 1556 Proditionibus
694 1547 703 1562 ,
721 1525 796 1554 unde
811 1525 838 1553 in
853 1524 957 1553 eodem
972 1522 1161 1552 Parliamento
1175 1529 1222 1550 ex-

17 1564 52 1583 π’·
65 1562 113 1590 43·
165 1561 218 1591 titit
232 1562 380 1601 Impetitus
395 1566 427 1596 ὃς
446 1565 642 1602 Adjudicatus,

203 1600 250 1630 Ad
263 1600 384 1631 Terram
400 1602 525 1632 nostram
538 1601 684 1631 Hiberniae
699 1599 724 1630 se
739 1600 842 1638 trahat,
862 1599 966 1629 ibidem
983 1600 1013 1628 in
1035 1597 1112 1627 Villa
1127 1596 1223 1627 nostra

165 1637 202 1668 de
219 1639 350 1677 Drouda,
368 1641 401 1671 &
418 1641 488 1670 infra
504 1639 695 1669 Praecintftum
704 1639 835 1669 Duarum
852 1639 1012 1669 Leucarum
1029 1646 1102 1668 circa
1117 1636 1223 1666 dieram

166 1675 290 1716 Villam,
308 1687 362 1715 pro
375 1677 521 1708 Termino
539 1678 614 1708 Vitae
627 1677 698 1714 suae,
718 1685 888 1715 moraturus,
1206 1713 1210 1717 ¹

204 1714 242 1745 Et
263 1715 344 1752 quod
367 1716 468 1747 habeat
487 1716 650 1746 Transitum
674 1717 754 1745 suum
776 1717 804 1745 in
822 1715 907 1745 Portu
925 1713 1063 1752 praediffto
1077 1712 1170 1744 versus
1184 1712 1226 1742 di—

170 1753 248 1784 &am
263 1753 367 1784 Villam
381 1755 418 1785 de
436 1755 548 1785 Drouda
564 1778 573 1793 ,
591 1764 660 1784 cum
673 1753 797 1784 Duobus
811 1753 999 1783 Familiaribus
1014 1751 1157 1790 Anglicis,
1175 1751 1226 1780 sibi

169 1792 360 1830 deservituris,
378 1792 397 1822 fi
415 1794 463 1831 qui
478 1793 633 1830 voluerint,

208 1830 245 1860 Et
264 1831 342 1869 quod
367 1831 398 1861 sit
413 1833 440 1861 in
458 1832 560 1861 eodem
581 1830 670 1861 Portu
680 1853 690 1868 ,
706 1830 784 1868 super
800 1828 957 1867 hujusmodi
970 1828 1102 1859 Tranfitu
1117 1827 1165 1858 suo
1179 1828 1227 1858 ha-

167 1868 282 1907 bendo,
301 1869 336 1898 ad
352 1868 466 1899 Festum
481 1869 578 1900 Sanffl
593 1868 671 1899 Petri
687 1869 721 1899 ad
738 1868 877 1906 Vincula,
896 1868 1026 1905 proximo
1041 1866 1227 1905 futurum,ad

169 1906 276 1937 dictam
297 1907 400 1937 Villam
421 1908 457 1938 de
471 1908 603 1945 Drouda,
622 1917 676 1945 pro
691 1917 770 1937 mora
786 1907 832 1937 sua
847 1905 993 1944 praedicta,
1013 1906 1041 1935 in
1059 1904 1142 1935 Festo
1159 1905 1229 1934 San-

170 1946 210 1975 &i
225 1944 375 1975 Michaelis
391 1947 524 1983 proximo
538 1947 649 1984 futuro,
668 1945 702 1976 ad
716 1945 847 1976 ultimum
862 1967 871 1983 ,
897 1953 981 1982 prout
994 1945 1023 1974 in
1039 1943 1230 1974 Ordinatione

171 1983 305 2022 predicta
316 1984 423 2022 plenius
439 1986 620 2030 continetur,

211 2020 302 2051 Vobis
315 2045 325 2060 ,
351 2023 384 2053 &
399 2023 512 2053 cuilibet
527 2023 654 2052 vestrum
666 2044 676 2060 ,
696 2021 868 2052 Mandamus
882 2020 963 2059 quod
979 2020 1070 2051 eidem
1085 2019 1231 2058 Johanni,

172 2060 269 2090 eundo
290 2060 382 2091 versus
398 2060 508 2091 dictum
526 2060 646 2092 Portum
660 2059 778 2090 Cestriae
793 2082 803 2098 ,
820 2058 927 2090 ibidem
941 2060 1020 2097 super
1035 2059 1166 2088 Tranlitu
1181 2059 1231 2088 suo

171 2098 311 2137 praeditsto
332 2109 398 2128 cum
414 2099 604 2130 Familiaribus
623 2098 764 2137 praedietis
788 2098 928 2128 morando
944 2122 953 2136 .,
977 2098 1010 2128 &
1025 2096 1126 2127 exinde
1141 2095 1175 2126 ad
1191 2097 1235 2126 di-

173 2137 250 2168 ctam
263 2136 366 2166 Villam
383 2137 419 2167 de
431 2138 545 2167 Drouda
560 2137 741 2174 transeundo,
762 2138 795 2168 δε
811 2137 917 2166 ibidem
931 2135 1070 2166 morando
1086 2136 1114 2164 in
1131 2134 1235 2164 Forma

195 2175 323 2213 raedic'ta,
341 2185 400 2205 non
415 2175 552 2213 inferatis,
572 2186 625 2206 nec
639 2175 735 2206 inferri
756 2175 935 2212 permittatis,
953 2173 1142 2210 Dampnum,
1161 2172 1235 2203 Vio-

172 2184 287 2244 l'entiam
302 2237 311 2249 ,
337 2212 577 2251 Impedimentum
603 2214 735 2252 aliquod,
752 2214 798 2243 seu
812 2212 993 2249 Gravamen,
1012 2212 1167 2249 Victualia,
1186 2211 1236 2241 sibi

175 2253 210 2284 &
230 2252 421 2282 Familiaribus
440 2252 491 2283 suis
514 2252 653 2290 praedictis
666 2251 832 2289 necessaria,
848 2253 876 2281 in
893 2251 944 2281 hac
958 2259 1048 2288 parte,
1068 2260 1120 2288 pro
1138 2249 1236 2279 Dena-

176 2291 222 2320 riis
241 2289 291 2320 suis
306 2312 316 2328 ,
334 2292 469 2328 prompte
485 2290 640 2328 solvendis,
656 2290 705 2320 sibi
722 2290 907 2321 ministrantes
920 2291 953 2322 &
970 2288 1116 2319 ministrari
1130 2288 1237 2319 facien-

176 2335 218 2358 tes

214 2351 254 2396 fit
273 2376 327 2396 vos
351 2365 468 2404 (praefati
491 2366 645 2403 Custodes)
661 2367 750 2404 ipsum
762 2367 942 2406 Johannem,
958 2375 1025 2396 cum
1041 2364 1237 2403 Quadraginta

178 2403 285 2434 Marcis
297 2415 350 2442 pro
365 2405 497 2442 Expenfis
509 2406 577 2443 suis,
597 2416 649 2443 pro
666 2405 791 2443 praesenti
806 2405 907 2435 Primo
923 2405 1009 2434 Anno
1019 2427 1028 2442 ,
1041 2404 1116 2434 Uno
1132 2402 1238 2441 Leito,

179 2442 301 2473 vestuta
325 2452 378 2479 pro
406 2442 538 2481 Corpore
559 2445 606 2474 suo
622 2467 631 2481 ,
656 2453 689 2474 ac
715 2443 839 2473 Duobus
862 2443 1052 2473 Familiaribus
1074 2442 1212 2480 praedicstis
1228 2464 1238 2480 ,

177 2480 271 2511 versus
291 2480 398 2511 dietam
419 2481 524 2512 Villam
544 2482 580 2512 de
601 2483 714 2512 Drouda
730 2506 738 2519 ,
765 2483 793 2512 in
816 2481 906 2512 Portu
928 2481 1083 2519 praedfflo,
1101 2480 1188 2510 libere
1204 2480 1237 2510 &

179 2519 283 2587 {lesque
302 2519 507 2557 impedimento
527 2522 638 2552 transire
652 2521 832 2559 permittatis,
850 2521 957 2551 ibidem
971 2521 999 2550 in
1015 2519 1119 2550 Forma
1134 2519 1238 2556 praedi-

212 2566 226 2586 a
242 2566 426 2587 moraturum.

217 2594 307 2626 Teste
321 2595 403 2636 Rege
418 2595 491 2634 apud
506 2595 780 2639 Wstmonasterium,
797 2597 853 2627 xiii.
870 2596 917 2627 die
925 2596 1004 2636 Julii.

919 2675 972 2704 Per
987 2671 1135 2712 confilium.

895 2751 936 2779 Et
949 2755 1011 2778 erat
1022 2750 1135 2778 Patcns.

185 2814 353 2855 Consimilia
366 2824 461 2855 Brevia
477 2825 581 2857 habent
593 2826 753 2863 subscripti,
771 2827 819 2870 qui
833 2824 905 2865 apud
923 2824 1002 2855 Loca
1017 2824 1165 2861 subscripta
1181 2823 1242 2853 sunt

220 2864 354 2893 moraturi
369 2886 380 2901 ,
406 2865 439 2895 ὃς
460 2865 489 2893 in
504 2864 646 2894 Portubus
660 2865 832 2902 subscriptis,
849 2874 917 2894 cum
932 2863 1055 2894 Summis
1067 2863 1242 2900 subscriptis,

219 2902 374 2939 transituri,
392 2902 442 2932 sub
454 2902 552 2933 eadem
568 2902 660 2941 Data,
681 2903 827 2940 videlicet,

215 2977 347 3008 Robertus
366 2978 508 3017 Bealknap
523 2978 656 3009 Chivaler
672 3002 681 3017 ,
704 2980 732 3008 in
747 2979 820 3009 dicta
842 2977 919 3008 Villa
942 2978 973 3007 de
989 2977 1103 3008 Drouda
1118 2977 1151 3008 &
1172 2975 1241 3006 insta

183 3017 372 3053 praecimstum
394 3017 498 3047 Trium
522 3016 682 3048 Leucarum
698 3018 771 3048 circa
791 3017 896 3047 dietam
906 3016 1009 3046 Villam
1024 3025 1194 3053 moraturus,
1211 3016 1241 3044 in

181 3055 271 3101 l'ortu
287 3055 425 3094 praedicto
444 3065 513 3086 curn
531 3056 725 3094 Quadraginta
745 3055 837 3086 Libris
860 3065 912 3094 pro
931 3054 1064 3094 Expensis
1079 3054 1129 3085 suis
1154 3063 1241 3085 trans-

182 3101 277 3125 iturus.

219 3172 334 3206 Rogerus
349 3169 478 3208 Fulthorp
492 3169 642 3208 Chivaler,
660 3171 688 3200 in
701 3173 827 3200 Civitate
840 3169 926 3208 Regis
942 3170 974 3199 de
982 3169 1109 3209 Dyvelyn
1122 3171 1155 3201 &
1171 3168 1243 3199 infra

181 3208 374 3238 Peucini-stum
392 3208 497 3237 Trium
512 3207 669 3238 Leucarum
683 3211 756 3239 circa
770 3209 881 3239 dictam
896 3208 1051 3239 Civitatem
1067 3218 1223 3238 moraturus
1233 3230 1243 3246 ,

182 3248 211 3291 in
227 3247 316 3277 Portu
331 3245 467 3284 praedicto
479 3255 546 3276 curn
561 3246 755 3285 Qadraginta
769 3247 861 3276 Libris
874 3256 925 3286 pro
939 3246 1073 3284 Expenfis
1089 3247 1140 3277 suis
1156 3255 1244 3277 trans-

185 3295 282 3316 HUI'US.

224 3360 386 3391 Willielmus
406 3358 502 3396 Burgh
527 3358 659 3389 Chivaler
672 3383 682 3398 ‚
704 3361 732 3390 in
753 3360 827 3388 dic‘i‘a
850 3363 977 3389 Civitate
992 3361 1025 3391 &
1038 3359 1107 3389 infra
1121 3360 1247 3392 Praecin-

188 3400 270 3430 Ctum
295 3399 426 3429 Duarum
450 3398 609 3428 Leucarum
628 3399 704 3428 circa
724 3397 830 3427 dictam
848 3397 1002 3428 Civitatem
1019 3408 1176 3428 moraturus
1188 3422 1198 3437 ,
1216 3401 1246 3429 in

187 3437 279 3468 Portu
291 3437 428 3475 praedicto
448 3446 517 3467 cum
532 3435 722 3475 Quadraginta
737 3435 848 3466 Marcis
871 3446 924 3474 pro
939 3435 1071 3474 Expenfis
1086 3436 1136 3466 suis
1152 3438 1247 3468 transi-

190 3486 276 3508 turuS.

227 3551 372 3591 Johannes
384 3554 454 3591 Cary
468 3550 604 3582 Chivaler
639 3550 670 3581 in
687 3550 812 3582 Civitate
824 3550 913 3590 Regis
929 3550 966 3580 de
988 3549 1149 3589 Waterford
1157 3551 1190 3582 ὃ(
1206 3553 1248 3582 in-

188 3591 230 3622 fra
251 3590 444 3622 Praecindtum
458 3588 589 3619 Duarum
634 3598 765 3620 eucarum
787 3591 863 3620 circa
879 3589 996 3620 eandem
1012 3587 1168 3619 Civitatem
1183 3599 1249 3620 mo-

191 3639 313 3668 raturus,
331 3630 359 3658 in
374 3627 462 3658 Portu
477 3626 559 3657 Villae
579 3626 726 3660 Bristouiae
748 3638 815 3659 cum
832 3627 945 3665 Viginti
960 3627 1054 3658 Libris
1068 3636 1120 3665 pro
1134 3627 1250 3665 Expen-

191 3669 225 3700 fis
240 3669 292 3700 suis
307 3666 473 3699 transiturus.

227 3742 373 3782 Johannes
385 3741 511 3778 Lokton,
526 3741 555 3770 in
570 3739 695 3772 Civitate
708 3741 797 3781 Regis
811 3741 848 3772 de
865 3740 1023 3781 bVaterford
1039 3741 1072 3771 &
1088 3740 1158 3770 infra
1172 3739 1252 3771 Prae-

193 3781 322 3812 cinctum
345 3780 474 3811 Duarum
497 3780 657 3810 Leucarum
679 3781 755 3811 circa
775 3780 894 3810 eandem
909 3779 1062 3809 Civitatem
1078 3787 1252 3817 moraturus,

191 3829 261 3864 cum
268 3819 375 3859 Viginti
389 3819 483 3849 Libris
496 3827 550 3856 pro
558 3817 692 3857 Expensis
705 3818 756 3849 suis
769 3819 799 3849 in
814 3817 904 3850 Portu
913 3817 995 3850 Villae
1003 3816 1147 3849 Bristolliae
1161 3825 1251 3848 trans-

193 3867 290 3889 ιωηιε.

236 4078 310 4108 Tam
324 4076 382 4106 111.
403 4077 436 4106 Ρ.
455 4077 503 4106 JV.

1240 154 1722 196 PossLicA.
2251 168 2321 206 η-

1281 329 1299 344 ¹
1326 329 1373 359 De
1391 325 1532 368 Potestaze
1549 326 1715 359 variandi
1735 338 1802 358 cnm
1820 327 1905 358 Filiis
1926 328 2047 360 Domini
2066 325 2250 371 Insialarum.
2313 334 2332 352 ⁰
2348 336 2416 364 vn,

1246 411 1295 465 R
1312 410 1377 441 Ex
1405 410 1566 448 Omnibus,
1585 410 1618 441 ad
1635 422 1722 450 quos,
1740 413 1800 443 &c.
1822 411 1954 442 Salutem.
2312 381 2392 439 {491ss
2403 410 2445 440 D:

1341 449 1437 478 Sciatis
1453 450 1532 485 quod
1546 449 1629 485 Nos,
2336 447 2423 486 2388.

1278 485 1326 516 De
1341 487 1542 523 circumspecta
1558 487 1699 516 Fidelitate
1712 488 1744 517 ἃ
1760 487 1896 517 industria
1906 511 1914 524 ,
1931 487 2105 517 Venerabilis
2120 488 2221 525 Patris,
2242 485 2298 525 Jo-
2323 491 2376 514 Rlc.
2396 497 2422 515 2.

1241 521 1340 554 hannis
1358 525 1475 564 Episcopi
1497 524 1640 563 Sodorensts
1655 546 1666 562 ,
1691 525 1801 562 plenam
1817 529 1849 556 oc
1863 525 1977 556 solidam
1991 525 2139 556 Fiduciam
2153 535 2297 563 reportari·
2318 528 2370 551 An.
2389 530 2445 551 ¹2-‘

1243 571 1302 599 tes,
2321 567 2340 590 i<
2373 571 2399 589 2.
2486 596 2490 599 χ

1282 601 1325 631 Ad
1340 600 1535 631 TraCtandum
1552 610 1635 638 cum,
1654 599 1768 631 strenuo
1783 600 1854 631 Viro
1869 624 1879 639 ,
1904 601 2049 641 Godefrido
2070 601 2139 631 Filio
2152 601 2298 639 Johannis
2318 605 2388 628 scot.
2409 609 2451 628 12.

1242 639 1274 667 de
1288 639 1346 677 Yle,
1364 649 1451 676 nuper
1466 638 1589 668 Domini
1603 638 1754 668 Insularum
1770 648 1858 677 prope
1873 639 2017 677 Scotiam,
2035 650 2068 670 ac
2082 639 2132 670 sibi
2142 640 2299 669 Adhaeren-
2319 643 2340 666 R
2358 638 2452 666 2·m-6;

1243 678 1315 707 tibus
1329 680 1362 708 ὅτ.
1378 678 1523 714 Alligatis,
1541 677 1586 706 seu
1601 676 1636 707 ad
1652 677 1707 706 hoc
1724 687 1771 714 per
1786 678 1907 707 eundem
1921 678 2114 708 Godelridum
2131 677 2281 715 Deputatis
2290 701 2301 716 ‚

1244 714 1413 746 Mandatum
1428 714 1564 745 sufficiens
1578 715 1760 752 habentibus,
1774 714 1853 752 super
1867 716 2090 754 quibuscumque
2108 717 2184 755 Ligis
2194 739 2203 754 ,
2217 714 2302 745 Con-

1244 753 1491 791 foedemtionibus,
1508 755 1541 784 &
1556 753 1712 790 Amicitiis,
1730 754 1799 783 inter
1816 753 1897 791 Nos,
1917 753 2049 784 Subditos
2066 754 2178 785 nostros
2192 777 2202 792 ,
2221 754 2302 792 Reg-

1245 801 1280 820 na
1299 792 1332 821 ἃ
1354 791 1491 821 Dominia
1513 791 1608 821 nostra
1630 800 1818 828 quaecumque
1832 816 1841 827 ,
1865 801 1899 821 ex
1919 801 1992 830 una,
2012 793 2044 821 &
2061 793 2150 830 ipsum
2166 792 2305 823 Godefri-

1246 829 1317 897 {ilum
1330 852 1340 867 ,
1364 829 1497 860 Subdiros
1517 830 1578 859 suos
1592 852 1603 868 ,
1627 829 1748 859 Terram
1769 830 1802 860 &
1826 829 1964 860 Dominia
1984 830 2027 860 sua
2047 841 2251 870 quaecumque,
2270 839 2304 861 ex

1274 877 1331 897 tera
1344 877 1421 904 parte

1286 905 1378 935 Etiam
1401 890 1437 935 de}
1454 904 1552 935 Modo
1569 928 1578 943 ,
1595 905 1687 934 forma
1700 929 1709 942 ,
1734 906 1768 936 &
1783 907 1935 943 quantitate
1958 906 2080 941 Auxilii⁴¹
2098 906 2307 945 subventionis,

1249 944 1293 973 seu
1308 943 1449 982 Subsidii,
1467 943 1535 974 hinc
1549 943 1632 982 inde,
1648 952 1777 982 tempore
1791 944 1970 982 necessitatis,
1990 947 2091 975 mutuo
2108 945 2307 976 ministrando-

1250 991 1332 1019 rum,

1290 1019 1325 1049 Et
1340 1020 1375 1050 de
1388 1019 1705 1050 Communicationibus
1715 1042 1723 1057 ,
1742 1020 1812 1049 inter
1826 1019 1959 1050 Subditos
1975 1021 2138 1059 praediCtos,
2151 1021 2217 1052 hinc
2233 1021 2310 1060 inde,

1252 1058 1279 1086 in
1298 1058 1497 1088 Mercimoniis
1509 1060 1542 1089 &
1559 1059 1616 1088 aliis
1629 1058 1726 1095 licitis,
1743 1060 1839 1088 secure
1854 1058 2005 1097 faciendis,

1290 1095 1419 1127 Necnon
1442 1097 1522 1134 super
1544 1097 1678 1126 omnibus
1700 1097 1733 1126 ὃς
1749 1096 1858 1133 singulis
1873 1096 2022 1135 Articulis,
2040 1107 2305 1135 quantumcumque

1254 1133 1429 1171 specialibus,
1439 1145 1502 1172 quae
1518 1133 1908 1172 Ligas,Confoederationes‚
1926 1135 1970 1165 leu
1980 1136 2142 1174 Amicitias,
2159 1137 2231 1165 inter
2243 1135 2313 1166 Nos

1255 1175 1288 1203 &
1305 1174 1395 1210 ipsum
1410 1173 1603 1203 Godesridum
1620 1172 1784 1210 firmandas,
1800 1183 1973 1203 concernere
1988 1182 2118 1211 poterunt
2133 1176 2234 1212 quovis
2250 1183 2316 1203 mo-

1255 1211 1310 1280 ιὲ),
1329 1222 1397 1255 cum
1410 1221 1510 1242 eorum
1524 1209 1731 1249 IncidentibuS,
1750 1210 1965 1250 Emergentibus
1981 1235 1991 1250 ,
2009 1211 2256 1249 Dependentibus,
2279 1212 2314 1242 ὃς

1286 1259 1413 1280 onnexis.

1296 1287 1465 1325 Caeteraque
1477 1288 1573 1317 omnia
1587 1289 1620 1318 ὃς
1637 1287 1739 1326 singula
1754 1289 1871 1317 nomine
1886 1288 1986 1318 nostro
2001 1287 2190 1326 Faciendum,
2208 1287 2315 1318 Excer-

1259 1327 1402 1364 cendum,
1420 1327 1453 1356 &
1477 1325 1694 1363 Expediendum
1708 1350 1717 1363 ,
1743 1336 1807 1363 quae
1831 1328 1859 1356 in
1881 1326 1940 1357 hoc
1959 1326 2032 1357 Casu
2047 1327 2197 1356 neceffaria
2212 1326 2318 1358 fuerint

1259 1365 1304 1395 seu
1321 1364 1539 1402 quomodolibet
1550 1372 1691 1401 oportuna
1699 1386 1708 1401 ,

1300 1402 1334 1432 Et
1348 1403 1382 1433 ad
1397 1404 1465 1433 Nos
1478 1403 1511 1433 δε
1527 1401 1695 1434 Concilium
1710 1401 1841 1431 nostrum
1863 1401 1898 1432 de
1914 1403 2064 1433 Praemiffis
2078 1425 2088 1442 ,
2107 1412 2175 1434 cum
2192 1402 2229 1433 fic
2242 1403 2319 1434 Tra-

1262 1441 1335 1470 &ata
1350 1442 1452 1471 suerint
1462 1465 1471 1480 ,
1487 1441 1560 1470 clare
1576 1442 1609 1471 ὅτ
1624 1440 1745 1477 expresse
1759 1439 2001 1480 certificandum,

1300 1478 1345 1508 Ut
1368 1488 1436 1510 tunc
1451 1502 1460 1517 ,
1478 1479 1514 1508 de
1532 1478 1689 1515 hujusmodi
1703 1479 1837 1508 Tractatu
1853 1489 1901 1516 per
1915 1479 1989 1508 idem
2006 1479 2175 1509 Concilium
2189 1477 2322 1509 nostrum

1262 1517 1373 1555 plenius
1393 1519 1484 1548 avisati
1499 1541 1509 1555 ,
1536 1517 1628 1546 eidem
1648 1516 1769 1547 securius
1782 1517 1814 1546 &
1828 1518 1979 1548 consultui<
1994 1517 2183 1554 imposterum
2197 1527 2320 1547 annuere

1262 1556 1415 1593 valeamus,
1434 1565 1518 1593 prout
1533 1554 1568 1584 de
1577 1553 1804 1591 Deliberatione,
1823 1555 2062 1594 Avisamento,&
2071 1556 2187 1586 Afl'ensu
2201 1555 2323 1594 ejtisdem

1263 1593 1390 1624 Concilii
1403 1594 1491 1624 nostri
1505 1593 1568 1624 fore
1581 1592 1733 1622 viderimus
1748 1593 1906 1622 faciendum
1915 1616 1925 1631 ,
2221 1596 2223 1599 '

1292 1632 1419 1700 I{lenam
1434 1633 1553 1664 Tenore
1566 1629 1749 1661 Praesentium
1765 1629 1960 1662 Concedimus
1979 1632 2012 1663 ὃς
2028 1630 2246 1662 Committimus
2262 1629 2324 1663 Po-

1262 1681 1290 1703 te
1317 1681 1399 1701 atem.

1301 1709 1334 1739 In
1355 1711 1433 1748 cujus
1454 1709 1492 1738 rei
1515 1707 1732 1738 Testimonium
1752 1707 1800 1737 has
1822 1707 1927 1738 Literas
1948 1707 2055 1738 nostras
2074 1707 2204 1738 Parentes
2214 1707 2274 1739 fieri
2289 1708 2323 1739 δε

1265 1749 1313 1780 sub
1329 1748 1434 1785 Magni
1448 1747 1538 1784 Sigilli
1552 1745 1640 1776 nostri
1657 1745 1842 1775 Testimonio
1856 1746 1974 1776 fecimus
1989 1746 2160 1784 consignari.

1303 1786 1392 1817 Teste
1408 1786 1488 1825 Rege
1501 1784 1574 1822 apud
1590 1783 1865 1823 Wslmonasterium,
1884 1786 1940 1816 xiv.
1960 1784 2005 1814 die
2015 1785 2091 1822 Julii.

1999 1863 2052 1891 Per
2068 1860 2219 1892 Concilium.

1306 1939 1476 1971 Consimi'ies
1500 1938 1605 1969 Literae
1624 1937 1713 1977 Regis
1733 1936 1861 1968 Parentes
1884 1937 2043 1967 dii-icrunrur
2062 1938 2144 1966 eidem
2159 1935 2281 1976 Episcopo
2293 1937 2329 1968 ad

1269 1979 1467 2010 Tractandum
1488 1987 1556 2007 cum
1570 1999 1579 2014 ,
1605 1975 1729 2006 Strenuis
1745 1975 1834 2013 Vin-n,
1853 1963 1978 2005 Donal'do
1996 1976 2069 2005 Filio
2083 1975 2224 2013 Johannis
2239 1977 2270 2004 de
2287 1975 2331 2004 Yle

1270 2016 1496 2087 Ἐρετιέῥοιῃίηὶ
1512 2014 1663 2046 Insularum
1677 2014 1874 2052 praedittarum
1883 2037 1893 2052 ,
1909 2015 1941 2045 &
1954 2014 2086 2052 Johaune
2101 2014 2196 2045 Fratre
2207 2014 2332 2051 ejusdem

1306 2066 1359 2085 ona
1392 2065 1408 2084 1.

1311 2093 1400 2125 Teste
1414 2101 1443 2123 ut
1456 2092 1543 2130 supra.
2200 2110 2204 2114 ,

2007 2131 2059 2159 Per
2076 2128 2229 2159 Concilium.

1441 2257 1488 2289 De
1506 2267 1564 2287 non
1580 2253 1757 2300 tranftundo
1775 2253 1819 2287 ad
1838 2256 1966 2287 Curiam
1985 2257 2167 2287 Romanam,

1279 2345 1336 2399 R
1346 2343 1370 2374 E
1381 2341 1430 2380 X,
1447 2338 1592 2371 Willielmo
1605 2340 1636 2369 de
1652 2338 1818 2378 Prestewold
1832 2338 1971 2377 Magistro
1979 2339 2094 2369 Ordinis
2111 2338 2146 2369 de
2161 2337 2335 2378 Sempryng-
2352 2336 2428 2368 Ann.
2442 2336 2484 2367 D:

1355 2383 1437 2418 ham,
1459 2377 1606 2409 [Villielmo
1630 2378 1661 2407 de
1684 2377 1833 2407 Beverlaco
1852 2376 1944 2407 Priori
1966 2377 2001 2407 de
2019 2377 2149 2414 Maiton,
2167 2379 2290 2407 Hamom*
2304 2378 2336 2408 de
2373 2376 2457 2414 1388.

1277 2423 1374 2450 Sutton
1392 2419 1481 2449 Priori
1494 2416 1627 2447 Ecclefiae
1641 2415 1752 2446 Sanetae
1776 2416 1919 2446 Katerinae
1934 2424 2008 2445 exrra
2024 2415 2222 2453 Lincolniam,
2239 2417 2272 2447 ὃς
2286 2423 2339 2455 'J'o-
2353 2418 2403 2443 An.
2422 2424 2465 2442 12.

1277 2459 1363 2489 hanni
1383 2458 1414 2487 de
1429 2460 1537 2486 Barton
1552 2455 1644 2485 Priori
1662 2454 1698 2484 de
1713 2453 1857 2484 Chixham
1872 2477 1882 2493 ,
1898 2464 1930 2485 ac
1943 2454 2048 2484 Thomae
2063 2455 2094 2483 de
2108 2455 2195 2483 Hoom
2208 2453 2337 2486 Canoni-
2354 2457 2384 2480 R·
2403 2463 2429 2480 2-

1278 2508 1315 2529 co
1331 2495 1474 2527 Priorarfis
1488 2495 1525 2524 de
1536 2494 1658 2524 Watton
1667 2516 1676 2531 ,
1696 2493 1830 2523 Salutem.
2354 2490 2488 2526 Clanfiiz.

1317 2536 1394 2574 Quia
1406 2534 1441 2564 ad
1454 2532 1586 2563 nostrum
1602 2532 1656 2568 jam
1672 2532 1783 2561 noviter
1797 2531 1925 2569 pervenit
1939 2529 2113 2560 intellectum
2131 2530 2209 2569 quod
2225 2532 2338 2569 quidam
2357 2533 2384 2557 R.
2402 2539 2426 2557 2·
2440 2538 2476 2557 m-

1281 2574 1376 2604 Frater
1399 2571 1545 2610 Johannes
1569 2569 1684 2604 Whitby
1699 2591 1708 2606 ,
1733 2568 1896 2600 Canonicus
1916 2567 2032 2598 Ordinis
2047 2569 2192 2608 praedicti,
2210 2570 2239 2599 in
2253 2569 2342 2602 Curia
2358 2576 2406 2603 45·

1281 2612 1417 2643 Romana
1438 2609 1555 2640 existens
1572 2633 1581 2646 ,
1606 2609 1756 2645 implacitat
1779 2617 1832 2638 vos
1851 2609 1880 2636 in
1896 2607 1994 2636 eadem
2009 2605 2097 2637 Curia
2110 2607 2146 2638 de
2159 2608 2343 2648 quibusdam,

1281 2659 1403 2689 quorum
1425 2648 1566 2687 Cognitio
1586 2647 1620 2677 ad
1641 2646 1731 2686 Nos,
1758 2645 1908 2676 Coronam
1922 2668 1931 2682 ,
1957 2645 1991 2675 δε
2015 2644 2179 2684 dignitatem
2202 2646 2343 2687 nostram,

1280 2689 1432 2727 specialiter
1447 2687 1582 2725 pertinet,

1320 2726 1357 2757 Et
1377 2726 1456 2762 super
1477 2726 1535 2754 hoc
1556 2733 1608 2754 vos
1622 2746 1632 2762 ,
1658 2723 1692 2754 &
1713 2722 1868 2759 quemlibet
1892 2721 2041 2760 vestrum,
2057 2722 2092 2753 ad
2107 2721 2344 2762 Comparendum

1283 2765 1459 2804 personaliter
1475 2764 1504 2793 in
1519 2761 1608 2792 Curia
1622 2761 1757 2799 praedieta
1772 2761 1846 2791 citari
1862 2760 1945 2799 fecit,

1320 2803 1355 2833 Et
1379 2801 1544 2840 quamplura
1560 2800 1611 2830 alia
1624 2824 1634 2838 ,
1658 2799 1756 2830 Nobis
1777 2800 1811 2830 &
1833 2798 1945 2837 Populo
1966 2797 2065 2829 nostro
2087 2798 2285 2837 Praejudicialia
2309 2801 2343 2831 ὃς

1283 2841 1463 2878 Dampnosa‚
1482 2841 1515 2871 &
1529 2839 1663 2869 haetenus
1675 2837 1797 2868 inaudita
1812 2860 1821 2874 ‚
1845 2837 1951 2868 ibidem
1965 2837 2138 2879 prosequitur
2150 2839 2242 2868 minus
2257 2838 2343 2878 juste,

1283 2889 1380 2912 contra
1403 2878 1633 2909 Prohibitionem
1657 2876 1783 2906 nostram
1806 2875 1931 2913 Regiam
1944 2898 1955 2914 ,
1983 2875 2034 2905 libi
2047 2876 2076 2905 in
2091 2876 2144 2906 hac
2157 2885 2234 2914 parte
2246 2887 2343 2914 porre-

1283 2919 1359 2951 <stam

1321 2942 1436 2994 Vosque
1448 2963 1481 2985 ex
1496 2953 1577 2984 causa
1593 2951 1726 2989 praedicta
1740 2951 1831 2982 versus
1847 2951 1965 2982 Curiam
1980 2950 2146 2989 praedictam
2162 2974 2171 2989 ,
2190 2952 2282 2983 eidem
2298 2953 2347 2990 Io-

1284 2996 1368 3027 hanni
1383 2995 1460 3034 super
1475 2991 1620 3030 praemiffis
1635 2990 1787 3028 responsuri
1825 2990 1936 3020 traniire
1949 2991 2106 3028 proponitis
2118 2991 2146 3020 in
2163 2990 2249 3020 nostri
2264 2991 2347 3022 Con-

1284 3043 1425 3072 temptum
1440 3033 1473 3062 &
1488 3029 1686 3067 Praejudicium
1699 3053 1709 3067 ,
1735 3029 1767 3059 &
1801 3028 1911 3058 ‘oronae
1925 3028 2026 3058 nostrae
2041 3027 2278 3060 Exhaeredationis
2292 3031 2347 3061 Pe-

1284 3074 1406 3104 riculum
1428 3068 1608 3100 manifestum
1622 3091 1632 3106 ‚
1656 3078 1721 3106 quae
1744 3067 1878 3098 nolumus
1892 3076 1945 3097 nec
1960 3065 2096 3097 debemus
2110 3067 2261 3106 aliqualiter
2275 3069 2347 3100 tole-

1378 3160 1389 3179 s

1321 3149 1408 3218 ἕξω,
1419 3185 1538 3216 Malitiae
1550 3182 1666 3221 vestrae,
1684 3182 1771 3221 quarn
1785 3180 1915 3222 praedieti
1925 3181 2064 3221 Johannis
2078 3205 2088 3221 ,
2107 3180 2230 3213 resistere
2245 3182 2345 3215 volen-

1285 3235 1325 3258 tes
1339 3228 1366 3256 in
1381 3227 1433 3255 hac
1467 3232 1523 3253 arte

1324 3266 1343 3285 ³*
1364 3234 1465 3294 Vobisp
1474 3264 1506 3293 &c
1526 3247 1641 3291 Zuilibet
1661 3258 1789 3289 vestrum
1806 3281 1816 3297 ,
1839 3257 1888 3288 sub
1902 3258 2088 3289 Forisfaetura
2100 3258 2174 3289 Vitae
2190 3260 2224 3290 ὃς
2240 3256 2341 3291 Μεπὶ-
2357 3260 2372 3277 ⁴¹¹
2393 3263 2461 3290 VII:

1285 3304 1417 3339 brorum,
1434 3311 1466 3330 ac
1480 3300 1614 3330 oninium
1628 3298 1747 3328 aliorum
1764 3307 1829 3335 quae
1845 3297 1928 3326 nobis
1943 3297 2101 3327 forisfacere
2115 3298 2255 3335 poteritis,
2275 3309 2342 3336 pro-
2361 3309 2395 3336 59
2401 3310 2426 3338 3.

1286 3343 1415 3372 hibernus
1429 3342 1466 3370 ne
1483 3337 1572 3367 versus
1587 3336 1706 3366 Curiam
1723 3335 1904 3373 praedicfflmm,
1919 3334 1964 3365 seu
1981 3335 2082 3373 aliquas
2097 3336 2159 3365 alias
2173 3343 2274 3373 partes,
2296 3346 2346 3367 ex-

1289 3390 1329 3410 tra
1352 3379 1487 3417 Regnum
1507 3375 1637 3405 nostrum
1652 3374 1780 3413 Angliae,
1797 3383 1849 3404 vos
1864 3372 2019 3410 divertatis,
2039 3383 2092 3403 nec
2107 3374 2203 3411 aliquis
2218 3374 2347 3406 vestrum

1289 3418 1316 3448 se
1329 3417 1464 3453 divertat,
1485 3424 1538 3444 nec
1554 3414 1707 3451 quicquam
1722 3412 1828 3442 ibidem
1842 3412 1871 3440 in
1885 3411 1937 3440 hac
1953 3419 2028 3447 parte
2043 3411 2171 3450 prosequi
2186 3412 2232 3442 vel
2245 3421 2349 3444 attem-

1288 3457 1357 3494 ptari
1373 3455 1463 3485 facete
1478 3451 1645 3490 praesumatis
1655 3474 1665 3489 ,
1685 3450 1763 3489 quod
1779 3452 1808 3479 in
1824 3448 1911 3478 nostri
1924 3448 2135 3486 Contemptum
2152 3450 2196 3480 vel
2212 3449 2348 3489 Praejudi-

1289 3496 1368 3525 cium
1383 3516 1393 3531 ,
1416 3501 1462 3523 aut
1477 3490 1580 3527 Populi
1600 3489 1688 3519 nostri
1702 3488 1890 3525 Dampnum,
1906 3486 2005 3532 cedere
2019 3488 2123 3524 valeat,
2142 3498 2194 3518 nec
2207 3489 2346 3528 aliquem,

1289 3533 1337 3563 vel
1351 3532 1473 3569 aliquos,
1492 3528 1601 3558 ibidem
1614 3528 1726 3559 mittatis
1735 3551 1744 3566 ,
1757 3535 1791 3556 ex
1805 3526 1857 3556 hac
1875 3534 1956 3556 causa
1964 3547 1974 3563 ,
1992 3526 2092 3563 quovis
2107 3526 2216 3565 modo,
2231 3527 2281 3558 sub
2290 3528 2348 3558 Fo-

1290 3568 1433 3601 rissaCtura
1447 3566 1601 3603 antedicta,
1809 3603 1814 3608 ⁷

1327 3609 1452 3639 Scientes
1469 3604 1566 3643 quod,
1584 3604 1604 3634 si
1617 3603 1694 3634 secus
1710 3603 1845 3640 feceritis,
1862 3600 1897 3632 ad
1912 3610 1963 3631 vos
1980 3624 1989 3639 ‚
2014 3608 2147 3639 tanquam
2160 3601 2348 3641 Impugnato-

1293 3657 1335 3678 res
1346 3646 1458 3685 Jurium
1473 3642 1601 3674 Coronae
1614 3642 1718 3672 nostrae
1732 3641 1761 3671 R
1799 3642 1849 3679 iae,
1867 3641 1989 3677 graviter
2005 3641 2153 3678 capiemus.

1293 3719 1297 3722 ,
1329 3684 1416 3716 Teste
1433 3682 1514 3721 Rege
1527 3681 1600 3719 apud
1620 3650 1889 3720 Wstmonffi'erium,
1907 3676 2024 3710 decimo
2037 3678 2144 3710 ottavo
2157 3679 2203 3709 die
2214 3677 2293 3718 Julii.

1996 3758 2049 3785 Per
2065 3754 2219 3785 Concilium.

1999 3834 2040 3862 Et
2056 3838 2116 3862 erat
2132 3833 2241 3863 Patens.

1778 4069 1842 4101 D2
2311 4073 2356 4100 De
