<?xml version="1.0" encoding="UTF-8"?>
<!DOCTYPE html PUBLIC "-//W3C//DTD XHTML 1.0 Transitional//EN"
    "http://www.w3.org/TR/xhtml1/DTD/xhtml1-transitional.dtd">
<html xmlns="http://www.w3.org/1999/xhtml" xml:lang="en" lang="en">
 <head>
  <title>
</title>
<meta http-equiv="Content-Type" content="text/html;charset=utf-8" />
  <meta name='ocr-system' content='tesseract 3.04.00' />
  <meta name='ocr-capabilities' content='ocr_page ocr_carea ocr_par ocr_line ocrx_word'/>
</head>
<body>
  <div class='ocr_page' id='page_1' title='image "./fderaconventione03ryme_0222.png"; bbox 0 0 2561 4251; ppageno 0'>
   <div class='ocr_carea' id='block_1_1' title="bbox 161 141 239 181">
    <p class='ocr_par' dir='ltr' id='par_1_1' title="bbox 161 141 239 181">
     <span class='ocr_line' id='line_1_1' title="bbox 161 141 239 181; baseline -0.013 -9"><span class='ocrx_word' id='word_1_1' title='bbox 161 141 239 181; x_wconf 89' lang='lat'>172</span> 
     </span>
    </p>
   </div>
   <div class='ocr_carea' id='block_1_2' title="bbox 17 202 1243 705">
    <p class='ocr_par' dir='ltr' id='par_1_2' title="bbox 18 202 1238 252">
     <span class='ocr_line' id='line_1_2' title="bbox 18 202 1238 252; baseline -0.014 -4"><span class='ocrx_word' id='word_1_2' title='bbox 18 212 96 248; x_wconf 83' lang='lat' dir='ltr'>Ann.</span> <span class='ocrx_word' id='word_1_3' title='bbox 109 212 153 244; x_wconf 94' lang='lat' dir='ltr'>D.</span> <span class='ocrx_word' id='word_1_4' title='bbox 205 212 330 252; x_wconf 82' lang='lat' dir='ltr'>Ideoque</span> <span class='ocrx_word' id='word_1_5' title='bbox 356 211 546 244; x_wconf 83' lang='lat' dir='ltr'>Clementiam</span> <span class='ocrx_word' id='word_1_6' title='bbox 577 208 702 249; x_wconf 82' lang='lat' dir='ltr'>Regiam</span> <span class='ocrx_word' id='word_1_7' title='bbox 726 218 862 246; x_wconf 87' lang='lat' dir='ltr'>rogamus</span> <span class='ocrx_word' id='word_1_8' title='bbox 889 208 923 238; x_wconf 88' lang='lat'>&amp;</span> <span class='ocrx_word' id='word_1_9' title='bbox 947 206 1091 236; x_wconf 76' lang='lat' dir='ltr'>hortamur</span> <span class='ocrx_word' id='word_1_10' title='bbox 1117 202 1238 246; x_wconf 74' lang='lat' dir='ltr'>attente,</span> 
     </span>
    </p>

    <p class='ocr_par' dir='ltr' id='par_1_3' title="bbox 17 239 1241 628">
     <span class='ocr_line' id='line_1_3' title="bbox 45 239 1238 294; baseline -0.013 -10"><span class='ocrx_word' id='word_1_11' title='bbox 45 253 129 294; x_wconf 76' lang='lat'>1358.</span> <span class='ocrx_word' id='word_1_12' title='bbox 171 252 364 291; x_wconf 86' lang='lat' dir='ltr'>quatinus,ob</span> <span class='ocrx_word' id='word_1_13' title='bbox 382 251 411 280; x_wconf 87' lang='lat' dir='ltr'>R</span> <span class='ocrx_word' id='word_1_14' title='bbox 449 252 469 279; x_wconf 84' lang='lat' dir='ltr'>is</span> <span class='ocrx_word' id='word_1_15' title='bbox 482 249 596 286; x_wconf 84' lang='lat' dir='ltr'>aeterni,</span> <span class='ocrx_word' id='word_1_16' title='bbox 611 249 691 286; x_wconf 89' lang='lat' dir='ltr'>cujus</span> <span class='ocrx_word' id='word_1_17' title='bbox 710 247 787 277; x_wconf 92' lang='lat' dir='ltr'>idem</span> <span class='ocrx_word' id='word_1_18' title='bbox 805 246 964 284; x_wconf 86' lang='lat' dir='ltr'><strong>Episcopus</strong></span> <span class='ocrx_word' id='word_1_19' title='bbox 981 243 1116 273; x_wconf 89' lang='lat' dir='ltr'>Minister</span> <span class='ocrx_word' id='word_1_20' title='bbox 1130 239 1238 284; x_wconf 68' lang='lat' dir='ltr'>existit,</span> 
     </span>
     <span class='ocr_line' id='line_1_4' title="bbox 17 278 1238 329; baseline -0.011 -7"><span class='ocrx_word' id='word_1_21' title='bbox 17 294 86 322; x_wconf 76' lang='lat' dir='ltr'>Edv.</span> <span class='ocrx_word' id='word_1_22' title='bbox 106 301 134 329; x_wconf 88' lang='lat'>3.</span> <span class='ocrx_word' id='word_1_23' title='bbox 171 301 205 322; x_wconf 90' lang='lat' dir='ltr'>ac</span> <span class='ocrx_word' id='word_1_24' title='bbox 224 290 350 321; x_wconf 88' lang='lat' dir='ltr'>nostram</span> <span class='ocrx_word' id='word_1_25' title='bbox 369 291 401 321; x_wconf 89' lang='lat'>&amp;</span> <span class='ocrx_word' id='word_1_26' title='bbox 447 287 594 326; x_wconf 82' lang='lat' dir='ltr'>postolicae</span> <span class='ocrx_word' id='word_1_27' title='bbox 613 286 691 316; x_wconf 86' lang='lat' dir='ltr'>Sedis</span> <span class='ocrx_word' id='word_1_28' title='bbox 710 286 912 322; x_wconf 89' lang='lat' dir='ltr'>reverentiam,</span> <span class='ocrx_word' id='word_1_29' title='bbox 933 293 998 323; x_wconf 87' lang='lat' dir='ltr'>erga</span> <span class='ocrx_word' id='word_1_30' title='bbox 1014 281 1106 325; x_wconf 82' lang='lat' dir='ltr'>ipsum</span> <span class='ocrx_word' id='word_1_31' title='bbox 1122 278 1238 321; x_wconf 76' lang='lat' dir='ltr'>Episco-</span> 
     </span>
     <span class='ocr_line' id='line_1_5' title="bbox 171 317 1239 370; baseline -0.012 -11"><span class='ocrx_word' id='word_1_32' title='bbox 171 339 240 370; x_wconf 89' lang='lat' dir='ltr'>pum</span> <span class='ocrx_word' id='word_1_33' title='bbox 261 329 386 362; x_wconf 72' lang='lat' dir='ltr'>benigne</span> <span class='ocrx_word' id='word_1_34' title='bbox 404 334 573 358; x_wconf 87' lang='lat' dir='ltr'>convertens</span> <span class='ocrx_word' id='word_1_35' title='bbox 593 324 706 355; x_wconf 83' lang='lat' dir='ltr'>Oculos</span> <span class='ocrx_word' id='word_1_36' title='bbox 724 323 836 354; x_wconf 88' lang='lat' dir='ltr'>Pietatis</span> <span class='ocrx_word' id='word_1_37' title='bbox 851 346 861 361; x_wconf 86' lang='lat'>,</span> <span class='ocrx_word' id='word_1_38' title='bbox 886 332 945 352; x_wconf 93' lang='lat' dir='ltr'>non</span> <span class='ocrx_word' id='word_1_39' title='bbox 968 322 1074 360; x_wconf 86' lang='lat' dir='ltr'>patiaris</span> <span class='ocrx_word' id='word_1_40' title='bbox 1096 317 1239 360; x_wconf 36' lang='lat' dir='ltr'>eum,.d1-</span> 
     </span>
     <span class='ocr_line' id='line_1_6' title="bbox 173 358 1239 405; baseline -0.015 -6"><span class='ocrx_word' id='word_1_41' title='bbox 173 368 305 405; x_wconf 55' lang='lat' dir='ltr'>emique,</span> <span class='ocrx_word' id='word_1_42' title='bbox 324 366 480 396; x_wconf 82' lang='lat' dir='ltr'>Eccleiiam</span> <span class='ocrx_word' id='word_1_43' title='bbox 496 388 506 403; x_wconf 77' lang='lat'>‚</span> <span class='ocrx_word' id='word_1_44' title='bbox 529 363 659 393; x_wconf 89' lang='lat' dir='ltr'>Clericos</span> <span class='ocrx_word' id='word_1_45' title='bbox 673 385 684 400; x_wconf 91' lang='lat'>,</span> <span class='ocrx_word' id='word_1_46' title='bbox 715 364 750 394; x_wconf 90' lang='lat'>&amp;</span> <span class='ocrx_word' id='word_1_47' title='bbox 771 362 927 392; x_wconf 79' lang='lat' dir='ltr'>Servitores</span> <span class='ocrx_word' id='word_1_48' title='bbox 949 359 1031 398; x_wconf 88' lang='lat' dir='ltr'>suos,</span> <span class='ocrx_word' id='word_1_49' title='bbox 1059 358 1097 388; x_wconf 84' lang='lat' dir='ltr'>sic</span> <span class='ocrx_word' id='word_1_50' title='bbox 1111 364 1239 399; x_wconf 82' lang='lat' dir='ltr'>nequiter</span> 
     </span>
     <span class='ocr_line' id='line_1_7' title="bbox 173 393 1233 445; baseline -0.012 -10"><span class='ocrx_word' id='word_1_51' title='bbox 173 406 342 445; x_wconf 74' lang='lat' dir='ltr'>perturbari,</span> <span class='ocrx_word' id='word_1_52' title='bbox 355 403 400 434; x_wconf 91' lang='lat' dir='ltr'>sed</span> <span class='ocrx_word' id='word_1_53' title='bbox 415 404 493 442; x_wconf 75' lang='lat' dir='ltr'>ipsis,</span> <span class='ocrx_word' id='word_1_54' title='bbox 506 412 563 440; x_wconf 89' lang='lat' dir='ltr'>ope</span> <span class='ocrx_word' id='word_1_55' title='bbox 586 401 756 431; x_wconf 85' lang='lat' dir='ltr'>Provilionis</span> <span class='ocrx_word' id='word_1_56' title='bbox 777 409 851 438; x_wconf 80' lang='lat' dir='ltr'>tuae,</span> <span class='ocrx_word' id='word_1_57' title='bbox 871 400 932 430; x_wconf 74' lang='lat' dir='ltr'>tam</span> <span class='ocrx_word' id='word_1_58' title='bbox 947 399 993 437; x_wconf 80' lang='lat' dir='ltr'>pie</span> <span class='ocrx_word' id='word_1_59' title='bbox 1008 421 1019 437; x_wconf 88' lang='lat'>,</span> <span class='ocrx_word' id='word_1_60' title='bbox 1040 397 1126 434; x_wconf 72' lang='lat' dir='ltr'>quam</span> <span class='ocrx_word' id='word_1_61' title='bbox 1145 393 1233 432; x_wconf 75' lang='lat' dir='ltr'>juste,</span> 
     </span>
     <span class='ocr_line' id='line_1_8' title="bbox 173 435 1241 481; baseline -0.011 -6"><span class='ocrx_word' id='word_1_62' title='bbox 173 444 357 481; x_wconf 79' lang='lat' dir='ltr'>subveniens,</span> <span class='ocrx_word' id='word_1_63' title='bbox 375 442 472 472; x_wconf 87' lang='lat' dir='ltr'>Errata</span> <span class='ocrx_word' id='word_1_64' title='bbox 486 443 515 471; x_wconf 90' lang='lat' dir='ltr'>in</span> <span class='ocrx_word' id='word_1_65' title='bbox 530 450 577 470; x_wconf 90' lang='lat' dir='ltr'>eos</span> <span class='ocrx_word' id='word_1_66' title='bbox 591 439 660 469; x_wconf 88' lang='lat' dir='ltr'>velis</span> <span class='ocrx_word' id='word_1_67' title='bbox 678 438 817 469; x_wconf 73' lang='lat' dir='ltr'>salubriter</span> <span class='ocrx_word' id='word_1_68' title='bbox 837 438 1004 475; x_wconf 85' lang='lat' dir='ltr'>reformare,</span> <span class='ocrx_word' id='word_1_69' title='bbox 1019 435 1146 474; x_wconf 85' lang='lat' dir='ltr'>ipsosque</span> <span class='ocrx_word' id='word_1_70' title='bbox 1159 441 1241 462; x_wconf 86' lang='lat' dir='ltr'>man-</span> 
     </span>
     <span class='ocr_line' id='line_1_9' title="bbox 174 468 1241 547; baseline -0.012 -35"><span class='ocrx_word' id='word_1_71' title='bbox 174 482 239 513; x_wconf 89' lang='lat' dir='ltr'>dare</span> <span class='ocrx_word' id='word_1_72' title='bbox 256 491 289 511; x_wconf 90' lang='lat' dir='ltr'>ac</span> <span class='ocrx_word' id='word_1_73' title='bbox 307 481 400 512; x_wconf 90' lang='lat' dir='ltr'>facere</span> <span class='ocrx_word' id='word_1_74' title='bbox 418 481 470 511; x_wconf 88' lang='lat' dir='ltr'>suis</span> <span class='ocrx_word' id='word_1_75' title='bbox 481 479 597 547; x_wconf 54' lang='lat' dir='ltr'>guribus</span> <span class='ocrx_word' id='word_1_76' title='bbox 612 478 645 508; x_wconf 73' lang='grc' dir='ltr'>ὅ(</span> <span class='ocrx_word' id='word_1_77' title='bbox 664 477 760 508; x_wconf 64' lang='lat' dir='ltr'>debita</span> <span class='ocrx_word' id='word_1_78' title='bbox 779 477 921 507; x_wconf 81' lang='lat' dir='ltr'>Libertate</span> <span class='ocrx_word' id='word_1_79' title='bbox 935 474 1145 517; x_wconf 74' lang='lat' dir='ltr'>*gaudere3ita</span> <span class='ocrx_word' id='word_1_80' title='bbox 1161 468 1241 514; x_wconf 75' lang='lat' dir='ltr'>quod</span> 
     </span>
     <span class='ocr_line' id='line_1_10' title="bbox 173 513 1240 560; baseline -0.012 -9"><span class='ocrx_word' id='word_1_81' title='bbox 173 521 238 551; x_wconf 83' lang='lat' dir='ltr'>inde</span> <span class='ocrx_word' id='word_1_82' title='bbox 252 520 362 560; x_wconf 84' lang='lat' dir='ltr'>abipso</span> <span class='ocrx_word' id='word_1_83' title='bbox 381 519 464 556; x_wconf 85' lang='lat' dir='ltr'>Rege</span> <span class='ocrx_word' id='word_1_84' title='bbox 493 526 599 555; x_wconf 85' lang='lat' dir='ltr'>uperno</span> <span class='ocrx_word' id='word_1_85' title='bbox 624 517 777 553; x_wconf 85' lang='lat' dir='ltr'>praemium</span> <span class='ocrx_word' id='word_1_86' title='bbox 804 524 918 546; x_wconf 83' lang='lat' dir='ltr'>aeternae</span> <span class='ocrx_word' id='word_1_87' title='bbox 939 513 1147 555; x_wconf 81' lang='lat' dir='ltr'>Retributionrs</span> <span class='ocrx_word' id='word_1_88' title='bbox 1165 519 1240 554; x_wconf 76' lang='lat' dir='ltr'>accr-</span> 
     </span>
     <span class='ocr_line' id='line_1_11' title="bbox 174 548 1241 597; baseline -0.01 -8"><span class='ocrx_word' id='word_1_89' title='bbox 174 560 232 596; x_wconf 80' lang='lat' dir='ltr'>pias</span> <span class='ocrx_word' id='word_1_90' title='bbox 250 581 260 597; x_wconf 86' lang='lat'>,</span> <span class='ocrx_word' id='word_1_91' title='bbox 281 569 314 589; x_wconf 91' lang='lat' dir='ltr'>ac</span> <span class='ocrx_word' id='word_1_92' title='bbox 333 570 347 588; x_wconf 88' lang='lat' dir='ltr'>a</span> <span class='ocrx_word' id='word_1_93' title='bbox 367 558 448 588; x_wconf 85' lang='lat' dir='ltr'>nobis</span> <span class='ocrx_word' id='word_1_94' title='bbox 466 556 498 587; x_wconf 89' lang='lat'>&amp;</span> <span class='ocrx_word' id='word_1_95' title='bbox 517 555 590 586; x_wconf 88' lang='lat' dir='ltr'>Sede</span> <span class='ocrx_word' id='word_1_96' title='bbox 608 554 744 592; x_wconf 67' lang='lat' dir='ltr'>praedieta</span> <span class='ocrx_word' id='word_1_97' title='bbox 765 562 952 592; x_wconf 81' lang='lat' dir='ltr'>augmentum</span> <span class='ocrx_word' id='word_1_98' title='bbox 977 550 1186 583; x_wconf 71' lang='lat' dir='ltr'>Benedietioms</span> <span class='ocrx_word' id='word_1_99' title='bbox 1206 548 1241 580; x_wconf 90' lang='lat'>&amp;</span> 
     </span>
     <span class='ocr_line' id='line_1_12' title="bbox 174 595 489 628; baseline -0.013 -1"><span class='ocrx_word' id='word_1_100' title='bbox 174 597 284 627; x_wconf 68' lang='lat' dir='ltr'>Grati-x</span> <span class='ocrx_word' id='word_1_101' title='bbox 307 597 391 628; x_wconf 86' lang='lat' dir='ltr'>conse</span> <span class='ocrx_word' id='word_1_102' title='bbox 413 595 489 626; x_wconf 87' lang='lat' dir='ltr'>uaris.</span> 
     </span>
    </p>

    <p class='ocr_par' dir='ltr' id='par_1_4' title="bbox 174 625 1243 705">
     <span class='ocr_line' id='line_1_13' title="bbox 213 625 1243 675; baseline -0.009 -10"><span class='ocrx_word' id='word_1_103' title='bbox 213 635 281 666; x_wconf 86' lang='lat' dir='ltr'>Dat.</span> <span class='ocrx_word' id='word_1_104' title='bbox 298 634 371 675; x_wconf 89' lang='lat' dir='ltr'>apud</span> <span class='ocrx_word' id='word_1_105' title='bbox 415 634 492 664; x_wconf 83' lang='lat' dir='ltr'>illam</span> <span class='ocrx_word' id='word_1_106' title='bbox 504 632 630 662; x_wconf 87' lang='lat' dir='ltr'>Novam</span> <span class='ocrx_word' id='word_1_107' title='bbox 643 631 820 667; x_wconf 67' lang='lat' dir='ltr'>Aviriionen.</span> <span class='ocrx_word' id='word_1_108' title='bbox 834 630 936 662; x_wconf 89' lang='lat' dir='ltr'>Dioec.</span> <span class='ocrx_word' id='word_1_109' title='bbox 945 628 1009 661; x_wconf 86' lang='lat' dir='ltr'>Kal.</span> <span class='ocrx_word' id='word_1_110' title='bbox 1018 625 1243 666; x_wconf 85' lang='lat' dir='ltr'>Augusti,Pon-</span> 
     </span>
     <span class='ocr_line' id='line_1_14' title="bbox 174 670 608 705; baseline -0.009 0"><span class='ocrx_word' id='word_1_111' title='bbox 174 673 293 705; x_wconf 74' lang='lat' dir='ltr'>tificatus</span> <span class='ocrx_word' id='word_1_112' title='bbox 307 673 395 705; x_wconf 86' lang='lat' dir='ltr'>nostri</span> <span class='ocrx_word' id='word_1_113' title='bbox 411 672 498 703; x_wconf 83' lang='lat' dir='ltr'>Anno</span> <span class='ocrx_word' id='word_1_114' title='bbox 513 670 608 702; x_wconf 73' lang='lat' dir='ltr'>Sexto.</span> 
     </span>
    </p>
   </div>
   <div class='ocr_carea' id='block_1_3' title="bbox 35 491 120 563">
    <p class='ocr_par' dir='ltr' id='par_1_5' title="bbox 35 491 120 563">
     <span class='ocr_line' id='line_1_15' title="bbox 35 491 120 522; baseline 0 0"><span class='ocrx_word' id='word_1_115' title='bbox 35 491 58 514; x_wconf 75' lang='lat'>&#39;¹¹</span> <span class='ocrx_word' id='word_1_116' title='bbox 68 494 120 522; x_wconf 90' lang='lat' dir='ltr'>VI.</span> 
     </span>
     <span class='ocr_line' id='line_1_16' title="bbox 43 540 107 563; baseline -0.016 -2"><span class='ocrx_word' id='word_1_117' title='bbox 43 540 107 563; x_wconf 78' lang='lat'><em>100.</em></span> 
     </span>
    </p>
   </div>
   <div class='ocr_carea' id='block_1_4' title="bbox 333 743 1208 819">
    <p class='ocr_par' dir='ltr' id='par_1_6' title="bbox 333 743 1208 819">
     <span class='ocr_line' id='line_1_17' title="bbox 984 743 1208 776; baseline -0.018 0"><span class='ocrx_word' id='word_1_118' title='bbox 984 743 1208 776; x_wconf 65' lang='lat' dir='ltr'>Bartholomaeus.</span> 
     </span>
     <span class='ocr_line' id='line_1_18' title="bbox 333 786 517 819; baseline -0.011 0"><span class='ocrx_word' id='word_1_119' title='bbox 333 791 371 819; x_wconf 90' lang='lat' dir='ltr'>L.</span> <span class='ocrx_word' id='word_1_120' title='bbox 386 788 419 818; x_wconf 85' lang='lat' dir='ltr'>de</span> <span class='ocrx_word' id='word_1_121' title='bbox 433 786 517 819; x_wconf 83' lang='lat' dir='ltr'>Valle.</span> 
     </span>
    </p>
   </div>
   <div class='ocr_carea' id='block_1_5' title="bbox 206 907 1207 993">
    <p class='ocr_par' dir='ltr' id='par_1_7' title="bbox 206 907 1207 993">
     <span class='ocr_line' id='line_1_19' title="bbox 206 907 1207 961; baseline -0.01 -13"><span class='ocrx_word' id='word_1_122' title='bbox 206 917 267 950; x_wconf 86' lang='lat' dir='ltr'>Pro</span> <span class='ocrx_word' id='word_1_123' title='bbox 283 912 443 961; x_wconf 84' lang='lat' dir='ltr'>Johanne,</span> <span class='ocrx_word' id='word_1_124' title='bbox 465 915 664 960; x_wconf 80' lang='lat' dir='ltr'>Primogenito</span> <span class='ocrx_word' id='word_1_125' title='bbox 684 910 843 956; x_wconf 75' lang='lat' dir='ltr'>Senefialli</span> <span class='ocrx_word' id='word_1_126' title='bbox 858 911 976 950; x_wconf 58' lang='lat' dir='ltr'>Scotino,</span> <span class='ocrx_word' id='word_1_127' title='bbox 1005 911 1037 941; x_wconf 86' lang='lat' dir='ltr'>in</span> <span class='ocrx_word' id='word_1_128' title='bbox 1056 907 1207 955; x_wconf 87' lang='lat' dir='ltr'>Angliam</span> 
     </span>
     <span class='ocr_line' id='line_1_20' title="bbox 645 970 789 993; baseline -0.014 0"><span class='ocrx_word' id='word_1_129' title='bbox 645 970 789 993; x_wconf 82' lang='lat' dir='ltr'>vemente.</span> 
     </span>
    </p>
   </div>
   <div class='ocr_carea' id='block_1_6' title="bbox 25 1053 158 1087">
    <p class='ocr_par' dir='ltr' id='par_1_8' title="bbox 25 1053 158 1087">
     <span class='ocr_line' id='line_1_21' title="bbox 25 1053 158 1087; baseline -0.023 0"><span class='ocrx_word' id='word_1_130' title='bbox 25 1053 102 1087; x_wconf 85' lang='lat' dir='ltr'>Ann.</span> <span class='ocrx_word' id='word_1_131' title='bbox 115 1053 158 1085; x_wconf 86' lang='lat' dir='ltr'>D.</span> 
     </span>
    </p>
   </div>
   <div class='ocr_carea' id='block_1_7' title="bbox 25 1094 142 1170">
    <p class='ocr_par' dir='ltr' id='par_1_9' title="bbox 25 1094 142 1170">
     <span class='ocr_line' id='line_1_22' title="bbox 46 1094 132 1134; baseline -0.023 -9"><span class='ocrx_word' id='word_1_132' title='bbox 46 1094 132 1134; x_wconf 80' lang='lat'>1358.</span> 
     </span>
     <span class='ocr_line' id='line_1_23' title="bbox 25 1138 142 1170; baseline -0.026 -7"><span class='ocrx_word' id='word_1_133' title='bbox 25 1138 79 1163; x_wconf 79' lang='lat' dir='ltr'>An.</span> <span class='ocrx_word' id='word_1_134' title='bbox 98 1143 142 1170; x_wconf 82' lang='lat'>32.</span> 
     </span>
    </p>
   </div>
   <div class='ocr_carea' id='block_1_8' title="bbox 26 1046 1252 1475">
    <p class='ocr_par' dir='ltr' id='par_1_10' title="bbox 178 1046 559 1102">
     <span class='ocr_line' id='line_1_24' title="bbox 178 1046 559 1102; baseline -0.008 -22"><span class='ocrx_word' id='word_1_135' title='bbox 178 1046 327 1102; x_wconf 80' lang='lat' dir='ltr'>REX,</span> <span class='ocrx_word' id='word_1_136' title='bbox 345 1050 406 1081; x_wconf 88' lang='lat' dir='ltr'>&amp;c.</span> <span class='ocrx_word' id='word_1_137' title='bbox 426 1047 559 1078; x_wconf 81' lang='lat' dir='ltr'>Salutem.</span> 
     </span>
    </p>

    <p class='ocr_par' dir='ltr' id='par_1_11' title="bbox 26 1077 1252 1317">
     <span class='ocr_line' id='line_1_25' title="bbox 273 1077 1249 1125; baseline -0.011 -7"><span class='ocrx_word' id='word_1_138' title='bbox 273 1087 370 1118; x_wconf 81' lang='lat' dir='ltr'>Sciatis</span> <span class='ocrx_word' id='word_1_139' title='bbox 393 1086 472 1125; x_wconf 84' lang='lat' dir='ltr'>quod</span> <span class='ocrx_word' id='word_1_140' title='bbox 502 1085 668 1124; x_wconf 85' lang='lat' dir='ltr'>suscepimus</span> <span class='ocrx_word' id='word_1_141' title='bbox 693 1085 722 1114; x_wconf 90' lang='lat' dir='ltr'>in</span> <span class='ocrx_word' id='word_1_142' title='bbox 744 1083 962 1114; x_wconf 69' lang='lat' dir='ltr'>Proteffionem</span> <span class='ocrx_word' id='word_1_143' title='bbox 987 1082 1021 1114; x_wconf 90' lang='lat'>&amp;</span> <span class='ocrx_word' id='word_1_144' title='bbox 1042 1077 1249 1111; x_wconf 84' lang='lat' dir='ltr'>Defenfionem</span> 
     </span>
     <span class='ocr_line' id='line_1_26' title="bbox 179 1116 1250 1163; baseline -0.01 -6"><span class='ocrx_word' id='word_1_145' title='bbox 179 1126 324 1163; x_wconf 85' lang='lat' dir='ltr'>nostram,</span> <span class='ocrx_word' id='word_1_146' title='bbox 339 1135 455 1156; x_wconf 87' lang='lat' dir='ltr'>necnon</span> <span class='ocrx_word' id='word_1_147' title='bbox 471 1125 500 1154; x_wconf 88' lang='lat' dir='ltr'>in</span> <span class='ocrx_word' id='word_1_148' title='bbox 514 1124 620 1155; x_wconf 85' lang='lat' dir='ltr'>salvum</span> <span class='ocrx_word' id='word_1_149' title='bbox 636 1125 669 1155; x_wconf 88' lang='lat'>&amp;</span> <span class='ocrx_word' id='word_1_150' title='bbox 685 1123 812 1153; x_wconf 78' lang='lat' dir='ltr'>seeurum</span> <span class='ocrx_word' id='word_1_151' title='bbox 827 1121 1017 1153; x_wconf 70' lang='lat' dir='ltr'>Conduetum</span> <span class='ocrx_word' id='word_1_152' title='bbox 1033 1118 1162 1149; x_wconf 91' lang='lat' dir='ltr'>nostrum</span> <span class='ocrx_word' id='word_1_153' title='bbox 1172 1140 1181 1156; x_wconf 88' lang='lat'>,</span> <span class='ocrx_word' id='word_1_154' title='bbox 1191 1116 1207 1156; x_wconf 92' lang='lat' dir='ltr'><strong>J</strong></span> <span class='ocrx_word' id='word_1_155' title='bbox 1217 1127 1250 1146; x_wconf 91' lang='lat' dir='ltr'>o-</span> 
     </span>
     <span class='ocr_line' id='line_1_27' title="bbox 179 1158 1252 1200; baseline -0.01 -3"><span class='ocrx_word' id='word_1_156' title='bbox 179 1172 367 1197; x_wconf 75' lang='lat' dir='ltr'>HANNEM</span> <span class='ocrx_word' id='word_1_157' title='bbox 393 1164 758 1200; x_wconf 63' lang='lat' dir='ltr'>PniixioGr-znrruiu</span> <span class='ocrx_word' id='word_1_158' title='bbox 784 1160 985 1191; x_wconf 63' lang='lat' dir='ltr'>Romam</span> <span class='ocrx_word' id='word_1_159' title='bbox 1015 1158 1252 1197; x_wconf 55' lang='lat' dir='ltr'>Sani-:smit-</span> 
     </span>
     <span class='ocr_line' id='line_1_28' title="bbox 26 1197 1250 1247; baseline -0.011 -9"><span class='ocrx_word' id='word_1_160' title='bbox 26 1216 94 1239; x_wconf 77' lang='lat' dir='ltr'><em>Scot.</em></span> <span class='ocrx_word' id='word_1_161' title='bbox 112 1220 157 1247; x_wconf 82' lang='lat'>32.</span> <span class='ocrx_word' id='word_1_162' title='bbox 180 1212 201 1234; x_wconf 89' lang='lat' dir='ltr'>L</span> <span class='ocrx_word' id='word_1_163' title='bbox 212 1212 223 1233; x_wconf 90' lang='lat'>1</span> <span class='ocrx_word' id='word_1_164' title='bbox 251 1203 355 1233; x_wconf 77' lang='lat' dir='ltr'>Sco-r</span> <span class='ocrx_word' id='word_1_165' title='bbox 366 1212 378 1233; x_wconf 92' lang='lat'>1</span> <span class='ocrx_word' id='word_1_166' title='bbox 390 1212 440 1241; x_wconf 61' lang='grc' dir='ltr'>Αἱ,</span> <span class='ocrx_word' id='word_1_167' title='bbox 456 1201 599 1232; x_wconf 88' lang='lat' dir='ltr'>veniendo</span> <span class='ocrx_word' id='word_1_168' title='bbox 622 1202 651 1231; x_wconf 92' lang='lat' dir='ltr'>in</span> <span class='ocrx_word' id='word_1_169' title='bbox 673 1200 812 1237; x_wconf 86' lang='lat' dir='ltr'>Regnum</span> <span class='ocrx_word' id='word_1_170' title='bbox 827 1199 956 1230; x_wconf 90' lang='lat' dir='ltr'>nostrum</span> <span class='ocrx_word' id='word_1_171' title='bbox 970 1197 1102 1234; x_wconf 72' lang='lat' dir='ltr'>Angli-ae,</span> <span class='ocrx_word' id='word_1_172' title='bbox 1123 1205 1191 1226; x_wconf 90' lang='lat' dir='ltr'>curn</span> <span class='ocrx_word' id='word_1_173' title='bbox 1206 1197 1250 1224; x_wconf 78' lang='lat' dir='ltr'>lex</span> 
     </span>
     <span class='ocr_line' id='line_1_29' title="bbox 27 1233 1250 1286; baseline -0.011 -9"><span class='ocrx_word' id='word_1_174' title='bbox 27 1253 58 1277; x_wconf 79' lang='grc' dir='ltr'>Ε.</span> <span class='ocrx_word' id='word_1_175' title='bbox 70 1258 141 1286; x_wconf 85' lang='lat' dir='ltr'>3.m.</span> <span class='ocrx_word' id='word_1_176' title='bbox 180 1242 328 1282; x_wconf 84' lang='lat' dir='ltr'>Equitibus</span> <span class='ocrx_word' id='word_1_177' title='bbox 345 1240 381 1272; x_wconf 91' lang='lat' dir='ltr'>de</span> <span class='ocrx_word' id='word_1_178' title='bbox 403 1241 549 1272; x_wconf 74' lang='lat' dir='ltr'>Comitiva</span> <span class='ocrx_word' id='word_1_179' title='bbox 565 1239 628 1277; x_wconf 71' lang='lat' dir='ltr'>lira,</span> <span class='ocrx_word' id='word_1_180' title='bbox 652 1239 780 1276; x_wconf 81' lang='lat' dir='ltr'>ibidem,</span> <span class='ocrx_word' id='word_1_181' title='bbox 797 1237 847 1268; x_wconf 91' lang='lat' dir='ltr'>ubi</span> <span class='ocrx_word' id='word_1_182' title='bbox 865 1238 965 1268; x_wconf 75' lang='lat' dir='ltr'>melius</span> <span class='ocrx_word' id='word_1_183' title='bbox 984 1234 1114 1274; x_wconf 82' lang='lat' dir='ltr'>expedire</span> <span class='ocrx_word' id='word_1_184' title='bbox 1129 1233 1250 1270; x_wconf 78' lang='lat' dir='ltr'>viderit,</span> 
     </span>
     <span class='ocr_line' id='line_1_30' title="bbox 27 1275 958 1317; baseline -0.005 -6"><span class='ocrx_word' id='word_1_185' title='bbox 27 1289 56 1315; x_wconf 81' lang='lat'>6,</span> <span class='ocrx_word' id='word_1_186' title='bbox 181 1279 340 1317; x_wconf 83' lang='lat' dir='ltr'>morando,</span> <span class='ocrx_word' id='word_1_187' title='bbox 357 1280 390 1310; x_wconf 72' lang='grc' dir='ltr'>ὅτ</span> <span class='ocrx_word' id='word_1_188' title='bbox 405 1279 507 1310; x_wconf 79' lang='lat' dir='ltr'>exinde</span> <span class='ocrx_word' id='word_1_189' title='bbox 522 1278 556 1308; x_wconf 83' lang='lat' dir='ltr'>ad</span> <span class='ocrx_word' id='word_1_190' title='bbox 573 1287 660 1315; x_wconf 80' lang='lat' dir='ltr'>partes</span> <span class='ocrx_word' id='word_1_191' title='bbox 674 1277 781 1308; x_wconf 82' lang='lat' dir='ltr'>Scotiae</span> <span class='ocrx_word' id='word_1_192' title='bbox 799 1275 958 1314; x_wconf 74' lang='lat' dir='ltr'>redeundo,</span> 
     </span>
    </p>

    <p class='ocr_par' dir='ltr' id='par_1_12' title="bbox 182 1310 1252 1475">
     <span class='ocr_line' id='line_1_31' title="bbox 217 1310 1252 1355; baseline -0.008 -7"><span class='ocrx_word' id='word_1_193' title='bbox 217 1318 255 1349; x_wconf 88' lang='lat' dir='ltr'>Et</span> <span class='ocrx_word' id='word_1_194' title='bbox 271 1317 338 1349; x_wconf 78' lang='lat' dir='ltr'>ideo</span> <span class='ocrx_word' id='word_1_195' title='bbox 357 1319 439 1349; x_wconf 81' lang='lat' dir='ltr'>vobis</span> <span class='ocrx_word' id='word_1_196' title='bbox 456 1317 623 1348; x_wconf 83' lang='lat' dir='ltr'>mandamus</span> <span class='ocrx_word' id='word_1_197' title='bbox 629 1314 708 1355; x_wconf 81' lang='lat' dir='ltr'>,&amp;c.</span> <span class='ocrx_word' id='word_1_198' title='bbox 726 1322 806 1354; x_wconf 78' lang='lat' dir='ltr'>prout</span> <span class='ocrx_word' id='word_1_199' title='bbox 823 1318 854 1344; x_wconf 75' lang='lat' dir='ltr'>in</span> <span class='ocrx_word' id='word_1_200' title='bbox 874 1317 976 1345; x_wconf 75' lang='lat' dir='ltr'>caeteris</span> <span class='ocrx_word' id='word_1_201' title='bbox 991 1314 1021 1342; x_wconf 71' lang='lat' dir='ltr'>cle</span> <span class='ocrx_word' id='word_1_202' title='bbox 1048 1310 1183 1342; x_wconf 65' lang='lat' dir='ltr'>eandum</span> <span class='ocrx_word' id='word_1_203' title='bbox 1199 1312 1252 1340; x_wconf 87' lang='lat' dir='ltr'>Li-</span> 
     </span>
     <span class='ocr_line' id='line_1_32' title="bbox 182 1361 258 1388; baseline -0.039 0"><span class='ocrx_word' id='word_1_204' title='bbox 182 1361 258 1388; x_wconf 81' lang='lat' dir='ltr'>teris.</span> 
     </span>
     <span class='ocr_line' id='line_1_33' title="bbox 219 1391 934 1434; baseline -0.007 -8"><span class='ocrx_word' id='word_1_205' title='bbox 219 1395 253 1426; x_wconf 82' lang='lat' dir='ltr'>In</span> <span class='ocrx_word' id='word_1_206' title='bbox 272 1396 372 1434; x_wconf 88' lang='lat' dir='ltr'>cujus,</span> <span class='ocrx_word' id='word_1_207' title='bbox 389 1395 451 1426; x_wconf 86' lang='lat' dir='ltr'>&amp;c.</span> <span class='ocrx_word' id='word_1_208' title='bbox 470 1404 520 1432; x_wconf 87' lang='lat' dir='ltr'>per</span> <span class='ocrx_word' id='word_1_209' title='bbox 536 1403 627 1424; x_wconf 90' lang='lat' dir='ltr'>unum</span> <span class='ocrx_word' id='word_1_210' title='bbox 645 1392 766 1423; x_wconf 86' lang='lat' dir='ltr'>Annum</span> <span class='ocrx_word' id='word_1_211' title='bbox 782 1391 934 1423; x_wconf 80' lang='lat' dir='ltr'>duraturas.</span> 
     </span>
     <span class='ocr_line' id='line_1_34' title="bbox 254 1427 1056 1475; baseline -0.009 -10"><span class='ocrx_word' id='word_1_212' title='bbox 254 1433 322 1465; x_wconf 87' lang='lat' dir='ltr'>Dat.</span> <span class='ocrx_word' id='word_1_213' title='bbox 338 1434 411 1475; x_wconf 86' lang='lat' dir='ltr'>apud</span> <span class='ocrx_word' id='word_1_214' title='bbox 427 1431 734 1470; x_wconf 83' lang='lat' dir='ltr'>Westmonasterium,</span> <span class='ocrx_word' id='word_1_215' title='bbox 752 1431 837 1462; x_wconf 85' lang='lat' dir='ltr'>tertio</span> <span class='ocrx_word' id='word_1_216' title='bbox 859 1431 905 1461; x_wconf 92' lang='lat' dir='ltr'>die</span> <span class='ocrx_word' id='word_1_217' title='bbox 923 1427 1056 1468; x_wconf 84' lang='lat' dir='ltr'>Augusti.</span> 
     </span>
    </p>
   </div>
   <div class='ocr_carea' id='block_1_9' title="bbox 871 1505 1148 1547">
    <p class='ocr_par' dir='ltr' id='par_1_13' title="bbox 871 1505 1148 1547">
     <span class='ocr_line' id='line_1_35' title="bbox 871 1505 1148 1547; baseline -0.018 -9"><span class='ocrx_word' id='word_1_218' title='bbox 871 1510 925 1538; x_wconf 78' lang='lat' dir='ltr'>Per</span> <span class='ocrx_word' id='word_1_219' title='bbox 942 1505 1026 1547; x_wconf 85' lang='lat' dir='ltr'>ipsum</span> <span class='ocrx_word' id='word_1_220' title='bbox 1042 1507 1148 1542; x_wconf 80' lang='lat' dir='ltr'>Regem.</span> 
     </span>
    </p>
   </div>
   <div class='ocr_carea' id='block_1_10' title="bbox 206 1578 1245 1596">
    <p class='ocr_par' dir='ltr' id='par_1_14' title="bbox 206 1578 1245 1596">
     <span class='ocr_line' id='line_1_36' title="bbox 206 1578 1245 1596; baseline 0 2655"><span class='ocrx_word' id='word_1_221' title='bbox 206 1578 1245 1596; x_wconf 95' lang='lat' dir='ltr'> </span> 
     </span>
    </p>
   </div>
   <div class='ocr_carea' id='block_1_11' title="bbox 302 1629 1126 1678">
    <p class='ocr_par' dir='ltr' id='par_1_15' title="bbox 302 1629 1126 1678">
     <span class='ocr_line' id='line_1_37' title="bbox 302 1629 1126 1678; baseline -0.011 -8"><span class='ocrx_word' id='word_1_222' title='bbox 302 1640 351 1671; x_wconf 87' lang='lat' dir='ltr'>De</span> <span class='ocrx_word' id='word_1_223' title='bbox 369 1637 527 1669; x_wconf 79' lang='lat' dir='ltr'>Britanniae</span> <span class='ocrx_word' id='word_1_224' title='bbox 547 1632 685 1675; x_wconf 72' lang='lat' dir='ltr'>Custodia</span> <span class='ocrx_word' id='word_1_225' title='bbox 702 1637 734 1666; x_wconf 80' lang='lat' dir='ltr'>in</span> <span class='ocrx_word' id='word_1_226' title='bbox 753 1635 862 1667; x_wconf 62' lang='lat' dir='ltr'>lisama</span> <span class='ocrx_word' id='word_1_227' title='bbox 887 1635 973 1678; x_wconf 82' lang='lat' dir='ltr'>Regis</span> <span class='ocrx_word' id='word_1_228' title='bbox 990 1629 1126 1663; x_wconf 74' lang='lat' dir='ltr'>tenenda.</span> 
     </span>
    </p>
   </div>
   <div class='ocr_carea' id='block_1_12' title="bbox 34 1722 165 1838">
    <p class='ocr_par' dir='ltr' id='par_1_16' title="bbox 34 1722 165 1838">
     <span class='ocr_line' id='line_1_38' title="bbox 34 1722 165 1755; baseline -0.015 0"><span class='ocrx_word' id='word_1_229' title='bbox 34 1724 111 1755; x_wconf 87' lang='lat' dir='ltr'>Ann.</span> <span class='ocrx_word' id='word_1_230' title='bbox 124 1722 165 1753; x_wconf 94' lang='lat' dir='ltr'>D.</span> 
     </span>
     <span class='ocr_line' id='line_1_39' title="bbox 64 1763 149 1802; baseline -0.024 -9"><span class='ocrx_word' id='word_1_231' title='bbox 64 1763 149 1802; x_wconf 82' lang='lat'>1358.</span> 
     </span>
     <span class='ocr_line' id='line_1_40' title="bbox 36 1806 151 1838; baseline -0.035 -7"><span class='ocrx_word' id='word_1_232' title='bbox 36 1806 89 1831; x_wconf 70' lang='lat' dir='ltr'>Aa.</span> <span class='ocrx_word' id='word_1_233' title='bbox 107 1811 151 1838; x_wconf 82' lang='lat'>32.</span> 
     </span>
    </p>
   </div>
   <div class='ocr_carea' id='block_1_13' title="bbox 190 1715 1284 3533">
    <p class='ocr_par' dir='ltr' id='par_1_17' title="bbox 190 1715 1260 1837">
     <span class='ocr_line' id='line_1_41' title="bbox 190 1715 1259 1778; baseline -0.01 -24"><span class='ocrx_word' id='word_1_234' title='bbox 190 1721 282 1778; x_wconf 76' lang='lat' dir='ltr'>RE</span> <span class='ocrx_word' id='word_1_235' title='bbox 292 1721 323 1753; x_wconf 91' lang='lat' dir='ltr'>X</span> <span class='ocrx_word' id='word_1_236' title='bbox 333 1745 344 1759; x_wconf 88' lang='lat'>,</span> <span class='ocrx_word' id='word_1_237' title='bbox 373 1720 495 1752; x_wconf 65' lang='lat' dir='ltr'>Dileeto</span> <span class='ocrx_word' id='word_1_238' title='bbox 510 1721 543 1752; x_wconf 63' lang='grc' dir='ltr'>ὃς</span> <span class='ocrx_word' id='word_1_239' title='bbox 565 1719 641 1749; x_wconf 79' lang='lat' dir='ltr'>fideli</span> <span class='ocrx_word' id='word_1_240' title='bbox 662 1718 865 1758; x_wconf 73' lang='lat' dir='ltr'>su0,Th0mae</span> <span class='ocrx_word' id='word_1_241' title='bbox 880 1716 1066 1753; x_wconf 82' lang='lat' dir='ltr'>Donnedale,</span> <span class='ocrx_word' id='word_1_242' title='bbox 1085 1715 1202 1746; x_wconf 87' lang='lat' dir='ltr'>Locum</span> <span class='ocrx_word' id='word_1_243' title='bbox 1218 1723 1259 1744; x_wconf 90' lang='lat' dir='ltr'>te-</span> 
     </span>
     <span class='ocr_line' id='line_1_42' title="bbox 267 1753 1260 1798; baseline -0.009 -7"><span class='ocrx_word' id='word_1_244' title='bbox 267 1762 366 1798; x_wconf 85' lang='lat' dir='ltr'>nenti,</span> <span class='ocrx_word' id='word_1_245' title='bbox 379 1760 473 1790; x_wconf 77' lang='lat' dir='ltr'>dilecti</span> <span class='ocrx_word' id='word_1_246' title='bbox 496 1758 712 1795; x_wconf 85' lang='lat' dir='ltr'>Consanguinei</span> <span class='ocrx_word' id='word_1_247' title='bbox 733 1758 766 1787; x_wconf 64' lang='grc' dir='ltr'>ὃς</span> <span class='ocrx_word' id='word_1_248' title='bbox 788 1756 876 1786; x_wconf 83' lang='lat' dir='ltr'>fidelis</span> <span class='ocrx_word' id='word_1_249' title='bbox 896 1755 1002 1793; x_wconf 88' lang='lat' dir='ltr'>nostri,</span> <span class='ocrx_word' id='word_1_250' title='bbox 1025 1754 1145 1784; x_wconf 84' lang='lat' dir='ltr'>Henrici</span> <span class='ocrx_word' id='word_1_251' title='bbox 1168 1753 1260 1784; x_wconf 88' lang='lat' dir='ltr'>Ducis</span> 
     </span>
     <span class='ocr_line' id='line_1_43' title="bbox 190 1792 1222 1837; baseline -0.01 -6"><span class='ocrx_word' id='word_1_252' title='bbox 190 1800 381 1837; x_wconf 80' lang='lat' dir='ltr'>Lancastriae,</span> <span class='ocrx_word' id='word_1_253' title='bbox 396 1797 545 1836; x_wconf 79' lang='lat' dir='ltr'>Capitanei</span> <span class='ocrx_word' id='word_1_254' title='bbox 560 1797 765 1835; x_wconf 85' lang='lat' dir='ltr'>Britanniae‚in</span> <span class='ocrx_word' id='word_1_255' title='bbox 779 1794 895 1824; x_wconf 88' lang='lat' dir='ltr'>Ducatu</span> <span class='ocrx_word' id='word_1_256' title='bbox 911 1794 1074 1830; x_wconf 71' lang='lat' dir='ltr'>Britanniae,</span> <span class='ocrx_word' id='word_1_257' title='bbox 1089 1792 1222 1822; x_wconf 80' lang='lat' dir='ltr'>Salutem.</span> 
     </span>
    </p>

    <p class='ocr_par' dir='ltr' id='par_1_18' title="bbox 190 1832 1263 2226">
     <span class='ocr_line' id='line_1_44' title="bbox 228 1832 1260 1876; baseline -0.009 -7"><span class='ocrx_word' id='word_1_258' title='bbox 228 1838 325 1876; x_wconf 81' lang='lat' dir='ltr'>Cum,</span> <span class='ocrx_word' id='word_1_259' title='bbox 338 1839 379 1868; x_wconf 90' lang='lat' dir='ltr'>ob</span> <span class='ocrx_word' id='word_1_260' title='bbox 395 1846 483 1868; x_wconf 87' lang='lat' dir='ltr'>certas</span> <span class='ocrx_word' id='word_1_261' title='bbox 500 1835 603 1866; x_wconf 70' lang='lat' dir='ltr'>Cauias</span> <span class='ocrx_word' id='word_1_262' title='bbox 623 1858 632 1872; x_wconf 83' lang='lat'>‚</span> <span class='ocrx_word' id='word_1_263' title='bbox 662 1844 716 1864; x_wconf 88' lang='lat' dir='ltr'>nos</span> <span class='ocrx_word' id='word_1_264' title='bbox 738 1842 887 1864; x_wconf 85' lang='lat' dir='ltr'>moventes</span> <span class='ocrx_word' id='word_1_265' title='bbox 903 1855 912 1871; x_wconf 88' lang='lat'>,</span> <span class='ocrx_word' id='word_1_266' title='bbox 934 1832 1158 1862; x_wconf 83' lang='lat' dir='ltr'>ordinaverimus</span> <span class='ocrx_word' id='word_1_267' title='bbox 1176 1840 1260 1869; x_wconf 89' lang='lat' dir='ltr'>penes</span> 
     </span>
     <span class='ocr_line' id='line_1_45' title="bbox 190 1869 1260 1914; baseline -0.009 -5"><span class='ocrx_word' id='word_1_268' title='bbox 190 1878 302 1909; x_wconf 83' lang='lat' dir='ltr'>nosmet</span> <span class='ocrx_word' id='word_1_269' title='bbox 316 1876 388 1914; x_wconf 87' lang='lat' dir='ltr'>ipsos</span> <span class='ocrx_word' id='word_1_270' title='bbox 403 1877 436 1906; x_wconf 72' lang='grc' dir='ltr'>δε</span> <span class='ocrx_word' id='word_1_271' title='bbox 451 1877 479 1905; x_wconf 89' lang='lat' dir='ltr'>in</span> <span class='ocrx_word' id='word_1_272' title='bbox 495 1876 606 1912; x_wconf 88' lang='lat' dir='ltr'>propria</span> <span class='ocrx_word' id='word_1_273' title='bbox 630 1872 724 1904; x_wconf 89' lang='lat' dir='ltr'>Manu</span> <span class='ocrx_word' id='word_1_274' title='bbox 748 1871 842 1903; x_wconf 86' lang='lat' dir='ltr'>nostra</span> <span class='ocrx_word' id='word_1_275' title='bbox 861 1874 981 1902; x_wconf 89' lang='lat' dir='ltr'>retinere</span> <span class='ocrx_word' id='word_1_276' title='bbox 1003 1869 1173 1901; x_wconf 76' lang='lat' dir='ltr'>Custodiam</span> <span class='ocrx_word' id='word_1_277' title='bbox 1190 1869 1260 1899; x_wconf 73' lang='lat' dir='ltr'>diffl</span> 
     </span>
     <span class='ocr_line' id='line_1_46' title="bbox 190 1907 1260 1951; baseline -0.01 -3"><span class='ocrx_word' id='word_1_278' title='bbox 190 1915 321 1947; x_wconf 74' lang='lat' dir='ltr'>Ducatus</span> <span class='ocrx_word' id='word_1_279' title='bbox 338 1916 504 1951; x_wconf 67' lang='lat' dir='ltr'>Britanni-x,</span> <span class='ocrx_word' id='word_1_280' title='bbox 522 1914 550 1943; x_wconf 89' lang='lat' dir='ltr'>in</span> <span class='ocrx_word' id='word_1_281' title='bbox 568 1912 740 1942; x_wconf 78' lang='lat' dir='ltr'>Obedicntia</span> <span class='ocrx_word' id='word_1_282' title='bbox 760 1911 855 1941; x_wconf 82' lang='lat' dir='ltr'>nostra</span> <span class='ocrx_word' id='word_1_283' title='bbox 872 1909 1038 1948; x_wconf 77' lang='lat' dir='ltr'>persistentis</span> <span class='ocrx_word' id='word_1_284' title='bbox 1052 1932 1062 1948; x_wconf 90' lang='lat'>,</span> <span class='ocrx_word' id='word_1_285' title='bbox 1092 1910 1152 1940; x_wconf 66' lang='lat' dir='ltr'>fam</span> <span class='ocrx_word' id='word_1_286' title='bbox 1172 1907 1260 1938; x_wconf 84' lang='lat' dir='ltr'>Villa-</span> 
     </span>
     <span class='ocr_line' id='line_1_47' title="bbox 191 1947 1263 1994; baseline -0.009 -7"><span class='ocrx_word' id='word_1_287' title='bbox 191 1966 273 1994; x_wconf 91' lang='lat' dir='ltr'>rum,</span> <span class='ocrx_word' id='word_1_288' title='bbox 288 1954 474 1990; x_wconf 87' lang='lat' dir='ltr'>Castrorum,</span> <span class='ocrx_word' id='word_1_289' title='bbox 490 1952 700 1983; x_wconf 84' lang='lat' dir='ltr'>Fortalitiorum</span> <span class='ocrx_word' id='word_1_290' title='bbox 710 1973 720 1989; x_wconf 84' lang='lat'>,</span> <span class='ocrx_word' id='word_1_291' title='bbox 735 1950 889 1980; x_wconf 76' lang='lat' dir='ltr'>insularum</span> <span class='ocrx_word' id='word_1_292' title='bbox 899 1972 907 1988; x_wconf 83' lang='lat'>,</span> <span class='ocrx_word' id='word_1_293' title='bbox 928 1949 1105 1986; x_wconf 91' lang='lat' dir='ltr'>Parcorum,</span> <span class='ocrx_word' id='word_1_294' title='bbox 1128 1947 1263 1978; x_wconf 87' lang='lat' dir='ltr'>Piscaria-</span> 
     </span>
     <span class='ocr_line' id='line_1_48' title="bbox 190 1986 1261 2032; baseline -0.009 -7"><span class='ocrx_word' id='word_1_295' title='bbox 190 2005 255 2026; x_wconf 89' lang='lat' dir='ltr'>rum</span> <span class='ocrx_word' id='word_1_296' title='bbox 265 2017 274 2032; x_wconf 85' lang='lat'>,</span> <span class='ocrx_word' id='word_1_297' title='bbox 285 1993 469 2024; x_wconf 76' lang='lat' dir='ltr'>vivariorum</span> <span class='ocrx_word' id='word_1_298' title='bbox 479 2013 488 2029; x_wconf 89' lang='lat'>,</span> <span class='ocrx_word' id='word_1_299' title='bbox 502 1991 672 2029; x_wconf 80' lang='lat' dir='ltr'>Stagnorum</span> <span class='ocrx_word' id='word_1_300' title='bbox 681 2012 690 2027; x_wconf 84' lang='lat'>,</span> <span class='ocrx_word' id='word_1_301' title='bbox 705 1989 921 2026; x_wconf 82' lang='lat' dir='ltr'>Capitaniarum</span> <span class='ocrx_word' id='word_1_302' title='bbox 930 2011 939 2025; x_wconf 89' lang='lat'>,</span> <span class='ocrx_word' id='word_1_303' title='bbox 963 1986 1241 2018; x_wconf 83' lang='lat' dir='ltr'>Constabulariarum</span> <span class='ocrx_word' id='word_1_304' title='bbox 1251 2008 1261 2024; x_wconf 89' lang='lat'>,</span> 
     </span>
     <span class='ocr_line' id='line_1_49' title="bbox 191 2025 1262 2069; baseline -0.008 -6"><span class='ocrx_word' id='word_1_305' title='bbox 191 2032 423 2064; x_wconf 85' lang='lat' dir='ltr'>Castellaniarum</span> <span class='ocrx_word' id='word_1_306' title='bbox 433 2053 442 2069; x_wconf 84' lang='lat'>,</span> <span class='ocrx_word' id='word_1_307' title='bbox 457 2027 957 2067; x_wconf 74' lang='lat' dir='ltr'>Praepoliturarum,Ballivarum,&amp;</span> <span class='ocrx_word' id='word_1_308' title='bbox 973 2027 1093 2056; x_wconf 84' lang='lat' dir='ltr'>aliorum</span> <span class='ocrx_word' id='word_1_309' title='bbox 1107 2025 1262 2055; x_wconf 81' lang='lat' dir='ltr'>Terrarum</span> 
     </span>
     <span class='ocr_line' id='line_1_50' title="bbox 192 2063 1262 2106; baseline -0.007 -5"><span class='ocrx_word' id='word_1_310' title='bbox 192 2073 227 2104; x_wconf 74' lang='grc' dir='ltr'>δε</span> <span class='ocrx_word' id='word_1_311' title='bbox 242 2070 444 2101; x_wconf 82' lang='lat' dir='ltr'>Proficuorum</span> <span class='ocrx_word' id='word_1_312' title='bbox 459 2077 724 2106; x_wconf 87' lang='lat' dir='ltr'>quorumcumque,</span> <span class='ocrx_word' id='word_1_313' title='bbox 736 2068 790 2096; x_wconf 66' lang='lat' dir='ltr'>unit</span> <span class='ocrx_word' id='word_1_314' title='bbox 806 2076 875 2096; x_wconf 88' lang='lat' dir='ltr'>cum</span> <span class='ocrx_word' id='word_1_315' title='bbox 892 2066 1040 2095; x_wconf 81' lang='lat' dir='ltr'>Admiratu</span> <span class='ocrx_word' id='word_1_316' title='bbox 1058 2063 1158 2094; x_wconf 82' lang='lat' dir='ltr'>Patriae</span> <span class='ocrx_word' id='word_1_317' title='bbox 1173 2064 1262 2101; x_wconf 85' lang='lat' dir='ltr'>illius,</span> 
     </span>
     <span class='ocr_line' id='line_1_51' title="bbox 193 2102 1262 2144; baseline -0.007 -4"><span class='ocrx_word' id='word_1_318' title='bbox 193 2111 227 2141; x_wconf 66' lang='grc' dir='ltr'>ὃς</span> <span class='ocrx_word' id='word_1_319' title='bbox 241 2110 373 2140; x_wconf 90' lang='lat' dir='ltr'>omnibus</span> <span class='ocrx_word' id='word_1_320' title='bbox 388 2108 445 2139; x_wconf 86' lang='lat' dir='ltr'>aliis</span> <span class='ocrx_word' id='word_1_321' title='bbox 461 2107 650 2144; x_wconf 78' lang='lat' dir='ltr'>pertinentiis,</span> <span class='ocrx_word' id='word_1_322' title='bbox 672 2106 707 2136; x_wconf 90' lang='lat' dir='ltr'>ad</span> <span class='ocrx_word' id='word_1_323' title='bbox 728 2104 840 2135; x_wconf 60' lang='lat' dir='ltr'>dictum</span> <span class='ocrx_word' id='word_1_324' title='bbox 863 2104 1011 2135; x_wconf 88' lang='lat' dir='ltr'>Ducatum</span> <span class='ocrx_word' id='word_1_325' title='bbox 1036 2102 1262 2141; x_wconf 86' lang='lat' dir='ltr'>quibuscumque</span> 
     </span>
     <span class='ocr_line' id='line_1_52' title="bbox 193 2143 1262 2183; baseline -0.008 -3"><span class='ocrx_word' id='word_1_326' title='bbox 193 2149 246 2180; x_wconf 84' lang='lat' dir='ltr'>viis</span> <span class='ocrx_word' id='word_1_327' title='bbox 260 2149 292 2178; x_wconf 67' lang='grc' dir='ltr'>ὃς</span> <span class='ocrx_word' id='word_1_328' title='bbox 310 2147 403 2178; x_wconf 87' lang='lat' dir='ltr'>modis</span> <span class='ocrx_word' id='word_1_329' title='bbox 418 2146 604 2183; x_wconf 69' lang='lat' dir='ltr'>speetanribus</span> <span class='ocrx_word' id='word_1_330' title='bbox 614 2167 624 2183; x_wconf 87' lang='lat'>,</span> <span class='ocrx_word' id='word_1_331' title='bbox 637 2146 671 2176; x_wconf 70' lang='grc' dir='ltr'>ὃ(</span> <span class='ocrx_word' id='word_1_332' title='bbox 686 2144 794 2175; x_wconf 88' lang='lat' dir='ltr'>ibidem</span> <span class='ocrx_word' id='word_1_333' title='bbox 812 2143 890 2174; x_wconf 82' lang='lat' dir='ltr'>Loca</span> <span class='ocrx_word' id='word_1_334' title='bbox 905 2143 1001 2174; x_wconf 88' lang='lat' dir='ltr'>nostra</span> <span class='ocrx_word' id='word_1_335' title='bbox 1015 2151 1142 2173; x_wconf 84' lang='lat' dir='ltr'>tenentes</span> <span class='ocrx_word' id='word_1_336' title='bbox 1156 2151 1262 2179; x_wconf 84' lang='lat' dir='ltr'>ponere</span> 
     </span>
     <span class='ocr_line' id='line_1_53' title="bbox 193 2184 636 2226; baseline -0.009 -9"><span class='ocrx_word' id='word_1_337' title='bbox 193 2197 248 2226; x_wconf 88' lang='lat' dir='ltr'>pro</span> <span class='ocrx_word' id='word_1_338' title='bbox 264 2187 346 2216; x_wconf 88' lang='lat' dir='ltr'>libito</span> <span class='ocrx_word' id='word_1_339' title='bbox 361 2185 467 2216; x_wconf 67' lang='lat' dir='ltr'>nostrae</span> <span class='ocrx_word' id='word_1_340' title='bbox 484 2184 636 2214; x_wconf 84' lang='lat' dir='ltr'>voluntatis</span> 
     </span>
    </p>

    <p class='ocr_par' dir='ltr' id='par_1_19' title="bbox 194 2206 1269 2611">
     <span class='ocr_line' id='line_1_54' title="bbox 233 2206 1264 2258; baseline -0.007 -2"><span class='ocrx_word' id='word_1_341' title='bbox 233 2224 270 2256; x_wconf 87' lang='lat' dir='ltr'>Et</span> <span class='ocrx_word' id='word_1_342' title='bbox 288 2224 394 2256; x_wconf 68' lang='lat' dir='ltr'>nostrae</span> <span class='ocrx_word' id='word_1_343' title='bbox 409 2224 574 2254; x_wconf 78' lang='lat' dir='ltr'>intentionis</span> <span class='ocrx_word' id='word_1_344' title='bbox 589 2206 679 2252; x_wconf 61' lang='lat' dir='ltr'>exiliit</span> <span class='ocrx_word' id='word_1_345' title='bbox 693 2221 801 2252; x_wconf 62' lang='lat' dir='ltr'>distam</span> <span class='ocrx_word' id='word_1_346' title='bbox 817 2220 987 2252; x_wconf 80' lang='lat' dir='ltr'>Custodiam</span> <span class='ocrx_word' id='word_1_347' title='bbox 1012 2229 1096 2258; x_wconf 87' lang='lat' dir='ltr'>penes</span> <span class='ocrx_word' id='word_1_348' title='bbox 1112 2227 1164 2249; x_wconf 76' lang='lat' dir='ltr'>nos</span> <span class='ocrx_word' id='word_1_349' title='bbox 1178 2219 1264 2249; x_wconf 87' lang='lat' dir='ltr'>habe-</span> 
     </span>
     <span class='ocr_line' id='line_1_55' title="bbox 194 2258 1264 2302; baseline -0.007 -7"><span class='ocrx_word' id='word_1_350' title='bbox 194 2274 226 2295; x_wconf 92' lang='lat' dir='ltr'>re</span> <span class='ocrx_word' id='word_1_351' title='bbox 244 2264 430 2302; x_wconf 81' lang='lat' dir='ltr'>integraliter,</span> <span class='ocrx_word' id='word_1_352' title='bbox 443 2263 500 2293; x_wconf 73' lang='lat' dir='ltr'>una</span> <span class='ocrx_word' id='word_1_353' title='bbox 515 2271 582 2292; x_wconf 89' lang='lat' dir='ltr'>cum</span> <span class='ocrx_word' id='word_1_354' title='bbox 601 2260 706 2298; x_wconf 87' lang='lat' dir='ltr'>Bladis,</span> <span class='ocrx_word' id='word_1_355' title='bbox 723 2260 918 2299; x_wconf 46' lang='lat' dir='ltr'>Florafffinis</span> <span class='ocrx_word' id='word_1_356' title='bbox 929 2284 932 2291; x_wconf 89' lang='lat'>.</span> <span class='ocrx_word' id='word_1_357' title='bbox 943 2259 1102 2296; x_wconf 79' lang='lat' dir='ltr'>Carnibus,</span> <span class='ocrx_word' id='word_1_358' title='bbox 1120 2258 1264 2296; x_wconf 84' lang='lat' dir='ltr'>Piscibus,</span> 
     </span>
     <span class='ocr_line' id='line_1_56' title="bbox 195 2297 1263 2340; baseline -0.006 -6"><span class='ocrx_word' id='word_1_359' title='bbox 195 2303 275 2340; x_wconf 84' lang='lat' dir='ltr'>Sale,</span> <span class='ocrx_word' id='word_1_360' title='bbox 292 2303 402 2333; x_wconf 86' lang='lat' dir='ltr'>Averio</span> <span class='ocrx_word' id='word_1_361' title='bbox 416 2300 569 2337; x_wconf 87' lang='lat' dir='ltr'>Ponderis,</span> <span class='ocrx_word' id='word_1_362' title='bbox 584 2299 700 2336; x_wconf 78' lang='lat' dir='ltr'>Foenis,</span> <span class='ocrx_word' id='word_1_363' title='bbox 717 2300 840 2337; x_wconf 78' lang='lat' dir='ltr'>Avenis,</span> <span class='ocrx_word' id='word_1_364' title='bbox 861 2298 965 2336; x_wconf 85' lang='lat' dir='ltr'>Busca,</span> <span class='ocrx_word' id='word_1_365' title='bbox 995 2297 1176 2328; x_wconf 81' lang='lat' dir='ltr'>Carbonibus</span> <span class='ocrx_word' id='word_1_366' title='bbox 1192 2319 1202 2335; x_wconf 92' lang='lat'>,</span> <span class='ocrx_word' id='word_1_367' title='bbox 1230 2298 1263 2328; x_wconf 67' lang='grc' dir='ltr'>δε</span> 
     </span>
     <span class='ocr_line' id='line_1_57' title="bbox 196 2335 1266 2376; baseline -0.007 -4"><span class='ocrx_word' id='word_1_368' title='bbox 196 2340 377 2372; x_wconf 79' lang='lat' dir='ltr'>omnimodis</span> <span class='ocrx_word' id='word_1_369' title='bbox 389 2340 447 2370; x_wconf 88' lang='lat' dir='ltr'>aliis</span> <span class='ocrx_word' id='word_1_370' title='bbox 460 2338 636 2369; x_wconf 63' lang='lat' dir='ltr'>Vic&#39;kualibus</span> <span class='ocrx_word' id='word_1_371' title='bbox 651 2337 854 2376; x_wconf 82' lang='lat' dir='ltr'>cujuscumque</span> <span class='ocrx_word' id='word_1_372' title='bbox 874 2339 982 2376; x_wconf 79' lang='lat' dir='ltr'>generis</span> <span class='ocrx_word' id='word_1_373' title='bbox 1005 2336 1123 2373; x_wconf 85' lang='lat' dir='ltr'>fuerint,</span> <span class='ocrx_word' id='word_1_374' title='bbox 1147 2345 1210 2373; x_wconf 79' lang='lat' dir='ltr'>quae</span> <span class='ocrx_word' id='word_1_375' title='bbox 1231 2335 1266 2365; x_wconf 90' lang='lat' dir='ltr'>ad</span> 
     </span>
     <span class='ocr_line' id='line_1_58' title="bbox 196 2376 1266 2418; baseline -0.007 -8"><span class='ocrx_word' id='word_1_376' title='bbox 196 2379 446 2410; x_wconf 86' lang='lat' dir='ltr'>Gubernationern</span> <span class='ocrx_word' id='word_1_377' title='bbox 467 2377 569 2418; x_wconf 57' lang='lat' dir='ltr'>Patria}</span> <span class='ocrx_word' id='word_1_378' title='bbox 583 2376 653 2405; x_wconf 77' lang='lat' dir='ltr'>illius</span> <span class='ocrx_word' id='word_1_379' title='bbox 668 2377 824 2413; x_wconf 80' lang='lat' dir='ltr'>pertinent,</span> <span class='ocrx_word' id='word_1_380' title='bbox 845 2385 892 2405; x_wconf 87' lang='lat' dir='ltr'>aut</span> <span class='ocrx_word' id='word_1_381' title='bbox 915 2377 1020 2406; x_wconf 72' lang='lat' dir='ltr'>debent</span> <span class='ocrx_word' id='word_1_382' title='bbox 1043 2376 1198 2412; x_wconf 85' lang='lat' dir='ltr'>pertinere,</span> <span class='ocrx_word' id='word_1_383' title='bbox 1214 2384 1266 2411; x_wconf 90' lang='lat' dir='ltr'>pro</span> 
     </span>
     <span class='ocr_line' id='line_1_59' title="bbox 198 2412 1266 2455; baseline -0.006 -7"><span class='ocrx_word' id='word_1_384' title='bbox 198 2418 289 2448; x_wconf 86' lang='lat' dir='ltr'>Anno</span> <span class='ocrx_word' id='word_1_385' title='bbox 319 2418 452 2455; x_wconf 84' lang='lat' dir='ltr'>proximo</span> <span class='ocrx_word' id='word_1_386' title='bbox 471 2416 530 2454; x_wconf 89' lang='lat' dir='ltr'>jam</span> <span class='ocrx_word' id='word_1_387' title='bbox 554 2418 651 2444; x_wconf 73' lang='lat' dir='ltr'>tuturo</span> <span class='ocrx_word' id='word_1_388' title='bbox 676 2415 843 2451; x_wconf 86' lang='lat' dir='ltr'>(videlicet)</span> <span class='ocrx_word' id='word_1_389' title='bbox 877 2415 934 2444; x_wconf 61' lang='grc' dir='ltr'>[ἄτη</span> <span class='ocrx_word' id='word_1_390' title='bbox 956 2424 989 2444; x_wconf 86' lang='lat' dir='ltr'>ea</span> <span class='ocrx_word' id='word_1_391' title='bbox 1003 2424 1066 2451; x_wconf 62' lang='lat' dir='ltr'>qux</span> <span class='ocrx_word' id='word_1_392' title='bbox 1080 2421 1144 2443; x_wconf 89' lang='lat' dir='ltr'>ante</span> <span class='ocrx_word' id='word_1_393' title='bbox 1160 2412 1266 2443; x_wconf 82' lang='lat' dir='ltr'>Datam</span> 
     </span>
     <span class='ocr_line' id='line_1_60' title="bbox 199 2451 1265 2492; baseline -0.005 -6"><span class='ocrx_word' id='word_1_394' title='bbox 199 2455 422 2486; x_wconf 79' lang='lat' dir='ltr'>Commiffionis</span> <span class='ocrx_word' id='word_1_395' title='bbox 442 2453 545 2484; x_wconf 81' lang='lat' dir='ltr'>nostrae</span> <span class='ocrx_word' id='word_1_396' title='bbox 559 2454 625 2483; x_wconf 81' lang='lat' dir='ltr'>inde</span> <span class='ocrx_word' id='word_1_397' title='bbox 640 2452 721 2483; x_wconf 68' lang='lat' dir='ltr'>faetae</span> <span class='ocrx_word' id='word_1_398' title='bbox 736 2453 797 2483; x_wconf 88' lang='lat' dir='ltr'>sunt</span> <span class='ocrx_word' id='word_1_399' title='bbox 813 2461 961 2490; x_wconf 82' lang='lat' dir='ltr'>percepta,</span> <span class='ocrx_word' id='word_1_400' title='bbox 975 2454 1062 2492; x_wconf 63' lang='lat' dir='ltr'>quarn</span> <span class='ocrx_word' id='word_1_401' title='bbox 1078 2451 1265 2489; x_wconf 76' lang='lat' dir='ltr'>postmodum</span> 
     </span>
     <span class='ocr_line' id='line_1_61' title="bbox 199 2490 1268 2534; baseline -0.005 -10"><span class='ocrx_word' id='word_1_402' title='bbox 199 2494 395 2534; x_wconf 79' lang='lat' dir='ltr'>percipienda,</span> <span class='ocrx_word' id='word_1_403' title='bbox 416 2493 517 2530; x_wconf 84' lang='lat' dir='ltr'>absque</span> <span class='ocrx_word' id='word_1_404' title='bbox 532 2492 682 2522; x_wconf 86' lang='lat' dir='ltr'>Solutione</span> <span class='ocrx_word' id='word_1_405' title='bbox 697 2491 742 2521; x_wconf 90' lang='lat' dir='ltr'>seu</span> <span class='ocrx_word' id='word_1_406' title='bbox 760 2492 942 2522; x_wconf 72' lang='lat' dir='ltr'>Liberatione</span> <span class='ocrx_word' id='word_1_407' title='bbox 957 2492 1024 2520; x_wconf 81' lang='lat' dir='ltr'>inde</span> <span class='ocrx_word' id='word_1_408' title='bbox 1040 2500 1092 2528; x_wconf 89' lang='lat' dir='ltr'>pro</span> <span class='ocrx_word' id='word_1_409' title='bbox 1110 2490 1204 2520; x_wconf 80' lang='lat' dir='ltr'>Vadiis</span> <span class='ocrx_word' id='word_1_410' title='bbox 1219 2491 1268 2520; x_wconf 85' lang='lat' dir='ltr'>ali-</span> 
     </span>
     <span class='ocr_line' id='line_1_62' title="bbox 201 2529 1269 2570; baseline -0.004 -7"><span class='ocrx_word' id='word_1_411' title='bbox 201 2534 249 2564; x_wconf 90' lang='lat' dir='ltr'>cui</span> <span class='ocrx_word' id='word_1_412' title='bbox 264 2533 416 2570; x_wconf 84' lang='lat' dir='ltr'>faciendis,</span> <span class='ocrx_word' id='word_1_413' title='bbox 429 2532 474 2562; x_wconf 89' lang='lat' dir='ltr'>vel</span> <span class='ocrx_word' id='word_1_414' title='bbox 490 2541 543 2568; x_wconf 86' lang='lat' dir='ltr'>pro</span> <span class='ocrx_word' id='word_1_415' title='bbox 564 2530 623 2560; x_wconf 85' lang='lat' dir='ltr'>aliis</span> <span class='ocrx_word' id='word_1_416' title='bbox 640 2530 752 2560; x_wconf 81' lang='lat' dir='ltr'>Debitis</span> <span class='ocrx_word' id='word_1_417' title='bbox 768 2530 834 2561; x_wconf 75' lang='lat' dir='ltr'>inde</span> <span class='ocrx_word' id='word_1_418' title='bbox 849 2529 1024 2567; x_wconf 84' lang='lat' dir='ltr'>quietandis,</span> <span class='ocrx_word' id='word_1_419' title='bbox 1039 2538 1087 2559; x_wconf 87' lang='lat' dir='ltr'>aut</span> <span class='ocrx_word' id='word_1_420' title='bbox 1101 2529 1203 2567; x_wconf 79' lang='lat' dir='ltr'>absque</span> <span class='ocrx_word' id='word_1_421' title='bbox 1218 2529 1269 2559; x_wconf 80' lang='lat' dir='ltr'>ali-</span> 
     </span>
     <span class='ocr_line' id='line_1_63' title="bbox 199 2568 998 2611; baseline -0.006 -9"><span class='ocrx_word' id='word_1_422' title='bbox 199 2582 255 2611; x_wconf 75' lang='lat' dir='ltr'>qua</span> <span class='ocrx_word' id='word_1_423' title='bbox 271 2571 322 2602; x_wconf 86' lang='lat' dir='ltr'>alia</span> <span class='ocrx_word' id='word_1_424' title='bbox 337 2571 516 2600; x_wconf 76' lang='lat' dir='ltr'>Liberatione</span> <span class='ocrx_word' id='word_1_425' title='bbox 537 2568 572 2598; x_wconf 88' lang='lat' dir='ltr'>de</span> <span class='ocrx_word' id='word_1_426' title='bbox 588 2569 767 2598; x_wconf 67' lang='lat' dir='ltr'>Victualibus</span> <span class='ocrx_word' id='word_1_427' title='bbox 782 2569 834 2598; x_wconf 87' lang='lat' dir='ltr'>illis</span> <span class='ocrx_word' id='word_1_428' title='bbox 850 2568 998 2606; x_wconf 70' lang='lat' dir='ltr'>facienda,</span> 
     </span>
    </p>

    <p class='ocr_par' dir='ltr' id='par_1_20' title="bbox 200 2604 1271 2765">
     <span class='ocr_line' id='line_1_64' title="bbox 237 2604 1268 2645; baseline -0.005 -5"><span class='ocrx_word' id='word_1_429' title='bbox 237 2609 276 2641; x_wconf 90' lang='lat' dir='ltr'>Et</span> <span class='ocrx_word' id='word_1_430' title='bbox 296 2609 377 2639; x_wconf 76' lang='lat' dir='ltr'>simul</span> <span class='ocrx_word' id='word_1_431' title='bbox 390 2618 456 2638; x_wconf 89' lang='lat' dir='ltr'>curn</span> <span class='ocrx_word' id='word_1_432' title='bbox 468 2608 604 2638; x_wconf 85' lang='lat' dir='ltr'>omnibus</span> <span class='ocrx_word' id='word_1_433' title='bbox 618 2606 793 2644; x_wconf 72' lang='lat' dir='ltr'>Armaturis,</span> <span class='ocrx_word' id='word_1_434' title='bbox 808 2606 949 2645; x_wconf 67' lang='lat' dir='ltr'>Ingeniis,</span> <span class='ocrx_word' id='word_1_435' title='bbox 965 2607 1127 2644; x_wconf 68' lang='lat' dir='ltr'>Attiliariis,</span> <span class='ocrx_word' id='word_1_436' title='bbox 1148 2604 1268 2636; x_wconf 82' lang='lat' dir='ltr'>Utensi-</span> 
     </span>
     <span class='ocr_line' id='line_1_65' title="bbox 200 2645 1270 2687; baseline -0.005 -8"><span class='ocrx_word' id='word_1_437' title='bbox 200 2649 275 2680; x_wconf 87' lang='lat' dir='ltr'>libus</span> <span class='ocrx_word' id='word_1_438' title='bbox 291 2670 301 2687; x_wconf 86' lang='lat'>,</span> <span class='ocrx_word' id='word_1_439' title='bbox 328 2649 362 2680; x_wconf 91' lang='lat'>&amp;</span> <span class='ocrx_word' id='word_1_440' title='bbox 385 2646 610 2685; x_wconf 84' lang='lat' dir='ltr'>quibuscumque</span> <span class='ocrx_word' id='word_1_441' title='bbox 630 2645 688 2674; x_wconf 83' lang='lat' dir='ltr'>aliis</span> <span class='ocrx_word' id='word_1_442' title='bbox 716 2646 812 2677; x_wconf 73' lang='lat' dir='ltr'>Rebus</span> <span class='ocrx_word' id='word_1_443' title='bbox 834 2646 966 2675; x_wconf 68' lang='lat' dir='ltr'>ordinatis</span> <span class='ocrx_word' id='word_1_444' title='bbox 987 2655 1039 2682; x_wconf 86' lang='lat' dir='ltr'>pro</span> <span class='ocrx_word' id='word_1_445' title='bbox 1056 2645 1270 2675; x_wconf 78' lang='lat' dir='ltr'>Munitionibus</span> 
     </span>
     <span class='ocr_line' id='line_1_66' title="bbox 200 2682 1271 2722; baseline -0.005 -4"><span class='ocrx_word' id='word_1_446' title='bbox 200 2688 347 2718; x_wconf 61' lang='lat' dir='ltr'>dietorum</span> <span class='ocrx_word' id='word_1_447' title='bbox 372 2686 539 2722; x_wconf 88' lang='lat' dir='ltr'>Locorum,</span> <span class='ocrx_word' id='word_1_448' title='bbox 554 2694 617 2722; x_wconf 42' lang='lat' dir='ltr'>quie</span> <span class='ocrx_word' id='word_1_449' title='bbox 631 2693 685 2721; x_wconf 88' lang='lat' dir='ltr'>pro</span> <span class='ocrx_word' id='word_1_450' title='bbox 699 2683 772 2714; x_wconf 66' lang='lat' dir='ltr'>salva</span> <span class='ocrx_word' id='word_1_451' title='bbox 788 2682 928 2714; x_wconf 69' lang='lat' dir='ltr'>Custodia</span> <span class='ocrx_word' id='word_1_452' title='bbox 948 2683 1018 2713; x_wconf 82' lang='lat' dir='ltr'>dicti</span> <span class='ocrx_word' id='word_1_453' title='bbox 1036 2683 1166 2714; x_wconf 78' lang='lat' dir='ltr'>Ducatus</span> <span class='ocrx_word' id='word_1_454' title='bbox 1180 2684 1271 2714; x_wconf 86' lang='lat' dir='ltr'>valere</span> 
     </span>
     <span class='ocr_line' id='line_1_67' title="bbox 202 2725 519 2765; baseline -0.013 -8"><span class='ocrx_word' id='word_1_455' title='bbox 202 2734 339 2765; x_wconf 82' lang='lat' dir='ltr'>poterunt</span> <span class='ocrx_word' id='word_1_456' title='bbox 352 2725 398 2754; x_wconf 87' lang='lat' dir='ltr'>vel</span> <span class='ocrx_word' id='word_1_457' title='bbox 406 2726 519 2762; x_wconf 82' lang='lat' dir='ltr'>juvare,</span> 
     </span>
    </p>

    <p class='ocr_par' dir='ltr' id='par_1_21' title="bbox 204 2759 1271 2880">
     <span class='ocr_line' id='line_1_68' title="bbox 241 2759 1270 2798; baseline -0.006 -3"><span class='ocrx_word' id='word_1_458' title='bbox 241 2765 286 2795; x_wconf 89' lang='lat' dir='ltr'>Ac</span> <span class='ocrx_word' id='word_1_459' title='bbox 307 2765 393 2794; x_wconf 81' lang='lat' dir='ltr'>etiam</span> <span class='ocrx_word' id='word_1_460' title='bbox 414 2772 481 2793; x_wconf 89' lang='lat' dir='ltr'>cum</span> <span class='ocrx_word' id='word_1_461' title='bbox 511 2760 685 2791; x_wconf 87' lang='lat' dir='ltr'>omnimodis</span> <span class='ocrx_word' id='word_1_462' title='bbox 713 2759 967 2797; x_wconf 83' lang='lat' dir='ltr'>Redemptionibus</span> <span class='ocrx_word' id='word_1_463' title='bbox 983 2783 992 2798; x_wconf 90' lang='lat'>,</span> <span class='ocrx_word' id='word_1_464' title='bbox 1022 2759 1270 2798; x_wconf 79' lang='lat' dir='ltr'>Reventionibus‚</span> 
     </span>
     <span class='ocr_line' id='line_1_69' title="bbox 204 2798 1271 2842; baseline -0.005 -9"><span class='ocrx_word' id='word_1_465' title='bbox 204 2803 262 2833; x_wconf 86' lang='lat' dir='ltr'>sive</span> <span class='ocrx_word' id='word_1_466' title='bbox 283 2803 335 2833; x_wconf 83' lang='lat' dir='ltr'>sint</span> <span class='ocrx_word' id='word_1_467' title='bbox 356 2803 385 2831; x_wconf 93' lang='lat' dir='ltr'>in</span> <span class='ocrx_word' id='word_1_468' title='bbox 404 2800 582 2832; x_wconf 68' lang='lat' dir='ltr'>Victualibus</span> <span class='ocrx_word' id='word_1_469' title='bbox 591 2822 608 2842; x_wconf 20' lang='grc' dir='ltr'>,ἱ</span> <span class='ocrx_word' id='word_1_470' title='bbox 624 2800 680 2830; x_wconf 76' lang='lat' dir='ltr'>live</span> <span class='ocrx_word' id='word_1_471' title='bbox 702 2800 730 2829; x_wconf 91' lang='lat' dir='ltr'>in</span> <span class='ocrx_word' id='word_1_472' title='bbox 752 2798 878 2831; x_wconf 58' lang='lat' dir='ltr'>lxioneti</span> <span class='ocrx_word' id='word_1_473' title='bbox 900 2800 945 2829; x_wconf 88' lang='lat' dir='ltr'>vel</span> <span class='ocrx_word' id='word_1_474' title='bbox 967 2799 1045 2829; x_wconf 65' lang='lat' dir='ltr'>Praxi</span> <span class='ocrx_word' id='word_1_475' title='bbox 1059 2821 1068 2837; x_wconf 85' lang='lat'>,</span> <span class='ocrx_word' id='word_1_476' title='bbox 1090 2807 1136 2829; x_wconf 72' lang='lat' dir='ltr'>aut</span> <span class='ocrx_word' id='word_1_477' title='bbox 1156 2799 1208 2829; x_wconf 74' lang='lat' dir='ltr'>alia</span> <span class='ocrx_word' id='word_1_478' title='bbox 1223 2809 1271 2837; x_wconf 88' lang='lat' dir='ltr'>re,</span> 
     </span>
     <span class='ocr_line' id='line_1_70' title="bbox 204 2841 697 2880; baseline -0.008 -8"><span class='ocrx_word' id='word_1_479' title='bbox 204 2851 389 2880; x_wconf 87' lang='lat' dir='ltr'>quocumque</span> <span class='ocrx_word' id='word_1_480' title='bbox 405 2841 523 2870; x_wconf 85' lang='lat' dir='ltr'>nomine</span> <span class='ocrx_word' id='word_1_481' title='bbox 536 2842 679 2869; x_wconf 75' lang='lat' dir='ltr'>ceineatur</span> <span class='ocrx_word' id='word_1_482' title='bbox 687 2860 697 2875; x_wconf 91' lang='lat'>,</span> 
     </span>
    </p>

    <p class='ocr_par' dir='ltr' id='par_1_22' title="bbox 204 2875 1276 3108">
     <span class='ocr_line' id='line_1_71' title="bbox 241 2875 1270 2918; baseline -0.003 -8"><span class='ocrx_word' id='word_1_483' title='bbox 241 2879 287 2910; x_wconf 89' lang='lat' dir='ltr'>Ac</span> <span class='ocrx_word' id='word_1_484' title='bbox 307 2889 377 2910; x_wconf 89' lang='lat' dir='ltr'>cum</span> <span class='ocrx_word' id='word_1_485' title='bbox 397 2879 533 2909; x_wconf 88' lang='lat' dir='ltr'>omnibus</span> <span class='ocrx_word' id='word_1_486' title='bbox 547 2877 609 2918; x_wconf 27' lang='lat' dir='ltr'>*aliis</span> <span class='ocrx_word' id='word_1_487' title='bbox 631 2875 820 2914; x_wconf 79' lang='lat' dir='ltr'>RedditibuS,</span> <span class='ocrx_word' id='word_1_488' title='bbox 837 2875 1270 2913; x_wconf 71' lang='lat' dir='ltr'>Emolumentis,Apportis-,&amp;</span> 
     </span>
     <span class='ocr_line' id='line_1_72' title="bbox 204 2914 1274 2954; baseline -0.004 -5"><span class='ocrx_word' id='word_1_489' title='bbox 204 2918 264 2950; x_wconf 79' lang='lat' dir='ltr'>aliis</span> <span class='ocrx_word' id='word_1_490' title='bbox 285 2916 424 2948; x_wconf 82' lang='lat' dir='ltr'>Proficuis</span> <span class='ocrx_word' id='word_1_491' title='bbox 446 2917 672 2954; x_wconf 76' lang='lat' dir='ltr'>quibuicumque</span> <span class='ocrx_word' id='word_1_492' title='bbox 704 2914 775 2945; x_wconf 88' lang='lat' dir='ltr'>adeo</span> <span class='ocrx_word' id='word_1_493' title='bbox 790 2916 903 2951; x_wconf 80' lang='lat' dir='ltr'>integre</span> <span class='ocrx_word' id='word_1_494' title='bbox 917 2916 950 2946; x_wconf 86' lang='lat'>&amp;</span> <span class='ocrx_word' id='word_1_495' title='bbox 971 2915 1072 2944; x_wconf 87' lang='lat' dir='ltr'>eodem</span> <span class='ocrx_word' id='word_1_496' title='bbox 1090 2914 1181 2943; x_wconf 91' lang='lat' dir='ltr'>modo</span> <span class='ocrx_word' id='word_1_497' title='bbox 1204 2915 1274 2945; x_wconf 81' lang='lat' dir='ltr'>sicut</span> 
     </span>
     <span class='ocr_line' id='line_1_73' title="bbox 207 2939 1274 2995; baseline -0.006 -8"><span class='ocrx_word' id='word_1_498' title='bbox 207 2967 262 2988; x_wconf 88' lang='lat' dir='ltr'>vos</span> <span class='ocrx_word' id='word_1_499' title='bbox 277 2957 327 2995; x_wconf 89' lang='lat'>&amp;,</span> <span class='ocrx_word' id='word_1_500' title='bbox 341 2956 458 2986; x_wconf 67' lang='lat' dir='ltr'>dileetus</span> <span class='ocrx_word' id='word_1_501' title='bbox 473 2956 506 2986; x_wconf 70' lang='grc' dir='ltr'>ὃς</span> <span class='ocrx_word' id='word_1_502' title='bbox 526 2954 611 2984; x_wconf 82' lang='lat' dir='ltr'>fidelis</span> <span class='ocrx_word' id='word_1_503' title='bbox 631 2939 745 2991; x_wconf 64' lang='lat' dir='ltr'>noiier,</span> <span class='ocrx_word' id='word_1_504' title='bbox 766 2953 913 2990; x_wconf 85' lang='lat' dir='ltr'>Philippus</span> <span class='ocrx_word' id='word_1_505' title='bbox 934 2952 970 2982; x_wconf 89' lang='lat' dir='ltr'>de</span> <span class='ocrx_word' id='word_1_506' title='bbox 987 2953 1152 2993; x_wconf 85' lang='lat' dir='ltr'>Lymbury,</span> <span class='ocrx_word' id='word_1_507' title='bbox 1173 2962 1205 2983; x_wconf 90' lang='lat' dir='ltr'>ea</span> <span class='ocrx_word' id='word_1_508' title='bbox 1220 2954 1274 2990; x_wconf 93' lang='lat' dir='ltr'>de,</span> 
     </span>
     <span class='ocr_line' id='line_1_74' title="bbox 207 2990 1275 3031; baseline -0.005 -5"><span class='ocrx_word' id='word_1_509' title='bbox 207 2995 318 3026; x_wconf 62' lang='lat' dir='ltr'>dilecto</span> <span class='ocrx_word' id='word_1_510' title='bbox 332 2995 364 3025; x_wconf 88' lang='lat'>&amp;</span> <span class='ocrx_word' id='word_1_511' title='bbox 387 2993 459 3024; x_wconf 83' lang='lat' dir='ltr'>fideli</span> <span class='ocrx_word' id='word_1_512' title='bbox 474 2994 591 3031; x_wconf 90' lang='lat' dir='ltr'>nostro,</span> <span class='ocrx_word' id='word_1_513' title='bbox 608 2992 727 3023; x_wconf 85' lang='lat' dir='ltr'>Thoma</span> <span class='ocrx_word' id='word_1_514' title='bbox 749 2992 784 3022; x_wconf 91' lang='lat' dir='ltr'>de</span> <span class='ocrx_word' id='word_1_515' title='bbox 798 2991 916 3022; x_wconf 82' lang='lat' dir='ltr'>Holand</span> <span class='ocrx_word' id='word_1_516' title='bbox 936 3001 1026 3029; x_wconf 85' lang='lat' dir='ltr'>nuper</span> <span class='ocrx_word' id='word_1_517' title='bbox 1047 2990 1206 3029; x_wconf 84' lang='lat' dir='ltr'>Capitaneo</span> <span class='ocrx_word' id='word_1_518' title='bbox 1221 2993 1275 3022; x_wconf 90' lang='lat' dir='ltr'>ibi-</span> 
     </span>
     <span class='ocr_line' id='line_1_75' title="bbox 207 3030 1276 3072; baseline -0.005 -8"><span class='ocrx_word' id='word_1_519' title='bbox 207 3034 276 3065; x_wconf 88' lang='lat' dir='ltr'>dem</span> <span class='ocrx_word' id='word_1_520' title='bbox 285 3056 295 3072; x_wconf 89' lang='lat'>,</span> <span class='ocrx_word' id='word_1_521' title='bbox 314 3033 349 3064; x_wconf 90' lang='lat' dir='ltr'>ad</span> <span class='ocrx_word' id='word_1_522' title='bbox 363 3042 435 3070; x_wconf 87' lang='lat' dir='ltr'>opus</span> <span class='ocrx_word' id='word_1_523' title='bbox 447 3032 517 3062; x_wconf 72' lang='lat' dir='ltr'>dieti</span> <span class='ocrx_word' id='word_1_524' title='bbox 533 3031 748 3068; x_wconf 84' lang='lat' dir='ltr'>Consanguinei</span> <span class='ocrx_word' id='word_1_525' title='bbox 762 3031 870 3068; x_wconf 87' lang='lat' dir='ltr'>nostri,</span> <span class='ocrx_word' id='word_1_526' title='bbox 885 3039 1014 3067; x_wconf 87' lang='lat' dir='ltr'>tempore</span> <span class='ocrx_word' id='word_1_527' title='bbox 1032 3040 1090 3068; x_wconf 91' lang='lat' dir='ltr'>quo</span> <span class='ocrx_word' id='word_1_528' title='bbox 1103 3040 1154 3060; x_wconf 91' lang='lat' dir='ltr'>vos</span> <span class='ocrx_word' id='word_1_529' title='bbox 1168 3030 1276 3060; x_wconf 83' lang='lat' dir='ltr'>Custo-</span> 
     </span>
     <span class='ocr_line' id='line_1_76' title="bbox 209 3068 1276 3108; baseline -0.004 -5"><span class='ocrx_word' id='word_1_530' title='bbox 209 3072 285 3103; x_wconf 86' lang='lat' dir='ltr'>diam</span> <span class='ocrx_word' id='word_1_531' title='bbox 308 3070 440 3102; x_wconf 69' lang='lat' dir='ltr'>Ducatfis</span> <span class='ocrx_word' id='word_1_532' title='bbox 461 3070 589 3108; x_wconf 54' lang='lat' dir='ltr'>praedicii</span> <span class='ocrx_word' id='word_1_533' title='bbox 603 3092 613 3108; x_wconf 88' lang='lat'>,</span> <span class='ocrx_word' id='word_1_534' title='bbox 633 3071 752 3100; x_wconf 89' lang='lat' dir='ltr'>nomine</span> <span class='ocrx_word' id='word_1_535' title='bbox 774 3069 843 3099; x_wconf 58' lang='lat' dir='ltr'>dieii</span> <span class='ocrx_word' id='word_1_536' title='bbox 866 3068 1095 3106; x_wconf 74' lang='lat' dir='ltr'>Consmiguinei,</span> <span class='ocrx_word' id='word_1_537' title='bbox 1113 3069 1276 3107; x_wconf 84' lang='lat' dir='ltr'>recepistis,</span> 
     </span>
    </p>

    <p class='ocr_par' dir='ltr' id='par_1_23' title="bbox 209 3107 1282 3335">
     <span class='ocr_line' id='line_1_77' title="bbox 249 3107 1276 3147; baseline -0.005 -6"><span class='ocrx_word' id='word_1_538' title='bbox 249 3110 283 3141; x_wconf 90' lang='lat' dir='ltr'>Et</span> <span class='ocrx_word' id='word_1_539' title='bbox 306 3110 374 3140; x_wconf 80' lang='lat' dir='ltr'>ideo</span> <span class='ocrx_word' id='word_1_540' title='bbox 397 3110 480 3140; x_wconf 87' lang='lat' dir='ltr'>vobis</span> <span class='ocrx_word' id='word_1_541' title='bbox 494 3110 523 3138; x_wconf 92' lang='lat' dir='ltr'>in</span> <span class='ocrx_word' id='word_1_542' title='bbox 545 3108 615 3138; x_wconf 89' lang='lat' dir='ltr'>Fide</span> <span class='ocrx_word' id='word_1_543' title='bbox 635 3109 669 3139; x_wconf 64' lang='grc' dir='ltr'>ὅ(</span> <span class='ocrx_word' id='word_1_544' title='bbox 689 3107 836 3147; x_wconf 71' lang='lat' dir='ltr'>Ligeantia</span> <span class='ocrx_word' id='word_1_545' title='bbox 851 3130 861 3145; x_wconf 90' lang='lat'>,</span> <span class='ocrx_word' id='word_1_546' title='bbox 893 3108 993 3146; x_wconf 83' lang='lat' dir='ltr'>quibus</span> <span class='ocrx_word' id='word_1_547' title='bbox 1014 3108 1098 3137; x_wconf 82' lang='lat' dir='ltr'>nobis</span> <span class='ocrx_word' id='word_1_548' title='bbox 1121 3109 1276 3145; x_wconf 82' lang='lat' dir='ltr'>tenemini,</span> 
     </span>
     <span class='ocr_line' id='line_1_78' title="bbox 210 3145 1278 3187; baseline -0.006 -7"><span class='ocrx_word' id='word_1_549' title='bbox 210 3150 387 3187; x_wconf 77' lang='lat' dir='ltr'>mjungimus</span> <span class='ocrx_word' id='word_1_550' title='bbox 401 3148 434 3178; x_wconf 86' lang='lat'>&amp;</span> <span class='ocrx_word' id='word_1_551' title='bbox 449 3146 614 3177; x_wconf 80' lang='lat' dir='ltr'>mandamus</span> <span class='ocrx_word' id='word_1_552' title='bbox 631 3147 729 3184; x_wconf 83' lang='lat' dir='ltr'>quod,</span> <span class='ocrx_word' id='word_1_553' title='bbox 747 3147 833 3184; x_wconf 67' lang='lat' dir='ltr'>quam</span> <span class='ocrx_word' id='word_1_554' title='bbox 856 3147 939 3176; x_wconf 78' lang='lat' dir='ltr'>citius</span> <span class='ocrx_word' id='word_1_555' title='bbox 955 3145 1091 3175; x_wconf 84' lang='lat' dir='ltr'>Mandata</span> <span class='ocrx_word' id='word_1_556' title='bbox 1106 3146 1278 3183; x_wconf 85' lang='lat' dir='ltr'>nostra,pro</span> 
     </span>
     <span class='ocr_line' id='line_1_79' title="bbox 209 3184 1278 3223; baseline -0.007 -4"><span class='ocrx_word' id='word_1_557' title='bbox 209 3189 374 3219; x_wconf 84' lang='lat' dir='ltr'>liberatione</span> <span class='ocrx_word' id='word_1_558' title='bbox 387 3187 474 3217; x_wconf 61' lang='lat' dir='ltr'>diet-ae</span> <span class='ocrx_word' id='word_1_559' title='bbox 497 3185 662 3223; x_wconf 69' lang='lat' dir='ltr'>Custodiae,</span> <span class='ocrx_word' id='word_1_560' title='bbox 685 3185 750 3222; x_wconf 82' lang='lat' dir='ltr'>illis,</span> <span class='ocrx_word' id='word_1_561' title='bbox 766 3195 835 3222; x_wconf 80' lang='lat' dir='ltr'>quos</span> <span class='ocrx_word' id='word_1_562' title='bbox 849 3184 883 3215; x_wconf 87' lang='lat' dir='ltr'>ad</span> <span class='ocrx_word' id='word_1_563' title='bbox 899 3184 957 3214; x_wconf 90' lang='lat' dir='ltr'>hoc</span> <span class='ocrx_word' id='word_1_564' title='bbox 973 3184 1217 3222; x_wconf 77' lang='lat' dir='ltr'>deputaverimus,</span> <span class='ocrx_word' id='word_1_565' title='bbox 1238 3184 1278 3213; x_wconf 75' lang='lat' dir='ltr'>fa-</span> 
     </span>
     <span class='ocr_line' id='line_1_80' title="bbox 211 3221 1279 3265; baseline -0.006 -9"><span class='ocrx_word' id='word_1_566' title='bbox 211 3226 331 3265; x_wconf 69' lang='lat' dir='ltr'>cienda,</span> <span class='ocrx_word' id='word_1_567' title='bbox 346 3225 522 3263; x_wconf 86' lang='lat' dir='ltr'>receperitis,</span> <span class='ocrx_word' id='word_1_568' title='bbox 536 3224 655 3254; x_wconf 89' lang='lat' dir='ltr'>eandem</span> <span class='ocrx_word' id='word_1_569' title='bbox 671 3222 842 3253; x_wconf 87' lang='lat' dir='ltr'>Custodiam</span> <span class='ocrx_word' id='word_1_570' title='bbox 853 3246 862 3261; x_wconf 93' lang='lat'>,</span> <span class='ocrx_word' id='word_1_571' title='bbox 877 3225 906 3254; x_wconf 90' lang='lat' dir='ltr'>in</span> <span class='ocrx_word' id='word_1_572' title='bbox 930 3223 1025 3253; x_wconf 65' lang='lat' dir='ltr'>form-,i</span> <span class='ocrx_word' id='word_1_573' title='bbox 1047 3222 1184 3260; x_wconf 62' lang='lat' dir='ltr'>praedieta</span> <span class='ocrx_word' id='word_1_574' title='bbox 1199 3243 1208 3258; x_wconf 81' lang='lat'>,</span> <span class='ocrx_word' id='word_1_575' title='bbox 1234 3221 1279 3252; x_wconf 89' lang='lat' dir='ltr'>vel</span> 
     </span>
     <span class='ocr_line' id='line_1_81' title="bbox 211 3261 1282 3304; baseline -0.005 -8"><span class='ocrx_word' id='word_1_576' title='bbox 211 3266 340 3304; x_wconf 86' lang='lat' dir='ltr'>meliori,</span> <span class='ocrx_word' id='word_1_577' title='bbox 362 3265 382 3295; x_wconf 83' lang='lat' dir='ltr'>si</span> <span class='ocrx_word' id='word_1_578' title='bbox 402 3263 547 3302; x_wconf 86' lang='lat' dir='ltr'>poteritis,</span> <span class='ocrx_word' id='word_1_579' title='bbox 567 3262 623 3292; x_wconf 67' lang='lat' dir='ltr'>una</span> <span class='ocrx_word' id='word_1_580' title='bbox 645 3271 714 3292; x_wconf 92' lang='lat' dir='ltr'>curn</span> <span class='ocrx_word' id='word_1_581' title='bbox 728 3263 864 3292; x_wconf 88' lang='lat' dir='ltr'>omnibus</span> <span class='ocrx_word' id='word_1_582' title='bbox 880 3261 978 3292; x_wconf 87' lang='lat' dir='ltr'>Rebus</span> <span class='ocrx_word' id='word_1_583' title='bbox 1000 3261 1140 3299; x_wconf 65' lang='lat' dir='ltr'>praetactis</span> <span class='ocrx_word' id='word_1_584' title='bbox 1154 3282 1164 3298; x_wconf 86' lang='lat'>,</span> <span class='ocrx_word' id='word_1_585' title='bbox 1185 3262 1282 3291; x_wconf 86' lang='lat' dir='ltr'>dimit-</span> 
     </span>
     <span class='ocr_line' id='line_1_82' title="bbox 209 3311 270 3335; baseline 0 0"><span class='ocrx_word' id='word_1_586' title='bbox 209 3311 270 3335; x_wconf 82' lang='lat' dir='ltr'>tatis</span> 
     </span>
    </p>

    <p class='ocr_par' dir='ltr' id='par_1_24' title="bbox 215 3327 1284 3492">
     <span class='ocr_line' id='line_1_83' title="bbox 252 3327 1284 3376; baseline -0.007 -3"><span class='ocrx_word' id='word_1_587' title='bbox 252 3327 289 3373; x_wconf 68' lang='lat' dir='ltr'>E}</span> <span class='ocrx_word' id='word_1_588' title='bbox 310 3342 424 3372; x_wconf 85' lang='lat' dir='ltr'>interim</span> <span class='ocrx_word' id='word_1_589' title='bbox 450 3339 557 3370; x_wconf 88' lang='lat' dir='ltr'>salvum</span> <span class='ocrx_word' id='word_1_590' title='bbox 579 3338 727 3376; x_wconf 84' lang='lat' dir='ltr'>Regimen</span> <span class='ocrx_word' id='word_1_591' title='bbox 748 3340 781 3370; x_wconf 68' lang='grc' dir='ltr'>ὃ(</span> <span class='ocrx_word' id='word_1_592' title='bbox 810 3338 935 3369; x_wconf 87' lang='lat' dir='ltr'>securam</span> <span class='ocrx_word' id='word_1_593' title='bbox 957 3337 1127 3368; x_wconf 84' lang='lat' dir='ltr'>Custodiam</span> <span class='ocrx_word' id='word_1_594' title='bbox 1150 3337 1257 3367; x_wconf 84' lang='lat' dir='ltr'>ibidem</span> <span class='ocrx_word' id='word_1_595' title='bbox 1274 3359 1284 3375; x_wconf 88' lang='lat'>,</span> 
     </span>
     <span class='ocr_line' id='line_1_84' title="bbox 215 3374 1284 3419; baseline -0.007 -7"><span class='ocrx_word' id='word_1_596' title='bbox 215 3390 299 3419; x_wconf 78' lang='lat' dir='ltr'>prout</span> <span class='ocrx_word' id='word_1_597' title='bbox 322 3381 420 3411; x_wconf 79' lang='lat' dir='ltr'>melius</span> <span class='ocrx_word' id='word_1_598' title='bbox 437 3380 456 3399; x_wconf 63' lang='lat'>²*</span> <span class='ocrx_word' id='word_1_599' title='bbox 475 3378 603 3416; x_wconf 78' lang='lat' dir='ltr'>expedire</span> <span class='ocrx_word' id='word_1_600' title='bbox 619 3378 758 3414; x_wconf 86' lang='lat' dir='ltr'>videritis,</span> <span class='ocrx_word' id='word_1_601' title='bbox 774 3378 832 3407; x_wconf 64' lang='lat' dir='ltr'>tfim</span> <span class='ocrx_word' id='word_1_602' title='bbox 850 3387 903 3414; x_wconf 90' lang='lat' dir='ltr'>pro</span> <span class='ocrx_word' id='word_1_603' title='bbox 921 3375 1096 3406; x_wconf 81' lang='lat' dir='ltr'>Commodo</span> <span class='ocrx_word' id='word_1_604' title='bbox 1111 3377 1143 3407; x_wconf 64' lang='grc' dir='ltr'>ὃς</span> <span class='ocrx_word' id='word_1_605' title='bbox 1158 3374 1284 3405; x_wconf 88' lang='lat' dir='ltr'>Honore</span> 
     </span>
     <span class='ocr_line' id='line_1_85' title="bbox 217 3413 1284 3456; baseline -0.005 -7"><span class='ocrx_word' id='word_1_606' title='bbox 217 3419 431 3456; x_wconf 71' lang='lat' dir='ltr'>nostris,qu{1m</span> <span class='ocrx_word' id='word_1_607' title='bbox 447 3428 498 3456; x_wconf 88' lang='lat' dir='ltr'>pro</span> <span class='ocrx_word' id='word_1_608' title='bbox 514 3417 675 3447; x_wconf 80' lang='lat' dir='ltr'>Salvatione</span> <span class='ocrx_word' id='word_1_609' title='bbox 689 3415 775 3445; x_wconf 71' lang='lat' dir='ltr'>dietae</span> <span class='ocrx_word' id='word_1_610' title='bbox 790 3415 1118 3455; x_wconf 73' lang='lat' dir='ltr'>Patriae,app0natis3&amp;</span> <span class='ocrx_word' id='word_1_611' title='bbox 1132 3414 1188 3443; x_wconf 91' lang='lat' dir='ltr'>hoc</span> <span class='ocrx_word' id='word_1_612' title='bbox 1198 3413 1284 3452; x_wconf 85' lang='lat' dir='ltr'>,licut</span> 
     </span>
     <span class='ocr_line' id='line_1_86' title="bbox 217 3454 916 3492; baseline -0.009 -4"><span class='ocrx_word' id='word_1_613' title='bbox 217 3458 253 3489; x_wconf 89' lang='lat' dir='ltr'>de</span> <span class='ocrx_word' id='word_1_614' title='bbox 268 3458 351 3487; x_wconf 89' lang='lat' dir='ltr'>vobis</span> <span class='ocrx_word' id='word_1_615' title='bbox 367 3457 554 3492; x_wconf 72' lang='lat' dir='ltr'>confidimus,</span> <span class='ocrx_word' id='word_1_616' title='bbox 568 3455 648 3485; x_wconf 91' lang='lat' dir='ltr'>nullo</span> <span class='ocrx_word' id='word_1_617' title='bbox 666 3454 758 3485; x_wconf 90' lang='lat' dir='ltr'>modo</span> <span class='ocrx_word' id='word_1_618' title='bbox 774 3455 916 3483; x_wconf 86' lang='lat' dir='ltr'>omittatis.</span> 
     </span>
    </p>

    <p class='ocr_par' dir='ltr' id='par_1_25' title="bbox 251 3490 1061 3533">
     <span class='ocr_line' id='line_1_87' title="bbox 251 3490 1061 3533; baseline -0.007 -6"><span class='ocrx_word' id='word_1_619' title='bbox 251 3494 320 3527; x_wconf 85' lang='lat' dir='ltr'>Dat.</span> <span class='ocrx_word' id='word_1_620' title='bbox 339 3496 413 3533; x_wconf 85' lang='lat' dir='ltr'>apud</span> <span class='ocrx_word' id='word_1_621' title='bbox 432 3493 717 3526; x_wconf 84' lang='lat' dir='ltr'>Westmonasterium</span> <span class='ocrx_word' id='word_1_622' title='bbox 728 3493 846 3532; x_wconf 81' lang='lat' dir='ltr'>,quinto</span> <span class='ocrx_word' id='word_1_623' title='bbox 864 3491 910 3522; x_wconf 88' lang='lat' dir='ltr'>die</span> <span class='ocrx_word' id='word_1_624' title='bbox 928 3490 1061 3532; x_wconf 86' lang='lat' dir='ltr'>Augusti.</span> 
     </span>
    </p>
   </div>
   <div class='ocr_carea' id='block_1_14' title="bbox 37 1884 128 1908">
    <p class='ocr_par' dir='ltr' id='par_1_26' title="bbox 37 1884 128 1908">
     <span class='ocr_line' id='line_1_88' title="bbox 37 1884 128 1908; baseline -0.011 0"><span class='ocrx_word' id='word_1_625' title='bbox 37 1884 128 1908; x_wconf 42' lang='lat' dir='ltr'>franc.</span> 
     </span>
    </p>
   </div>
   <div class='ocr_carea' id='block_1_15' title="bbox 39 1922 166 1985">
    <p class='ocr_par' dir='ltr' id='par_1_27' title="bbox 39 1922 166 1985">
     <span class='ocr_line' id='line_1_89' title="bbox 41 1922 166 1955; baseline -0.016 -10"><span class='ocrx_word' id='word_1_626' title='bbox 41 1928 87 1955; x_wconf 81' lang='lat'>3²·</span> <span class='ocrx_word' id='word_1_627' title='bbox 102 1922 166 1954; x_wconf 83' lang='lat' dir='ltr'>E.3.</span> 
     </span>
     <span class='ocr_line' id='line_1_90' title="bbox 39 1956 112 1985; baseline -0.014 0"><span class='ocrx_word' id='word_1_628' title='bbox 39 1956 112 1985; x_wconf 81' lang='lat' dir='ltr'>m.8.</span> 
     </span>
    </p>
   </div>
   <div class='ocr_carea' id='block_1_16' title="bbox 63 3388 166 3457">
    <p class='ocr_par' dir='ltr' id='par_1_28' title="bbox 63 3388 166 3457">
     <span class='ocr_line' id='line_1_91' title="bbox 63 3388 155 3419; baseline 0.022 -3"><span class='ocrx_word' id='word_1_629' title='bbox 63 3388 81 3411; x_wconf 66' lang='lat'>⁹⁸</span> <span class='ocrx_word' id='word_1_630' title='bbox 100 3389 155 3419; x_wconf 81' lang='lat' dir='ltr'>v1.&#39;</span> 
     </span>
     <span class='ocr_line' id='line_1_92' title="bbox 106 3435 166 3457; baseline 0.017 -4"><span class='ocrx_word' id='word_1_631' title='bbox 106 3435 166 3457; x_wconf 87' lang='lat'>101.</span> 
     </span>
    </p>
   </div>
   <div class='ocr_carea' id='block_1_17' title="bbox 976 3570 1247 3611">
    <p class='ocr_par' dir='ltr' id='par_1_29' title="bbox 976 3570 1247 3611">
     <span class='ocr_line' id='line_1_93' title="bbox 976 3570 1247 3611; baseline -0.007 -9"><span class='ocrx_word' id='word_1_632' title='bbox 976 3574 1032 3602; x_wconf 81' lang='lat' dir='ltr'>Per</span> <span class='ocrx_word' id='word_1_633' title='bbox 1047 3570 1128 3611; x_wconf 71' lang='lat' dir='ltr'>ipfiaem</span> <span class='ocrx_word' id='word_1_634' title='bbox 1143 3573 1247 3608; x_wconf 65' lang='lat' dir='ltr'>Regem.</span> 
     </span>
    </p>
   </div>
   <div class='ocr_carea' id='block_1_18' title="bbox 590 3643 1282 3660">
    <p class='ocr_par' dir='ltr' id='par_1_30' title="bbox 590 3643 1282 3660">
     <span class='ocr_line' id='line_1_94' title="bbox 590 3643 1282 3660; baseline 0 0"><span class='ocrx_word' id='word_1_635' title='bbox 590 3643 1282 3660; x_wconf 95' lang='lat' dir='ltr'> </span> 
     </span>
    </p>
   </div>
   <div class='ocr_carea' id='block_1_19' title="bbox 333 3698 1174 3749">
    <p class='ocr_par' dir='ltr' id='par_1_31' title="bbox 333 3698 1174 3749">
     <span class='ocr_line' id='line_1_95' title="bbox 333 3698 1174 3749; baseline -0.004 -13"><span class='ocrx_word' id='word_1_636' title='bbox 333 3702 391 3736; x_wconf 79' lang='lat' dir='ltr'>Ad</span> <span class='ocrx_word' id='word_1_637' title='bbox 410 3705 581 3749; x_wconf 71' lang='lat' dir='ltr'>Capitaneos</span> <span class='ocrx_word' id='word_1_638' title='bbox 599 3705 629 3733; x_wconf 84' lang='lat' dir='ltr'>in</span> <span class='ocrx_word' id='word_1_639' title='bbox 647 3704 808 3733; x_wconf 75' lang='lat' dir='ltr'>Britannia</span> <span class='ocrx_word' id='word_1_640' title='bbox 813 3701 905 3747; x_wconf 74' lang='lat' dir='ltr'>fieper</span> <span class='ocrx_word' id='word_1_641' title='bbox 926 3699 1007 3734; x_wconf 64' lang='lat' dir='ltr'>dic‘la</span> <span class='ocrx_word' id='word_1_642' title='bbox 1026 3698 1174 3744; x_wconf 75' lang='lat' dir='ltr'>Custodia.</span> 
     </span>
    </p>
   </div>
   <div class='ocr_carea' id='block_1_20' title="bbox 69 3783 204 3817">
    <p class='ocr_par' dir='ltr' id='par_1_32' title="bbox 69 3783 204 3817">
     <span class='ocr_line' id='line_1_96' title="bbox 69 3783 204 3817; baseline -0.03 0"><span class='ocrx_word' id='word_1_643' title='bbox 69 3786 147 3817; x_wconf 79' lang='lat' dir='ltr'>Ann.</span> <span class='ocrx_word' id='word_1_644' title='bbox 164 3783 204 3814; x_wconf 92' lang='lat' dir='ltr'>D.</span> 
     </span>
    </p>
   </div>
   <div class='ocr_carea' id='block_1_21' title="bbox 92 3784 1288 3863">
    <p class='ocr_par' dir='ltr' id='par_1_33' title="bbox 92 3784 1288 3863">
     <span class='ocr_line' id='line_1_97' title="bbox 92 3784 1288 3862; baseline -0.002 -46"><span class='ocrx_word' id='word_1_645' title='bbox 92 3823 166 3862; x_wconf 48' lang='lat'>1258</span> <span class='ocrx_word' id='word_1_646' title='bbox 230 3786 286 3847; x_wconf 85' lang='lat' dir='ltr'><strong>R</strong></span> <span class='ocrx_word' id='word_1_647' title='bbox 298 3786 323 3816; x_wconf 81' lang='lat' dir='ltr'><strong>E</strong></span> <span class='ocrx_word' id='word_1_648' title='bbox 333 3787 380 3824; x_wconf 86' lang='lat' dir='ltr'>X,</span> <span class='ocrx_word' id='word_1_649' title='bbox 400 3787 522 3818; x_wconf 65' lang='lat' dir='ltr'>Dilectis</span> <span class='ocrx_word' id='word_1_650' title='bbox 535 3787 569 3818; x_wconf 64' lang='grc' dir='ltr'>ὃς</span> <span class='ocrx_word' id='word_1_651' title='bbox 583 3784 711 3815; x_wconf 85' lang='lat' dir='ltr'>fidelibus</span> <span class='ocrx_word' id='word_1_652' title='bbox 731 3785 801 3823; x_wconf 88' lang='lat' dir='ltr'>suis,</span> <span class='ocrx_word' id='word_1_653' title='bbox 810 3785 986 3824; x_wconf 86' lang='lat' dir='ltr'>Capitaneo,</span> <span class='ocrx_word' id='word_1_654' title='bbox 1001 3784 1240 3822; x_wconf 79' lang='lat' dir='ltr'>Constabulario,</span> <span class='ocrx_word' id='word_1_655' title='bbox 1254 3795 1288 3815; x_wconf 90' lang='lat' dir='ltr'>ac</span> 
     </span>
     <span class='ocr_line' id='line_1_98' title="bbox 114 3845 177 3863; baseline 0 -14"><span class='ocrx_word' id='word_1_656' title='bbox 114 3845 124 3863; x_wconf 58' lang='lat'>3</span> <span class='ocrx_word' id='word_1_657' title='bbox 173 3845 177 3849; x_wconf 93' lang='lat'>.</span> 
     </span>
    </p>
   </div>
   <div class='ocr_carea' id='block_1_22' title="bbox 70 3824 1295 4056">
    <p class='ocr_par' dir='ltr' id='par_1_34' title="bbox 309 3824 1109 3864">
     <span class='ocr_line' id='line_1_99' title="bbox 309 3824 1109 3864; baseline -0.001 -10"><span class='ocrx_word' id='word_1_658' title='bbox 309 3824 465 3861; x_wconf 84' lang='lat' dir='ltr'>Receptori</span> <span class='ocrx_word' id='word_1_659' title='bbox 479 3825 577 3856; x_wconf 88' lang='lat' dir='ltr'>nostris</span> <span class='ocrx_word' id='word_1_660' title='bbox 590 3824 627 3854; x_wconf 91' lang='lat' dir='ltr'>de</span> <span class='ocrx_word' id='word_1_661' title='bbox 640 3824 734 3854; x_wconf 88' lang='lat' dir='ltr'>Vanes</span> <span class='ocrx_word' id='word_1_662' title='bbox 749 3828 780 3853; x_wconf 69' lang='grc' dir='ltr'>ὁ(</span> <span class='ocrx_word' id='word_1_663' title='bbox 796 3824 831 3853; x_wconf 89' lang='lat' dir='ltr'>de</span> <span class='ocrx_word' id='word_1_664' title='bbox 846 3824 957 3864; x_wconf 85' lang='lat' dir='ltr'>Eluyn,</span> <span class='ocrx_word' id='word_1_665' title='bbox 977 3825 1109 3855; x_wconf 86' lang='lat' dir='ltr'>Salutem.</span> 
     </span>
    </p>

    <p class='ocr_par' dir='ltr' id='par_1_35' title="bbox 70 3858 1295 4056">
     <span class='ocr_line' id='line_1_100' title="bbox 70 3858 1293 3903; baseline -0.002 -12"><span class='ocrx_word' id='word_1_666' title='bbox 70 3868 124 3891; x_wconf 73' lang='lat' dir='ltr'>An.</span> <span class='ocrx_word' id='word_1_667' title='bbox 144 3872 188 3899; x_wconf 82' lang='lat'>3²·</span> <span class='ocrx_word' id='word_1_668' title='bbox 268 3861 350 3903; x_wconf 73' lang='lat' dir='ltr'>Cum</span> <span class='ocrx_word' id='word_1_669' title='bbox 372 3865 411 3892; x_wconf 87' lang='lat' dir='ltr'>ob</span> <span class='ocrx_word' id='word_1_670' title='bbox 427 3873 513 3893; x_wconf 83' lang='lat' dir='ltr'>certas</span> <span class='ocrx_word' id='word_1_671' title='bbox 528 3863 618 3894; x_wconf 86' lang='lat' dir='ltr'>causas</span> <span class='ocrx_word' id='word_1_672' title='bbox 630 3861 691 3896; x_wconf 61' lang='lat' dir='ltr'>&amp;a</span> <span class='ocrx_word' id='word_1_673' title='bbox 708 3861 834 3900; x_wconf 83' lang='lat' dir='ltr'>utsupra</span> <span class='ocrx_word' id='word_1_674' title='bbox 852 3864 930 3901; x_wconf 76' lang='lat' dir='ltr'>usque</span> <span class='ocrx_word' id='word_1_675' title='bbox 951 3863 1007 3901; x_wconf 72' lang='lat' dir='ltr'>ibt,</span> <span class='ocrx_word' id='word_1_676' title='bbox 1027 3864 1061 3895; x_wconf 90' lang='lat'>&amp;</span> <span class='ocrx_word' id='word_1_677' title='bbox 1082 3862 1140 3892; x_wconf 89' lang='lat' dir='ltr'>aliis</span> <span class='ocrx_word' id='word_1_678' title='bbox 1161 3858 1293 3898; x_wconf 83' lang='lat' dir='ltr'>proficuis</span> 
     </span>
     <span class='ocr_line' id='line_1_101' title="bbox 71 3897 1292 3940; baseline 0 -9"><span class='ocrx_word' id='word_1_679' title='bbox 71 3906 104 3929; x_wconf 75' lang='grc' dir='ltr'>Ε.</span> <span class='ocrx_word' id='word_1_680' title='bbox 117 3911 141 3936; x_wconf 80' lang='lat'>3-</span> <span class='ocrx_word' id='word_1_681' title='bbox 231 3902 472 3939; x_wconf 62' lang='lat' dir='ltr'>quibuicunxque,</span> <span class='ocrx_word' id='word_1_682' title='bbox 491 3901 527 3935; x_wconf 54' lang='grc' dir='ltr'>σὲ·</span> <span class='ocrx_word' id='word_1_683' title='bbox 543 3910 608 3930; x_wconf 82' lang='lat' dir='ltr'>tunc</span> <span class='ocrx_word' id='word_1_684' title='bbox 619 3901 653 3940; x_wconf 84' lang='lat' dir='ltr'>fic</span> <span class='ocrx_word' id='word_1_685' title='bbox 667 3922 678 3938; x_wconf 89' lang='lat'>,</span> <span class='ocrx_word' id='word_1_686' title='bbox 704 3900 777 3930; x_wconf 86' lang='lat' dir='ltr'>adeo</span> <span class='ocrx_word' id='word_1_687' title='bbox 799 3900 906 3937; x_wconf 75' lang='lat' dir='ltr'>integre</span> <span class='ocrx_word' id='word_1_688' title='bbox 928 3901 1012 3939; x_wconf 85' lang='lat' dir='ltr'>ficut,</span> <span class='ocrx_word' id='word_1_689' title='bbox 1032 3900 1130 3931; x_wconf 63' lang='lat' dir='ltr'>dilecti</span> <span class='ocrx_word' id='word_1_690' title='bbox 1150 3901 1184 3931; x_wconf 90' lang='lat'>&amp;</span> <span class='ocrx_word' id='word_1_691' title='bbox 1199 3897 1292 3928; x_wconf 80' lang='lat' dir='ltr'>fideles</span> 
     </span>
     <span class='ocr_line' id='line_1_102' title="bbox 71 3936 1295 3976; baseline -0.002 -7"><span class='ocrx_word' id='word_1_692' title='bbox 71 3943 209 3976; x_wconf 42' lang='lat' dir='ltr'>fram-⁴32.</span> <span class='ocrx_word' id='word_1_693' title='bbox 232 3938 337 3975; x_wconf 87' lang='lat' dir='ltr'>nostri,</span> <span class='ocrx_word' id='word_1_694' title='bbox 357 3938 487 3968; x_wconf 78' lang='lat' dir='ltr'>Thomas</span> <span class='ocrx_word' id='word_1_695' title='bbox 508 3939 694 3975; x_wconf 88' lang='lat' dir='ltr'>Donnedale‚</span> <span class='ocrx_word' id='word_1_696' title='bbox 710 3938 827 3968; x_wconf 90' lang='lat' dir='ltr'>Locum</span> <span class='ocrx_word' id='word_1_697' title='bbox 843 3946 941 3968; x_wconf 84' lang='lat' dir='ltr'>tenens</span> <span class='ocrx_word' id='word_1_698' title='bbox 962 3939 1085 3970; x_wconf 88' lang='lat' dir='ltr'>Henrici</span> <span class='ocrx_word' id='word_1_699' title='bbox 1101 3938 1194 3968; x_wconf 91' lang='lat' dir='ltr'>Ducis</span> <span class='ocrx_word' id='word_1_700' title='bbox 1218 3936 1295 3966; x_wconf 89' lang='lat' dir='ltr'>Lan-</span> 
     </span>
     <span class='ocr_line' id='line_1_103' title="bbox 73 3974 1294 4020; baseline 0.001 -16"><span class='ocrx_word' id='word_1_701' title='bbox 73 3981 103 4005; x_wconf 77' lang='grc' dir='ltr'>Ξ.</span> <span class='ocrx_word' id='word_1_702' title='bbox 125 3986 137 4013; x_wconf 83' lang='lat'>3</span> <span class='ocrx_word' id='word_1_703' title='bbox 231 3977 358 4020; x_wconf 61' lang='lat' dir='ltr'>castriae,</span> <span class='ocrx_word' id='word_1_704' title='bbox 372 3974 518 4012; x_wconf 84' lang='lat' dir='ltr'>Capitanei</span> <span class='ocrx_word' id='word_1_705' title='bbox 532 3978 654 4015; x_wconf 74' lang='lat' dir='ltr'>ejusdem</span> <span class='ocrx_word' id='word_1_706' title='bbox 670 3974 820 4013; x_wconf 77' lang='lat' dir='ltr'>Ducatsis,</span> <span class='ocrx_word' id='word_1_707' title='bbox 834 3976 867 4006; x_wconf 69' lang='grc' dir='ltr'>δε</span> <span class='ocrx_word' id='word_1_708' title='bbox 882 3976 1027 4014; x_wconf 87' lang='lat' dir='ltr'>Philippus</span> <span class='ocrx_word' id='word_1_709' title='bbox 1041 3977 1076 4008; x_wconf 92' lang='lat' dir='ltr'>de</span> <span class='ocrx_word' id='word_1_710' title='bbox 1092 3977 1294 4016; x_wconf 87' lang='lat' dir='ltr'>Lymbury,ea</span> 
     </span>
     <span class='ocr_line' id='line_1_104' title="bbox 75 4013 1295 4056; baseline -0.003 -7"><span class='ocrx_word' id='word_1_711' title='bbox 75 4025 110 4044; x_wconf 78' lang='lat' dir='ltr'>m·</span> <span class='ocrx_word' id='word_1_712' title='bbox 132 4015 160 4043; x_wconf 85' lang='lat'>8.</span> <span class='ocrx_word' id='word_1_713' title='bbox 232 4016 283 4056; x_wconf 88' lang='lat' dir='ltr'>de,</span> <span class='ocrx_word' id='word_1_714' title='bbox 296 4014 401 4047; x_wconf 70' lang='lat' dir='ltr'>dilecto</span> <span class='ocrx_word' id='word_1_715' title='bbox 415 4016 449 4047; x_wconf 66' lang='grc' dir='ltr'>ὃς</span> <span class='ocrx_word' id='word_1_716' title='bbox 463 4014 536 4045; x_wconf 84' lang='lat' dir='ltr'>fideli</span> <span class='ocrx_word' id='word_1_717' title='bbox 549 4015 664 4054; x_wconf 88' lang='lat' dir='ltr'>nostro,</span> <span class='ocrx_word' id='word_1_718' title='bbox 677 4015 798 4047; x_wconf 80' lang='lat' dir='ltr'>Thema</span> <span class='ocrx_word' id='word_1_719' title='bbox 818 4014 854 4045; x_wconf 87' lang='lat' dir='ltr'>de</span> <span class='ocrx_word' id='word_1_720' title='bbox 868 4013 995 4045; x_wconf 82' lang='lat' dir='ltr'>Holland</span> <span class='ocrx_word' id='word_1_721' title='bbox 1003 4038 1013 4054; x_wconf 86' lang='lat'>,</span> <span class='ocrx_word' id='word_1_722' title='bbox 1032 4024 1123 4055; x_wconf 79' lang='lat' dir='ltr'>nuper</span> <span class='ocrx_word' id='word_1_723' title='bbox 1137 4013 1295 4053; x_wconf 74' lang='lat' dir='ltr'>capitaneo</span> 
     </span>
    </p>
   </div>
   <div class='ocr_carea' id='block_1_23' title="bbox 590 114 1855 169">
    <p class='ocr_par' dir='ltr' id='par_1_36' title="bbox 590 114 1855 169">
     <span class='ocr_line' id='line_1_105' title="bbox 590 114 1855 169; baseline -0.006 -4"><span class='ocrx_word' id='word_1_724' title='bbox 590 114 1397 165; x_wconf 85' lang='lat' dir='ltr'>CONVENTIONES,</span> <span class='ocrx_word' id='word_1_725' title='bbox 1452 115 1855 169; x_wconf 89' lang='lat' dir='ltr'>LITERAE,</span> 
     </span>
    </p>
   </div>
   <div class='ocr_carea' id='block_1_24' title="bbox 1274 197 2490 579">
    <p class='ocr_par' dir='ltr' id='par_1_37' title="bbox 1274 197 2490 317">
     <span class='ocr_line' id='line_1_106' title="bbox 1275 197 2490 242; baseline 0.001 -12"><span class='ocrx_word' id='word_1_726' title='bbox 1275 199 1402 239; x_wconf 84' lang='lat' dir='ltr'>ibidem,</span> <span class='ocrx_word' id='word_1_727' title='bbox 1423 200 1458 231; x_wconf 89' lang='lat' dir='ltr'>ad</span> <span class='ocrx_word' id='word_1_728' title='bbox 1472 211 1544 239; x_wconf 84' lang='lat' dir='ltr'>opus</span> <span class='ocrx_word' id='word_1_729' title='bbox 1558 202 1631 233; x_wconf 66' lang='lat' dir='ltr'>dieti</span> <span class='ocrx_word' id='word_1_730' title='bbox 1652 201 1863 242; x_wconf 74' lang='lat' dir='ltr'>consanguinei</span> <span class='ocrx_word' id='word_1_731' title='bbox 1886 200 1998 242; x_wconf 89' lang='lat' dir='ltr'>nostri,</span> <span class='ocrx_word' id='word_1_732' title='bbox 2026 209 2159 241; x_wconf 86' lang='lat' dir='ltr'>tempore</span> <span class='ocrx_word' id='word_1_733' title='bbox 2188 209 2248 240; x_wconf 87' lang='lat' dir='ltr'>quo</span> <span class='ocrx_word' id='word_1_734' title='bbox 2269 198 2346 231; x_wconf 86' lang='lat' dir='ltr'>idem</span> <span class='ocrx_word' id='word_1_735' title='bbox 2361 197 2436 230; x_wconf 84' lang='lat' dir='ltr'>Ann.</span> <span class='ocrx_word' id='word_1_736' title='bbox 2448 198 2490 232; x_wconf 88' lang='lat' dir='ltr'>D.</span> 
     </span>
     <span class='ocr_line' id='line_1_107' title="bbox 1275 237 2473 284; baseline 0 -15"><span class='ocrx_word' id='word_1_737' title='bbox 1275 237 1415 284; x_wconf 35' lang='lat' dir='ltr'>Thomas.</span> <span class='ocrx_word' id='word_1_738' title='bbox 1430 240 1603 284; x_wconf 85' lang='lat' dir='ltr'>Donnedale</span> <span class='ocrx_word' id='word_1_739' title='bbox 1626 239 1799 272; x_wconf 89' lang='lat' dir='ltr'>Custodiam</span> <span class='ocrx_word' id='word_1_740' title='bbox 1819 240 1987 279; x_wconf 74' lang='lat' dir='ltr'>praediecam</span> <span class='ocrx_word' id='word_1_741' title='bbox 1999 264 2010 280; x_wconf 93' lang='lat'>,</span> <span class='ocrx_word' id='word_1_742' title='bbox 2030 243 2149 272; x_wconf 87' lang='lat' dir='ltr'>nornine</span> <span class='ocrx_word' id='word_1_743' title='bbox 2170 240 2242 272; x_wconf 71' lang='lat' dir='ltr'>dieti</span> <span class='ocrx_word' id='word_1_744' title='bbox 2263 237 2348 270; x_wconf 82' lang='lat' dir='ltr'>Con·</span> <span class='ocrx_word' id='word_1_745' title='bbox 2389 238 2473 278; x_wconf 78' lang='lat'>1358.</span> 
     </span>
     <span class='ocr_line' id='line_1_108' title="bbox 1274 276 2472 317; baseline 0.003 -9"><span class='ocrx_word' id='word_1_746' title='bbox 1274 276 1320 307; x_wconf 91' lang='lat' dir='ltr'>san</span> <span class='ocrx_word' id='word_1_747' title='bbox 1362 288 1417 309; x_wconf 78' lang='lat' dir='ltr'>inei</span> <span class='ocrx_word' id='word_1_748' title='bbox 1431 277 1538 317; x_wconf 77' lang='lat' dir='ltr'>nostri,</span> <span class='ocrx_word' id='word_1_749' title='bbox 1552 280 1677 317; x_wconf 79' lang='lat' dir='ltr'>recepit,</span> <span class='ocrx_word' id='word_1_750' title='bbox 1995 303 1998 306; x_wconf 86' lang='lat'>-</span> <span class='ocrx_word' id='word_1_751' title='bbox 2361 277 2427 306; x_wconf 60' lang='lat' dir='ltr'>Edv·</span> <span class='ocrx_word' id='word_1_752' title='bbox 2445 287 2472 316; x_wconf 85' lang='lat'>3·</span> 
     </span>
    </p>

    <p class='ocr_par' dir='ltr' id='par_1_38' title="bbox 1275 316 2347 579">
     <span class='ocr_line' id='line_1_109' title="bbox 1341 316 2346 357; baseline 0 -11"><span class='ocrx_word' id='word_1_753' title='bbox 1341 317 1405 346; x_wconf 91' lang='lat' dir='ltr'>obis</span> <span class='ocrx_word' id='word_1_754' title='bbox 1426 318 1455 347; x_wconf 90' lang='lat' dir='ltr'>in</span> <span class='ocrx_word' id='word_1_755' title='bbox 1472 316 1541 348; x_wconf 91' lang='lat' dir='ltr'>Fide</span> <span class='ocrx_word' id='word_1_756' title='bbox 1556 318 1590 348; x_wconf 94' lang='lat'>&amp;</span> <span class='ocrx_word' id='word_1_757' title='bbox 1608 316 1770 357; x_wconf 68' lang='lat' dir='ltr'>Ligeantia,</span> <span class='ocrx_word' id='word_1_758' title='bbox 1785 317 1887 355; x_wconf 89' lang='lat' dir='ltr'>quibus</span> <span class='ocrx_word' id='word_1_759' title='bbox 1908 317 1992 347; x_wconf 87' lang='lat' dir='ltr'>nobis</span> <span class='ocrx_word' id='word_1_760' title='bbox 2005 319 2158 357; x_wconf 86' lang='lat' dir='ltr'>tenemini,</span> <span class='ocrx_word' id='word_1_761' title='bbox 2171 318 2346 356; x_wconf 83' lang='lat' dir='ltr'>injungimus</span> 
     </span>
     <span class='ocr_line' id='line_1_110' title="bbox 1275 353 2347 399; baseline 0 -14"><span class='ocrx_word' id='word_1_762' title='bbox 1275 353 1309 384; x_wconf 89' lang='lat'>&amp;</span> <span class='ocrx_word' id='word_1_763' title='bbox 1330 355 1495 399; x_wconf 77' lang='lat' dir='ltr'>mandamus</span> <span class='ocrx_word' id='word_1_764' title='bbox 1510 355 1590 395; x_wconf 81' lang='lat' dir='ltr'>quod</span> <span class='ocrx_word' id='word_1_765' title='bbox 1606 365 1707 386; x_wconf 90' lang='lat' dir='ltr'>omnes</span> <span class='ocrx_word' id='word_1_766' title='bbox 1722 355 1783 386; x_wconf 85' lang='lat' dir='ltr'>Res</span> <span class='ocrx_word' id='word_1_767' title='bbox 1798 355 1962 393; x_wconf 66' lang='lat' dir='ltr'>praedictas,</span> <span class='ocrx_word' id='word_1_768' title='bbox 1981 365 2118 393; x_wconf 89' lang='lat' dir='ltr'>quantum</span> <span class='ocrx_word' id='word_1_769' title='bbox 2140 357 2174 388; x_wconf 88' lang='lat' dir='ltr'>ad</span> <span class='ocrx_word' id='word_1_770' title='bbox 2193 367 2246 387; x_wconf 89' lang='lat' dir='ltr'>vos</span> <span class='ocrx_word' id='word_1_771' title='bbox 2259 357 2347 393; x_wconf 66' lang='lat' dir='ltr'>perti³</span> 
     </span>
     <span class='ocr_line' id='line_1_111' title="bbox 1275 393 2345 437; baseline 0.003 -15"><span class='ocrx_word' id='word_1_772' title='bbox 1275 400 1342 437; x_wconf 55' lang='lat' dir='ltr'>net„</span> <span class='ocrx_word' id='word_1_773' title='bbox 1354 393 1500 437; x_wconf 83' lang='lat' dir='ltr'>diligenter</span> <span class='ocrx_word' id='word_1_774' title='bbox 1515 395 1618 434; x_wconf 89' lang='lat' dir='ltr'>levari,</span> <span class='ocrx_word' id='word_1_775' title='bbox 1632 395 1748 433; x_wconf 86' lang='lat' dir='ltr'>colligi,</span> <span class='ocrx_word' id='word_1_776' title='bbox 1770 394 1804 425; x_wconf 91' lang='lat'>&amp;</span> <span class='ocrx_word' id='word_1_777' title='bbox 1825 394 1920 425; x_wconf 85' lang='lat' dir='ltr'>salvari</span> <span class='ocrx_word' id='word_1_778' title='bbox 1937 393 2054 425; x_wconf 85' lang='lat' dir='ltr'>fideliter</span> <span class='ocrx_word' id='word_1_779' title='bbox 2075 395 2111 425; x_wconf 84' lang='lat' dir='ltr'>ad</span> <span class='ocrx_word' id='word_1_780' title='bbox 2124 404 2198 433; x_wconf 90' lang='lat' dir='ltr'>opus</span> <span class='ocrx_word' id='word_1_781' title='bbox 2213 397 2345 432; x_wconf 66' lang='lat' dir='ltr'>nostrugn</span> 
     </span>
     <span class='ocr_line' id='line_1_112' title="bbox 1275 431 2346 472; baseline 0.003 -11"><span class='ocrx_word' id='word_1_782' title='bbox 1275 431 1381 462; x_wconf 81' lang='lat' dir='ltr'>faciatis</span> <span class='ocrx_word' id='word_1_783' title='bbox 1390 454 1401 470; x_wconf 91' lang='lat'>,</span> <span class='ocrx_word' id='word_1_784' title='bbox 1414 442 1467 469; x_wconf 89' lang='lat' dir='ltr'>pro</span> <span class='ocrx_word' id='word_1_785' title='bbox 1482 432 1605 471; x_wconf 67' lang='lat' dir='ltr'>plenaria</span> <span class='ocrx_word' id='word_1_786' title='bbox 1619 434 1781 464; x_wconf 91' lang='lat' dir='ltr'>liberatione</span> <span class='ocrx_word' id='word_1_787' title='bbox 1796 432 1863 463; x_wconf 81' lang='lat' dir='ltr'>inde</span> <span class='ocrx_word' id='word_1_788' title='bbox 1887 433 1969 464; x_wconf 87' lang='lat' dir='ltr'>Loca</span> <span class='ocrx_word' id='word_1_789' title='bbox 1987 432 2085 463; x_wconf 88' lang='lat' dir='ltr'>nostra</span> <span class='ocrx_word' id='word_1_790' title='bbox 2106 434 2281 472; x_wconf 78' lang='lat' dir='ltr'>tenentibus,</span> <span class='ocrx_word' id='word_1_791' title='bbox 2296 433 2346 471; x_wconf 71' lang='lat' dir='ltr'>qui</span> 
     </span>
     <span class='ocr_line' id='line_1_113' title="bbox 1276 471 2347 516; baseline 0.002 -17"><span class='ocrx_word' id='word_1_792' title='bbox 1276 479 1360 516; x_wconf 73' lang='lat' dir='ltr'>penes</span> <span class='ocrx_word' id='word_1_793' title='bbox 1374 480 1427 500; x_wconf 87' lang='lat' dir='ltr'>vos</span> <span class='ocrx_word' id='word_1_794' title='bbox 1441 480 1475 501; x_wconf 85' lang='lat' dir='ltr'>ex</span> <span class='ocrx_word' id='word_1_795' title='bbox 1489 472 1543 503; x_wconf 88' lang='lat' dir='ltr'>hac</span> <span class='ocrx_word' id='word_1_796' title='bbox 1558 472 1638 503; x_wconf 91' lang='lat' dir='ltr'>causa</span> <span class='ocrx_word' id='word_1_797' title='bbox 1651 472 1723 503; x_wconf 85' lang='lat' dir='ltr'>infra</span> <span class='ocrx_word' id='word_1_798' title='bbox 1738 472 1826 502; x_wconf 89' lang='lat' dir='ltr'>breve</span> <span class='ocrx_word' id='word_1_799' title='bbox 1840 473 1972 510; x_wconf 85' lang='lat' dir='ltr'>venient,</span> <span class='ocrx_word' id='word_1_800' title='bbox 1988 471 2062 502; x_wconf 89' lang='lat' dir='ltr'>duce</span> <span class='ocrx_word' id='word_1_801' title='bbox 2080 471 2347 510; x_wconf 88' lang='lat' dir='ltr'>Dornino,facien-</span> 
     </span>
     <span class='ocr_line' id='line_1_114' title="bbox 1276 508 2346 578; baseline 0.004 -40"><span class='ocrx_word' id='word_1_802' title='bbox 1276 508 1329 547; x_wconf 67' lang='lat' dir='ltr'>da,</span> <span class='ocrx_word' id='word_1_803' title='bbox 1343 509 1376 539; x_wconf 94' lang='lat'>&amp;</span> <span class='ocrx_word' id='word_1_804' title='bbox 1391 510 1629 578; x_wconf 50' lang='lat' dir='ltr'>ergalvggtaliter</span> <span class='ocrx_word' id='word_1_805' title='bbox 1644 512 1780 542; x_wconf 86' lang='lat' dir='ltr'>faciemus</span> <span class='ocrx_word' id='word_1_806' title='bbox 1795 512 1825 541; x_wconf 92' lang='lat' dir='ltr'>in</span> <span class='ocrx_word' id='word_1_807' title='bbox 1839 511 1892 542; x_wconf 88' lang='lat' dir='ltr'>hac</span> <span class='ocrx_word' id='word_1_808' title='bbox 1916 518 2017 550; x_wconf 85' lang='lat' dir='ltr'>parte,</span> <span class='ocrx_word' id='word_1_809' title='bbox 2043 509 2125 549; x_wconf 73' lang='lat' dir='ltr'>quod</span> <span class='ocrx_word' id='word_1_810' title='bbox 2146 510 2346 542; x_wconf 67' lang='lat' dir='ltr'>rationabiliter</span> 
     </span>
     <span class='ocr_line' id='line_1_115' title="bbox 1278 556 1581 579; baseline -0.007 0"><span class='ocrx_word' id='word_1_811' title='bbox 1278 556 1437 579; x_wconf 83' lang='lat' dir='ltr'>contentari</span> <span class='ocrx_word' id='word_1_812' title='bbox 1470 558 1486 579; x_wconf 92' lang='lat' dir='ltr'>e</span> <span class='ocrx_word' id='word_1_813' title='bbox 1539 556 1581 578; x_wconf 85' lang='lat' dir='ltr'>ns.</span> 
     </span>
    </p>
   </div>
   <div class='ocr_carea' id='block_1_25' title="bbox 1314 585 2130 629">
    <p class='ocr_par' dir='ltr' id='par_1_39' title="bbox 1314 585 2130 629">
     <span class='ocr_line' id='line_1_116' title="bbox 1314 585 2130 629; baseline 0 -12"><span class='ocrx_word' id='word_1_814' title='bbox 1314 586 1383 617; x_wconf 86' lang='lat' dir='ltr'>Dat.</span> <span class='ocrx_word' id='word_1_815' title='bbox 1402 586 1475 625; x_wconf 84' lang='lat' dir='ltr'>apud</span> <span class='ocrx_word' id='word_1_816' title='bbox 1488 585 1780 618; x_wconf 86' lang='lat' dir='ltr'>Westmonasterium</span> <span class='ocrx_word' id='word_1_817' title='bbox 1790 611 1800 627; x_wconf 87' lang='lat'>,</span> <span class='ocrx_word' id='word_1_818' title='bbox 1817 589 1919 629; x_wconf 89' lang='lat' dir='ltr'>quinto</span> <span class='ocrx_word' id='word_1_819' title='bbox 1932 588 1979 619; x_wconf 89' lang='lat' dir='ltr'>die</span> <span class='ocrx_word' id='word_1_820' title='bbox 1994 587 2130 626; x_wconf 87' lang='lat' dir='ltr'>Augusti.</span> 
     </span>
    </p>
   </div>
   <div class='ocr_carea' id='block_1_26' title="bbox 1768 671 2331 714">
    <p class='ocr_par' dir='ltr' id='par_1_40' title="bbox 1768 671 2331 714">
     <span class='ocr_line' id='line_1_117' title="bbox 1768 671 2331 714; baseline 0.002 -11"><span class='ocrx_word' id='word_1_821' title='bbox 1768 673 1923 712; x_wconf 84' lang='lat' dir='ltr'>subscriptis</span> <span class='ocrx_word' id='word_1_822' title='bbox 1932 698 1942 714; x_wconf 88' lang='lat'>,</span> <span class='ocrx_word' id='word_1_823' title='bbox 1956 674 2008 706; x_wconf 89' lang='lat' dir='ltr'>sub</span> <span class='ocrx_word' id='word_1_824' title='bbox 2031 674 2134 707; x_wconf 66' lang='lat' dir='ltr'>eadem</span> <span class='ocrx_word' id='word_1_825' title='bbox 2149 673 2226 706; x_wconf 67' lang='lat' dir='ltr'>Data</span> <span class='ocrx_word' id='word_1_826' title='bbox 2234 685 2246 714; x_wconf 75' lang='lat'>3</span> <span class='ocrx_word' id='word_1_827' title='bbox 2253 671 2331 706; x_wconf 73' lang='lat' dir='ltr'>vide·</span> 
     </span>
    </p>
   </div>
   <div class='ocr_carea' id='block_1_27' title="bbox 1296 673 1860 750">
    <p class='ocr_par' dir='ltr' id='par_1_41' title="bbox 1296 673 1860 750">
     <span class='ocr_line' id='line_1_118' title="bbox 1296 673 1792 742; baseline -0.002 -37"><span class='ocrx_word' id='word_1_828' title='bbox 1296 673 1410 705; x_wconf 87' lang='lat' dir='ltr'>Eodem</span> <span class='ocrx_word' id='word_1_829' title='bbox 1423 673 1514 705; x_wconf 90' lang='lat' dir='ltr'>modo</span> <span class='ocrx_word' id='word_1_830' title='bbox 1530 674 1696 707; x_wconf 89' lang='lat' dir='ltr'>mandatum</span> <span class='ocrx_word' id='word_1_831' title='bbox 1710 673 1752 705; x_wconf 88' lang='lat' dir='ltr'>est</span> <span class='ocrx_word' id='word_1_832' title='bbox 1774 712 1792 742; x_wconf 37' lang='lat' dir='ltr'>l·</span> 
     </span>
     <span class='ocr_line' id='line_1_119' title="bbox 1300 720 1860 750; baseline 0 -8"><span class='ocrx_word' id='word_1_833' title='bbox 1300 728 1303 730; x_wconf 61' lang='lat'>&gt;</span> <span class='ocrx_word' id='word_1_834' title='bbox 1785 720 1860 750; x_wconf 81' lang='lat' dir='ltr'>icet,</span> 
     </span>
    </p>
   </div>
   <div class='ocr_carea' id='block_1_28' title="bbox 1321 799 2356 1075">
    <p class='ocr_par' dir='ltr' id='par_1_42' title="bbox 1321 799 2211 880">
     <span class='ocr_line' id='line_1_120' title="bbox 1321 799 2211 842; baseline -0.003 -10"><span class='ocrx_word' id='word_1_835' title='bbox 1321 804 1484 842; x_wconf 80' lang='lat' dir='ltr'>Capitaneo‚</span> <span class='ocrx_word' id='word_1_836' title='bbox 1499 800 1701 840; x_wconf 75' lang='lat' dir='ltr'>Constabulario</span> <span class='ocrx_word' id='word_1_837' title='bbox 1717 800 1756 838; x_wconf 59' lang='grc' dir='ltr'><strong><em>ὠ</em></strong></span> <span class='ocrx_word' id='word_1_838' title='bbox 1767 803 1906 838; x_wconf 73' lang='lat' dir='ltr'>Receptori</span> <span class='ocrx_word' id='word_1_839' title='bbox 1920 800 1952 829; x_wconf 81' lang='lat' dir='ltr'>de</span> <span class='ocrx_word' id='word_1_840' title='bbox 1966 799 2052 828; x_wconf 85' lang='lat' dir='ltr'>Roche</span> <span class='ocrx_word' id='word_1_841' title='bbox 2063 799 2109 829; x_wconf 75' lang='lat' dir='ltr'>des</span> <span class='ocrx_word' id='word_1_842' title='bbox 2119 803 2211 831; x_wconf 73' lang='lat' dir='ltr'>Aves.</span> 
     </span>
     <span class='ocr_line' id='line_1_121' title="bbox 1321 839 2090 880; baseline -0.005 -10"><span class='ocrx_word' id='word_1_843' title='bbox 1321 845 1485 879; x_wconf 76' lang='lat' dir='ltr'>CapitaneO,</span> <span class='ocrx_word' id='word_1_844' title='bbox 1503 839 1705 880; x_wconf 77' lang='lat' dir='ltr'>constabulario</span> <span class='ocrx_word' id='word_1_845' title='bbox 1726 839 1764 875; x_wconf 58' lang='grc' dir='ltr'>ό</span> <span class='ocrx_word' id='word_1_846' title='bbox 1782 842 1918 877; x_wconf 85' lang='lat' dir='ltr'>Receptori</span> <span class='ocrx_word' id='word_1_847' title='bbox 1935 839 1967 868; x_wconf 81' lang='lat' dir='ltr'>de</span> <span class='ocrx_word' id='word_1_848' title='bbox 1985 840 2090 878; x_wconf 79' lang='lat' dir='ltr'>Pymer.</span> 
     </span>
    </p>

    <p class='ocr_par' dir='ltr' id='par_1_43' title="bbox 1323 877 2115 918">
     <span class='ocr_line' id='line_1_122' title="bbox 1323 877 2115 918; baseline -0.005 -9"><span class='ocrx_word' id='word_1_849' title='bbox 1323 883 1488 918; x_wconf 72' lang='lat' dir='ltr'>capitaneo,</span> <span class='ocrx_word' id='word_1_850' title='bbox 1506 877 1708 916; x_wconf 76' lang='lat' dir='ltr'>constabulario</span> <span class='ocrx_word' id='word_1_851' title='bbox 1723 877 1761 913; x_wconf 60' lang='grc' dir='ltr'><strong><em>ὠ</em></strong></span> <span class='ocrx_word' id='word_1_852' title='bbox 1777 881 1914 916; x_wconf 82' lang='lat' dir='ltr'>Receptori</span> <span class='ocrx_word' id='word_1_853' title='bbox 1931 878 1962 906; x_wconf 76' lang='lat' dir='ltr'>de</span> <span class='ocrx_word' id='word_1_854' title='bbox 1978 879 2115 906; x_wconf 81' lang='lat' dir='ltr'>Garrant.</span> 
     </span>
    </p>

    <p class='ocr_par' dir='ltr' id='par_1_44' title="bbox 1323 913 2352 996">
     <span class='ocr_line' id='line_1_123' title="bbox 1325 913 2352 957; baseline -0.001 -10"><span class='ocrx_word' id='word_1_855' title='bbox 1325 921 1472 956; x_wconf 77' lang='lat' dir='ltr'>capitaneo</span> <span class='ocrx_word' id='word_1_856' title='bbox 1482 942 1492 956; x_wconf 86' lang='lat'>,</span> <span class='ocrx_word' id='word_1_857' title='bbox 1501 916 1703 957; x_wconf 79' lang='lat' dir='ltr'>Constabulario</span> <span class='ocrx_word' id='word_1_858' title='bbox 1718 915 1756 951; x_wconf 58' lang='grc' dir='ltr'>ό</span> <span class='ocrx_word' id='word_1_859' title='bbox 1765 919 1903 954; x_wconf 78' lang='lat' dir='ltr'>Receptori</span> <span class='ocrx_word' id='word_1_860' title='bbox 1917 917 1949 946; x_wconf 85' lang='lat' dir='ltr'>de</span> <span class='ocrx_word' id='word_1_861' title='bbox 1957 919 2070 954; x_wconf 80' lang='lat' dir='ltr'>Fugerey</span> <span class='ocrx_word' id='word_1_862' title='bbox 2085 913 2123 948; x_wconf 58' lang='grc' dir='ltr'><strong><em>ὠ</em></strong></span> <span class='ocrx_word' id='word_1_863' title='bbox 2136 913 2352 954; x_wconf 82' lang='lat' dir='ltr'>chastelBlank.</span> 
     </span>
     <span class='ocr_line' id='line_1_124' title="bbox 1323 952 2120 996; baseline -0.004 -11"><span class='ocrx_word' id='word_1_864' title='bbox 1323 960 1486 996; x_wconf 81' lang='lat' dir='ltr'>Capitaneo,</span> <span class='ocrx_word' id='word_1_865' title='bbox 1510 954 1711 996; x_wconf 79' lang='lat' dir='ltr'>Constabulario</span> <span class='ocrx_word' id='word_1_866' title='bbox 1723 953 1760 990; x_wconf 61' lang='grc' dir='ltr'><em>ὠ</em></span> <span class='ocrx_word' id='word_1_867' title='bbox 1782 957 1918 993; x_wconf 72' lang='lat' dir='ltr'>Receptori</span> <span class='ocrx_word' id='word_1_868' title='bbox 1930 955 1963 985; x_wconf 86' lang='lat' dir='ltr'>de</span> <span class='ocrx_word' id='word_1_869' title='bbox 1984 952 2120 983; x_wconf 87' lang='lat' dir='ltr'>Plormell.</span> 
     </span>
    </p>

    <p class='ocr_par' dir='ltr' id='par_1_45' title="bbox 1323 992 2097 1034">
     <span class='ocr_line' id='line_1_125' title="bbox 1323 992 2097 1034; baseline -0.003 -10"><span class='ocrx_word' id='word_1_870' title='bbox 1323 999 1468 1033; x_wconf 78' lang='lat' dir='ltr'>Capitaneo</span> <span class='ocrx_word' id='word_1_871' title='bbox 1477 1018 1486 1034; x_wconf 86' lang='lat'>,</span> <span class='ocrx_word' id='word_1_872' title='bbox 1500 994 1704 1034; x_wconf 74' lang='lat' dir='ltr'>constabulario</span> <span class='ocrx_word' id='word_1_873' title='bbox 1719 993 1757 1029; x_wconf 60' lang='grc' dir='ltr'>(ἐν</span> <span class='ocrx_word' id='word_1_874' title='bbox 1771 995 1908 1032; x_wconf 76' lang='lat' dir='ltr'>Receptori</span> <span class='ocrx_word' id='word_1_875' title='bbox 1927 995 1960 1023; x_wconf 87' lang='lat' dir='ltr'>de</span> <span class='ocrx_word' id='word_1_876' title='bbox 1976 992 2097 1022; x_wconf 81' lang='lat' dir='ltr'>Henbot.</span> 
     </span>
    </p>

    <p class='ocr_par' dir='ltr' id='par_1_46' title="bbox 1327 1028 2356 1075">
     <span class='ocr_line' id='line_1_126' title="bbox 1327 1028 2356 1075; baseline -0.003 -12"><span class='ocrx_word' id='word_1_877' title='bbox 1327 1037 1474 1072; x_wconf 78' lang='lat' dir='ltr'>Capitaneo</span> <span class='ocrx_word' id='word_1_878' title='bbox 1483 1059 1493 1073; x_wconf 74' lang='lat'>,</span> <span class='ocrx_word' id='word_1_879' title='bbox 1511 1032 1714 1075; x_wconf 80' lang='lat' dir='ltr'>constabulario</span> <span class='ocrx_word' id='word_1_880' title='bbox 1730 1031 1767 1067; x_wconf 63' lang='grc' dir='ltr'>όν</span> <span class='ocrx_word' id='word_1_881' title='bbox 1776 1034 1912 1070; x_wconf 80' lang='lat' dir='ltr'>Receptori</span> <span class='ocrx_word' id='word_1_882' title='bbox 1926 1032 1959 1062; x_wconf 88' lang='lat' dir='ltr'>de</span> <span class='ocrx_word' id='word_1_883' title='bbox 1972 1030 2115 1070; x_wconf 82' lang='lat' dir='ltr'>Kemperle</span> <span class='ocrx_word' id='word_1_884' title='bbox 2127 1028 2356 1073; x_wconf 75' lang='lat' dir='ltr'>Karreys&amp;Ky-</span> 
     </span>
    </p>
   </div>
   <div class='ocr_carea' id='block_1_29' title="bbox 1323 1083 2313 1383">
    <p class='ocr_par' dir='ltr' id='par_1_47' title="bbox 1323 1083 2313 1383">
     <span class='ocr_line' id='line_1_127' title="bbox 1361 1083 1439 1102; baseline 0.013 -1"><span class='ocrx_word' id='word_1_885' title='bbox 1361 1083 1439 1102; x_wconf 64' lang='grc'>711878.</span> 
     </span>
     <span class='ocr_line' id='line_1_128' title="bbox 1323 1107 2068 1150; baseline -0.003 -10"><span class='ocrx_word' id='word_1_886' title='bbox 1323 1113 1486 1148; x_wconf 78' lang='lat' dir='ltr'>capitaneo,</span> <span class='ocrx_word' id='word_1_887' title='bbox 1507 1109 1710 1150; x_wconf 81' lang='lat' dir='ltr'>Constabulario</span> <span class='ocrx_word' id='word_1_888' title='bbox 1726 1107 1764 1144; x_wconf 62' lang='grc' dir='ltr'><strong><em>ὠ</em></strong></span> <span class='ocrx_word' id='word_1_889' title='bbox 1780 1107 1918 1148; x_wconf 76' lang='lat' dir='ltr'>Recepiori</span> <span class='ocrx_word' id='word_1_890' title='bbox 1931 1107 1964 1137; x_wconf 87' lang='lat' dir='ltr'>de</span> <span class='ocrx_word' id='word_1_891' title='bbox 1986 1108 2068 1138; x_wconf 82' lang='lat' dir='ltr'><em>Conk.</em></span> 
     </span>
     <span class='ocr_line' id='line_1_129' title="bbox 1325 1146 2234 1189; baseline -0.002 -11"><span class='ocrx_word' id='word_1_892' title='bbox 1325 1152 1487 1188; x_wconf 77' lang='lat' dir='ltr'>Capitaneo,</span> <span class='ocrx_word' id='word_1_893' title='bbox 1508 1148 1710 1189; x_wconf 79' lang='lat' dir='ltr'>constabulario</span> <span class='ocrx_word' id='word_1_894' title='bbox 1728 1146 1766 1182; x_wconf 64' lang='grc' dir='ltr'>ὠ·</span> <span class='ocrx_word' id='word_1_895' title='bbox 1784 1150 1920 1186; x_wconf 81' lang='lat' dir='ltr'>Receptori</span> <span class='ocrx_word' id='word_1_896' title='bbox 1937 1146 1970 1176; x_wconf 87' lang='lat' dir='ltr'>de</span> <span class='ocrx_word' id='word_1_897' title='bbox 1988 1149 2064 1176; x_wconf 82' lang='lat' dir='ltr'>Seint</span> <span class='ocrx_word' id='word_1_898' title='bbox 2082 1147 2234 1188; x_wconf 77' lang='lat' dir='ltr'>Grymelyn.</span> 
     </span>
     <span class='ocr_line' id='line_1_130' title="bbox 1325 1184 2313 1227; baseline -0.001 -10"><span class='ocrx_word' id='word_1_899' title='bbox 1325 1192 1488 1226; x_wconf 79' lang='lat' dir='ltr'>Capitaneo,</span> <span class='ocrx_word' id='word_1_900' title='bbox 1507 1186 1707 1227; x_wconf 78' lang='lat' dir='ltr'>Constabulart&#39;o</span> <span class='ocrx_word' id='word_1_901' title='bbox 1723 1185 1760 1222; x_wconf 62' lang='grc' dir='ltr'>ᾤ’</span> <span class='ocrx_word' id='word_1_902' title='bbox 1775 1189 1914 1225; x_wconf 80' lang='lat' dir='ltr'>Receptori</span> <span class='ocrx_word' id='word_1_903' title='bbox 1927 1185 1960 1214; x_wconf 82' lang='lat' dir='ltr'>de</span> <span class='ocrx_word' id='word_1_904' title='bbox 1975 1184 2096 1223; x_wconf 73' lang='lat' dir='ltr'>Pellmeu</span> <span class='ocrx_word' id='word_1_905' title='bbox 2110 1184 2149 1221; x_wconf 63' lang='grc' dir='ltr'>ὠ·</span> <span class='ocrx_word' id='word_1_906' title='bbox 2163 1185 2313 1227; x_wconf 77' lang='lat' dir='ltr'>Gyngham.</span> 
     </span>
     <span class='ocr_line' id='line_1_131' title="bbox 1326 1224 2117 1267; baseline -0.003 -12"><span class='ocrx_word' id='word_1_907' title='bbox 1326 1230 1490 1264; x_wconf 76' lang='lat' dir='ltr'>capitaneo,</span> <span class='ocrx_word' id='word_1_908' title='bbox 1513 1225 1713 1267; x_wconf 84' lang='lat' dir='ltr'>Constabulario</span> <span class='ocrx_word' id='word_1_909' title='bbox 1731 1224 1770 1260; x_wconf 66' lang='grc' dir='ltr'>ὠ·</span> <span class='ocrx_word' id='word_1_910' title='bbox 1784 1227 1921 1263; x_wconf 81' lang='lat' dir='ltr'>Receptori</span> <span class='ocrx_word' id='word_1_911' title='bbox 1935 1224 1967 1253; x_wconf 85' lang='lat' dir='ltr'>de</span> <span class='ocrx_word' id='word_1_912' title='bbox 1987 1226 2117 1261; x_wconf 77' lang='lat' dir='ltr'>Trongon.</span> 
     </span>
     <span class='ocr_line' id='line_1_132' title="bbox 1326 1261 2071 1306; baseline -0.004 -11"><span class='ocrx_word' id='word_1_913' title='bbox 1326 1269 1492 1304; x_wconf 77' lang='lat' dir='ltr'>capitaneo,</span> <span class='ocrx_word' id='word_1_914' title='bbox 1507 1264 1711 1306; x_wconf 83' lang='lat' dir='ltr'>Constabulario</span> <span class='ocrx_word' id='word_1_915' title='bbox 1727 1262 1764 1298; x_wconf 63' lang='grc' dir='ltr'>ό·</span> <span class='ocrx_word' id='word_1_916' title='bbox 1778 1266 1917 1302; x_wconf 74' lang='lat' dir='ltr'>Receptori</span> <span class='ocrx_word' id='word_1_917' title='bbox 1934 1262 1966 1292; x_wconf 84' lang='lat' dir='ltr'>de</span> <span class='ocrx_word' id='word_1_918' title='bbox 1983 1261 2071 1303; x_wconf 59' lang='lat' dir='ltr'>Brrst.</span> 
     </span>
     <span class='ocr_line' id='line_1_133' title="bbox 1327 1300 2105 1344; baseline -0.005 -10"><span class='ocrx_word' id='word_1_919' title='bbox 1327 1308 1493 1342; x_wconf 78' lang='lat' dir='ltr'>Capitaneo,</span> <span class='ocrx_word' id='word_1_920' title='bbox 1513 1302 1714 1344; x_wconf 80' lang='lat' dir='ltr'>constabulario</span> <span class='ocrx_word' id='word_1_921' title='bbox 1730 1300 1768 1337; x_wconf 59' lang='grc' dir='ltr'>(ἔγ</span> <span class='ocrx_word' id='word_1_922' title='bbox 1782 1305 1921 1341; x_wconf 76' lang='lat' dir='ltr'>Receptori</span> <span class='ocrx_word' id='word_1_923' title='bbox 1939 1302 1971 1331; x_wconf 86' lang='lat' dir='ltr'>de</span> <span class='ocrx_word' id='word_1_924' title='bbox 1990 1301 2105 1341; x_wconf 83' lang='lat' dir='ltr'>Blayne.</span> 
     </span>
     <span class='ocr_line' id='line_1_134' title="bbox 1330 1338 2137 1383; baseline -0.004 -11"><span class='ocrx_word' id='word_1_925' title='bbox 1330 1347 1498 1382; x_wconf 79' lang='lat' dir='ltr'>capitaneo,</span> <span class='ocrx_word' id='word_1_926' title='bbox 1515 1341 1716 1383; x_wconf 75' lang='lat' dir='ltr'>Constabulario</span> <span class='ocrx_word' id='word_1_927' title='bbox 1738 1339 1776 1377; x_wconf 59' lang='grc' dir='ltr'>ὁ·</span> <span class='ocrx_word' id='word_1_928' title='bbox 1794 1343 1931 1380; x_wconf 67' lang='lat' dir='ltr'>Receptora·</span> <span class='ocrx_word' id='word_1_929' title='bbox 1948 1340 1981 1370; x_wconf 86' lang='lat' dir='ltr'>de</span> <span class='ocrx_word' id='word_1_930' title='bbox 1999 1338 2137 1370; x_wconf 78' lang='lat' dir='ltr'>Becherel.</span> 
     </span>
    </p>
   </div>
   <div class='ocr_carea' id='block_1_30' title="bbox 1419 1432 1493 1435">
    <p class='ocr_par' dir='ltr' id='par_1_48' title="bbox 1419 1432 1493 1435">
     <span class='ocr_line' id='line_1_135' title="bbox 1419 1432 1493 1435; baseline 0 0"><span class='ocrx_word' id='word_1_931' title='bbox 1419 1432 1493 1435; x_wconf 95' lang='lat' dir='ltr'> </span> 
     </span>
    </p>
   </div>
   <div class='ocr_carea' id='block_1_31' title="bbox 1767 1431 1846 1434">
    <p class='ocr_par' dir='ltr' id='par_1_49' title="bbox 1767 1431 1846 1434">
     <span class='ocr_line' id='line_1_136' title="bbox 1767 1431 1846 1434; baseline 0 0"><span class='ocrx_word' id='word_1_932' title='bbox 1767 1431 1846 1434; x_wconf 95' lang='lat' dir='ltr'> </span> 
     </span>
    </p>
   </div>
   <div class='ocr_carea' id='block_1_32' title="bbox 1333 1474 2329 1572">
    <p class='ocr_par' dir='ltr' id='par_1_50' title="bbox 1333 1474 2329 1572">
     <span class='ocr_line' id='line_1_137' title="bbox 1333 1474 2329 1526; baseline -0.003 -13"><span class='ocrx_word' id='word_1_933' title='bbox 1333 1482 1381 1513; x_wconf 89' lang='lat' dir='ltr'>De</span> <span class='ocrx_word' id='word_1_934' title='bbox 1398 1481 1608 1526; x_wconf 83' lang='lat' dir='ltr'>Prorogatione</span> <span class='ocrx_word' id='word_1_935' title='bbox 1630 1476 1797 1510; x_wconf 64' lang='lat' dir='ltr'><em>Condufflus</em></span> <span class='ocrx_word' id='word_1_936' title='bbox 1817 1474 1935 1522; x_wconf 79' lang='lat' dir='ltr'>Jacobi</span> <span class='ocrx_word' id='word_1_937' title='bbox 1954 1475 1990 1509; x_wconf 80' lang='lat' dir='ltr'>de</span> <span class='ocrx_word' id='word_1_938' title='bbox 2007 1474 2148 1510; x_wconf 80' lang='lat' dir='ltr'>Burboun</span> <span class='ocrx_word' id='word_1_939' title='bbox 2162 1474 2208 1509; x_wconf 84' lang='lat' dir='ltr'>ad</span> <span class='ocrx_word' id='word_1_940' title='bbox 2221 1479 2329 1511; x_wconf 84' lang='lat' dir='ltr'>Partes</span> 
     </span>
     <span class='ocr_line' id='line_1_138' title="bbox 1489 1524 2165 1572; baseline -0.001 -13"><span class='ocrx_word' id='word_1_941' title='bbox 1489 1529 1639 1566; x_wconf 78' lang='lat' dir='ltr'>Franciae,</span> <span class='ocrx_word' id='word_1_942' title='bbox 1664 1529 1701 1565; x_wconf 64' lang='grc' dir='ltr'>ὠ·</span> <span class='ocrx_word' id='word_1_943' title='bbox 1725 1524 1794 1560; x_wconf 84' lang='lat' dir='ltr'>inde</span> <span class='ocrx_word' id='word_1_944' title='bbox 1810 1528 1842 1558; x_wconf 87' lang='lat' dir='ltr'>in</span> <span class='ocrx_word' id='word_1_945' title='bbox 1860 1526 2009 1572; x_wconf 82' lang='lat' dir='ltr'>Angliam</span> <span class='ocrx_word' id='word_1_946' title='bbox 2024 1524 2165 1559; x_wconf 81' lang='lat' dir='ltr'>redituri.</span> 
     </span>
    </p>
   </div>
   <div class='ocr_carea' id='block_1_33' title="bbox 1296 1622 2509 2737">
    <p class='ocr_par' dir='ltr' id='par_1_51' title="bbox 1364 1622 2509 1703">
     <span class='ocr_line' id='line_1_139' title="bbox 1364 1622 2509 1660; baseline -0.004 -6"><span class='ocrx_word' id='word_1_947' title='bbox 1364 1623 1429 1654; x_wconf 87' lang='lat' dir='ltr'>EX</span> <span class='ocrx_word' id='word_1_948' title='bbox 1439 1646 1448 1660; x_wconf 88' lang='lat'>,</span> <span class='ocrx_word' id='word_1_949' title='bbox 1465 1624 1526 1654; x_wconf 91' lang='lat' dir='ltr'>&amp;c.</span> <span class='ocrx_word' id='word_1_950' title='bbox 1546 1622 1679 1653; x_wconf 88' lang='lat' dir='ltr'>Salutem.</span> <span class='ocrx_word' id='word_1_951' title='bbox 2374 1622 2454 1656; x_wconf 74' lang='lat' dir='ltr'>Am,</span> <span class='ocrx_word' id='word_1_952' title='bbox 2466 1623 2509 1654; x_wconf 83' lang='lat' dir='ltr'>D.</span> 
     </span>
     <span class='ocr_line' id='line_1_140' title="bbox 1395 1661 2490 1703; baseline -0.006 -10"><span class='ocrx_word' id='word_1_953' title='bbox 1395 1662 1493 1693; x_wconf 88' lang='lat' dir='ltr'>Sciatis</span> <span class='ocrx_word' id='word_1_954' title='bbox 1507 1661 1586 1700; x_wconf 80' lang='lat' dir='ltr'>quod</span> <span class='ocrx_word' id='word_1_955' title='bbox 1595 1683 1605 1699; x_wconf 85' lang='lat'>‚</span> <span class='ocrx_word' id='word_1_956' title='bbox 1837 1678 1841 1682; x_wconf 54' lang='grc' dir='ltr'><em>ι</em></span> <span class='ocrx_word' id='word_1_957' title='bbox 2404 1663 2490 1703; x_wconf 68' lang='lat'>1358,</span> 
     </span>
    </p>

    <p class='ocr_par' dir='ltr' id='par_1_52' title="bbox 1296 1696 2495 2167">
     <span class='ocr_line' id='line_1_141' title="bbox 1333 1696 2495 1739; baseline 0 -8"><span class='ocrx_word' id='word_1_958' title='bbox 1333 1699 1415 1731; x_wconf 78' lang='lat' dir='ltr'>Cum</span> <span class='ocrx_word' id='word_1_959' title='bbox 1431 1710 1483 1731; x_wconf 87' lang='lat' dir='ltr'>nos</span> <span class='ocrx_word' id='word_1_960' title='bbox 1503 1709 1612 1738; x_wconf 85' lang='lat' dir='ltr'>nuper,</span> <span class='ocrx_word' id='word_1_961' title='bbox 1626 1709 1675 1737; x_wconf 88' lang='lat' dir='ltr'>per</span> <span class='ocrx_word' id='word_1_962' title='bbox 1692 1699 1798 1729; x_wconf 87' lang='lat' dir='ltr'>Literas</span> <span class='ocrx_word' id='word_1_963' title='bbox 1812 1696 1920 1728; x_wconf 86' lang='lat' dir='ltr'>nostras</span> <span class='ocrx_word' id='word_1_964' title='bbox 1935 1697 2082 1736; x_wconf 84' lang='lat' dir='ltr'>Patentes,</span> <span class='ocrx_word' id='word_1_965' title='bbox 2093 1697 2180 1739; x_wconf 89' lang='lat' dir='ltr'>usque</span> <span class='ocrx_word' id='word_1_966' title='bbox 2194 1697 2230 1728; x_wconf 91' lang='lat' dir='ltr'>ad</span> <span class='ocrx_word' id='word_1_967' title='bbox 2244 1697 2361 1730; x_wconf 89' lang='lat' dir='ltr'>Festum</span> <span class='ocrx_word' id='word_1_968' title='bbox 2375 1706 2429 1731; x_wconf 78' lang='lat' dir='ltr'>An.</span> <span class='ocrx_word' id='word_1_969' title='bbox 2448 1712 2495 1739; x_wconf 85' lang='lat'>32.</span> 
     </span>
     <span class='ocr_line' id='line_1_142' title="bbox 1296 1735 2457 1779; baseline 0 -10"><span class='ocrx_word' id='word_1_970' title='bbox 1296 1739 1438 1770; x_wconf 89' lang='lat' dir='ltr'>Omnium</span> <span class='ocrx_word' id='word_1_971' title='bbox 1461 1738 1651 1776; x_wconf 62' lang='lat' dir='ltr'>Sanctorum,</span> <span class='ocrx_word' id='word_1_972' title='bbox 1666 1739 1802 1775; x_wconf 82' lang='lat' dir='ltr'>proximo</span> <span class='ocrx_word' id='word_1_973' title='bbox 1815 1737 1941 1767; x_wconf 75' lang='lat' dir='ltr'>futurum</span> <span class='ocrx_word' id='word_1_974' title='bbox 1951 1759 1960 1774; x_wconf 85' lang='lat'>,</span> <span class='ocrx_word' id='word_1_975' title='bbox 1973 1735 2132 1774; x_wconf 70' lang='lat' dir='ltr'>duratum,</span> <span class='ocrx_word' id='word_1_976' title='bbox 2145 1737 2362 1776; x_wconf 83' lang='lat' dir='ltr'>susceperimus,</span> <span class='ocrx_word' id='word_1_977' title='bbox 2378 1746 2406 1769; x_wconf 89' lang='grc' dir='ltr'>Ε.</span> <span class='ocrx_word' id='word_1_978' title='bbox 2428 1749 2457 1779; x_wconf 86' lang='lat'>3.</span> 
     </span>
     <span class='ocr_line' id='line_1_143' title="bbox 1297 1773 2492 1815; baseline -0.001 -7"><span class='ocrx_word' id='word_1_979' title='bbox 1297 1777 1443 1809; x_wconf 83' lang='lat' dir='ltr'>Nobilem</span> <span class='ocrx_word' id='word_1_980' title='bbox 1457 1776 1726 1814; x_wconf 86' lang='lat' dir='ltr'>Virum,Jacobu1n</span> <span class='ocrx_word' id='word_1_981' title='bbox 1739 1776 1775 1806; x_wconf 87' lang='lat' dir='ltr'>de</span> <span class='ocrx_word' id='word_1_982' title='bbox 1789 1775 1925 1806; x_wconf 90' lang='lat' dir='ltr'>Burboun</span> <span class='ocrx_word' id='word_1_983' title='bbox 1933 1773 2205 1813; x_wconf 81' lang='lat' dir='ltr'>‚Consanguineum</span> <span class='ocrx_word' id='word_1_984' title='bbox 2219 1776 2362 1815; x_wconf 90' lang='lat' dir='ltr'>nostrum,</span> <span class='ocrx_word' id='word_1_985' title='bbox 2378 1779 2492 1809; x_wconf 73' lang='lat' dir='ltr'>lbid.m.‘</span> 
     </span>
     <span class='ocr_line' id='line_1_144' title="bbox 1298 1813 2428 1854; baseline -0.002 -6"><span class='ocrx_word' id='word_1_986' title='bbox 1298 1818 1330 1848; x_wconf 89' lang='lat'>&amp;</span> <span class='ocrx_word' id='word_1_987' title='bbox 1349 1817 1485 1854; x_wconf 87' lang='lat' dir='ltr'>Triginta</span> <span class='ocrx_word' id='word_1_988' title='bbox 1500 1814 1614 1853; x_wconf 87' lang='lat' dir='ltr'>Equites</span> <span class='ocrx_word' id='word_1_989' title='bbox 1629 1817 1665 1845; x_wconf 87' lang='lat' dir='ltr'>de</span> <span class='ocrx_word' id='word_1_990' title='bbox 1681 1813 1834 1845; x_wconf 73' lang='lat' dir='ltr'>Comitiva</span> <span class='ocrx_word' id='word_1_991' title='bbox 1848 1813 1894 1845; x_wconf 75' lang='lat' dir='ltr'>sua</span> <span class='ocrx_word' id='word_1_992' title='bbox 1909 1836 1918 1851; x_wconf 88' lang='lat'>,</span> <span class='ocrx_word' id='word_1_993' title='bbox 1939 1813 2035 1844; x_wconf 84' lang='lat' dir='ltr'>eundo</span> <span class='ocrx_word' id='word_1_994' title='bbox 2057 1813 2091 1844; x_wconf 91' lang='lat' dir='ltr'>ad</span> <span class='ocrx_word' id='word_1_995' title='bbox 2111 1813 2206 1844; x_wconf 86' lang='lat' dir='ltr'>Partes</span> <span class='ocrx_word' id='word_1_996' title='bbox 2221 1814 2366 1854; x_wconf 79' lang='lat' dir='ltr'>Franciae,</span> <span class='ocrx_word' id='word_1_997' title='bbox 2385 1827 2428 1847; x_wconf 75' lang='grc' dir='ltr'>ιο.</span> 
     </span>
     <span class='ocr_line' id='line_1_145' title="bbox 1297 1852 2366 1894; baseline -0.003 -8"><span class='ocrx_word' id='word_1_998' title='bbox 1297 1866 1330 1886; x_wconf 80' lang='lat' dir='ltr'>ac</span> <span class='ocrx_word' id='word_1_999' title='bbox 1350 1856 1451 1886; x_wconf 79' lang='lat' dir='ltr'>exinde</span> <span class='ocrx_word' id='word_1_1000' title='bbox 1463 1856 1493 1884; x_wconf 92' lang='lat' dir='ltr'>in</span> <span class='ocrx_word' id='word_1_1001' title='bbox 1508 1854 1643 1894; x_wconf 85' lang='lat' dir='ltr'>Angliam</span> <span class='ocrx_word' id='word_1_1002' title='bbox 1661 1853 1806 1884; x_wconf 86' lang='lat' dir='ltr'>redeundo</span> <span class='ocrx_word' id='word_1_1003' title='bbox 1814 1854 1862 1891; x_wconf 91' lang='lat' dir='ltr'>,in</span> <span class='ocrx_word' id='word_1_1004' title='bbox 1877 1852 2093 1882; x_wconf 69' lang='lat' dir='ltr'>Protefflonem</span> <span class='ocrx_word' id='word_1_1005' title='bbox 2107 1854 2141 1885; x_wconf 90' lang='lat'>&amp;</span> <span class='ocrx_word' id='word_1_1006' title='bbox 2158 1852 2366 1885; x_wconf 79' lang='lat' dir='ltr'>Defensionem</span> 
     </span>
     <span class='ocr_line' id='line_1_146' title="bbox 1299 1890 2367 1932; baseline -0.002 -8"><span class='ocrx_word' id='word_1_1007' title='bbox 1299 1894 1444 1932; x_wconf 82' lang='lat' dir='ltr'>nostram,</span> <span class='ocrx_word' id='word_1_1008' title='bbox 1459 1903 1576 1924; x_wconf 90' lang='lat' dir='ltr'>necnon</span> <span class='ocrx_word' id='word_1_1009' title='bbox 1592 1895 1621 1923; x_wconf 91' lang='lat' dir='ltr'>in</span> <span class='ocrx_word' id='word_1_1010' title='bbox 1635 1893 1742 1923; x_wconf 85' lang='lat' dir='ltr'>salvum</span> <span class='ocrx_word' id='word_1_1011' title='bbox 1757 1894 1791 1924; x_wconf 90' lang='lat'>&amp;</span> <span class='ocrx_word' id='word_1_1012' title='bbox 1804 1893 1934 1922; x_wconf 84' lang='lat' dir='ltr'>securum</span> <span class='ocrx_word' id='word_1_1013' title='bbox 1949 1890 2141 1921; x_wconf 71' lang='lat' dir='ltr'>Conduetum</span> <span class='ocrx_word' id='word_1_1014' title='bbox 2156 1890 2367 1930; x_wconf 89' lang='lat' dir='ltr'>nostrum,vo-</span> 
     </span>
     <span class='ocr_line' id='line_1_147' title="bbox 1298 1929 2366 1970; baseline -0.002 -7"><span class='ocrx_word' id='word_1_1015' title='bbox 1298 1934 1341 1963; x_wconf 91' lang='lat' dir='ltr'>bis</span> <span class='ocrx_word' id='word_1_1016' title='bbox 1365 1933 1528 1964; x_wconf 70' lang='lat' dir='ltr'>mandantes</span> <span class='ocrx_word' id='word_1_1017' title='bbox 1542 1932 1622 1970; x_wconf 88' lang='lat' dir='ltr'>quod</span> <span class='ocrx_word' id='word_1_1018' title='bbox 1637 1930 1754 1969; x_wconf 81' lang='lat' dir='ltr'>praefato</span> <span class='ocrx_word' id='word_1_1019' title='bbox 1765 1931 1880 1969; x_wconf 83' lang='lat' dir='ltr'>Jacobo</span> <span class='ocrx_word' id='word_1_1020' title='bbox 1889 1952 1898 1968; x_wconf 87' lang='lat'>,</span> <span class='ocrx_word' id='word_1_1021' title='bbox 1912 1937 1960 1959; x_wconf 91' lang='lat' dir='ltr'>aut</span> <span class='ocrx_word' id='word_1_1022' title='bbox 1974 1930 2058 1960; x_wconf 71' lang='lat' dir='ltr'>dietis</span> <span class='ocrx_word' id='word_1_1023' title='bbox 2075 1929 2241 1969; x_wconf 83' lang='lat' dir='ltr'>Equitibus,</span> <span class='ocrx_word' id='word_1_1024' title='bbox 2255 1929 2301 1960; x_wconf 91' lang='lat' dir='ltr'>seu</span> <span class='ocrx_word' id='word_1_1025' title='bbox 2316 1940 2366 1961; x_wconf 89' lang='lat' dir='ltr'>eo-</span> 
     </span>
     <span class='ocr_line' id='line_1_148' title="bbox 1299 1967 2367 2008; baseline -0.003 -6"><span class='ocrx_word' id='word_1_1026' title='bbox 1299 1982 1364 2002; x_wconf 88' lang='lat' dir='ltr'>rum</span> <span class='ocrx_word' id='word_1_1027' title='bbox 1383 1971 1554 2008; x_wconf 77' lang='lat' dir='ltr'>Valetti3,in</span> <span class='ocrx_word' id='word_1_1028' title='bbox 1571 1970 1735 2008; x_wconf 66' lang='lat' dir='ltr'>Terra,vel</span> <span class='ocrx_word' id='word_1_1029' title='bbox 1753 1971 1783 2000; x_wconf 90' lang='lat' dir='ltr'>in</span> <span class='ocrx_word' id='word_1_1030' title='bbox 1804 1969 1896 2006; x_wconf 80' lang='lat' dir='ltr'>Mari,</span> <span class='ocrx_word' id='word_1_1031' title='bbox 1911 1967 2007 1998; x_wconf 90' lang='lat' dir='ltr'>eundo</span> <span class='ocrx_word' id='word_1_1032' title='bbox 2025 1967 2060 1998; x_wconf 93' lang='lat' dir='ltr'>ad</span> <span class='ocrx_word' id='word_1_1033' title='bbox 2073 1968 2161 1999; x_wconf 66' lang='lat' dir='ltr'>dietas</span> <span class='ocrx_word' id='word_1_1034' title='bbox 2176 1978 2264 2006; x_wconf 85' lang='lat' dir='ltr'>partes</span> <span class='ocrx_word' id='word_1_1035' title='bbox 2279 1969 2302 1999; x_wconf 90' lang='lat' dir='ltr'>F</span> <span class='ocrx_word' id='word_1_1036' title='bbox 2304 1979 2367 1999; x_wconf 90' lang='lat' dir='ltr'>ran-</span> 
     </span>
     <span class='ocr_line' id='line_1_149' title="bbox 1301 2006 2368 2048; baseline -0.003 -7"><span class='ocrx_word' id='word_1_1037' title='bbox 1301 2011 1413 2048; x_wconf 81' lang='lat' dir='ltr'>ciae‚&amp;</span> <span class='ocrx_word' id='word_1_1038' title='bbox 1428 2010 1529 2041; x_wconf 78' lang='lat' dir='ltr'>exinde</span> <span class='ocrx_word' id='word_1_1039' title='bbox 1544 2010 1574 2039; x_wconf 92' lang='lat' dir='ltr'>in</span> <span class='ocrx_word' id='word_1_1040' title='bbox 1588 2009 1724 2046; x_wconf 86' lang='lat' dir='ltr'>Angliam</span> <span class='ocrx_word' id='word_1_1041' title='bbox 1740 2008 1901 2044; x_wconf 90' lang='lat' dir='ltr'>redeundo,</span> <span class='ocrx_word' id='word_1_1042' title='bbox 1917 2016 1978 2036; x_wconf 89' lang='lat' dir='ltr'>non</span> <span class='ocrx_word' id='word_1_1043' title='bbox 1997 2006 2138 2045; x_wconf 86' lang='lat' dir='ltr'>inferatis,</span> <span class='ocrx_word' id='word_1_1044' title='bbox 2151 2007 2196 2037; x_wconf 93' lang='lat' dir='ltr'>seu</span> <span class='ocrx_word' id='word_1_1045' title='bbox 2206 2029 2216 2044; x_wconf 87' lang='lat'>,</span> <span class='ocrx_word' id='word_1_1046' title='bbox 2230 2015 2368 2045; x_wconf 88' lang='lat' dir='ltr'>quantum</span> 
     </span>
     <span class='ocr_line' id='line_1_150' title="bbox 1302 2045 2372 2087; baseline -0.003 -8"><span class='ocrx_word' id='word_1_1047' title='bbox 1302 2051 1332 2079; x_wconf 91' lang='lat' dir='ltr'>in</span> <span class='ocrx_word' id='word_1_1048' title='bbox 1351 2050 1434 2080; x_wconf 90' lang='lat' dir='ltr'>vobis</span> <span class='ocrx_word' id='word_1_1049' title='bbox 1449 2047 1491 2079; x_wconf 87' lang='lat' dir='ltr'>est</span> <span class='ocrx_word' id='word_1_1050' title='bbox 1505 2070 1515 2087; x_wconf 84' lang='lat'>,</span> <span class='ocrx_word' id='word_1_1051' title='bbox 1545 2049 1582 2078; x_wconf 87' lang='lat' dir='ltr'>ab</span> <span class='ocrx_word' id='word_1_1052' title='bbox 1599 2049 1657 2078; x_wconf 84' lang='lat' dir='ltr'>aliis</span> <span class='ocrx_word' id='word_1_1053' title='bbox 1677 2047 1773 2078; x_wconf 87' lang='lat' dir='ltr'>inferri</span> <span class='ocrx_word' id='word_1_1054' title='bbox 1795 2046 1977 2084; x_wconf 79' lang='lat' dir='ltr'>permittatis,</span> <span class='ocrx_word' id='word_1_1055' title='bbox 1999 2045 2132 2076; x_wconf 88' lang='lat' dir='ltr'>Arestum</span> <span class='ocrx_word' id='word_1_1056' title='bbox 2147 2067 2156 2083; x_wconf 86' lang='lat'>,</span> <span class='ocrx_word' id='word_1_1057' title='bbox 2176 2045 2372 2084; x_wconf 84' lang='lat' dir='ltr'>Violentiam,</span> 
     </span>
     <span class='ocr_line' id='line_1_151' title="bbox 1301 2084 2373 2126; baseline -0.002 -8"><span class='ocrx_word' id='word_1_1058' title='bbox 1301 2088 1562 2126; x_wconf 85' lang='lat' dir='ltr'>Impedimentum,</span> <span class='ocrx_word' id='word_1_1059' title='bbox 1575 2096 1621 2117; x_wconf 88' lang='lat' dir='ltr'>aut</span> <span class='ocrx_word' id='word_1_1060' title='bbox 1635 2085 1818 2124; x_wconf 86' lang='lat' dir='ltr'>Gravamen,</span> <span class='ocrx_word' id='word_1_1061' title='bbox 1836 2091 1920 2123; x_wconf 87' lang='lat' dir='ltr'>prout</span> <span class='ocrx_word' id='word_1_1062' title='bbox 1937 2084 1968 2113; x_wconf 91' lang='lat' dir='ltr'>in</span> <span class='ocrx_word' id='word_1_1063' title='bbox 1988 2084 2090 2115; x_wconf 89' lang='lat' dir='ltr'>Literis</span> <span class='ocrx_word' id='word_1_1064' title='bbox 2105 2084 2209 2115; x_wconf 88' lang='lat' dir='ltr'>nostris</span> <span class='ocrx_word' id='word_1_1065' title='bbox 2230 2084 2373 2122; x_wconf 69' lang='lat' dir='ltr'>praediffls</span> 
     </span>
     <span class='ocr_line' id='line_1_152' title="bbox 1301 2126 1604 2167; baseline -0.003 -10"><span class='ocrx_word' id='word_1_1066' title='bbox 1301 2128 1408 2167; x_wconf 75' lang='lat' dir='ltr'>plenius</span> <span class='ocrx_word' id='word_1_1067' title='bbox 1423 2126 1604 2164; x_wconf 89' lang='lat' dir='ltr'>continetur,</span> 
     </span>
    </p>

    <p class='ocr_par' dir='ltr' id='par_1_53' title="bbox 1299 2161 2375 2435">
     <span class='ocr_line' id='line_1_153' title="bbox 1341 2161 2372 2204; baseline -0.005 -8"><span class='ocrx_word' id='word_1_1068' title='bbox 1341 2165 1427 2204; x_wconf 88' lang='lat' dir='ltr'>Nos,</span> <span class='ocrx_word' id='word_1_1069' title='bbox 1441 2164 1477 2195; x_wconf 88' lang='lat' dir='ltr'>de</span> <span class='ocrx_word' id='word_1_1070' title='bbox 1492 2165 1580 2201; x_wconf 75' lang='lat' dir='ltr'>gratia</span> <span class='ocrx_word' id='word_1_1071' title='bbox 1602 2163 1698 2194; x_wconf 65' lang='lat' dir='ltr'>nostrfi</span> <span class='ocrx_word' id='word_1_1072' title='bbox 1720 2162 1848 2201; x_wconf 78' lang='lat' dir='ltr'>speciali,</span> <span class='ocrx_word' id='word_1_1073' title='bbox 1868 2163 1901 2193; x_wconf 87' lang='lat'>&amp;</span> <span class='ocrx_word' id='word_1_1074' title='bbox 1923 2161 1957 2193; x_wconf 85' lang='lat' dir='ltr'>ad</span> <span class='ocrx_word' id='word_1_1075' title='bbox 1978 2161 2221 2199; x_wconf 81' lang='lat' dir='ltr'>supplicationem</span> <span class='ocrx_word' id='word_1_1076' title='bbox 2242 2161 2372 2201; x_wconf 70' lang='lat' dir='ltr'>praediffl</span> 
     </span>
     <span class='ocr_line' id='line_1_154' title="bbox 1299 2200 2373 2243; baseline -0.004 -8"><span class='ocrx_word' id='word_1_1077' title='bbox 1299 2205 1419 2243; x_wconf 87' lang='lat' dir='ltr'>Jacobi,</span> <span class='ocrx_word' id='word_1_1078' title='bbox 1434 2205 1460 2234; x_wconf 91' lang='lat' dir='ltr'>ei</span> <span class='ocrx_word' id='word_1_1079' title='bbox 1475 2203 1587 2234; x_wconf 69' lang='lat' dir='ltr'>dictum</span> <span class='ocrx_word' id='word_1_1080' title='bbox 1607 2202 1783 2232; x_wconf 88' lang='lat' dir='ltr'>Terminum</span> <span class='ocrx_word' id='word_1_1081' title='bbox 1799 2201 1944 2232; x_wconf 80' lang='lat' dir='ltr'>Omnium</span> <span class='ocrx_word' id='word_1_1082' title='bbox 1959 2200 2151 2237; x_wconf 68' lang='lat' dir='ltr'>Sanctorum,</span> <span class='ocrx_word' id='word_1_1083' title='bbox 2170 2201 2256 2238; x_wconf 86' lang='lat' dir='ltr'>usque</span> <span class='ocrx_word' id='word_1_1084' title='bbox 2269 2200 2304 2230; x_wconf 94' lang='lat' dir='ltr'>ad</span> <span class='ocrx_word' id='word_1_1085' title='bbox 2320 2200 2373 2231; x_wconf 82' lang='lat' dir='ltr'>Fe-</span> 
     </span>
     <span class='ocr_line' id='line_1_155' title="bbox 1304 2238 2373 2280; baseline -0.006 -6"><span class='ocrx_word' id='word_1_1086' title='bbox 1304 2243 1379 2274; x_wconf 84' lang='lat' dir='ltr'>stum</span> <span class='ocrx_word' id='word_1_1087' title='bbox 1395 2242 1503 2273; x_wconf 87' lang='lat' dir='ltr'>Natalis</span> <span class='ocrx_word' id='word_1_1088' title='bbox 1521 2241 1662 2279; x_wconf 88' lang='lat' dir='ltr'>Domini,</span> <span class='ocrx_word' id='word_1_1089' title='bbox 1676 2242 1810 2278; x_wconf 81' lang='lat' dir='ltr'>proximo</span> <span class='ocrx_word' id='word_1_1090' title='bbox 1826 2241 1958 2280; x_wconf 76' lang='lat' dir='ltr'>sequenS,</span> <span class='ocrx_word' id='word_1_1091' title='bbox 1971 2239 2022 2270; x_wconf 91' lang='lat' dir='ltr'>sub</span> <span class='ocrx_word' id='word_1_1092' title='bbox 2040 2238 2109 2269; x_wconf 89' lang='lat' dir='ltr'>Fide</span> <span class='ocrx_word' id='word_1_1093' title='bbox 2124 2238 2280 2276; x_wconf 71' lang='lat' dir='ltr'>sua,nobis</span> <span class='ocrx_word' id='word_1_1094' title='bbox 2294 2239 2373 2276; x_wconf 76' lang='lat' dir='ltr'>prius</span> 
     </span>
     <span class='ocr_line' id='line_1_156' title="bbox 1304 2278 2371 2320; baseline -0.003 -8"><span class='ocrx_word' id='word_1_1095' title='bbox 1304 2281 1428 2319; x_wconf 62' lang='lat' dir='ltr'>praestita</span> <span class='ocrx_word' id='word_1_1096' title='bbox 1437 2304 1448 2320; x_wconf 84' lang='lat'>,</span> <span class='ocrx_word' id='word_1_1097' title='bbox 1461 2282 1493 2313; x_wconf 67' lang='grc' dir='ltr'>ὃς</span> <span class='ocrx_word' id='word_1_1098' title='bbox 1511 2280 1589 2318; x_wconf 81' lang='lat' dir='ltr'>quod</span> <span class='ocrx_word' id='word_1_1099' title='bbox 1606 2280 1661 2318; x_wconf 75' lang='lat' dir='ltr'>ipse</span> <span class='ocrx_word' id='word_1_1100' title='bbox 1676 2289 1756 2310; x_wconf 88' lang='lat' dir='ltr'>verus</span> <span class='ocrx_word' id='word_1_1101' title='bbox 1773 2279 1941 2310; x_wconf 79' lang='lat' dir='ltr'>Prisonarius</span> <span class='ocrx_word' id='word_1_1102' title='bbox 1955 2278 2051 2308; x_wconf 88' lang='lat' dir='ltr'>noster</span> <span class='ocrx_word' id='word_1_1103' title='bbox 2068 2278 2181 2307; x_wconf 85' lang='lat' dir='ltr'>interim</span> <span class='ocrx_word' id='word_1_1104' title='bbox 2196 2286 2322 2316; x_wconf 89' lang='lat' dir='ltr'>maneat,</span> <span class='ocrx_word' id='word_1_1105' title='bbox 2336 2279 2371 2309; x_wconf 90' lang='lat'>&amp;</span> 
     </span>
     <span class='ocr_line' id='line_1_157' title="bbox 1305 2315 2374 2358; baseline -0.006 -7"><span class='ocrx_word' id='word_1_1106' title='bbox 1305 2320 1420 2358; x_wconf 81' lang='lat' dir='ltr'>Corpus</span> <span class='ocrx_word' id='word_1_1107' title='bbox 1433 2320 1513 2350; x_wconf 86' lang='lat' dir='ltr'>suum</span> <span class='ocrx_word' id='word_1_1108' title='bbox 1529 2318 1653 2350; x_wconf 75' lang='lat' dir='ltr'>Prisonae</span> <span class='ocrx_word' id='word_1_1109' title='bbox 1668 2318 1788 2356; x_wconf 49' lang='lat' dir='ltr'>nostrie,</span> <span class='ocrx_word' id='word_1_1110' title='bbox 1802 2318 1874 2349; x_wconf 85' lang='lat' dir='ltr'>infra</span> <span class='ocrx_word' id='word_1_1111' title='bbox 1894 2319 2034 2354; x_wconf 84' lang='lat' dir='ltr'>Regnum</span> <span class='ocrx_word' id='word_1_1112' title='bbox 2050 2316 2178 2346; x_wconf 86' lang='lat' dir='ltr'>nostrum</span> <span class='ocrx_word' id='word_1_1113' title='bbox 2194 2315 2374 2354; x_wconf 79' lang='lat' dir='ltr'>Angliae,ci-</span> 
     </span>
     <span class='ocr_line' id='line_1_158' title="bbox 1304 2353 2375 2395; baseline -0.005 -5"><span class='ocrx_word' id='word_1_1114' title='bbox 1304 2369 1346 2390; x_wconf 84' lang='lat' dir='ltr'>tra</span> <span class='ocrx_word' id='word_1_1115' title='bbox 1359 2359 1471 2390; x_wconf 70' lang='lat' dir='ltr'>dietum</span> <span class='ocrx_word' id='word_1_1116' title='bbox 1490 2357 1607 2389; x_wconf 89' lang='lat' dir='ltr'>Festum</span> <span class='ocrx_word' id='word_1_1117' title='bbox 1624 2357 1734 2388; x_wconf 82' lang='lat' dir='ltr'>Natalis</span> <span class='ocrx_word' id='word_1_1118' title='bbox 1750 2357 1893 2395; x_wconf 88' lang='lat' dir='ltr'>Domini,</span> <span class='ocrx_word' id='word_1_1119' title='bbox 1907 2356 1953 2388; x_wconf 89' lang='lat' dir='ltr'>vel</span> <span class='ocrx_word' id='word_1_1120' title='bbox 1967 2356 1997 2386; x_wconf 91' lang='lat' dir='ltr'>in</span> <span class='ocrx_word' id='word_1_1121' title='bbox 2016 2353 2120 2386; x_wconf 87' lang='lat' dir='ltr'>eodem</span> <span class='ocrx_word' id='word_1_1122' title='bbox 2136 2353 2237 2393; x_wconf 87' lang='lat' dir='ltr'>Festo,</span> <span class='ocrx_word' id='word_1_1123' title='bbox 2258 2353 2375 2386; x_wconf 86' lang='lat' dir='ltr'>fideliter</span> 
     </span>
     <span class='ocr_line' id='line_1_159' title="bbox 1305 2396 1923 2435; baseline -0.005 -7"><span class='ocrx_word' id='word_1_1124' title='bbox 1305 2399 1447 2429; x_wconf 88' lang='lat' dir='ltr'>reintrabit</span> <span class='ocrx_word' id='word_1_1125' title='bbox 1456 2420 1465 2434; x_wconf 87' lang='lat'>,</span> <span class='ocrx_word' id='word_1_1126' title='bbox 1479 2397 1609 2427; x_wconf 86' lang='lat' dir='ltr'>duximus</span> <span class='ocrx_word' id='word_1_1127' title='bbox 1622 2396 1849 2435; x_wconf 82' lang='lat' dir='ltr'>prorogandum,</span> <span class='ocrx_word' id='word_1_1128' title='bbox 1920 2429 1923 2431; x_wconf 54' lang='grc'><strong>,</strong></span> 
     </span>
    </p>

    <p class='ocr_par' dir='ltr' id='par_1_54' title="bbox 1305 2420 2485 2659">
     <span class='ocr_line' id='line_1_160' title="bbox 1343 2420 2485 2479; baseline -0.005 -12"><span class='ocrx_word' id='word_1_1129' title='bbox 1343 2437 1418 2467; x_wconf 69' lang='lat' dir='ltr'>*Et</span> <span class='ocrx_word' id='word_1_1130' title='bbox 1436 2438 1504 2467; x_wconf 81' lang='lat' dir='ltr'>ideo</span> <span class='ocrx_word' id='word_1_1131' title='bbox 1522 2435 1786 2479; x_wconf 35' lang='lat' dir='ltr'>vobis-mandamus</span> <span class='ocrx_word' id='word_1_1132' title='bbox 1800 2433 1880 2473; x_wconf 83' lang='lat' dir='ltr'>quod</span> <span class='ocrx_word' id='word_1_1133' title='bbox 1897 2433 1978 2464; x_wconf 68' lang='lat' dir='ltr'>dieto</span> <span class='ocrx_word' id='word_1_1134' title='bbox 1995 2432 2108 2471; x_wconf 86' lang='lat' dir='ltr'>Jacobo</span> <span class='ocrx_word' id='word_1_1135' title='bbox 2123 2453 2134 2469; x_wconf 87' lang='lat'>,</span> <span class='ocrx_word' id='word_1_1136' title='bbox 2162 2439 2209 2463; x_wconf 88' lang='lat' dir='ltr'>aut</span> <span class='ocrx_word' id='word_1_1137' title='bbox 2229 2429 2374 2469; x_wconf 66' lang='lat' dir='ltr'>praedietis</span> <span class='ocrx_word' id='word_1_1138' title='bbox 2393 2420 2413 2440; x_wconf 74' lang='lat'><strong><em>*</em></strong></span> <span class='ocrx_word' id='word_1_1139' title='bbox 2432 2421 2485 2450; x_wconf 81' lang='lat' dir='ltr'>VI.</span> 
     </span>
     <span class='ocr_line' id='line_1_161' title="bbox 1305 2468 2476 2517; baseline -0.006 -11"><span class='ocrx_word' id='word_1_1140' title='bbox 1305 2475 1452 2516; x_wconf 82' lang='lat' dir='ltr'>Equitibus</span> <span class='ocrx_word' id='word_1_1141' title='bbox 1470 2475 1506 2505; x_wconf 88' lang='lat' dir='ltr'>de</span> <span class='ocrx_word' id='word_1_1142' title='bbox 1523 2473 1673 2517; x_wconf 76' lang='lat' dir='ltr'>Comiuvzi</span> <span class='ocrx_word' id='word_1_1143' title='bbox 1691 2473 1756 2512; x_wconf 73' lang='lat' dir='ltr'>sua,</span> <span class='ocrx_word' id='word_1_1144' title='bbox 1774 2474 1813 2505; x_wconf 88' lang='lat' dir='ltr'>fic</span> <span class='ocrx_word' id='word_1_1145' title='bbox 1832 2474 1882 2504; x_wconf 89' lang='lat' dir='ltr'>sub</span> <span class='ocrx_word' id='word_1_1146' title='bbox 1898 2472 2083 2503; x_wconf 66' lang='lat' dir='ltr'>Proteetione</span> <span class='ocrx_word' id='word_1_1147' title='bbox 2101 2472 2134 2502; x_wconf 88' lang='lat'>&amp;</span> <span class='ocrx_word' id='word_1_1148' title='bbox 2152 2469 2230 2501; x_wconf 86' lang='lat' dir='ltr'>salvo</span> <span class='ocrx_word' id='word_1_1149' title='bbox 2250 2468 2374 2500; x_wconf 90' lang='lat' dir='ltr'>Condu-</span> <span class='ocrx_word' id='word_1_1150' title='bbox 2413 2469 2476 2489; x_wconf 85' lang='lat'><strong>¹0²·</strong></span> 
     </span>
     <span class='ocr_line' id='line_1_162' title="bbox 1307 2507 2375 2550; baseline -0.005 -7"><span class='ocrx_word' id='word_1_1151' title='bbox 1307 2515 1354 2545; x_wconf 63' lang='lat' dir='ltr'>itu</span> <span class='ocrx_word' id='word_1_1152' title='bbox 1372 2514 1473 2543; x_wconf 83' lang='lat' dir='ltr'>nostris</span> <span class='ocrx_word' id='word_1_1153' title='bbox 1491 2512 1697 2550; x_wconf 84' lang='lat' dir='ltr'>perl1stentibus</span> <span class='ocrx_word' id='word_1_1154' title='bbox 1713 2535 1722 2550; x_wconf 88' lang='lat'>,</span> <span class='ocrx_word' id='word_1_1155' title='bbox 1745 2523 1778 2543; x_wconf 93' lang='lat' dir='ltr'>ac</span> <span class='ocrx_word' id='word_1_1156' title='bbox 1800 2521 1902 2543; x_wconf 88' lang='lat' dir='ltr'>eorum</span> <span class='ocrx_word' id='word_1_1157' title='bbox 1920 2510 2062 2548; x_wconf 87' lang='lat' dir='ltr'>Vallettis,</span> <span class='ocrx_word' id='word_1_1158' title='bbox 2079 2507 2176 2539; x_wconf 89' lang='lat' dir='ltr'>eundo</span> <span class='ocrx_word' id='word_1_1159' title='bbox 2195 2519 2245 2547; x_wconf 87' lang='lat' dir='ltr'>per</span> <span class='ocrx_word' id='word_1_1160' title='bbox 2264 2507 2375 2539; x_wconf 91' lang='lat' dir='ltr'>Domi-</span> 
     </span>
     <span class='ocr_line' id='line_1_163' title="bbox 1306 2545 2376 2590; baseline -0.007 -6"><span class='ocrx_word' id='word_1_1161' title='bbox 1306 2555 1386 2584; x_wconf 89' lang='lat' dir='ltr'>nium</span> <span class='ocrx_word' id='word_1_1162' title='bbox 1405 2553 1437 2583; x_wconf 82' lang='lat'>&amp;</span> <span class='ocrx_word' id='word_1_1163' title='bbox 1456 2551 1632 2582; x_wconf 85' lang='lat' dir='ltr'>Potestatem</span> <span class='ocrx_word' id='word_1_1164' title='bbox 1651 2551 1764 2590; x_wconf 86' lang='lat' dir='ltr'>nostra,</span> <span class='ocrx_word' id='word_1_1165' title='bbox 1781 2553 1814 2581; x_wconf 88' lang='lat' dir='ltr'>in</span> <span class='ocrx_word' id='word_1_1166' title='bbox 1829 2549 1923 2580; x_wconf 67' lang='lat' dir='ltr'>Terra</span> <span class='ocrx_word' id='word_1_1167' title='bbox 1937 2572 1947 2587; x_wconf 86' lang='lat'>,</span> <span class='ocrx_word' id='word_1_1168' title='bbox 1972 2549 2017 2578; x_wconf 90' lang='lat' dir='ltr'>vel</span> <span class='ocrx_word' id='word_1_1169' title='bbox 2041 2549 2071 2578; x_wconf 90' lang='lat' dir='ltr'>in</span> <span class='ocrx_word' id='word_1_1170' title='bbox 2090 2546 2168 2577; x_wconf 84' lang='lat' dir='ltr'>Mari</span> <span class='ocrx_word' id='word_1_1171' title='bbox 2183 2570 2194 2585; x_wconf 93' lang='lat'>,</span> <span class='ocrx_word' id='word_1_1172' title='bbox 2226 2545 2261 2577; x_wconf 90' lang='lat' dir='ltr'>ad</span> <span class='ocrx_word' id='word_1_1173' title='bbox 2286 2546 2376 2577; x_wconf 69' lang='lat' dir='ltr'>dietas</span> 
     </span>
     <span class='ocr_line' id='line_1_164' title="bbox 1307 2584 2376 2629; baseline -0.007 -8"><span class='ocrx_word' id='word_1_1174' title='bbox 1307 2601 1396 2629; x_wconf 59' lang='lat' dir='ltr'>partes</span> <span class='ocrx_word' id='word_1_1175' title='bbox 1416 2591 1562 2628; x_wconf 86' lang='lat' dir='ltr'>Franciae,</span> <span class='ocrx_word' id='word_1_1176' title='bbox 1577 2591 1610 2621; x_wconf 65' lang='grc' dir='ltr'>δι’,</span> <span class='ocrx_word' id='word_1_1177' title='bbox 1629 2589 1732 2620; x_wconf 73' lang='lat' dir='ltr'>exinde</span> <span class='ocrx_word' id='word_1_1178' title='bbox 1749 2591 1779 2620; x_wconf 90' lang='lat' dir='ltr'>in</span> <span class='ocrx_word' id='word_1_1179' title='bbox 1797 2589 1932 2629; x_wconf 84' lang='lat' dir='ltr'>Angliam</span> <span class='ocrx_word' id='word_1_1180' title='bbox 1949 2585 2094 2618; x_wconf 88' lang='lat' dir='ltr'>redeundo</span> <span class='ocrx_word' id='word_1_1181' title='bbox 2110 2584 2171 2620; x_wconf 60' lang='lat' dir='ltr'>&amp;a</span> <span class='ocrx_word' id='word_1_1182' title='bbox 2190 2592 2274 2623; x_wconf 79' lang='lat' dir='ltr'>prout</span> <span class='ocrx_word' id='word_1_1183' title='bbox 2296 2589 2324 2615; x_wconf 82' lang='lat' dir='ltr'>in</span> <span class='ocrx_word' id='word_1_1184' title='bbox 2335 2584 2376 2625; x_wconf 87' lang='lat' dir='ltr'>fi—</span> 
     </span>
     <span class='ocr_line' id='line_1_165' title="bbox 1309 2629 1742 2659; baseline -0.005 0"><span class='ocrx_word' id='word_1_1185' title='bbox 1309 2629 1413 2659; x_wconf 66' lang='lat' dir='ltr'>milibus</span> <span class='ocrx_word' id='word_1_1186' title='bbox 1428 2632 1533 2659; x_wconf 74' lang='lat' dir='ltr'>Literis</span> <span class='ocrx_word' id='word_1_1187' title='bbox 1546 2629 1577 2657; x_wconf 79' lang='lat' dir='ltr'>de</span> <span class='ocrx_word' id='word_1_1188' title='bbox 1595 2629 1742 2657; x_wconf 66' lang='lat' dir='ltr'>ConduHu.</span> 
     </span>
    </p>

    <p class='ocr_par' dir='ltr' id='par_1_55' title="bbox 1348 2661 2381 2706">
     <span class='ocr_line' id='line_1_166' title="bbox 1348 2661 2381 2706; baseline -0.006 -8"><span class='ocrx_word' id='word_1_1189' title='bbox 1348 2668 1381 2698; x_wconf 90' lang='lat' dir='ltr'>In</span> <span class='ocrx_word' id='word_1_1190' title='bbox 1400 2669 1497 2706; x_wconf 77' lang='lat' dir='ltr'>qu&#39;us,</span> <span class='ocrx_word' id='word_1_1191' title='bbox 1519 2669 1581 2700; x_wconf 72' lang='lat' dir='ltr'>&amp;c-</span> <span class='ocrx_word' id='word_1_1192' title='bbox 1600 2666 1685 2704; x_wconf 91' lang='lat' dir='ltr'>usque</span> <span class='ocrx_word' id='word_1_1193' title='bbox 1703 2666 1737 2696; x_wconf 90' lang='lat' dir='ltr'>ad</span> <span class='ocrx_word' id='word_1_1194' title='bbox 1756 2665 1867 2696; x_wconf 61' lang='lat' dir='ltr'>dietum</span> <span class='ocrx_word' id='word_1_1195' title='bbox 1883 2663 2001 2695; x_wconf 88' lang='lat' dir='ltr'>Festum</span> <span class='ocrx_word' id='word_1_1196' title='bbox 2020 2662 2130 2694; x_wconf 82' lang='lat' dir='ltr'>Natalis</span> <span class='ocrx_word' id='word_1_1197' title='bbox 2153 2662 2278 2693; x_wconf 90' lang='lat' dir='ltr'>Domini</span> <span class='ocrx_word' id='word_1_1198' title='bbox 2296 2661 2381 2693; x_wconf 86' lang='lat' dir='ltr'>dura-</span> 
     </span>
    </p>

    <p class='ocr_par' dir='ltr' id='par_1_56' title="bbox 1308 2716 1390 2737">
     <span class='ocr_line' id='line_1_167' title="bbox 1308 2716 1390 2737; baseline -0.012 0"><span class='ocrx_word' id='word_1_1199' title='bbox 1308 2716 1390 2737; x_wconf 62' lang='lat' dir='ltr'>[usas.</span> 
     </span>
    </p>
   </div>
   <div class='ocr_carea' id='block_1_34' title="bbox 1347 2738 2343 2853">
    <p class='ocr_par' dir='ltr' id='par_1_57' title="bbox 1347 2738 2343 2853">
     <span class='ocr_line' id='line_1_168' title="bbox 1347 2738 2177 2783; baseline -0.007 -7"><span class='ocrx_word' id='word_1_1200' title='bbox 1347 2746 1415 2776; x_wconf 84' lang='lat' dir='ltr'>Dat.</span> <span class='ocrx_word' id='word_1_1201' title='bbox 1428 2744 1502 2783; x_wconf 85' lang='lat' dir='ltr'>apud</span> <span class='ocrx_word' id='word_1_1202' title='bbox 1518 2742 1826 2781; x_wconf 80' lang='lat' dir='ltr'>westmonasterium,</span> <span class='ocrx_word' id='word_1_1203' title='bbox 1843 2741 1959 2772; x_wconf 87' lang='lat' dir='ltr'>decimo</span> <span class='ocrx_word' id='word_1_1204' title='bbox 1981 2739 2029 2770; x_wconf 91' lang='lat' dir='ltr'>die</span> <span class='ocrx_word' id='word_1_1205' title='bbox 2043 2738 2177 2778; x_wconf 87' lang='lat' dir='ltr'>Augusti.</span> 
     </span>
     <span class='ocr_line' id='line_1_169' title="bbox 1852 2813 2343 2853; baseline -0.008 -5"><span class='ocrx_word' id='word_1_1206' title='bbox 1852 2821 1907 2848; x_wconf 84' lang='lat' dir='ltr'>Per</span> <span class='ocrx_word' id='word_1_1207' title='bbox 1924 2821 2055 2849; x_wconf 80' lang='lat' dir='ltr'>Literam</span> <span class='ocrx_word' id='word_1_1208' title='bbox 2073 2818 2105 2848; x_wconf 83' lang='lat' dir='ltr'>de</span> <span class='ocrx_word' id='word_1_1209' title='bbox 2122 2819 2227 2847; x_wconf 80' lang='lat' dir='ltr'>Secreto</span> <span class='ocrx_word' id='word_1_1210' title='bbox 2245 2813 2343 2853; x_wconf 85' lang='lat' dir='ltr'>Sigillo.</span> 
     </span>
    </p>
   </div>
   <div class='ocr_carea' id='block_1_35' title="bbox 1383 2897 2339 2918">
    <p class='ocr_par' dir='ltr' id='par_1_58' title="bbox 1383 2897 2339 2918">
     <span class='ocr_line' id='line_1_170' title="bbox 1383 2897 2339 2918; baseline 0 0"><span class='ocrx_word' id='word_1_1211' title='bbox 1383 2897 2339 2918; x_wconf 95' lang='lat' dir='ltr'> </span> 
     </span>
    </p>
   </div>
   <div class='ocr_carea' id='block_1_36' title="bbox 1387 2961 2318 3009">
    <p class='ocr_par' dir='ltr' id='par_1_59' title="bbox 1387 2961 2318 3009">
     <span class='ocr_line' id='line_1_171' title="bbox 1387 2961 2318 3009; baseline -0.005 -6"><span class='ocrx_word' id='word_1_1212' title='bbox 1387 2972 1444 3003; x_wconf 86' lang='lat' dir='ltr'>Pro</span> <span class='ocrx_word' id='word_1_1213' title='bbox 1467 2968 1586 3003; x_wconf 57' lang='lat' dir='ltr'>abbate</span> <span class='ocrx_word' id='word_1_1214' title='bbox 1604 2968 1640 3002; x_wconf 87' lang='lat' dir='ltr'>de</span> <span class='ocrx_word' id='word_1_1215' title='bbox 1663 2966 1853 3009; x_wconf 86' lang='lat' dir='ltr'>Brentholm,</span> <span class='ocrx_word' id='word_1_1216' title='bbox 1872 2965 1909 2999; x_wconf 83' lang='lat' dir='ltr'>de</span> <span class='ocrx_word' id='word_1_1217' title='bbox 1928 2963 2115 3009; x_wconf 67' lang='lat' dir='ltr'>Mnasterio</span> <span class='ocrx_word' id='word_1_1218' title='bbox 2131 2961 2318 3008; x_wconf 79' lang='lat' dir='ltr'>restituendo.</span> 
     </span>
    </p>
   </div>
   <div class='ocr_carea' id='block_1_37' title="bbox 1315 3049 2528 4083">
    <p class='ocr_par' dir='ltr' id='par_1_60' title="bbox 1315 3049 2526 3134">
     <span class='ocr_line' id='line_1_172' title="bbox 1315 3049 2526 3110; baseline -0.006 -23"><span class='ocrx_word' id='word_1_1219' title='bbox 1315 3054 1458 3110; x_wconf 78' lang='lat' dir='ltr'>REX,</span> <span class='ocrx_word' id='word_1_1220' title='bbox 1476 3054 1595 3086; x_wconf 69' lang='lat' dir='ltr'>Dilecto</span> <span class='ocrx_word' id='word_1_1221' title='bbox 1614 3055 1647 3086; x_wconf 62' lang='grc' dir='ltr'>ὃς</span> <span class='ocrx_word' id='word_1_1222' title='bbox 1667 3053 1741 3084; x_wconf 81' lang='lat' dir='ltr'>fideli</span> <span class='ocrx_word' id='word_1_1223' title='bbox 1758 3052 1826 3088; x_wconf 87' lang='lat' dir='ltr'>suo,</span> <span class='ocrx_word' id='word_1_1224' title='bbox 1841 3049 2010 3081; x_wconf 87' lang='lat' dir='ltr'>Guillielmo</span> <span class='ocrx_word' id='word_1_1225' title='bbox 2027 3050 2063 3081; x_wconf 89' lang='lat' dir='ltr'>de</span> <span class='ocrx_word' id='word_1_1226' title='bbox 2081 3050 2195 3088; x_wconf 90' lang='lat' dir='ltr'>Forses,</span> <span class='ocrx_word' id='word_1_1227' title='bbox 2220 3049 2381 3088; x_wconf 87' lang='lat' dir='ltr'>Capitaneo</span> <span class='ocrx_word' id='word_1_1228' title='bbox 2395 3055 2472 3086; x_wconf 80' lang='lat' dir='ltr'>Ann,</span> <span class='ocrx_word' id='word_1_1229' title='bbox 2484 3053 2526 3085; x_wconf 82' lang='lat' dir='ltr'>D,</span> 
     </span>
     <span class='ocr_line' id='line_1_173' title="bbox 1408 3088 2501 3134; baseline -0.005 -11"><span class='ocrx_word' id='word_1_1230' title='bbox 1408 3093 1433 3122; x_wconf 91' lang='lat' dir='ltr'>V</span> <span class='ocrx_word' id='word_1_1231' title='bbox 1436 3094 1489 3123; x_wconf 69' lang='lat' dir='ltr'>ill-³2</span> <span class='ocrx_word' id='word_1_1232' title='bbox 1504 3093 1540 3123; x_wconf 89' lang='lat' dir='ltr'>de</span> <span class='ocrx_word' id='word_1_1233' title='bbox 1559 3091 1741 3129; x_wconf 89' lang='lat' dir='ltr'>Brentholm,</span> <span class='ocrx_word' id='word_1_1234' title='bbox 1758 3092 1787 3120; x_wconf 90' lang='lat' dir='ltr'>in</span> <span class='ocrx_word' id='word_1_1235' title='bbox 1813 3089 1929 3120; x_wconf 88' lang='lat' dir='ltr'>Ducatu</span> <span class='ocrx_word' id='word_1_1236' title='bbox 1952 3090 2131 3127; x_wconf 77' lang='lat' dir='ltr'>Aquitaniae,</span> <span class='ocrx_word' id='word_1_1237' title='bbox 2149 3088 2281 3120; x_wconf 86' lang='lat' dir='ltr'>Salutem.</span> <span class='ocrx_word' id='word_1_1238' title='bbox 2417 3093 2501 3134; x_wconf 80' lang='lat'>1358,</span> 
     </span>
    </p>

    <p class='ocr_par' dir='ltr' id='par_1_61' title="bbox 1317 3126 2528 3249">
     <span class='ocr_line' id='line_1_174' title="bbox 1355 3126 2508 3169; baseline -0.001 -8"><span class='ocrx_word' id='word_1_1239' title='bbox 1355 3132 1453 3169; x_wconf 79' lang='lat' dir='ltr'>Cum,</span> <span class='ocrx_word' id='word_1_1240' title='bbox 1473 3141 1502 3161; x_wconf 89' lang='lat' dir='ltr'>ut</span> <span class='ocrx_word' id='word_1_1241' title='bbox 1519 3132 1682 3168; x_wconf 75' lang='lat' dir='ltr'>accepimus</span> <span class='ocrx_word' id='word_1_1242' title='bbox 1695 3152 1705 3167; x_wconf 88' lang='lat'>,</span> <span class='ocrx_word' id='word_1_1243' title='bbox 1729 3129 1806 3159; x_wconf 58' lang='lat' dir='ltr'>dieta</span> <span class='ocrx_word' id='word_1_1244' title='bbox 1823 3127 1896 3158; x_wconf 90' lang='lat' dir='ltr'>Villa</span> <span class='ocrx_word' id='word_1_1245' title='bbox 1914 3128 1951 3158; x_wconf 92' lang='lat' dir='ltr'>de</span> <span class='ocrx_word' id='word_1_1246' title='bbox 1967 3127 2150 3166; x_wconf 87' lang='lat' dir='ltr'>Brentholm,</span> <span class='ocrx_word' id='word_1_1247' title='bbox 2167 3137 2248 3166; x_wconf 84' lang='lat' dir='ltr'>quae,</span> <span class='ocrx_word' id='word_1_1248' title='bbox 2266 3126 2302 3158; x_wconf 91' lang='lat' dir='ltr'>de</span> <span class='ocrx_word' id='word_1_1249' title='bbox 2320 3126 2382 3158; x_wconf 93' lang='lat' dir='ltr'>Ad-</span> <span class='ocrx_word' id='word_1_1250' title='bbox 2397 3137 2450 3160; x_wconf 80' lang='lat' dir='ltr'>An.</span> <span class='ocrx_word' id='word_1_1251' title='bbox 2462 3142 2508 3169; x_wconf 87' lang='lat'>32.</span> 
     </span>
     <span class='ocr_line' id='line_1_175' title="bbox 1317 3165 2472 3208; baseline -0.005 -7"><span class='ocrx_word' id='word_1_1252' title='bbox 1317 3171 1439 3201; x_wconf 68' lang='lat' dir='ltr'>haefione</span> <span class='ocrx_word' id='word_1_1253' title='bbox 1458 3169 1614 3200; x_wconf 81' lang='lat' dir='ltr'>Adversarii</span> <span class='ocrx_word' id='word_1_1254' title='bbox 1632 3167 1721 3198; x_wconf 88' lang='lat' dir='ltr'>nostri</span> <span class='ocrx_word' id='word_1_1255' title='bbox 1741 3168 1868 3198; x_wconf 80' lang='lat' dir='ltr'>Franciae</span> <span class='ocrx_word' id='word_1_1256' title='bbox 1882 3189 1892 3204; x_wconf 83' lang='lat'>,</span> <span class='ocrx_word' id='word_1_1257' title='bbox 1915 3176 2007 3204; x_wconf 89' lang='lat' dir='ltr'>nuper</span> <span class='ocrx_word' id='word_1_1258' title='bbox 2025 3167 2114 3197; x_wconf 86' lang='lat' dir='ltr'>extitit</span> <span class='ocrx_word' id='word_1_1259' title='bbox 2131 3176 2181 3205; x_wconf 88' lang='lat' dir='ltr'>per</span> <span class='ocrx_word' id='word_1_1260' title='bbox 2200 3165 2310 3196; x_wconf 89' lang='lat' dir='ltr'>Gentes</span> <span class='ocrx_word' id='word_1_1261' title='bbox 2327 3176 2380 3196; x_wconf 91' lang='lat' dir='ltr'>no-</span> <span class='ocrx_word' id='word_1_1262' title='bbox 2397 3177 2424 3199; x_wconf 79' lang='lat' dir='ltr'>E.</span> <span class='ocrx_word' id='word_1_1263' title='bbox 2447 3180 2472 3208; x_wconf 81' lang='lat'>3.</span> 
     </span>
     <span class='ocr_line' id='line_1_176' title="bbox 1318 3203 2528 3249; baseline -0.005 -9"><span class='ocrx_word' id='word_1_1264' title='bbox 1318 3210 1384 3240; x_wconf 86' lang='lat' dir='ltr'>stras</span> <span class='ocrx_word' id='word_1_1265' title='bbox 1401 3208 1437 3238; x_wconf 92' lang='lat' dir='ltr'>de</span> <span class='ocrx_word' id='word_1_1266' title='bbox 1455 3207 1566 3237; x_wconf 73' lang='lat' dir='ltr'>Guerra</span> <span class='ocrx_word' id='word_1_1267' title='bbox 1584 3215 1680 3245; x_wconf 83' lang='lat' dir='ltr'>capta,</span> <span class='ocrx_word' id='word_1_1268' title='bbox 1698 3207 1731 3237; x_wconf 91' lang='lat'>&amp;</span> <span class='ocrx_word' id='word_1_1269' title='bbox 1749 3205 1783 3237; x_wconf 86' lang='lat' dir='ltr'>ad</span> <span class='ocrx_word' id='word_1_1270' title='bbox 1804 3205 1918 3236; x_wconf 86' lang='lat' dir='ltr'>Partem</span> <span class='ocrx_word' id='word_1_1271' title='bbox 1937 3205 2064 3236; x_wconf 88' lang='lat' dir='ltr'>nostram</span> <span class='ocrx_word' id='word_1_1272' title='bbox 2084 3213 2244 3243; x_wconf 81' lang='lat' dir='ltr'>recuperata</span> <span class='ocrx_word' id='word_1_1273' title='bbox 2269 3203 2381 3243; x_wconf 82' lang='lat' dir='ltr'>fuisset,</span> <span class='ocrx_word' id='word_1_1274' title='bbox 2395 3209 2462 3249; x_wconf 55' lang='grc' dir='ltr'>γαρ.</span> <span class='ocrx_word' id='word_1_1275' title='bbox 2482 3213 2528 3245; x_wconf 60' lang='lat'>324</span> 
     </span>
    </p>

    <p class='ocr_par' dir='ltr' id='par_1_62' title="bbox 1357 3244 2526 3285">
     <span class='ocr_line' id='line_1_177' title="bbox 1357 3244 2526 3285; baseline -0.007 -8"><span class='ocrx_word' id='word_1_1276' title='bbox 1357 3246 1506 3284; x_wconf 85' lang='lat' dir='ltr'>Abbasque</span> <span class='ocrx_word' id='word_1_1277' title='bbox 1526 3245 1695 3276; x_wconf 88' lang='lat' dir='ltr'>Monasterii</span> <span class='ocrx_word' id='word_1_1278' title='bbox 1711 3244 1831 3275; x_wconf 79' lang='lat' dir='ltr'>e&#39;usdem</span> <span class='ocrx_word' id='word_1_1279' title='bbox 1850 3244 1950 3282; x_wconf 80' lang='lat' dir='ltr'>Villae,</span> <span class='ocrx_word' id='word_1_1280' title='bbox 2368 3246 2378 3260; x_wconf 60' lang='lat'><em>³</em></span> <span class='ocrx_word' id='word_1_1281' title='bbox 2397 3254 2423 3279; x_wconf 79' lang='lat' dir='ltr'>E.</span> <span class='ocrx_word' id='word_1_1282' title='bbox 2435 3255 2526 3285; x_wconf 55' lang='lat'>34²³-</span> 
     </span>
    </p>

    <p class='ocr_par' dir='ltr' id='par_1_63' title="bbox 1321 3279 2475 3363">
     <span class='ocr_line' id='line_1_178' title="bbox 1361 3279 2475 3324; baseline -0.003 -9"><span class='ocrx_word' id='word_1_1283' title='bbox 1361 3286 1423 3324; x_wconf 82' lang='lat' dir='ltr'>Qui</span> <span class='ocrx_word' id='word_1_1284' title='bbox 1436 3285 1465 3315; x_wconf 90' lang='lat' dir='ltr'>in</span> <span class='ocrx_word' id='word_1_1285' title='bbox 1484 3283 1658 3315; x_wconf 64' lang='lat' dir='ltr'>obedientia</span> <span class='ocrx_word' id='word_1_1286' title='bbox 1675 3283 1705 3314; x_wconf 90' lang='lat' dir='ltr'>di</span> <span class='ocrx_word' id='word_1_1287' title='bbox 1738 3285 1746 3313; x_wconf 96' lang='lat' dir='ltr'>i</span> <span class='ocrx_word' id='word_1_1288' title='bbox 1764 3282 1938 3320; x_wconf 84' lang='lat' dir='ltr'>Adversarii,</span> <span class='ocrx_word' id='word_1_1289' title='bbox 1952 3293 1967 3313; x_wconf 88' lang='lat' dir='ltr'>a</span> <span class='ocrx_word' id='word_1_1290' title='bbox 1982 3290 2114 3320; x_wconf 85' lang='lat' dir='ltr'>tempore</span> <span class='ocrx_word' id='word_1_1291' title='bbox 2131 3279 2280 3318; x_wconf 86' lang='lat' dir='ltr'>Captionis</span> <span class='ocrx_word' id='word_1_1292' title='bbox 2297 3279 2383 3312; x_wconf 71' lang='lat' dir='ltr'>dic‘tae</span> <span class='ocrx_word' id='word_1_1293' title='bbox 2393 3296 2430 3316; x_wconf 77' lang='lat' dir='ltr'>m,</span> <span class='ocrx_word' id='word_1_1294' title='bbox 2448 3297 2475 3315; x_wconf 83' lang='lat'>2.</span> 
     </span>
     <span class='ocr_line' id='line_1_179' title="bbox 1321 3322 1944 3363; baseline -0.006 -8"><span class='ocrx_word' id='word_1_1295' title='bbox 1321 3324 1422 3361; x_wconf 87' lang='lat' dir='ltr'>Villae,</span> <span class='ocrx_word' id='word_1_1296' title='bbox 1439 3323 1546 3363; x_wconf 87' lang='lat' dir='ltr'>semper</span> <span class='ocrx_word' id='word_1_1297' title='bbox 1562 3322 1697 3353; x_wconf 59' lang='lat' dir='ltr'>haetenus</span> <span class='ocrx_word' id='word_1_1298' title='bbox 1716 3331 1826 3353; x_wconf 90' lang='lat' dir='ltr'>moram</span> <span class='ocrx_word' id='word_1_1299' title='bbox 1845 3322 1944 3360; x_wconf 87' lang='lat' dir='ltr'>traxit,</span> 
     </span>
    </p>

    <p class='ocr_par' dir='ltr' id='par_1_64' title="bbox 1323 3355 2386 3438">
     <span class='ocr_line' id='line_1_180' title="bbox 1362 3355 2386 3401; baseline -0.004 -10"><span class='ocrx_word' id='word_1_1300' title='bbox 1362 3363 1434 3401; x_wconf 80' lang='lat' dir='ltr'>Qio</span> <span class='ocrx_word' id='word_1_1301' title='bbox 1448 3369 1582 3399; x_wconf 67' lang='lat' dir='ltr'>praetextu</span> <span class='ocrx_word' id='word_1_1302' title='bbox 1596 3361 1691 3392; x_wconf 88' lang='lat' dir='ltr'>divina</span> <span class='ocrx_word' id='word_1_1303' title='bbox 1705 3360 1867 3399; x_wconf 88' lang='lat' dir='ltr'>Obsequia,</span> <span class='ocrx_word' id='word_1_1304' title='bbox 1883 3369 1947 3398; x_wconf 85' lang='lat' dir='ltr'>quae</span> <span class='ocrx_word' id='word_1_1305' title='bbox 1964 3358 1994 3389; x_wconf 90' lang='lat' dir='ltr'>in</span> <span class='ocrx_word' id='word_1_1306' title='bbox 2012 3356 2115 3388; x_wconf 89' lang='lat' dir='ltr'>eodem</span> <span class='ocrx_word' id='word_1_1307' title='bbox 2135 3355 2316 3388; x_wconf 81' lang='lat' dir='ltr'>Monasterio</span> <span class='ocrx_word' id='word_1_1308' title='bbox 2328 3356 2386 3388; x_wconf 87' lang='lat' dir='ltr'>fieri</span> 
     </span>
     <span class='ocr_line' id='line_1_181' title="bbox 1323 3395 2223 3438; baseline -0.008 -6"><span class='ocrx_word' id='word_1_1309' title='bbox 1323 3403 1542 3438; x_wconf 80' lang='lat' dir='ltr'>consueverant,</span> <span class='ocrx_word' id='word_1_1310' title='bbox 1561 3400 1682 3430; x_wconf 88' lang='lat' dir='ltr'>multum</span> <span class='ocrx_word' id='word_1_1311' title='bbox 1700 3400 1824 3437; x_wconf 75' lang='lat' dir='ltr'>cessant,</span> <span class='ocrx_word' id='word_1_1312' title='bbox 1840 3400 1874 3430; x_wconf 64' lang='grc' dir='ltr'>ὃς</span> <span class='ocrx_word' id='word_1_1313' title='bbox 1891 3409 1907 3428; x_wconf 91' lang='lat' dir='ltr'>a</span> <span class='ocrx_word' id='word_1_1314' title='bbox 1924 3398 1973 3427; x_wconf 90' lang='lat' dir='ltr'>diu</span> <span class='ocrx_word' id='word_1_1315' title='bbox 1990 3395 2050 3425; x_wconf 93' lang='lat' dir='ltr'>sunt</span> <span class='ocrx_word' id='word_1_1316' title='bbox 2068 3396 2223 3434; x_wconf 60' lang='lat' dir='ltr'>subtracta,</span> 
     </span>
    </p>

    <p class='ocr_par' dir='ltr' id='par_1_65' title="bbox 1321 3434 2390 3592">
     <span class='ocr_line' id='line_1_182' title="bbox 1354 3434 2386 3479; baseline -0.007 -9"><span class='ocrx_word' id='word_1_1317' title='bbox 1354 3440 1418 3479; x_wconf 79' lang='lat' dir='ltr'>jam</span> <span class='ocrx_word' id='word_1_1318' title='bbox 1438 3438 1473 3469; x_wconf 91' lang='lat' dir='ltr'>ad</span> <span class='ocrx_word' id='word_1_1319' title='bbox 1491 3438 1603 3469; x_wconf 76' lang='lat' dir='ltr'>dictum</span> <span class='ocrx_word' id='word_1_1320' title='bbox 1623 3437 1911 3474; x_wconf 87' lang='lat' dir='ltr'>Monasterium,pro</span> <span class='ocrx_word' id='word_1_1321' title='bbox 1930 3435 2098 3466; x_wconf 85' lang='lat' dir='ltr'>relevatione</span> <span class='ocrx_word' id='word_1_1322' title='bbox 2113 3434 2291 3465; x_wconf 83' lang='lat' dir='ltr'>Divinorum</span> <span class='ocrx_word' id='word_1_1323' title='bbox 2316 3434 2386 3464; x_wconf 89' lang='lat' dir='ltr'>inibi</span> 
     </span>
     <span class='ocr_line' id='line_1_183' title="bbox 1321 3456 2389 3514; baseline -0.008 -4"><span class='ocrx_word' id='word_1_1324' title='bbox 1321 3478 1550 3514; x_wconf 68' lang='lat' dir='ltr'>subtractorum,</span> <span class='ocrx_word' id='word_1_1325' title='bbox 1567 3478 1664 3508; x_wconf 89' lang='lat' dir='ltr'>venire</span> <span class='ocrx_word' id='word_1_1326' title='bbox 1682 3478 1716 3509; x_wconf 91' lang='lat'>&amp;</span> <span class='ocrx_word' id='word_1_1327' title='bbox 1736 3476 1841 3506; x_wconf 90' lang='lat' dir='ltr'>morari</span> <span class='ocrx_word' id='word_1_1328' title='bbox 1856 3497 1865 3512; x_wconf 88' lang='lat'>,</span> <span class='ocrx_word' id='word_1_1329' title='bbox 1890 3473 2027 3511; x_wconf 86' lang='lat' dir='ltr'>nobisque</span> <span class='ocrx_word' id='word_1_1330' title='bbox 2045 3473 2158 3503; x_wconf 85' lang='lat' dir='ltr'>ulterius</span> <span class='ocrx_word' id='word_1_1331' title='bbox 2175 3471 2267 3503; x_wconf 88' lang='lat' dir='ltr'>facere</span> <span class='ocrx_word' id='word_1_1332' title='bbox 2283 3456 2389 3502; x_wconf 61' lang='lat' dir='ltr'>defide-</span> 
     </span>
     <span class='ocr_line' id='line_1_184' title="bbox 1324 3510 2390 3555; baseline -0.008 -7"><span class='ocrx_word' id='word_1_1333' title='bbox 1324 3526 1364 3548; x_wconf 90' lang='lat' dir='ltr'>ret</span> <span class='ocrx_word' id='word_1_1334' title='bbox 1383 3516 1461 3555; x_wconf 86' lang='lat' dir='ltr'>quod</span> <span class='ocrx_word' id='word_1_1335' title='bbox 1477 3515 1609 3553; x_wconf 90' lang='lat' dir='ltr'>debebit,</span> <span class='ocrx_word' id='word_1_1336' title='bbox 1627 3514 1810 3553; x_wconf 83' lang='lat' dir='ltr'>supplicando</span> <span class='ocrx_word' id='word_1_1337' title='bbox 1837 3520 1866 3543; x_wconf 87' lang='lat' dir='ltr'>ut</span> <span class='ocrx_word' id='word_1_1338' title='bbox 1888 3511 1922 3542; x_wconf 89' lang='lat' dir='ltr'>ad</span> <span class='ocrx_word' id='word_1_1339' title='bbox 1943 3511 2000 3542; x_wconf 92' lang='lat' dir='ltr'>hoc</span> <span class='ocrx_word' id='word_1_1340' title='bbox 2018 3510 2068 3541; x_wconf 87' lang='lat' dir='ltr'>fibi</span> <span class='ocrx_word' id='word_1_1341' title='bbox 2085 3510 2212 3541; x_wconf 90' lang='lat' dir='ltr'>nostram</span> <span class='ocrx_word' id='word_1_1342' title='bbox 2230 3510 2390 3540; x_wconf 87' lang='lat' dir='ltr'>Licentiam</span> 
     </span>
     <span class='ocr_line' id='line_1_185' title="bbox 1325 3547 2386 3592; baseline -0.009 -5"><span class='ocrx_word' id='word_1_1343' title='bbox 1325 3554 1578 3592; x_wconf 84' lang='lat' dir='ltr'>concedamus,&amp;</span> <span class='ocrx_word' id='word_1_1344' title='bbox 1593 3554 1644 3584; x_wconf 85' lang='lat' dir='ltr'>libi</span> <span class='ocrx_word' id='word_1_1345' title='bbox 1661 3553 1772 3583; x_wconf 67' lang='lat' dir='ltr'>dietum</span> <span class='ocrx_word' id='word_1_1346' title='bbox 1791 3550 1999 3582; x_wconf 85' lang='lat' dir='ltr'>Monasterium</span> <span class='ocrx_word' id='word_1_1347' title='bbox 2017 3549 2122 3580; x_wconf 90' lang='lat' dir='ltr'>restitui</span> <span class='ocrx_word' id='word_1_1348' title='bbox 2137 3549 2237 3586; x_wconf 87' lang='lat' dir='ltr'>jubere</span> <span class='ocrx_word' id='word_1_1349' title='bbox 2249 3547 2386 3586; x_wconf 84' lang='lat' dir='ltr'>velimus,</span> 
     </span>
    </p>

    <p class='ocr_par' dir='ltr' id='par_1_66' title="bbox 1326 3585 2396 3860">
     <span class='ocr_line' id='line_1_186' title="bbox 1362 3585 2389 3631; baseline -0.007 -8"><span class='ocrx_word' id='word_1_1350' title='bbox 1362 3593 1444 3631; x_wconf 73' lang='lat' dir='ltr'>Nos,</span> <span class='ocrx_word' id='word_1_1351' title='bbox 1462 3591 1583 3622; x_wconf 91' lang='lat' dir='ltr'>Cultum</span> <span class='ocrx_word' id='word_1_1352' title='bbox 1602 3592 1745 3622; x_wconf 89' lang='lat' dir='ltr'>Divinum</span> <span class='ocrx_word' id='word_1_1353' title='bbox 1764 3590 1887 3620; x_wconf 90' lang='lat' dir='ltr'>nolentes</span> <span class='ocrx_word' id='word_1_1354' title='bbox 1904 3589 2049 3627; x_wconf 88' lang='lat' dir='ltr'>diminui,</span> <span class='ocrx_word' id='word_1_1355' title='bbox 2081 3587 2119 3618; x_wconf 91' lang='lat' dir='ltr'>set</span> <span class='ocrx_word' id='word_1_1356' title='bbox 2183 3586 2238 3616; x_wconf 83' lang='lat' dir='ltr'>titis</span> <span class='ocrx_word' id='word_1_1357' title='bbox 2260 3585 2389 3617; x_wconf 88' lang='lat' dir='ltr'>volentes</span> 
     </span>
     <span class='ocr_line' id='line_1_187' title="bbox 1326 3624 2391 3669; baseline -0.007 -8"><span class='ocrx_word' id='word_1_1358' title='bbox 1326 3632 1424 3669; x_wconf 88' lang='lat' dir='ltr'>illurn,</span> <span class='ocrx_word' id='word_1_1359' title='bbox 1438 3630 1479 3661; x_wconf 93' lang='lat' dir='ltr'>ob</span> <span class='ocrx_word' id='word_1_1360' title='bbox 1497 3632 1680 3661; x_wconf 85' lang='lat' dir='ltr'>reverentiam</span> <span class='ocrx_word' id='word_1_1361' title='bbox 1699 3629 1758 3659; x_wconf 92' lang='lat' dir='ltr'>Dei</span> <span class='ocrx_word' id='word_1_1362' title='bbox 1775 3630 1809 3660; x_wconf 90' lang='lat'>&amp;</span> <span class='ocrx_word' id='word_1_1363' title='bbox 1825 3627 1938 3658; x_wconf 70' lang='lat' dir='ltr'>Sanetae</span> <span class='ocrx_word' id='word_1_1364' title='bbox 1956 3627 2059 3658; x_wconf 88' lang='lat' dir='ltr'>Matris</span> <span class='ocrx_word' id='word_1_1365' title='bbox 2081 3625 2144 3655; x_wconf 90' lang='lat' dir='ltr'>Ecc</span> <span class='ocrx_word' id='word_1_1366' title='bbox 2155 3624 2237 3667; x_wconf 65' lang='lat' dir='ltr'>eliae,</span> <span class='ocrx_word' id='word_1_1367' title='bbox 2252 3633 2305 3661; x_wconf 80' lang='lat' dir='ltr'>pro</span> <span class='ocrx_word' id='word_1_1368' title='bbox 2323 3625 2391 3655; x_wconf 91' lang='lat' dir='ltr'>viri-</span> 
     </span>
     <span class='ocr_line' id='line_1_188' title="bbox 1326 3661 2390 3707; baseline -0.006 -7"><span class='ocrx_word' id='word_1_1369' title='bbox 1326 3671 1377 3700; x_wconf 88' lang='lat' dir='ltr'>bus</span> <span class='ocrx_word' id='word_1_1370' title='bbox 1393 3669 1536 3707; x_wconf 86' lang='lat' dir='ltr'>adaugeri,</span> <span class='ocrx_word' id='word_1_1371' title='bbox 1554 3668 1761 3706; x_wconf 79' lang='lat' dir='ltr'>Supplicationi</span> <span class='ocrx_word' id='word_1_1372' title='bbox 1786 3666 1930 3704; x_wconf 68' lang='lat' dir='ltr'>praedictae</span> <span class='ocrx_word' id='word_1_1373' title='bbox 1945 3688 1955 3704; x_wconf 83' lang='lat'>,</span> <span class='ocrx_word' id='word_1_1374' title='bbox 1979 3665 2081 3695; x_wconf 87' lang='lat' dir='ltr'>intuitu</span> <span class='ocrx_word' id='word_1_1375' title='bbox 2106 3661 2333 3700; x_wconf 80' lang='lat' dir='ltr'>praemissorum,</span> <span class='ocrx_word' id='word_1_1376' title='bbox 2356 3673 2390 3694; x_wconf 91' lang='lat' dir='ltr'>ac</span> 
     </span>
     <span class='ocr_line' id='line_1_189' title="bbox 1327 3699 2395 3744; baseline -0.008 -5"><span class='ocrx_word' id='word_1_1377' title='bbox 1327 3708 1582 3744; x_wconf 88' lang='lat' dir='ltr'>contemplatione,</span> <span class='ocrx_word' id='word_1_1378' title='bbox 1602 3706 1774 3737; x_wconf 82' lang='lat' dir='ltr'>Venerabilis</span> <span class='ocrx_word' id='word_1_1379' title='bbox 1794 3705 1873 3743; x_wconf 84' lang='lat' dir='ltr'>Viri,</span> <span class='ocrx_word' id='word_1_1380' title='bbox 1891 3702 2035 3735; x_wconf 82' lang='lat' dir='ltr'>Bertrandi</span> <span class='ocrx_word' id='word_1_1381' title='bbox 2051 3701 2087 3731; x_wconf 88' lang='lat' dir='ltr'>de</span> <span class='ocrx_word' id='word_1_1382' title='bbox 2105 3699 2313 3738; x_wconf 82' lang='lat' dir='ltr'>Cainpuhaco,</span> <span class='ocrx_word' id='word_1_1383' title='bbox 2336 3701 2395 3731; x_wconf 83' lang='lat' dir='ltr'>Ar·</span> 
     </span>
     <span class='ocr_line' id='line_1_190' title="bbox 1328 3738 2395 3781; baseline -0.007 -5"><span class='ocrx_word' id='word_1_1384' title='bbox 1328 3746 1489 3777; x_wconf 86' lang='lat' dir='ltr'>chidiaconi</span> <span class='ocrx_word' id='word_1_1385' title='bbox 1504 3746 1540 3775; x_wconf 93' lang='lat' dir='ltr'>de</span> <span class='ocrx_word' id='word_1_1386' title='bbox 1559 3744 1645 3776; x_wconf 86' lang='lat' dir='ltr'>Ultra</span> <span class='ocrx_word' id='word_1_1387' title='bbox 1664 3744 1862 3781; x_wconf 83' lang='lat' dir='ltr'>Dordoniam,</span> <span class='ocrx_word' id='word_1_1388' title='bbox 1873 3742 1996 3773; x_wconf 88' lang='lat' dir='ltr'>Domini</span> <span class='ocrx_word' id='word_1_1389' title='bbox 2013 3738 2249 3781; x_wconf 72' lang='lat' dir='ltr'>Petragoricensis</span> <span class='ocrx_word' id='word_1_1390' title='bbox 2264 3738 2395 3770; x_wconf 77' lang='lat' dir='ltr'>Familia-</span> 
     </span>
     <span class='ocr_line' id='line_1_191' title="bbox 1329 3776 2396 3822; baseline -0.007 -8"><span class='ocrx_word' id='word_1_1391' title='bbox 1329 3787 1382 3822; x_wconf 89' lang='lat' dir='ltr'>ris,</span> <span class='ocrx_word' id='word_1_1392' title='bbox 1400 3794 1483 3821; x_wconf 89' lang='lat' dir='ltr'>penes</span> <span class='ocrx_word' id='word_1_1393' title='bbox 1501 3793 1553 3813; x_wconf 91' lang='lat' dir='ltr'>nos</span> <span class='ocrx_word' id='word_1_1394' title='bbox 1570 3783 1713 3822; x_wconf 77' lang='lat' dir='ltr'>instantis,</span> <span class='ocrx_word' id='word_1_1395' title='bbox 1731 3792 1766 3814; x_wconf 82' lang='lat' dir='ltr'>ex</span> <span class='ocrx_word' id='word_1_1396' title='bbox 1783 3783 1837 3812; x_wconf 89' lang='lat' dir='ltr'>hac</span> <span class='ocrx_word' id='word_1_1397' title='bbox 1855 3781 1952 3818; x_wconf 70' lang='lat' dir='ltr'>causa,</span> <span class='ocrx_word' id='word_1_1398' title='bbox 1965 3779 2016 3809; x_wconf 93' lang='lat' dir='ltr'>sub</span> <span class='ocrx_word' id='word_1_1399' title='bbox 2033 3776 2128 3807; x_wconf 69' lang='lat' dir='ltr'>forma</span> <span class='ocrx_word' id='word_1_1400' title='bbox 2147 3776 2396 3815; x_wconf 67' lang='lat' dir='ltr'>anted1&amp;a,duxi-</span> 
     </span>
     <span class='ocr_line' id='line_1_192' title="bbox 1332 3822 1614 3860; baseline -0.011 -6"><span class='ocrx_word' id='word_1_1401' title='bbox 1332 3833 1394 3854; x_wconf 88' lang='lat' dir='ltr'>rnus</span> <span class='ocrx_word' id='word_1_1402' title='bbox 1413 3822 1614 3860; x_wconf 86' lang='lat' dir='ltr'>annuendum,</span> 
     </span>
    </p>

    <p class='ocr_par' dir='ltr' id='par_1_67' title="bbox 1332 3852 2428 4052">
     <span class='ocr_line' id='line_1_193' title="bbox 1369 3852 2398 3896; baseline -0.007 -4"><span class='ocrx_word' id='word_1_1403' title='bbox 1369 3861 1408 3892; x_wconf 89' lang='lat' dir='ltr'>Et</span> <span class='ocrx_word' id='word_1_1404' title='bbox 1425 3860 1492 3890; x_wconf 83' lang='lat' dir='ltr'>ideo</span> <span class='ocrx_word' id='word_1_1405' title='bbox 1511 3861 1594 3890; x_wconf 86' lang='lat' dir='ltr'>vobis</span> <span class='ocrx_word' id='word_1_1406' title='bbox 1611 3858 1774 3890; x_wconf 80' lang='lat' dir='ltr'>mandamus</span> <span class='ocrx_word' id='word_1_1407' title='bbox 1796 3856 1874 3896; x_wconf 79' lang='lat' dir='ltr'>quod</span> <span class='ocrx_word' id='word_1_1408' title='bbox 1886 3878 1895 3892; x_wconf 84' lang='lat'>,</span> <span class='ocrx_word' id='word_1_1409' title='bbox 1915 3854 1934 3884; x_wconf 80' lang='lat' dir='ltr'>sl</span> <span class='ocrx_word' id='word_1_1410' title='bbox 1954 3852 2103 3896; x_wconf 67' lang='lat' dir='ltr'>praedietus</span> <span class='ocrx_word' id='word_1_1411' title='bbox 2122 3852 2217 3883; x_wconf 85' lang='lat' dir='ltr'>Abbas</span> <span class='ocrx_word' id='word_1_1412' title='bbox 2232 3852 2266 3883; x_wconf 87' lang='lat' dir='ltr'>ad</span> <span class='ocrx_word' id='word_1_1413' title='bbox 2284 3852 2398 3885; x_wconf 64' lang='lat' dir='ltr'>dictum</span> 
     </span>
     <span class='ocr_line' id='line_1_194' title="bbox 1333 3890 2398 3934; baseline -0.006 -7"><span class='ocrx_word' id='word_1_1414' title='bbox 1333 3898 1544 3929; x_wconf 85' lang='lat' dir='ltr'>Monasterium</span> <span class='ocrx_word' id='word_1_1415' title='bbox 1559 3897 1638 3928; x_wconf 81' lang='lat' dir='ltr'>suum</span> <span class='ocrx_word' id='word_1_1416' title='bbox 1657 3898 1754 3927; x_wconf 76' lang='lat' dir='ltr'>venire</span> <span class='ocrx_word' id='word_1_1417' title='bbox 1766 3919 1776 3934; x_wconf 78' lang='lat'>,</span> <span class='ocrx_word' id='word_1_1418' title='bbox 1795 3898 1829 3927; x_wconf 89' lang='lat'>&amp;</span> <span class='ocrx_word' id='word_1_1419' title='bbox 1853 3893 1972 3930; x_wconf 86' lang='lat' dir='ltr'>morari,</span> <span class='ocrx_word' id='word_1_1420' title='bbox 1990 3891 2024 3922; x_wconf 73' lang='grc' dir='ltr'>δε</span> <span class='ocrx_word' id='word_1_1421' title='bbox 2042 3901 2073 3920; x_wconf 85' lang='lat' dir='ltr'>in</span> <span class='ocrx_word' id='word_1_1422' title='bbox 2093 3890 2263 3921; x_wconf 85' lang='lat' dir='ltr'>Obedientia</span> <span class='ocrx_word' id='word_1_1423' title='bbox 2285 3891 2398 3928; x_wconf 86' lang='lat' dir='ltr'>nostra,</span> 
     </span>
     <span class='ocr_line' id='line_1_195' title="bbox 1332 3928 2399 3975; baseline -0.008 -8"><span class='ocrx_word' id='word_1_1424' title='bbox 1332 3937 1467 3975; x_wconf 90' lang='lat' dir='ltr'>nobisque</span> <span class='ocrx_word' id='word_1_1425' title='bbox 1487 3936 1609 3966; x_wconf 82' lang='lat' dir='ltr'>Deveria</span> <span class='ocrx_word' id='word_1_1426' title='bbox 1632 3936 1676 3966; x_wconf 91' lang='lat' dir='ltr'>sua</span> <span class='ocrx_word' id='word_1_1427' title='bbox 1692 3935 1783 3965; x_wconf 88' lang='lat' dir='ltr'>facere</span> <span class='ocrx_word' id='word_1_1428' title='bbox 1798 3932 1934 3967; x_wconf 89' lang='lat' dir='ltr'>voluerit,</span> <span class='ocrx_word' id='word_1_1429' title='bbox 1947 3938 2014 3959; x_wconf 90' lang='lat' dir='ltr'>tunc</span> <span class='ocrx_word' id='word_1_1430' title='bbox 2023 3930 2157 3967; x_wconf 89' lang='lat' dir='ltr'>,receptis</span> <span class='ocrx_word' id='word_1_1431' title='bbox 2170 3930 2206 3959; x_wconf 88' lang='lat' dir='ltr'>ab</span> <span class='ocrx_word' id='word_1_1432' title='bbox 2219 3928 2322 3960; x_wconf 87' lang='lat' dir='ltr'>eodem</span> <span class='ocrx_word' id='word_1_1433' title='bbox 2335 3929 2399 3958; x_wconf 91' lang='lat' dir='ltr'>Ab-</span> 
     </span>
     <span class='ocr_line' id='line_1_196' title="bbox 1332 3966 2428 4007; baseline -0.009 -2"><span class='ocrx_word' id='word_1_1434' title='bbox 1332 3976 1397 4005; x_wconf 91' lang='lat' dir='ltr'>bate</span> <span class='ocrx_word' id='word_1_1435' title='bbox 1413 3974 1565 4005; x_wconf 77' lang='lat' dir='ltr'>Fidelitatis</span> <span class='ocrx_word' id='word_1_1436' title='bbox 1587 3974 1770 4004; x_wconf 86' lang='lat' dir='ltr'>Sacramento</span> <span class='ocrx_word' id='word_1_1437' title='bbox 1782 3971 1815 4001; x_wconf 75' lang='grc' dir='ltr'>δε</span> <span class='ocrx_word' id='word_1_1438' title='bbox 1830 3970 1886 4000; x_wconf 91' lang='lat' dir='ltr'>aliis</span> <span class='ocrx_word' id='word_1_1439' title='bbox 1903 3978 1967 4005; x_wconf 86' lang='lat' dir='ltr'>quae</span> <span class='ocrx_word' id='word_1_1440' title='bbox 1980 3967 2014 3998; x_wconf 88' lang='lat' dir='ltr'>ad</span> <span class='ocrx_word' id='word_1_1441' title='bbox 2029 3967 2116 4005; x_wconf 89' lang='lat' dir='ltr'>ipsum</span> <span class='ocrx_word' id='word_1_1442' title='bbox 2132 3969 2251 4007; x_wconf 86' lang='lat' dir='ltr'>pertinet</span> <span class='ocrx_word' id='word_1_1443' title='bbox 2263 3967 2345 3997; x_wconf 83' lang='lat' dir='ltr'>nobis</span> <span class='ocrx_word' id='word_1_1444' title='bbox 2359 3966 2403 3996; x_wconf 83' lang='lat' dir='ltr'>fa-</span> <span class='ocrx_word' id='word_1_1445' title='bbox 2424 3997 2428 4000; x_wconf 65' lang='grc'><strong>,</strong></span> 
     </span>
     <span class='ocr_line' id='line_1_197' title="bbox 1333 4004 2402 4052; baseline -0.01 -7"><span class='ocrx_word' id='word_1_1446' title='bbox 1333 4022 1397 4046; x_wconf 81' lang='lat' dir='ltr'>cere</span> <span class='ocrx_word' id='word_1_1447' title='bbox 1410 4014 1440 4044; x_wconf 80' lang='lat' dir='ltr'>in</span> <span class='ocrx_word' id='word_1_1448' title='bbox 1452 4012 1506 4044; x_wconf 86' lang='lat' dir='ltr'>hac</span> <span class='ocrx_word' id='word_1_1449' title='bbox 1520 4021 1598 4051; x_wconf 81' lang='lat' dir='ltr'>parte</span> <span class='ocrx_word' id='word_1_1450' title='bbox 1606 4034 1617 4052; x_wconf 80' lang='lat'>,</span> <span class='ocrx_word' id='word_1_1451' title='bbox 1629 4011 1725 4043; x_wconf 85' lang='lat' dir='ltr'>eidem</span> <span class='ocrx_word' id='word_1_1452' title='bbox 1746 4009 1852 4041; x_wconf 85' lang='lat' dir='ltr'>Abbati</span> <span class='ocrx_word' id='word_1_1453' title='bbox 1871 4007 1980 4038; x_wconf 70' lang='lat' dir='ltr'>dietum</span> <span class='ocrx_word' id='word_1_1454' title='bbox 1995 4005 2206 4039; x_wconf 77' lang='lat' dir='ltr'>Monasterium</span> <span class='ocrx_word' id='word_1_1455' title='bbox 2218 4004 2315 4042; x_wconf 86' lang='lat' dir='ltr'>suum,</span> <span class='ocrx_word' id='word_1_1456' title='bbox 2330 4013 2402 4035; x_wconf 89' lang='lat' dir='ltr'>cum</span> 
     </span>
    </p>

    <p class='ocr_par' dir='ltr' id='par_1_68' title="bbox 2338 4048 2404 4083">
     <span class='ocr_line' id='line_1_198' title="bbox 2338 4048 2404 4083; baseline 0.045 -3"><span class='ocrx_word' id='word_1_1457' title='bbox 2338 4048 2404 4083; x_wconf 69' lang='lat'>1³0¹!</span> 
     </span>
    </p>
   </div>
  </div>
 </body>
</html>
