2561 4251
0 2826 118 2855 ··v11.

4 3064 6 3075 ³
22 3037 96 3084 Fran..
110 3057 151 3083 16.

0 363 39 391 lie.
58 369 84 387 2.

674 190 784 233 ET
878 166 1146 233 A‘CTA
1228 187 1694 234 Pusstch.

0 281 62 316 kun.
76 278 118 312 D.
169 278 259 311 Nous
277 287 365 310 avons
383 277 525 309 entenduz
539 300 549 316 ‚
575 287 622 316 par
640 277 667 308 le
686 277 854 317 Compleint
874 277 907 308 &
927 277 1054 315 Request
1069 300 1079 316 ,
1096 288 1144 315 par
1165 277 1190 309 la

9 329 91 362 1393.
130 316 222 349 Partie
234 318 270 348 de
286 318 392 360 France
405 327 420 346 a
433 327 504 347 nous
517 317 582 361 fait,
599 327 653 366 que
666 317 761 360 ascuns
776 316 918 360 Capitains
934 318 967 348 &
983 316 1082 360 Gentz
1098 316 1190 359 ld’Ar-

133 367 209 427 {¹353
222 355 346 430 Ei'efixff'
367 357 457 432 ῗὲςέξ,
473 354 1116 431 ἒέὼὲἐῗιὲῗεῗῑὲἕῗέἓὲῗί,όὲὲεὲἓιῧέἶίἓάἷῗὲ
1126 355 1193 422 ἒζῖἶ

136 435 174 465 tie
189 433 224 464 de
240 433 382 470 Fraunce,
400 433 433 463 &
453 433 520 462 faitz
543 432 662 471 pluseurs
687 432 831 463 Damaacs
852 440 953 462 contre
975 432 1000 460 le
1015 440 1133 469 purport
1145 431 1194 461 des

135 472 264 510 presentz
276 470 499 509 Trieues,prises
513 480 592 500 entre
607 472 684 500 Nous
700 471 733 502 δε
753 469 838 510 nostre
855 468 1028 508 Adverfizire
1037 470 1068 499 de
1077 473 1196 507 France,

138 511 248 542 fermez
263 510 295 541 &
310 510 535 547 solempnemenr
547 508 671 546 Jureez,

172 548 217 616 {ie
231 548 314 587 quele
328 547 424 578 Chose
438 547 526 578 Nous
540 546 581 577 est
594 546 781 584 grandement
795 556 809 575 a
824 555 891 577 coer
905 546 939 578 &
950 545 1062 585 displest
1071 570 1081 585 ,
1101 546 1140 577 s'il
1155 545 1197 576 est

137 596 173 618 en
186 597 210 616 ιε

174 624 233 656 Pur
247 635 282 655 ce
297 625 338 655 est
354 624 373 656 il
386 634 441 663 que
454 622 559 661 Nous,

177 661 332 733 (gffffiantz
344 672 408 695 tout
420 672 456 693 au
472 661 547 700 plein
561 660 597 691 de
611 669 670 692 voz
683 668 782 700 grantz
796 660 889 700 Senz,
906 661 1017 701 loialte,
1036 660 1199 700 prodomie,

140 703 175 735 &
212 703 216 708 '
230 705 347 733 crecion

179 740 261 772 Vous
282 723 429 771 Maniions
442 760 451 775 ‚
469 738 503 769 &
524 737 747 768 Commandons
762 761 771 775 ,
789 738 822 768 &
845 737 1070 776 Commettons,
1089 747 1125 768 en
1147 747 1200 767 co-

144 787 264 811 mettant
273 801 282 816 ,
301 787 373 815 pour
389 777 415 806 le
429 775 564 807 Teneure
577 776 614 806 de
626 775 705 807 cestz
719 775 867 815 Presentz,
885 788 901 807 a
914 788 985 808 vous
999 777 1096 815 Oept,
1114 775 1200 813 Sept,

142 817 207 858 Sys,
220 816 325 855 Cynk,
339 815 466 853 Qatre,
481 814 594 856 Troys,
612 816 645 846 &
661 814 747 845 Deux
762 815 799 844 de
812 825 901 854 vous,
916 815 1104 846 d'Affembler
1117 823 1202 845 avec-

141 866 213 894 ques
225 855 320 886 maine
332 854 422 892 forte,
442 854 462 883 sl
478 854 617 890 busoigue
631 853 702 892 soit,
720 853 838 890 avesque
851 854 889 883 les
902 853 1046 892 Commys
1067 854 1100 884 &
1122 852 1202 882 Mes-

141 897 215 932 sages
227 892 262 922 de
277 892 373 923 nostre
389 892 429 922 dit
442 892 624 929 Adversaire,
641 892 686 922 sur
700 892 724 921 la
738 891 919 929 Reparacion
933 892 980 923 des
993 892 1061 922 dites
1074 890 1206 929 Trieues,

141 942 196 970 pur
211 932 258 971 luy
274 931 427 969 Deputez,
446 940 496 968 pur
511 930 566 960 aler
579 940 640 960 vers
655 928 800 967 Capitains
813 931 846 960 δε
867 929 1037 960 Garnissons
1058 929 1094 959 de
1109 929 1200 959 Fron-

142 979 234 1008 teres,
251 970 277 1000 la
290 971 323 1001 ὅ(
339 979 387 1007 par
399 977 463 999 tout
478 968 510 999 ὃ(
526 977 562 997 en
581 967 699 998 chascun
723 968 796 997 Lieu
815 978 854 998 ou
873 968 893 998 il
915 969 985 999 serra
998 968 1151 1009 busoigne,
1168 967 1201 997 ὅτ.

144 1008 261 1047 illoeqes
273 1007 358 1039 faitez
370 1007 437 1037 faire
448 1004 620 1044 prestement
634 1006 668 1036 &
679 1006 744 1036 sanz
758 1006 855 1046 delay,
873 1008 907 1039 &
922 1007 1063 1044 Preignez
1078 1007 1135 1036 enh
1156 1005 1202 1035 del

143 1045 237 1083 Partie
251 1046 287 1076 de
299 1046 427 1076 Fraunce
441 1044 615 1076 Restitution
630 1043 678 1074 des
700 1044 813 1083 Places,
830 1045 1017 1084 Fortaleffez,
1036 1044 1152 1080 Gentz,
1168 1045 1202 1074 &

145 1084 271 1120 Bestiairs
279 1108 288 1121 ,
306 1093 361 1122 que
371 1091 504 1115 troverez
519 1083 591 1113 estre
603 1083 698 1114 Prisez
705 1106 715 1122 ,
732 1084 816 1114 d'une
828 1083 920 1115 Partie
933 1085 1094 1122 &d’autre,
1102 1091 1203 1114 contre

145 1124 185 1155 les
217 1131 315 1161 urport
332 1121 379 1153 des
392 1121 518 1159 presentz
531 1121 668 1160 Trieues,

210 1172 222 1192 t
235 1161 372 1199 Repairer
386 1162 419 1193 ὃς
434 1161 580 1192 Amender
592 1169 664 1191 touz
685 1159 846 1199 Damages,
864 1161 993 1200 donner,>
1011 1160 1095 1192 d'une
1118 1160 1204 1199 partie

145 1199 314 1238 &d'autre‚
334 1209 435 1230 contre
450 1200 476 1229 le
489 1198 609 1230 Tenour
623 1198 761 1236 d'icelles.,

181 1237 220 1270 Et
235 1238 278 1269 sur
292 1238 394 1277 ycelles
411 1240 444 1272 &
456 1247 526 1268 touz
541 1247 629 1269 autres
645 1237 782 1277 Qereles
796 1237 862 1268 faire
875 1237 1206 1276 complisernentdeJus-

147 1277 223 1316 tice,
240 1277 416 1308 somerment
428 1277 462 1307 ὃ(
477 1276 514 1307 de
525 1276 616 1314 plein,

185 1315 231 1346 En
248 1315 401 1355 chargeant
413 1325 472 1345 noz
487 1314 548 1345 ditz
562 1315 646 1354 Liges
660 1314 710 1353 (les
724 1325 815 1355 quetffl
829 1314 916 1359 Nous
932 1315 995 1360 ensy
1009 1325 1043 1346 en
1052 1315 1207 1353 chargeons

146 1354 257 1423 Ξέἶξοέἓε
268 1354 298 1385 T
292 1364 374 1432 §5²3⁰
369 1353 896 1430 {sffe'ych¹i{{n¹<³125f{¹³<{}⁸lz‘e³iffis33⁵⁶&ss
899 1362 928 1422 [Ξ
947 1354 1096 1432 ’ῐὲὲἶέξῗς
1116 1362 1210 1434 3Εὲξέ

150 1433 183 1462 ils
202 1433 373 1470 appartient,
398 1432 432 1461 &
454 1439 543 1461 autres
564 1431 704 1470 Damages
727 1432 842 1461 donnez
861 1431 1016 1468 Repairent
1039 1432 1071 1461 &
1092 1429 1210 1460 Eimen-

149 1471 235 1508 dent,
252 1470 317 1500 sanz
338 1470 424 1500 ascun
442 1469 596 1508 difficulte,
614 1469 656 1499 sur
678 1470 704 1499 le
726 1470 889 1507 Serement,
908 1471 973 1508 foy,
992 1470 1024 1500 ὃς
1037 1469 1162 1507 lige-auce
1174 1477 1210 1497 en

149 1519 229 1547 quoy
250 1509 281 1538 ils
299 1519 370 1538 nous
392 1508 454 1538 sont
475 1517 578 1546 tenuZ,
596 1509 629 1540 &
651 1507 694 1538 sur
722 1516 787 1539 tout
800 1518 836 1538 ce
851 1508 909 1545 q‘ils
924 1516 1040 1545 purront
1064 1507 1211 1537 Mesfaires

149 1558 212 1577 vers
236 1547 341 1584 Nous,
359 1556 395 1576 en
416 1546 509 1583 Corps
528 1547 561 1577 &
581 1556 617 1576 en
640 1545 738 1584 Biens,
757 1547 790 1577 &
813 1555 865 1583 pur
885 1546 958 1576 estre
978 1554 1065 1576 tenuz
1078 1545 1154 1575 Faux
1177 1545 1209 1574 &-

148 1585 281 1624 Malveys
292 1595 356 1616 vers
370 1584 458 1616 Nous
473 1586 506 1615 &
519 1584 612 1615 nostre
626 1583 746 1614 Corone
755 1606 763 1621 ‚
777 1584 808 1614 &
822 1594 877 1621 que
892 1584 928 1614 les
944 1584 1012 1615 dites
1026 1584 1147 1614 Trieues
1158 1582 1212 1622 Ju-

148 1632 227 1661 rent,
246 1623 379 1662 gardent,
398 1624 431 1654 &
446 1625 585 1662 teignent,
602 1621 701 1653 defore
711 1632 747 1652 en
763 1631 885 1661 avaunt,

188 1662 244 1701 Et,
263 1662 282 1692 fi
307 1663 402 1692 ascuns
422 1660 458 1691 de
479 1671 538 1691 noz
557 1660 619 1691 ditz
642 1660 729 1698 Liges
741 1670 861 1700 trovez,
880 1670 936 1698 que
950 1661 1045 1692 Dieux
1059 1660 1179 1699 defend,
1197 1671 1213 1691 a

148 1711 184 1732 ce
199 1701 249 1731 fair
264 1699 494 1738 Disobeiffance,
512 1700 550 1730 les
566 1699 694 1730 Banissez
707 1700 742 1730 de
756 1699 852 1729 nostre
873 1699 1014 1731 Roiaume
1035 1701 1068 1730 &
1091 1700 1212 1736 Seignu-

148 1741 201 1770 ries
216 1739 435 1778 d'Aquitaigne,
453 1739 487 1769 ὃς
508 1738 651 1776 procedez
669 1747 807 1769 encontre
828 1738 909 1778 Luy,
927 1748 976 1777 par
997 1749 1071 1779 voye
1086 1738 1121 1769 de
1137 1739 1212 1778 Fait,

150 1779 185 1810 ὃς
198 1787 245 1814 par
258 1786 328 1808 touz
343 1787 470 1808 maneres
485 1787 539 1815 que
554 1777 621 1807 faire
638 1787 673 1808 ce
693 1787 790 1815 purra,

188 1816 234 1847 En
250 1815 390 1848 Mandant
403 1817 437 1848 &
452 1815 670 1846 Commandant
685 1815 878 1847 estroitement
893 1825 909 1845 a
922 1822 993 1846 touz
1008 1825 1067 1847 noz
1082 1816 1166 1855 Liges
1180 1817 1213 1847 &

151 1854 281 1893 Subgiez
293 1865 349 1894 que
363 1865 378 1886 a
390 1863 460 1886 touz
474 1854 613 1886 Rebellez.
627 1855 661 1886 &
675 1853 896 1885 Disobeiffantes
910 1864 946 1884 ne
958 1854 1066 1886 donent
1080 1854 1196 1885 Conseil
1206 1878 1215 1893 ,

152 1895 267 1932 favent,
288 1904 326 1924 ne
339 1893 490 1932 adjutoire3
506 1903 583 1931 mes,
602 1893 621 1924 fi
647 1893 686 1924 les
706 1902 825 1930 purront
847 1893 986 1931 prendre,
1008 1893 1103 1924 facent
1122 1893 1215 1924 d’eulx

151 1932 275 1973 justice,
294 1942 381 1964 come
394 1942 410 1962 a
424 1932 672 1970 Diffobeiffantes,
690 1931 782 1971 Faux,
799 1931 955 1972 Mauveys‚
972 1933 1006 1964 &
1021 1932 1154 1963 Rebelles
1165 1932 1216 1963 de-

152 1982 217 2004 vers
230 1971 319 2002 Nous
334 1973 367 2002 δε
381 1970 480 2001 nostre
494 1970 632 2008 Corone,

189 2009 228 2041 Et
249 2011 312 2048 ensy
336 2010 448 2040 Oustez
467 2010 505 2040 les
521 2008 744 2042 Conservatours
757 2008 969 2049 insufficeantz‚
987 2010 1020 2042 &
1038 2009 1153 2042 Mettez.
1169 2020 1218 2042 au-

153 2057 210 2082 tres
222 2048 381 2080 Prodomes
394 2049 427 2079 &
443 2048 604 2086 sufficeant,

193 2087 231 2119 Et
245 2089 321 2119 faites
336 2098 364 2118 as
379 2087 529 2125 Captaiues
543 2088 576 2118 ὃς
592 2086 758 2117 Garniss'ons
773 2086 809 2117 de
823 2086 919 2118 nostre
932 2087 972 2118 dit
983 2086 1055 2117 Paris
1076 2087 1158 2126 Jurer
1181 2087 1218 2118 de

154 2126 248 2157 Tenir
260 2127 293 2157 ὃς
306 2125 418 2156 Garder
433 2126 471 2156 les
486 2125 557 2156 dites
572 2126 707 2163 Trieues,
727 2126 759 2156 &
782 2126 826 2156 sur
849 2136 883 2156 ce
901 2134 982 2157 toutz
1000 2136 1090 2157 autres
1109 2126 1218 2160 Choses

155 2166 312 2196 touchantz
324 2165 349 2196 la
364 2164 570 2195 Reformacion
585 2165 618 2195 δι’.
635 2163 846 2195 Conservacion
862 2165 910 2195 des
923 2164 993 2195 dites
1006 2164 1146 2203 Trieues‚

193 2203 282 2234 Nous
296 2204 430 2234 donnons
443 2213 458 2233 a
472 2213 544 2233 vous
557 2202 652 2242 Oept,
670 2203 753 2240 Sept,
772 2202 841 2243 Sys,
858 2203 962 2242 Cynk,
982 2203 1220 2272 Qanffi‘froys,

156 2242 295 2311 &alDeux
309 2242 344 2273 de
357 2252 428 2273 vous
440 2242 533 2280 pleine
553 2241 676 2280 Pouair,
694 2241 863 2280 Auctorite,
878 2243 911 2274 &
935 2241 1007 2273 Man
1029 2251 1125 2274 emerit
1143 2243 1221 2282 espe-

160 2291 188 2313 ει
218 2304 223 2309 .

201 2319 232 2349 Si
254 2318 400 2350 Mandons
424 2319 457 2349 ὃς
479 2318 698 2349 Commandons
721 2328 736 2349 a
750 2326 833 2350 toutz
850 2318 991 2357 Officers,
1009 2318 1139 2359 Counts,
1158 2320 1223 2351 Vis-

161 2366 288 2397 countz,
307 2358 427 2395 Barons,
446 2357 608 2396 Chivalers,
628 2357 789 2395 Capitains,
808 2357 908 2388 Gentz
922 2358 1071 2397 d'Armes,
1086 2359 1119 2390 ὃς
1135 2368 1224 2390 autres

163 2396 265 2436 Lieges
278 2397 316 2427 de
330 2396 424 2428 nostre
437 2396 579 2435 Seignurie
592 2396 812 2434 d’Aquitaigne,
829 2406 903 2435 que,
923 2407 959 2427 en
974 2406 1008 2427 ce
1020 2397 1134 2435 feisant,
1153 2408 1225 2428 vous

163 2434 254 2465 soient
267 2435 452 2472 Obeissantz,
472 2437 506 2467 ὃ(
521 2445 592 2465 vous
607 2434 715 2465 donent
730 2433 862 2473 Conseil,
884 2436 980 2465 faveur
994 2458 1004 2473 ,
1021 2436 1054 2466 &
1071 2436 1226 2474 adjutoire,

165 2474 285 2511 avesque
299 2475 393 2504 maine
405 2474 493 2511 forte,
512 2473 532 2504 fi
544 2474 678 2513 busoigne
693 2474 762 2512 soit,
779 2484 795 2504 a
809 2483 890 2505 toutz
905 2475 938 2505 &
953 2484 970 2504 a
989 2483 1067 2505 tantz
1086 2475 1134 2505 des
1155 2475 1229 2506 foitz

164 2521 254 2543 come
269 2523 304 2543 en
320 2512 424 2543 serront
435 2513 538 2550 requis.

206 2550 289 2581 Don.
306 2551 376 2581 souz
397 2549 493 2581 nostre
514 2550 608 2581 Grant
628 2551 704 2589 Seal,
727 2561 763 2582 en
786 2550 883 2582 nostre
902 2550 1004 2588 Palays
1026 2552 1057 2582 de
1077 2551 1184 2592 Westm.
1203 2551 1229 2582 le

169 2587 321 2623 Unszisme
336 2590 400 2625 jour
412 2589 449 2619 de
458 2589 533 2629 Juyn
544 2613 553 2627 ,
569 2590 636 2620 l’An
652 2589 687 2620 de
702 2589 797 2621 Grace
820 2589 920 2627 Mille,
940 2589 1129 2630 Troiscentz,
1147 2591 1229 2631 Qa-

169 2629 307 2668 trevintz,
325 2628 359 2659 &
372 2628 499 2667 Tresze,
516 2627 550 2659 &
566 2627 603 2658 de
616 2627 714 2659 nostre
727 2627 832 2668 Regne
845 2628 989 2660 Seszisme.

729 2707 787 2736 Par
801 2704 825 2735 le
840 2708 890 2736 Roi
904 2705 942 2741 (ξφ
950 2704 1000 2744 fian
1017 2705 1126 2745 Conseil.

22 2863 76 2900 748
346 2827 367 2849 ⁴*
394 2829 443 2861 De
462 2826 632 2870 Candabia,
652 2838 707 2874 pro
723 2830 852 2863 Domino
870 2826 907 2861 de
926 2828 1056 2862 Suliaco.

22 2902 89 2933 Ann
111 2901 143 2932 D

20 2925 153 3008 Αἷζριῖ.

170 2908 250 2973 LE
266 2910 295 2941 R
305 2920 352 2941 ογ
369 2921 384 2942 a
399 2920 470 2943 touz
483 2921 542 2943 noz
557 2913 782 2952 Lieuxtenantz,
799 2915 859 2945 &c.
878 2913 955 2944 Salut
970 2913 1004 2945 &
1018 2912 1175 2944 Dilefflon.

263 2949 420 2981 SAvorn
441 2960 540 2982 vous
559 2961 735 2982 FarsoNs
753 2962 810 2990 que

184 3025 189 3031 ·
208 2986 307 3018 Come
322 2989 426 3033 Gay&
437 2988 466 3019 la
481 2991 619 3021 Tremoille
631 2991 750 3030 Seignur
763 2991 799 3021 de
811 2975 906 3028 Sussy,
923 3000 976 3030 pur
991 2990 1017 3020 la
1040 2999 1120 3030 grant
1141 2990 1232 3021 affec-

169 3032 232 3056 t1on
245 3026 280 3056 ὃς
292 3027 453 3066 ἀενοςιοη,
474 3029 520 3067 q'il
535 3028 569 3058 ad
582 3030 606 3060 al
619 3030 745 3066 glorious
758 3029 859 3059 Martir
873 3028 952 3059 Seint
972 3029 1087 3058 Thomas
1106 3030 1139 3058 de
1157 3033 1230 3059 Can-

170 3064 286 3102 terbirs,
303 3066 356 3096 soit
370 3076 407 3096 en
420 3068 540 3105 purpose
553 3067 589 3097 de
603 3069 684 3098 venir
698 3078 733 3098 en
755 3067 852 3098 nostre
875 3067 1018 3097 Roiaume
1035 3067 1231 3105 d’Engleterre

4 3097 131 3124 '¹³-2-m-
168 3113 203 3132 en
226 3103 373 3143 Pelrinage
391 3115 408 3135 a
427 3106 506 3136 cause
526 3106 650 3145 suifflite,
667 3107 700 3139 δε
719 3116 772 3144 pur
795 3115 884 3136 autres
906 3105 1076 3144 Bolbignes,
1095 3115 1188 3145 queux
1211 3107 1230 3137 il

19 3140 44 3162 ²·
168 3141 205 3172 ad
221 3151 236 3171 a
252 3141 331 3172 Faire
345 3144 483 3175 touchant
496 3145 520 3175 sa
536 3144 658 3175 Parsone
682 3144 828 3183 demesne,
846 3144 932 3174 deinz
948 3145 1044 3175 nostre
1062 3145 1103 3175 dit
1123 3145 1229 3176 Roiau-

169 3189 232 3248 rlniee,
251 3180 374 3218 ovesque
388 3181 491 3212 Sexant
505 3182 659 3215 Parsonnes
672 3193 708 3214 en
719 3184 745 3214 sa
760 3182 965 3223 Compaignie,
980 3193 998 3215 a
1011 3182 1116 3214 Chival
1126 3206 1136 3222 ,
1153 3194 1194 3214 ou
1214 3194 1230 3214 a

205 3240 292 3286 N³ous
309 3266 398 3286 avons
416 3257 470 3293 pris
491 3258 524 3287 δε
545 3267 666 3295 prenons
685 3259 712 3289 le
726 3258 766 3289 dit
780 3259 849 3299 Guy
863 3260 896 3290 ὃ(
909 3260 993 3290 ceulx
1005 3260 1042 3290 de
1053 3261 1078 3292 sa
1091 3260 1232 3298 Compai-

170 3296 249 3333 gnie,
278 3294 366 3326 soient
388 3294 551 3333 Chivalers,
578 3296 726 3334 Esquiers,
750 3296 849 3334 ClerS,
872 3298 972 3328 Vallez
986 3321 995 3335 ,
1020 3300 1053 3329 δε
1075 3307 1163 3329 autres
1184 3299 1231 3337 (de

171 3334 293 3371 quelque
307 3333 377 3364 estat
391 3344 429 3364 ou
443 3334 596 3364 condicion
610 3334 671 3372 q'ils
685 3335 786 3371 soient)
805 3335 896 3372 jusqes
915 3345 950 3365 au
968 3336 1009 3366 dit
1032 3336 1170 3368 Nombre
1195 3339 1229 3368 &

170 3381 205 3401 au
229 3371 364 3409 dessouz,
390 3373 423 3402 δε
445 3372 574 3410 avesques
598 3372 669 3403 leurs
691 3371 845 3410 Cbevaux,
870 3374 904 3403 ὃς
924 3383 1014 3403 autres
1034 3374 1145 3413 Bestes,
1170 3376 1230 3406 leur

170 3409 323 3448 Hernoys,
343 3410 452 3449 Males,
472 3410 615 3441 Monnoie
651 3411 797 3449 Vaisselle,
811 3411 911 3449 joiaux
926 3413 959 3442 &
973 3421 1064 3442 autres
1077 3412 1177 3451 Biens‚
1196 3423 1231 3444 en

172 3447 270 3477 nostre
281 3448 450 3478 Protecstion
466 3450 500 3480 ὃ(
514 3449 590 3479 seure
611 3433 759 3488 Conduir,
777 3459 812 3479 en
834 3459 938 3480 venant
957 3460 1004 3486 par
1023 3451 1121 3481 devers
1143 3454 1231 3490 no'us,

171 3495 221 3523 par
243 3485 343 3523 Meet,
361 3487 396 3516 δε
417 3496 465 3523 par
484 3487 592 3525 Terre,
607 3488 791 3525 demourant,
811 3489 844 3519 &
864 3497 1044 3527 retournant,
1058 3489 1149 3528 jusqes
1172 3500 1187 3520 a
1206 3491 1231 3520 la

172 3523 254 3554 Feste
268 3524 304 3555 de
321 3525 399 3554 Scint
416 3525 528 3555 Michel
541 3526 678 3564 prochein
692 3535 811 3564 venant,

173 3562 384 3630 dugudonnons
396 3573 431 3593 en
449 3563 637 3595 Mandement
649 3575 665 3595 a
679 3575 768 3605 vous,
786 3564 846 3600 &c.
858 3571 941 3604 prout
955 3568 985 3594 in
1000 3567 1106 3595 Literis
1119 3566 1151 3595 de
1163 3569 1233 3596 Con·

174 3677 179 3683 η
210 3625 291 3669 Dori.
307 3639 375 3670 souz
390 3639 485 3671 nostre
501 3639 602 3672 Grand
613 3640 690 3680 Seal,
707 3651 723 3673 a
739 3640 836 3672 nostre
852 3641 952 3682 Palays
964 3642 996 3672 de
1012 3641 1118 3682 Westm.
1136 3642 1162 3673 le
1174 3644 1234 3674 xiii.

168 3687 235 3717 jour
249 3679 285 3708 de
296 3677 382 3718 Juyn.

899 3758 957 3787 Par
974 3756 999 3787 le
1016 3760 1075 3788 Roi.

0 3856 105 3891 iflAnn.
117 3861 160 3892 D.

48 3907 134 3940 1393·
413 3894 527 3926 Forma
547 3893 766 3938 Prorogarionis
781 3892 981 3938 Treugarum.

0 3958 2 3993 Ῐ
16 3993 17 3997 ,
30 3941 147 4042 {22¹5
178 3973 228 4034 F
238 3973 322 4042 ὲΙΤ
348 3984 369 4004 Α
390 3974 483 4007 REM
493 3986 510 4007 Ε
522 3984 548 4007 Μ
558 3986 609 4007 BR
619 3986 637 4007 Ε
647 3985 671 4006 R
695 3987 744 4016 que
763 3975 799 4005 les
818 3979 924 4006 Trieues
943 3975 982 4011 ὀ·
1005 3977 1183 4016 Souffirrances
1201 3977 1234 4011 de,

33 4054 63 4080 R.
81 4037 108 4082 2..
125 4023 575 4093 731.Pris¹23rrzf'[.enlyngham‚
600 4053 624 4083 le
644 4058 726 4085 xviii.
744 4055 802 4091 jour
822 4054 854 4083 de
874 4053 977 4094 Juyn,
995 4053 1068 4086 l’An
1090 4053 1127 4085 du
1143 4056 1232 4088 Graec

19 4095 23 4117 ἢ
39 4098 80 4125 ¹7·
181 4089 279 4129 Mille,
294 4089 464 4130 Troiscentz,
480 4090 656 4131 Qatrevins
670 4092 707 4129 ὠ
720 4091 813 4133 Neof,

2233 196 2285 249 87

1270 278 1402 306 Parentre
1421 277 1504 316 nostre
1525 277 1660 317 Seigneur
1679 276 1705 306 le
1725 275 1795 313 Rov
1815 276 2010 315 d'Engleterre
2022 303 2031 317 ,
2049 287 2104 318 pur
2123 282 2185 319 Luy
2200 302 2210 318 ,
2233 281 2285 320 fim
2304 280 2378 312 Ann.
2391 273 2435 315 l).

1231 314 1366 352 Roialme,
1385 317 1492 359 Tei-res,
1510 319 1671 353 Seignuries,
1689 315 1835 356 Soubgiez,
1853 315 1891 349 ὠ
1913 316 2028 355 Alliez,
2043 318 2122 347 d'une
2136 325 2221 356 part,
2249 318 2287 354 ὠ·
2323 326 2408 359 1393.

1231 354 1282 383 son
1296 354 1457 384 Adversus-e
1471 356 1506 384 de
1524 355 1644 392 France,
1657 361 1710 392 pur
1723 353 1785 393 luy,
1796 354 1839 393 Jes
1853 357 1962 393 Terres,
1980 359 2142 394 Seignuries,
2160 356 2292 397 Soubgies,
2302 361 2351 387 Ric.
2372 368 2400 387 2.

1234 390 1272 426 dy
1287 391 1404 430 Alliez,
1421 394 1529 422 d’avtre
1538 401 1605 431 part
1614 416 1623 430 ,

1272 432 1307 458 A
1327 431 1405 459 darer
1425 431 1510 470 jusqes
1533 442 1550 459 a
1570 435 1645 461 Trois
1658 433 1741 470 Ans,
1759 434 1805 471 qui
1825 433 1951 461 Finerent
1964 430 1987 461 le
2002 436 2063 462 xvi.
2080 432 2141 470 jour
2154 432 2294 473 d'Augull

1234 468 1344 497 darrein
1353 468 1425 507 paffl
1433 491 1443 506 ,
1460 468 1540 498 Soleil
1551 469 1663 507 levant,

1271 508 1313 535 Et
1328 506 1470 545 Efloignez
1485 505 1522 540 ὠ
1538 509 1686 545 Prorogez,
1705 508 1736 537 de
1751 507 1843 547 mesine
1855 507 1878 537 Ιε·
1900 511 1961 538 xvi.
1974 508 2040 547 jour
2062 509 2216 552 d'August,
2232 510 2293 548 jus·

1235 555 1280 585 qes
1294 556 1311 573 a
1327 544 1350 574 le
1365 544 1422 583 Fest
1437 546 1468 575 de
1484 549 1565 582 Seynt
1577 546 1681 575 Michel
1688 546 1810 584 proclam
1823 555 1945 585 venant,

1276 586 1408 622 Feurent,
1427 583 1450 613 le
1464 587 1569 626 xxviii.
1584 585 1646 621 jour
1659 585 1690 613 de
1703 584 1835 627 Averill,
1848 584 1920 614 I'An
1935 584 2032 623 Mille,
2051 587 2200 626 maistans,
2209 587 2292 627 Qua-

1234 626 1359 660 trevins,
1386 622 1424 657 ὠ,
1443 623 1555 661 Trere,
1578 631 1632 661 par
1651 621 1688 651 les
1708 622 1915 661 Ambaffatuurr
1940 625 1971 653 de
1990 624 2059 653 l'une
2082 627 2177 655 Partie
2198 626 2235 661 ὠ
2258 628 2291 656 de

1237 660 1354 699 l’autre,
1371 664 1466 690 eiantz
1480 673 1499 689 a
1522 672 1547 690 ce
1559 660 1717 700 soufficeant
1735 663 1830 690 Pouoir
1851 659 1887 695 ἄν
1910 663 2071 699 Αιιέἔονίῑε,
2089 664 2230 703 Efl01gnez
2253 664 2292 699 ό·

1241 702 1374 735 Prorogez
1389 700 1420 728 de
1434 699 1525 737 mesme
1539 698 1563 728 le
1575 698 1634 738 Fesl
1649 699 1680 728 de
1695 703 1774 738 Seynt
1789 699 1893 728 Michel
1899 722 1907 736 ,
1923 701 2045 738 prochein
2065 710 2170 731 venant
2180 727 2187 740 ,
2199 700 2294 742 justqes

1236 748 1259 764 a
1272 737 1332 773 jour
1354 738 1385 765 de
1403 740 1476 766 Seint
1499 737 1604 768 Michel
1620 737 1744 776 prochein
1766 745 1841 776 apres
1857 737 1984 777 enfitant,
2002 743 2047 779 qui
2063 739 2143 778 serra
2164 752 2198 770 en
2218 741 2291 771 l’An

1239 774 1337 811 Mille,
1358 776 1529 814 Troiscentz,
1547 776 1766 815 gzuatrezgrntz,
1784 775 1821 810 ὅν
1842 775 2023 816 Qatuorze,
2035 785 2089 816 par
2108 778 2136 809 Ia
2146 778 2237 818 forme
2255 777 2294 815 &-

1239 824 1361 852 manere,
1378 818 1425 854 qui
1440 825 1466 844 es
1478 814 1545 844 dites
1560 818 1665 844 Trieues
1681 814 1716 853 est
1731 824 1869 844 contenuz.

1575 942 1624 974 De
1643 940 1878 974 Proclamatione
1892 938 1971 974 inde.

1245 1023 1363 1079 REX
1373 1048 1382 1064 ,
1398 1028 1427 1056 V
1427 1027 1553 1055 icecomiti
1565 1028 1697 1063 Kantiae,
1715 1024 1847 1056 Salutem.
2318 1024 2394 1055 Ann.
2404 1022 2449 1055 D:

1342 1064 1496 1103 Qandam
1510 1062 1670 1101 Cedulam,
1685 1063 1921 1103 Prorogationern
1935 1062 2132 1104 Treugarum,
2147 1067 2218 1097 inter
2239 1068 2298 1097 Nos
2338 1072 2424 1103 1393·

1243 1099 1277 1142 ἐξ
1289 1103 1499 1142 ,Αιίνυεψινίιυη
1516 1103 1634 1142 nostrum
1653 1105 1775 1132 Franciae
1795 1111 1882 1139 nuper
1904 1103 2060 1141 saetarum,
2088 1107 2301 1145 continentem,
2315 1105 2367 1129 Aa.
2388 1111 2430 1136 ι7-

1244 1138 1295 1168 t1b1
1310 1142 1446 1172 mittimus
1458 1141 1642 1172 Praesentibus
1655 1140 1844 1178 interclusam,
2319 1144 2347 1167 R.
2370 1150 2396 1166 2.

1248 1215 1254 1221 ⁶
1282 1178 1450 1211 Mandantes
1466 1179 1546 1218 quod
1567 1179 1678 1218 statim,
1696 1179 1758 1210 vilis
1778 1178 1977 1215 Praesentibus,
1995 1179 2231 1220 Prorogationem
2252 1183 2305 1213 hu-
2321 1178 2426 1206 Ibidem.

1242 1217 1366 1254 1usmodi
1380 1219 1579 1256 Treugarum,
1597 1220 1627 1249 in
1642 1217 1752 1256 singulis
1766 1216 1908 1248 Portubus
1919 1219 1951 1249 ὃς
1967 1218 2067 1257 Locis,
2084 1220 2153 1250 infra
2169 1221 2303 1252 Ballivam

1246 1263 1323 1286 tuam
1333 1281 1342 1292 ,
1360 1258 1408 1287 ubi
1422 1259 1508 1297 magis
1520 1257 1652 1295 expedire
1665 1255 1782 1293 videris,
1793 1264 1827 1285 ex
1841 1265 1917 1293 parte
1933 1257 2042 1294 nostra,
2058 1258 2172 1294 publice
2186 1259 2304 1297 Procla-.,

1247 1296 1317 1324 mari
1329 1296 1362 1326 &
1378 1297 1465 1326 teneri
1480 1297 1580 1335 facias,
1594 1297 1671 1334 juxra
1685 1295 1821 1326 Formam
1836 1294 1954 1326 Cedulae
1968 1295 2146 1335 supradits‘tae3

1286 1333 1324 1364 Et
1336 1334 1393 1364 hoc
1407 1334 1563 1365 nullatenus
1574 1335 1697 1364 omittas.

1285 1371 1376 1402 Teste
1391 1372 1476 1411 Rege
1490 1372 1562 1414 apud
1577 1369 1852 1413 Westmonasterium,
1868 1371 2005 1403 vicesimo
2015 1372 2092 1404 sexto
2105 1373 2151 1404 die
2162 1373 2251 1412 Junii.

1724 1451 1777 1480 Per
1790 1449 1871 1489 ipficm
1885 1451 1980 1487 Regem
1992 1447 2029 1484 &
2043 1449 2195 1481 Concilium.

1276 1520 1445 1556 Confimilia
1456 1524 1555 1557 Brevia
1567 1526 1723 1563 diriguntur
1737 1526 1982 1564 vicecomitibus,
2000 1536 2032 1558 ac
2048 1527 2104 1558 aliis
2118 1527 2291 1567 subscriptis,

1559 1564 1609 1594 sub
1623 1565 1721 1595 eadem
1736 1564 1828 1603 Data,
1845 1564 1995 1603 videlicet,

1803 1643 1861 1670 Vic.
1883 1640 2004 1671 Lincoln.

1804 1681 1833 1708 V
1835 1682 1865 1708 ic.
1884 1678 2012 1708 Eburum.

1803 1719 1832 1746 V
1831 1720 1863 1745 ic.
1880 1716 2063 1747 Northumbr.

1803 1757 1832 1784 V
1832 1758 1864 1783 ic.
1883 1755 1991 1785 Cumbr.

1803 1795 1831 1823 V
1834 1796 1864 1822 ic.
1883 1792 2030 1832 Wstmerl.

1804 1833 1833 1861 V
1834 1834 1865 1860 ic.
1885 1831 2005 1870 Bristoll.

1805 1870 1911 1908 Majori
1926 1869 1964 1906 ό
1980 1870 2178 1901 Vicecomitibus
2188 1873 2310 1903 Londo'n.

1252 1641 1281 1668 V
1281 1642 1411 1668 icecomiti
1428 1638 1529 1679 Suffix.

1253 1681 1313 1708 Vic.
1332 1677 1426 1707 Sutht.

1254 1719 1280 1745 V
1282 1720 1313 1746 ic.
1334 1715 1445 1756 Somerss
1465 1714 1503 1752 ὦ
1522 1715 1607 1755 Dorfi

1254 1757 1283 1784 V
1283 1758 1314 1784 ic.
1331 1758 1440 1785 Devon.

1254 1795 1283 1823 V
1284 1796 1314 1823 ic.
1334 1793 1449 1823 Cornub.

1256 1833 1284 1860 V
1285 1835 1318 1862 ic.
1336 1835 1411 1861 Surr.

1255 1872 1315 1901 Vic.
1337 1869 1429 1910 Norffi
1447 1867 1485 1904 ᾤ’
1503 1868 1571 1908 Suffi

1255 1911 1285 1938 V
1283 1913 1315 1940 ic.
1334 1907 1520 1950 Notyngham.

1296 1988 1316 2007 ³*
1333 1985 1462 2025 Johanni
1478 1987 1550 2014 Duci
1563 1986 1727 2025 Aquitaniae
1742 1981 1781 2019 ὠ
1796 1984 1983 2024 Lancastriae,
2003 1985 2048 2017 vel
2062 1986 2118 2024 ejus
2139 1986 2318 2021 Cancellario
2338 1981 2348 1996 '
2362 1979 2430 2008 VH·

1258 2026 1287 2056 in
1301 2024 1380 2055 disto
1397 2025 1512 2054 Ducatu
1529 2023 1707 2054 Lancastriae.
2334 2028 2399 2055 749·

1294 2063 1425 2102 Johanni
1435 2061 1556 2093 deBello
1569 2065 1680 2100 Monte,
1700 2060 1919 2094 Constabulario
1933 2061 2025 2093 Castri
2040 2062 2127 2102 Regis
2144 2063 2316 2105 Dovorriae,

1258 2101 1437 2171 §gdCustodi
1459 2101 1596 2140 Qinque
1617 2099 1756 2134 Portuum
1782 2100 1897 2131 suorum
1916 2124 1926 2140 2
1951 2103 1997 2132 vel
2019 2103 2074 2141 ejus
2095 2103 2320 2136 Locumtenenti

1261 2152 1269 2171 1
1291 2152 1299 2171 1
1321 2151 1375 2171 emi

1298 2179 1426 2218 Johanni
1445 2179 1476 2208 de
1496 2177 1624 2216 Holand,
1644 2177 1756 2209 Comiti
1776 2177 2028 2217 Huntyngdonite,
2052 2177 2207 2217 Capiraneo
2226 2180 2320 2212 Castri

1261 2219 1295 2251 ὃς
1312 2218 1395 2249 Villae
1408 2217 1495 2256 Regis
1510 2218 1545 2247 de
1561 2216 1656 2255 Brest,
1675 2217 1722 2248 vel
1737 2217 1793 2250 eius
1807 2216 2029 2247 Locumtenenri
2047 2218 2162 2248 ibidem.

1298 2256 1425 2295 Johamu'
1439 2255 1563 2295 Golofre,
1576 2255 1732 2293 Capitaneo
1745 2254 1838 2287 Castri
1851 2258 1883 2286 ὃς
1901 2255 1982 2286 Villae
1995 2255 2083 2294 Regis
2096 2256 2132 2288 de
2147 2256 2310 2298 Chlrburgh

1264 2297 1309 2328 vel
1325 2297 1380 2333 ejus
1397 2295 1618 2326 Locumtenenti
1632 2294 1749 2333 ibidem.
2317 2288 2328 2305 ²

1303 2334 1408 2364 Thomae
1422 2337 1520 2363 Comitt‘
1537 2332 1698 2372 Maresc'allo
1712 2331 1937 2371 Notynghamiae‚
1954 2331 2111 2371 Capitaneo
2131 2333 2216 2366 Villae
2234 2334 2324 2375 Regis

1265 2371 1382 2413 calesu,
1399 2373 1445 2406 vel
1457 2374 1514 2412 ejus
1527 2372 1749 2404 Locumtenenti
1761 2373 1877 2402 ibidem.

1409 2511 1456 2542 De
1475 2512 1669 2543 Sacramenta
1685 2506 1869 2553 Adversarii
1884 2511 1982 2542 Scotiae
1998 2506 2169 2555 recipiendo.

1271 2593 1454 2650 RIcardus,
1472 2592 1531 2623 Dei
1553 2593 1669 2632 Gratia,
1688 2597 1746 2624 Rex
1767 2592 1879 2630 Angliae
1900 2591 1938 2628 ό»
1960 2595 2102 2632 Frwciae,
2126 2594 2159 2625 &
2181 2592 2326 2626 Dominus
2342 2591 2468 2624 Ann.D·

1344 2632 1512 2669 Hiberniae,
1532 2632 1650 2662 Diletsto
1673 2633 1706 2663 &
1731 2631 1819 2662 Fideli
1833 2632 1896 2670 suo,
1914 2633 2036 2661 Gerardo
2048 2635 2142 2663 Heron
2157 2632 2262 2672 Militi,
2278 2643 2329 2672 ac,
2363 2639 2446 2670 ¹393-

1270 2669 1376 2738 dilgCro
1387 2672 1457 2715 libi,
1475 2670 1603 2739 {ahaim}
1618 2670 1744 2711 Mitford
1756 2670 1928 2710 Armigero,
1946 2670 2080 2702 Salutem.

1331 2718 1404 2740 Clatls
1421 2711 1481 2747 quo
1510 2733 1520 2747 ,
2340 2714 2370 2737 R.
2388 2718 2414 2736 2.

1310 2746 1391 2778 Cum
1405 2748 1533 2783 Treugae
1548 2748 1581 2778 ὃς
1597 2747 1774 2778 Guerrarum
1789 2744 1976 2778 Abstinentiae
2338 2753 2405 2776 Scor.
2428 2748 2472 2781 17.v

1311 2787 1401 2824 Apud
1417 2785 1624 2824 Lenlyngham,
1650 2785 1766 2816 decimo
1783 2786 1888 2816 oiravo
1907 2786 1953 2816 die
1969 2770 2048 2824 ‚funii
2061 2809 2072 2825 ‚
2097 2785 2185 2816 Anno
2205 2785 2330 2817 Domini
2342 2791 2369 2814 R.
2390 2795 2416 2812 2.
2431 2794 2468 2813 m.

1272 2823 1446 2863 Millefirno,
1462 2824 1708 2860 Trescentelimo,
1724 2822 1914 2862 Odrogesimo
1928 2833 2026 2861 nono,
2341 2835 2368 2860 7.

1310 2862 1386 2894 Inter
1403 2865 1480 2900 Nos,
1494 2870 1542 2900 pro
1562 2862 1666 2900 Nobis,
1683 2861 1790 2900 Regno
1823 2861 1935 2899 Terris,
1954 2860 2097 2892 Dominiis
2131 2861 2270 2901 Subditis,
2294 2863 2328 2894 &

1272 2900 1397 2941 Alligatis
1412 2901 1531 2938 nostris,
1551 2909 1584 2930 ex
1598 2910 1651 2929 una
1665 2909 1758 2943 parte,
1776 2883 1814 2933 ὦ
1829 2898 2031 2943 Adverffbrium
2052 2885 2169 2940 nost’rum
2193 2905 2330 2940 Francia»,

1272 2950 1326 2978 pro
1346 2940 1402 2979 Se,
1418 2939 1532 2976 Terris,
1549 2938 1712 2977 Dominus,
1727 2937 1864 2976 Subdms,
1883 2938 1917 2969 &
1940 2938 2064 2978 Alligatis
2083 2939 2152 2978 suis,
2171 2948 2205 2969 ex
2227 2939 2329 2978 altera,

1270 2988 1303 3010 ca
1326 2987 1361 3009 tae

1337 3026 1348 3047 t
1361 3003 1461 3047 a'binde
1473 3016 1501 3045 in
1516 3013 1591 3046 Tres
1606 3013 1722 3053 Annos,
1740 3015 1789 3052 qui
1803 3014 2005 3046 Sextodecimo
2025 3015 2069 3047 die
2092 3015 2215 3054 Augusti
2235 3017 2331 3054 proxi-

1273 3057 1325 3086 mo
1342 3055 1481 3093 praeterito
1497 3052 1567 3083 finiti
1581 3053 1708 3091 fuerunt,
1725 3052 1880 3092 duraturae,

1312 3093 1349 3124 Et
1372 3094 1407 3124 ab
1426 3093 1527 3123 eodem
1547 3091 1753 3123 Sextodecimo
1771 3092 1815 3122 die
1838 3092 1978 3131 Augusti,
1996 3092 2083 3131 usque
2098 3091 2213 3123 Festum
2234 3093 2330 3124 Sandii

1273 3131 1423 3162 Michaelis
1438 3132 1572 3169 proximo
1587 3130 1731 3168 futurum,
1749 3139 1922 3169 prorogatae·

1305 3170 1448 3201 Vicesuno
1470 3170 1576 3200 oeravo
1594 3168 1640 3198 die
1661 3169 1779 3206 Aprilis,
1798 3169 1886 3199 Anno
1910 3154 2034 3199 homini
2050 3167 2221 3206 Millesxrno,
2239 3169 2329 3199 Tres-

1271 3210 1441 3246 centelimo,
1458 3207 1661 3243 Nonagefimo
1675 3207 1799 3245 Tertio,
1817 3217 1867 3245 per
1883 3207 2091 3237 Ambaffitores
2105 3206 2216 3236 nostros
2232 3208 2265 3237 δε
2287 3209 2329 3245 ip-

1272 3248 1324 3278 slus
1340 3247 1493 3278 Adversarii
1508 3246 1610 3283 nostri,
1628 3245 1813 3277 sufficientem
1829 3245 2002 3276 Potestatem
2017 3247 2050 3275 δε
2065 3245 2272 3275 Αυξὶοῐίῐαῑεῑη
2293 3246 2328 3275 ad

1272 3287 1329 3317 hoc
1344 3287 1492 3321 habentes,
1511 3284 1657 3323 Elongatae
1673 3285 1706 3315 &
1723 3284 1884 3323 Prorogatae
1900 3284 2028 3321 fuissent,
2046 3293 2061 3313 a
2087 3283 2222 3320 praedifro
2243 3283 2328 3313 Festo

1271 3325 1367 3355 Sanffi
1390 3323 1554 3360 Michaelis,
1572 3324 1707 3360 proximo
1726 3323 1841 3360 futuro,
1861 3321 1947 3360 usque
1965 3322 2042 3352 diem
2063 3321 2159 3351 Sanffl
2180 3320 2332 3351 Michaelis

1272 3372 1374 3393 exrunc
1389 3363 1520 3400 proximo
1535 3362 1715 3399 sequentem,
1734 3362 1782 3399 qui
1795 3361 1848 3391 erit
1862 3361 1890 3390 in
1904 3360 1993 3390 Anno
2012 3358 2134 3389 Domini
2157 3358 2331 3398 Millesimo,

1271 3401 1496 3432 Trescentefimo
1511 3423 1520 3438 ‚
1547 3399 1748 3439 Nonagefimo
1771 3408 1889 3438 quarm,
1912 3398 2003 3428 modo
2026 3398 2059 3428 ὃς
2079 3396 2174 3427 forma
2194 3397 2225 3427 in
2246 3397 2332 3429 dietis

1271 3439 1391 3479 Treugis
1402 3439 1541 3470 contentis
1551 3460 1561 3476 ,

1347 3489 1366 3508 0

1309 3479 1360 3546 {e
1367 3490 1517 3547 sfidelitate
1532 3513 1667 3552 probata,
1685 3523 1718 3545 ac
1733 3511 2013 3551 Circumspec'tione,
2028 3512 2061 3543 &
2077 3509 2217 3542 Industria
2231 3511 2331 3543 vestris

1273 3555 1396 3594 providis
1412 3555 1520 3592 plenam
1537 3554 1570 3584 &
1586 3553 1701 3583 solidam
1717 3552 1848 3582 fiduciam
1864 3560 2051 3588 reportante5‚

1310 3593 1534 3628 Constituimus‚
1554 3590 1776 3629 Deputavimus,
1792 3591 1825 3621 ὃς
1841 3589 2046 3627 Affignavimus
2059 3598 2128 3626 vos,
2139 3588 2329 3627 conjunfflm,

1273 3632 1306 3662 δε
1320 3631 1446 3669 divilim,
1464 3630 1498 3659 ad
1514 3629 1746 3666 proficiscendum
1762 3628 1852 3659 versus
1867 3635 1954 3665 partes
1973 3627 2096 3665 Scotiae,
2113 3626 2146 3656 ad
2165 3626 2329 3656 Sacramen-

1272 3678 1337 3700 tum
1351 3667 1518 3707 Adverfizrii
1529 3666 1609 3707 nostri
1624 3671 1734 3704 Scotiae,
1749 3667 1825 3704 juxta
1846 3665 1980 3695 Formam
2000 3664 2189 3703 quorumdam
2212 3664 2329 3695 Articu-

1271 3707 1384 3746 lorum,
1402 3708 1577 3744 Treugarurn
1595 3705 1805 3743 praedictarum,
1823 3704 1969 3743 praefatum
1985 3703 2181 3734 Adversarium
2195 3702 2327 3746 nostrum

1274 3746 1378 3777 Scotiae
1392 3747 1424 3777 Sc
1439 3744 1571 3775 Subditos
1585 3744 1647 3774 suos
1661 3743 1811 3781 specialiter
1823 3742 1998 3781 tangentium
2011 3741 2056 3772 seu
2072 3749 2308 3772 concernenuurn
2316 3764 2328 3780 ‚

1273 3785 1426 3823 petendum
1444 3785 1477 3814 &
1493 3781 1684 3820 recipiendum
1694 3805 1703 3818 ,
2149 3818 2153 3822 Ι

1311 3823 1349 3854 Et
1372 3821 1538 3860 praedit-“tum
1555 3820 1748 3850 Adversarium
1768 3818 1898 3849 nostrum
1919 3818 2040 3855 Scotiae‚
2056 3816 2193 3847 Nomme
2210 3816 2328 3857 nostro,

1273 3861 1472 3899 requirendum
1485 3858 1518 3888 ad
1536 3858 1640 3889 Literas
1655 3857 1890 3895 Testimoniales,
1908 3856 1957 3887 sub
1972 3852 2203 3899 Magno-sigillo·
2214 3855 2263 3886 suo
2277 3856 2326 3886 Sa-

1273 3908 1450 3930 cramentum
1464 3897 1544 3930 suum
1560 3897 1727 3934 praedictum
1741 3895 1954 3933 Testificantes,
1971 3896 2071 3932 vobis,
2087 3894 2250 3925 immediate
2264 3893 2329 3933 post

1273 3937 1484 3970 Praestationem
1499 3936 1618 3972 ejusdem
1627 3957 1637 3972 ,
1654 3934 1806 3964 liberandas
1814 3958 1823 3971 ‚

1311 3976 1356 4007 Ac
1371 3976 1467 4006 omnia
1478 3974 1544 4011 alia,
1561 3974 1590 4003 in
1603 3973 1661 4003 hoc
1676 3973 1738 4003 casu
1751 3970 1916 4009 necessaria,
1934 3969 1979 4001 seu
2001 3970 2222 4009 quomodolibet
2239 3979 2328 4009 opor-0

1274 4022 1357 4052 tuna,
1376 4012 1535 4043 faciendum
1551 4012 1584 4042 &
1599 4010 1814 4048 exequendum,

1311 4052 1348 4083 Et
1363 4052 1398 4082 ad
1414 4050 1479 4081 Nos
1493 4051 1526 4081 &
1539 4048 1707 4080 Concilium
1721 4047 1850 4078 nostrum
1863 4046 1899 4077 de
1914 4048 2048 4078 omnibus
2066 4048 2100 4079 &
2119 4047 2158 4078 fin
2180 4047 2244 4085 ulis,
2261 4053 2326 4083 quae

1272 4100 1324 4135 per
1338 4100 1408 4129 v05,
1422 4089 1469 4123 seu
1480 4088 1598 4121 alterurn
1611 4084 1740 4120 vestrum
1748 4109 1759 4125 ,
1771 4086 1845 4118 Aera
1857 4087 1892 4118 &
1903 4085 1993 4120 Gesta
2007 4085 2110 4118 fuerint
2123 4086 2154 4117 in
2191 4082 2331 4151 raemisilig2

2339 2675 2447 2705 All-17.
