2561 4251
76 174 153 207 Arm.
169 173 212 205 D.

78 213 191 281 Εᾶἑόο.

143 275 148 281 .
163 262 190 291 3.

77 3808 156 3842 Arm.
169 3806 211 3838 D.

78 3848 197 3923 Λξῗξῖζ
436 3877 494 3907 Pro
512 3872 734 3908 familiaribus
753 3875 996 3920 Prifimariorum
1014 3878 1114 3924 Regis.

80 3928 173 3991 {iaie
275 3957 356 3990 Etrus
370 3957 406 3988 de
421 3957 556 3998 Gyndree
570 3961 603 3991 &
622 3959 716 3999 Hugo
734 3960 761 3990 le
780 3959 946 3991 Faucouner
962 3984 971 3999 ,
999 3961 1161 3991 Familiares
1181 3960 1311 3992 Comitis

83 4009 130 4035 34.
145 4005 173 4029 Ε.
191 4010 218 4040 3.
234 3963 272 4020 P
295 3997 458 4035 Daneerre,
472 3996 621 4029 Prisonarii
639 3998 731 4037 Regis
747 4022 757 4038 ,
779 3998 883 4031 habent
904 3999 1012 4031 Literas
1033 3999 1120 4041 Regis
1135 3999 1172 4032 de
1190 3999 1311 4031 Condu-

80 4048 174 4074 vni-1..

665 79 1474 134 CONVENTIONES,
1529 82 1923 136 LITERAE,

1340 165 1408 205 (stu,
1421 167 1516 212 eundo
1532 169 1568 200 ad
1585 179 1677 208 partes
1698 172 1845 212 Francus,
1859 181 1927 203 cum
1943 172 2057 205 duobus
2071 173 2244 206 Falconibus'
2258 173 2293 206 &
2305 173 2417 206 duobus
2439 169 2520 202 Ann-
2534 171 2561 206 D

1340 205 1504 244 Leporarus
1519 209 1650 252 praedirsti
1676 209 1817 249 Comitis,
1838 211 1922 249 usque
1935 212 1972 243 ad
1986 212 2102 244 Festum
2123 213 2259 252 Paschae,
2279 214 2417 252 proximo
2467 211 2555 250 1360-

1339 242 1486 284 futurum,
1501 245 1651 279 duraturas.
2438 250 2507 278 Ην·
2531 259 2559 286 3·

224 103 305 143 194

287 213 452 254 Magistrum
469 209 643 241 Gullielmum
661 211 770 242 Radicis
787 211 940 249 Medicum,

288 256 401 283 Petrum
417 254 553 281 Harrave
570 253 702 280 Ciericum
718 250 796 290 ipstus
815 249 976 289 Wllieln11·‚

289 291 451 331 Johannem
470 289 502 317 de
521 289 624 319 Landa
641 292 852 327 Apotecarium,

289 333 432 359 Monetam
458 326 695 367 Barbitonsorem,

288 371 400 398 Petrum
417 366 449 396 de
466 367 570 396 Landa
590 365 769 404 Scutiferum‚

287 404 449 444 Gervafium
469 405 502 434 de
519 405 619 434 sanilo
641 403 793 442 Stephano,

287 443 463 474 Robinettum
482 443 507 472 le
525 441 696 480 Consturier,

285 483 458 512 Adomarum
473 481 506 511 de
525 484 569 510 Ga
583 479 669 519 soigne
688 479 879 520 Capellanum‚

286 521 459 560 Radulphum
472 520 496 550 le
512 519 554 549 Ob
566 523 623 558 ier,

283 561 412 598 Egidium
432 558 512 589 Colon
521 581 531 595 ,

284 598 445 637 Johannem
465 596 490 626 Ie
506 599 692 635 Burgoignon,

280 638 445 677 Stephanum
462 636 494 665 de
511 635 637 675 Ptffi'aco,

286 676 437 705 Guillotum
455 677 562 711 Parin,

287 716 331 743 Et
348 713 511 753 Johannem
528 713 560 742 de
579 710 744 750 Ambianis,

290 753 449 785 Familiares
463 751 535 782 dieii
553 750 712 782 Adversarii
731 748 837 789 nostri,

274 829 323 862 De
340 840 461 861 numero
475 828 615 867 praedictio
637 851 647 867 ,
685 829 717 858 in
741 826 848 866 Regno
862 824 962 856 nostro
977 823 1092 866 Anglijae
1107 822 1264 861 morando,
1279 822 1309 852 in

229 870 446 901 Proteffionem
463 870 497 900 &c
510 867 717 898 Defenfionem
730 865 998 903 nostram,necnon
1012 863 1042 893 in
1058 863 1162 893 lalvum
1179 862 1212 893 δε
1228 862 1308 892 secu-

229 919 294 947 rum
310 907 501 939 Conduerum
519 906 650 937 nostrum
660 928 670 943 ,
1016 940 1021 945 ,
1235 942 1239 946 ν

268 947 307 978 Et
322 947 388 978 ideo
410 947 493 977 vobis
508 945 675 976 mandamus
689 942 770 982 quod
784 941 888 973 eisdem
906 938 1212 978 Persoms,&c.praut
1229 950 1258 968 m
1265 937 1307 979 fi-

233 986 340 1019 milibus
356 986 388 1015 de
403 985 540 1016 Condullu
559 986 674 1014 Literis.
905 1019 910 1024 ι
1030 1017 1034 1021 ¹
1062 1017 1066 1022 .
1184 1015 1188 1020 Ι
1230 1017 1238 1024 κ

265 1025 300 1056 In
318 1026 415 1062 cujus,
431 1026 491 1056 &c.
510 1023 596 1061 usque
615 1021 651 1053 ad
676 1021 792 1052 Festum
811 1018 925 1050 Natal‘s
942 1017 1086 1054 Domini,
1108 1025 1247 1054 proximo
1262 1015 1309 1046 fu-

228 1072 342 1102 turum,
362 1063 513 1097 duraturas.
837 1097 842 1102 ⁶
1060 1095 1065 1099 Ι
1228 1093 1244 1098 ..

265 1102 336 1134 Dat.
356 1100 431 1140 apud
451 1099 759 1136 westmonasterium,
778 1096 895 1127 decimo
912 1095 1019 1126 offitavo
1037 1093 1084 1124 die
1103 1093 1254 1124 Februarii.

979 1175 1033 1202 Per
1050 1171 1205 1202 Concilium.

228 1256 396 1292 Consimiles
415 1257 524 1288 Literas
543 1254 636 1292 Regis
655 1253 692 1284 de
712 1250 870 1283 Conduetu
893 1250 998 1292 habent
1020 1249 1187 1293 subscripti,
1208 1248 1309 1280 Fami-

262 1298 340 1327 liares
354 1296 426 1326 dieti
450 1293 629 1331 Adversarii,
642 1292 678 1323 de
693 1292 834 1322 Numero
849 1288 991 1327 praedicto
1001 1311 1011 1326 ,
1035 1298 1085 1327 per
1101 1287 1178 1319 idern
1194 1297 1308 1326 tempus

261 1336 404 1366 duraturas
413 1357 422 1373 ,
437 1334 488 1365 sub
501 1332 605 1364 eadem
619 1330 714 1370 Data,
727 1329 878 1366 videlicet,

262 1413 402 1443 Gerardux
421 1410 594 1441 Aurelianus
615 1411 718 1439 Ρίέῖον.

260 1451 407 1491 Johannes
426 1452 551 1487 Rotarii,
576 1460 632 1479 cum
649 1459 705 1477 uno
725 1444 847 1475 Valetto.

262 1489 397 1530 Diontfius
414 1490 446 1518 de
463 1487 616 1525 Coloribus,
635 1485 797 1525 capellanus
811 1494 868 1512 tum
890 1493 941 1512 uno
959 1481 1076 1513 Valetto.

291 1529 410 1558 ohannes
427 1529 459 1557 de
474 1525 610 1566 Dayvilla
621 1548 630 1564 ,
646 1537 703 1554 cum
719 1534 769 1553 uno
791 1522 908 1553 Valetto.

265 1568 380 1604 Egidius
398 1565 421 1594 le
438 1564 614 1603 lvlqresihal,
633 1576 690 1593 cum
715 1574 766 1592 reno
790 1561 908 1590 Valetto.

262 1604 426 1645 Eustaclnus
446 1605 478 1633 de
502 1603 605 1640 Eielio,
623 1602 706 1641 Czſjbr
723 1600 861 1631 Robur-um
882 1600 949 1629 diiii
964 1597 1143 1636 Athin-sarii.

261 1645 392 1675 Ricara'us
409 1643 534 1683 Coffizrt,
550 1643 676 1673 Valettus
695 1644 821 1680 Coquinae
837 1639 902 1668 alili
921 1637 1099 1677 Adveq‘arii.

333 1781 427 1826 Super
443 1779 543 1812 Mora
559 1781 766 1811 Sei-viantium
784 1776 974 1822 Adverficrii
998 1775 1034 1809 de
1050 1778 1194 1812 Francia.

226 1864 361 1922 REX
386 1864 538 1910 Universis
560 1865 595 1896 &
614 1862 728 1908 singulis
751 1861 1006 1906 Vicecomitibus,
1024 1861 1204 1909 Majoribus,
1221 1862 1304 1894 Balli-

301 1914 358 1949 vis,
373 1902 535 1952 Mnnstris,
557 1905 592 1936 δε
607 1903 666 1934 alus
684 1901 827 1932 fidelibus
847 1906 917 1940 iuis,
932 1901 967 1932 ad
984 1912 1072 1941 quos,
1089 1902 1151 1934 &c.
1171 1902 1304 1933 &alutem

262 1944 365 2019 gedig}
382 1942 517 2020 &silos
532 1979 752 2012 &Concilium
766 1978 913 2018 nostrum,
931 1979 962 2011 fit
983 1979 1148 2012 ordinatum
1165 1980 1244 2019 quod
1262 1981 1305 2011 vi-

221 2022 294 2066 ginti
311 2020 443 2053 Personae
458 2020 494 2051 de
511 2019 635 2058 partibus
651 2019 796 2056 Franciae,
814 2029 881 2056 quas
898 2019 1077 2050 Adversarius
1098 2019 1191 2050 noster
1218 2020 1303 2050 Fran-

146 2063 170 2080 “·
223 2070 277 2092 ciae
292 2060 424 2098 elegerit,
439 2068 510 2089 cum
525 2058 632 2089 eodem
653 2056 820 2088 Adi-errario
843 2057 959 2097 nostro,
978 2059 1014 2089 ad
1033 2057 1251 2090 deserviendum
1264 2060 1304 2090 ei-

222 2099 308 2138 dem,
325 2099 512 2130 niorabuntur
523 2120 534 2136 ,

258 2137 297 2168 Et
311 2137 392 2178 qubd
414 2146 517 2168 omnes
532 2135 590 2174 illi,
609 2135 645 2166 de
669 2134 791 2166 Familia
811 2135 872 2176 sua,
887 2136 922 2167 ad
937 2135 1032 2167 Partes
1045 2137 1103 2169 suas
1118 2139 1244 2178 proprias
1259 2148 1303 2168 re-

219 2177 338 2216 dibunt,
350 2178 429 2216 juxta
445 2174 709 2206 Proclamationem
724 2174 793 2204 inde
806 2174 930 2214 factam,

256 2216 343 2254 Nos,
360 2215 397 2246 ad
411 2214 558 2254 Rogatum
574 2214 656 2251 ipsius
676 2212 836 2246 Adversarii
849 2213 957 2253 nostri,
971 2213 1006 2247 de
1022 2216 1111 2254 gratia
1133 2214 1226 2248 nostra
1241 2217 1303 2255 spe-

218 2255 300 2293 ciali,
317 2252 512 2287 concessimus
526 2252 624 2292 qued,

257 2332 406 2373 Johannes
425 2330 459 2363 de
473 2329 584 2362 Mlano
593 2329 744 2370 ,Falcona-
783 2333 927 2362 Maceotus
940 2335 1119 2373 Lavatorie,

293 2375 350 2402 rius
357 2395 366 2410 ,
782 2374 896 2409 Copinus
910 2372 943 2401 de
950 2375 1103 2412 Brequino,

254 2410 389 2450 Magister
405 2408 554 2449 Johannes
566 2407 627 2438 Foll
646 2431 657 2448 ,
783 2409 903 2439 Clemens
917 2411 949 2440 de
965 2410 1093 2449 Capella,

254 2449 414 2479 Gullielmus
427 2449 463 2479 du
479 2447 582 2487 Foillay
591 2470 601 2486 ,
783 2451 828 2478 Et
843 2449 976 2479 Matheus
983 2449 1110 2489 Daudely
1119 2471 1130 2487 ‚

253 2487 412 2518 Gullielmus
425 2490 512 2528 Gregy
521 2510 531 2526 ,
545 2486 725 2516 Fruei't'uarius
734 2510 745 2526 ,

255 2564 344 2596 Ultra
362 2564 476 2595 diffikum
490 2573 643 2595 numerum
659 2565 760 2604 viginti
773 2564 961 2597 Personarum
970 2589 979 2605 ,
988 2576 1056 2598 cum
1070 2565 1176 2597 eodem
1191 2565 1301 2598 Adver-

219 2604 291 2636 sario
306 2603 406 2634 nostro
424 2611 588 2641 morentur,

258 2643 346 2682 Qos
362 2642 478 2681 quidem
488 2641 667 2680 ,johannem
676 2641 854 2680 ,Johannem
862 2664 871 2680 ,
878 2641 1071 2674 Gullielmum
1080 2666 1090 2682 ,
1098 2643 1302 2682 Gullielmum,

219 2681 412 2720 Maceotum,
427 2679 594 2719 Copinum,
617 2679 805 2711 Clementem
827 2679 1053 2720 &=Matheum,
1077 2683 1247 2722 suscepimus
1268 2684 1299 2712 in

218 2720 439 2751 Protefflonem
457 2720 491 2750 &
508 2718 714 2749 Desenfionem
733 2718 880 2757 nostram,
896 2729 1014 2750 necnon
1032 2721 1062 2750 in
1079 2721 1186 2752 salvum
1211 2723 1245 2753 &
1259 2722 1300 2752 se-

219 2769 323 2791 curum
346 2758 536 2789 Condustum
555 2757 744 2796 nostrum‚in
759 2757 840 2789 didio
862 2757 970 2798 Regno
985 2758 1084 2790 nostro
1101 2760 1219 2798 Angliae
1234 2771 1301 2791 mo-

223 2800 328 2836 rando,
342 2800 372 2827 in
385 2797 476 2827 forma
491 2796 639 2834 praedicla:

258 2838 277 2858 δὲ
296 2837 334 2867 Et
355 2836 423 2867 ideo
446 2836 531 2868 vobis
553 2835 738 2874 mandamus,
753 2834 814 2870 &a
834 2843 916 2875 prout
935 2839 965 2866 in
988 2840 1093 2867 caeteris
1113 2838 1145 2866 de
1161 2839 1300 2868 Conduc‘lu

161 2881 169 2889 ⁰
225 2879 340 2906 Literis.

262 2914 296 2945 In
314 2915 408 2952 cujus,
422 2915 485 2945 &o
508 2912 594 2952 usque
613 2913 648 2944 ad
664 2912 779 2944 Festum
803 2913 913 2945 Natalis
935 2913 1082 2953 Domini,
1098 2917 1234 2952 proximo
1258 2916 1302 2948 fu-

224 2952 631 3036 tm'llgiledgiasltddlg’tlngliae
653 2991 726 3030 apud
748 2990 792 3022 W
795 2990 1043 3024 estmonasterium
1069 3015 1080 3030 ,
1114 2992 1232 3025 decimo
1255 2995 1302 3026 die

224 3030 335 3062 Niarm·
949 3072 1002 3100 Per
1019 3068 1101 3109 ipsum
1119 3070 1266 3110 Custodem.

223 3147 396 3180 Consimiles
415 3146 524 3177 Literas
542 3145 636 3183 Regis
649 3145 684 3176 de
706 3145 866 3177 ConduCtu
881 3147 988 3178 habent
1001 3147 1165 3186 subscripti,
1184 3147 1219 3178 ad
1236 3158 1299 3177 mo-

261 3187 381 3218 randum
399 3195 467 3216 cum
485 3184 591 3215 eodem
611 3184 796 3224 Adversario,
811 3186 879 3216 ultra
895 3186 1007 3216 dic'turn
1025 3196 1176 3217 numerum
1198 3187 1301 3225 viginti

261 3225 468 3296 Personarum,
489 3232 523 3253 ex
545 3222 629 3254 causis
644 3223 798 3264 subscriptis
812 3247 822 3263 ,
843 3235 892 3263 per
916 3226 993 3256 idem
1010 3234 1123 3263 tempus
1144 3224 1302 3264 duraturas,

276 3266 315 3295 ub
336 3263 438 3295 eadem
457 3261 710 3301 Datawidelicet,

262 3345 380 3380 Rogerus
401 3341 499 3379 Chicy,

269 3382 376 3411 colinus
397 3383 543 3420 Beranay,

265 3420 425 3455 Euencinus
441 3419 578 3458 stlouflet,

267 3457 412 3497 Johanues
431 3458 464 3487 de
482 3458 582 3487 Sandlo
601 3459 719 3495 Satura,

267 3500 313 3526 Et
332 3498 427 3526 Petrus
447 3498 550 3535 Nigri,

262 3534 324 3567 Pro
342 3534 429 3572 Equis
447 3536 530 3573 ipsius
549 3534 722 3573 Adversarii,
747 3541 823 3564 extra
843 3530 978 3563 Castrum
996 3531 1034 3563 de
1051 3531 1204 3563 Somerton
1220 3555 1230 3571 ,
1250 3543 1303 3564 cu-

305 3573 470 3604 stodiendis.

268 3611 415 3650 Johannes
438 3610 576 3651 Eustacii,

270 3653 312 3679 Et
329 3650 503 3680 Bertrandus
521 3649 668 3689 Lostelier,

266 3686 326 3718 Pro
345 3689 427 3720 Vinis
444 3690 478 3721 ὃς
496 3688 554 3719 aliis
574 3687 764 3719 Providentiis
786 3687 871 3728 ipfius
896 3686 1055 3719 Adversarii
1075 3709 1088 3726 ,
1123 3687 1155 3718 in
1179 3686 1305 3720 Civitate

305 3727 468 3759 Londoniae
475 3749 488 3766 ,
502 3725 702 3758 custodiendis.

1343 282 1467 353 M'geffe
1489 284 1618 316 Custode
1633 286 1746 326 Angliae
1766 286 1842 326 apud
1856 285 2148 322 Westmonasterium
2157 314 2167 330 ,
2181 290 2359 322 duodecimo
2372 289 2419 321 die

1504 400 1676 433 Confimiles
1697 402 1805 434 Literas
1816 403 1923 435 habent
1933 402 2101 444 subscripti3
2117 405 2264 446 videlicet,

1381 478 1461 515 Hugo
1477 477 1509 507 de
1527 480 1626 519 Namy
1641 480 1798 511 Familiaris
1808 481 1937 521 praedioli
1952 477 2067 512 Comitis
2087 483 2237 515 Dancerre.

1384 519 1500 562 Marcus
1513 516 1545 546 de
1559 517 1674 558 Lubek,
1690 519 1814 550 Valettns
1825 524 1939 551 Domini
1953 521 1987 550 de
1999 519 2182 561 Daubmeye,
2196 521 2348 562 Pmfinarii
2363 525 2417 554 Re-

1385 565 1521 640 Mfiflieus
1533 595 1731 634 Acceptantis,
1749 597 1906 628 Familiaris
1922 597 2094 638 Adversarii
2111 601 2192 636 Regis
2213 602 2346 631 Franciae.

1384 631 1552 672 Jalequinus
1568 633 1600 662 de
1614 637 1738 673 Tornay,
1751 636 1906 666 Familiaris
1917 636 2089 678 Adversbrii
2105 640 2184 675 Regis
2197 641 2331 669 Franciae.

1385 672 1485 700 Petrus
1501 670 1629 711 Tardyff,
1642 672 1799 702 Gullielmus
1817 673 1841 703 le
1854 674 2000 713 Falconer,
2013 676 2051 711 ό·
2069 679 2183 706 Perotus
2198 677 2231 706 de
2245 676 2321 707 Clere
2333 680 2421 708 Foun-

1421 716 1505 749 teyn,
1516 710 1677 742 Familiares
1690 714 1804 742 Domini
1819 713 1852 742 de
1870 716 1972 752 Creon,
1987 713 2138 754 Prifimarii
2157 717 2257 754 Regis,
2278 719 2308 747 in
2330 716 2424 756 castra

1423 747 1559 789 Bristoliae
1575 749 1725 788 existentis.

1383 785 1550 865 Thsepbaldus
1562 788 1596 818 de
1609 790 1709 819 Sam‘i‘o
1715 788 1848 828 Albano,
1856 788 1981 820 Valettus
1999 790 2066 820 dini
2075 794 2186 823 Domini
2201 793 2233 823 de
2247 797 2350 833 Creon,
2359 796 2422 823 Pri-

1434 829 1522 856 onarii
1536 830 1576 856 Re
1593 830 1624 858 is.

1385 863 1533 903 Johannes‘
1546 839 1740 906 legCauchays,
1758 870 1913 897 Gauvanus
1932 866 2059 907 Mafinus
2075 869 2120 896 Ra
2139 875 2203 908 uet,
2224 869 2421 905 Nicholaus&

1424 902 1621 934 Percoullettus
1629 927 1639 943 ,
1652 906 1813 935 Familiares
1825 909 1937 935 Domini
1953 907 1985 935 de
2001 880 2141 945 Derivalq,
2156 908 2304 948 Prisonarii
2317 912 2404 948 Regis.

1385 942 1491 989 Odinus
1502 941 1660 982 Chesneau,
1683 944 1840 974 Familiaris
1855 948 1968 975 Domini
1981 944 2014 974 de
2036 945 2189 986 Dornyall,
2205 943 2356 986 Prisonaiii
2370 951 2423 978 Re-

1383 991 1526 1086 Tr‘ijllzl'anus
1544 1020 1576 1050 de
1597 1019 1702 1050 Chalon
1728 1006 1814 1050 Miles

1388 1069 1537 1134 Johzgrines
1554 1099 1587 1128 de
1603 1097 1708 1128 chalon
1718 1097 1818 1137 ,Filius
1831 1098 1899 1128 disti
1919 1097 2038 1139 Trtstani
2054 1101 2086 1130 de
2100 1100 2216 1132 Chalon-

1388 1137 1546 1173 Hugeninus
1562 1136 1595 1166 de
1611 1139 1731 1173 Vyenna.

1368 1180 1372 1183 “
1385 1175 1513 1213 Dodien,
1529 1176 1653 1205 Nuncius
1669 1178 1782 1206 Comitis
1801 1178 1959 1214 Dancerre,
1973 1175 2127 1216 Prisbnarii
2140 1180 2228 1218 Regis.

1385 1215 1520 1259 Heriricus
1538 1217 1692 1253 Fauconer,
1698 1213 1856 1254 familiaris
1870 1218 1981 1245 Comitis
1995 1216 2028 1246 de
2042 1215 2146 1257 Joigny
2161 1239 2172 1255 ,
2199 1216 2353 1257 Prifinarii
2364 1221 2427 1258 *Re-

1384 1262 1552 1328 Htffikynus
1566 1290 1589 1321 le
1605 1291 1821 1331 chamberlain,
1829 1291 1985 1332 familiaris
2003 1292 2166 1333 Marefialli
2181 1294 2374 1327 Daudenham.

1384 1330 1579 1360 Arnaldetons
1593 1331 1754 1368 Megerdos,
1764 1330 1894 1362 'Valettus
1909 1334 1989 1362 Petri
2002 1332 2034 1362 de
2055 1335 2218 1364 Barenciers
2231 1356 2242 1373 ,
2273 1334 2424 1374 Prisonarii

1421 1372 1449 1398 V
1450 1373 1591 1399 icecomitis
1605 1370 1637 1399 de
1659 1374 1785 1401 Anorta.

1824 1043 1835 1060 ,
1856 1021 1940 1051 Filius
1963 1025 2073 1053 comitis
2094 1026 2254 1062 Dancerre,
2278 1023 2426 1063 Prisbnarii

1376 1515 1427 1547 De
1445 1511 1590 1560 Johanne
1605 1512 1642 1546 de
1658 1516 1792 1548 Francia
1804 1541 1813 1557 ‚
1833 1518 1868 1554 ῶν
1890 1516 2090 1561 Prisonariis,
2114 1527 2134 1548 a
2157 1514 2259 1559 Castro
2271 1519 2393 1550 Somer-

1714 1564 1836 1606 tonienst
1843 1591 1854 1607 ‚
1872 1564 2058 1600 amovendis.

1348 1654 1482 1708 REX
1507 1656 1757 1696 Vicecomitibus,
1781 1656 1960 1696 Majoribus,
1974 1657 2103 1696 Ballivis,
2124 1656 2281 1696 Ministris,
2301 1659 2336 1690 &
2364 1657 2424 1688 aliis
2444 1660 2522 1692 Ann,

1428 1693 1571 1726 Fidelibus
1587 1694 1658 1735 suis,
1672 1695 1744 1728 infra
1762 1696 1920 1728 Libertates
1935 1697 1969 1729 &
1991 1705 2084 1735 extra,
2102 1696 2138 1727 ad
2159 1706 2248 1737 quos,
2262 1698 2325 1730 διε.
2341 1696 2421 1728 Salu-
2465 1696 2561 1741 1360:

1383 1771 1484 1803 Sciatis
1499 1772 1598 1812 quod,
2286 1798 2292 1801 -
2444 1781 2476 1805 Ε.
2497 1748 2561 1815 3:²⁵4

1381 1809 1426 1841 Ex
1444 1813 1526 1842 certis
1547 1811 1742 1852 Rumoribus,
1758 1822 1829 1851 quos
1845 1813 1881 1844 de
1897 1812 2029 1844 Inimicis
2046 1811 2149 1843 nostris
2178 1811 2257 1852 fiipra
2274 1813 2375 1854 Mare,
2387 1814 2418 1843 in
2444 1820 2504 1844 Pae.
2514 1820 2561 1854 343

1346 1860 1455 1887 magno
1471 1850 1603 1888 Navigio
1617 1851 1814 1891 existentibus,
1828 1852 1878 1891 qui
1893 1851 1929 1883 ad
1945 1850 2087 1889 Regnum
2102 1835 2233 1882 nostrum
2249 1852 2365 1890 Angliae
2378 1853 2423 1882 in-
2445 1859 2477 1882 Σ.
2489 1864 2514 1891 3.
2522 1861 2550 1892 p.

1345 1889 1569 1928 vadendum,&
1586 1890 1786 1921 Adversarium
1799 1890 1930 1921 nostrum
1944 1890 2072 1921 Franciae
2088 1901 2104 1921 a
2119 1889 2280 1930 Custodia,
2296 1891 2352 1930 quii
2362 1893 2422 1930 jam
2450 1903 2524 1922 μνη.

1345 1928 1501 1966 detinetur,
1526 1928 1696 1968 deliberare,
1714 1929 1748 1960 &
1763 1940 1780 1960 a
1797 1929 1930 1961 manibus
1953 1928 2054 1961 nostris
2072 1930 2181 1968 eripere
2193 1930 2362 1968 intendunt,
2375 1939 2425 1962 au·
2447 1931 2494 1960 28.

1345 1966 1471 1997 divimus
1480 1968 1542 2005 jam
1561 1967 1597 1998 de
1616 1978 1698 1998 novo

1382 2005 1443 2050 De·
1453 2005 1572 2037 Affensu
1588 2008 1673 2038 totius
1695 1990 1824 2051 Concilii
1844 2006 1937 2051 nostri
1951 2005 2148 2038 ordinavimus
2158 2007 2240 2048 quod
2254 2007 2350 2039 distus
2363 2007 2425 2039 Ad·

1344 2045 1477 2076 versanus
1489 2044 1643 2083 noster,&
1658 2055 1763 2076 omnes
1775 2045 1822 2076 alu
1838 2045 1986 2076 Prisonarii
2000 2044 2092 2076 nostri
2130 2056 2200 2078 cum
2219 2057 2255 2077 eo
2273 2047 2304 2078 in
2322 2045 2426 2078 Castro

1342 2083 1442 2114 nostro
1462 2083 1498 2114 de
1517 2083 1673 2115 Somerton
1690 2084 1856 2122 existentes,
1871 2084 1906 2115 ab
1924 2084 2029 2115 eodem
2044 2069 2150 2116 Cast-ro
2167 2093 2368 2125 amoveantur,
2391 2087 2427 2118 &

1343 2123 1428 2162 usque
1451 2121 1582 2154 Castrum
1597 2123 1634 2154 de
1648 2122 1886 2162 Berkhampstede
1900 2122 2040 2154 ducantur
2050 2146 2060 2162 ,
2075 2124 2183 2155 ibidem
2203 2126 2338 2156 moraturi
2353 2134 2426 2164 quo-

1342 2162 1378 2193 us
1393 2174 1426 2194 ue
1441 2162 1477 2192 de
1492 2161 1573 2193 Salva
1588 2161 1730 2193 Custodia
1743 2162 1913 2193 eorumdem
1926 2162 2006 2193 aliter
2020 2161 2104 2193 fuerit
2118 2162 2301 2202 ordinatum,

1373 2173 1420 2232 dit
1438 2201 1518 2239 super
1533 2200 1591 2232 hoc
1615 2202 1819 2239 assignavimus
1840 2202 1875 2232 &
1892 2200 2107 2241 deputavimus,
2124 2201 2244 2234 dileiws
2264 2204 2299 2235 ὃς
2328 2201 2426 2233 fideles

1341 2240 1454 2271 nostros
1465 2263 1477 2279 ‚
1495 2240 1671 2310 1⁴Johannem
1688 2241 1724 2271 de
1742 2240 1951 2281 Bukyngham,
1964 2239 2132 2284 ⁴Custodem
2152 2247 2165 2259 ‘
2183 2241 2291 2272 Privati
2310 2240 2421 2279 sigilli,

1341 2279 1474 2310 cariffirni
1520 2280 1559 2310 ilii
1577 2279 1682 2318 nostri,
1699 2279 1832 2310 Thomae
1847 2278 1983 2310 Custodis
1999 2279 2116 2317 Angliae
2131 2303 2141 2319 ,
2172 2281 2208 2312 &
2233 2279 2422 2318 Radulphum

1342 2318 1526 2357 Spigournell
1535 2320 1736 2357 ‚conjunfflm
1745 2342 1755 2357 ,
1768 2319 1803 2350 &
1816 2317 1930 2349 divisim
1938 2342 1949 2357 ‚
1965 2317 2000 2348 ad
2017 2318 2129 2350 dierum
2150 2319 2354 2350 Adversarium
2368 2329 2424 2349 no-

1341 2356 1449 2396 strum,
1467 2358 1501 2389 ὃς
1519 2359 1588 2388 alios
1605 2357 1779 2388 Prisonarios
1798 2357 1970 2396 praedieros,
1987 2368 2003 2388 a
2020 2356 2102 2388 dieto
2118 2356 2223 2388 Castro
2245 2357 2282 2389 de
2303 2357 2423 2388 Somet-

1340 2405 1390 2426 ton
1399 2420 1409 2435 ,
1429 2396 1513 2437 usque
1533 2397 1646 2428 dietum
1665 2395 1803 2428 Castrum
1818 2396 1855 2427 de
1870 2395 2127 2435 Berkhampstede‚
2142 2397 2193 2428 sub
2207 2396 2280 2429 salva
2293 2395 2422 2429 custodia

1339 2435 1522 2474 ducendum,
1535 2436 1569 2467 &
1585 2446 1641 2474 pro
1655 2446 1736 2467 mora
1756 2435 1800 2466 sua
1814 2434 1924 2466 ibidem
1947 2435 2158 2475 ordinandum,

1377 2474 1417 2506 Et
1434 2475 1502 2505 ideo
1523 2475 1623 2513 vobis,
1644 2475 1678 2506 &
1699 2474 1818 2506 cuilibet
1833 2472 1963 2505 vestrum
1979 2497 1989 2513 ,
2017 2473 2067 2505 sub
2087 2473 2266 2506 forisfastura
2287 2474 2421 2505 omnium

1339 2522 1404 2551 quae
1426 2514 1510 2544 nobis
1528 2513 1689 2545 forisfacere
1709 2513 1853 2552 poteritis,
1876 2512 2062 2551 mandamus,
2079 2512 2198 2544 firmiter
2225 2513 2422 2552 injungentes,

1339 2552 1421 2590 quod
1441 2552 1566 2592 eisdem,
1577 2553 1701 2592 johanni
1719 2553 1753 2583 &
1771 2551 1944 2590 Radulpho,
1963 2551 1997 2582 ὃ(
2020 2561 2119 2582 eorum
2138 2551 2214 2583 alteri
2225 2574 2234 2589 ,
2249 2551 2422 2582 inDufflo-

1340 2601 1377 2621 ne
1394 2591 1466 2621 dien
1486 2591 1644 2622 Adversarii
1657 2590 1762 2628 nostri,
1777 2591 1810 2621 &
1824 2590 1946 2620 aliorum
1961 2589 2185 2620 Prisonariorum
2196 2589 2420 2628 predietorum,

1339 2641 1354 2660 a
1373 2630 1454 2661 dioto
1471 2629 1576 2660 Castro
1591 2630 1628 2660 de
1641 2630 1798 2661 Somerton
1807 2628 1909 2667 ,usque
1921 2627 2034 2659 diolum
2042 2627 2178 2659 Castrum
2193 2629 2230 2659 de
2242 2627 2385 2659 Berkham

1340 2668 1433 2707 stede,
1442 2668 1620 2700 intendentes
1634 2668 1688 2700 fitis
1697 2691 1706 2707 ‚
1722 2667 1920 2706 respondentes
1933 2668 1968 2699 ὃ(
1983 2667 2160 2706 auxiliantes,
2375 2678 2378 2684 ·

1379 2707 1416 2738 Et
1434 2709 1472 2738 eis
1492 2706 1662 2745 Cariagium
1679 2708 1712 2739 &
1732 2707 1833 2737 omnia
1850 2706 1918 2745 alia,
1937 2715 2003 2744 quae
2022 2715 2075 2744 pro
2097 2705 2244 2737 Dufflone
2261 2705 2308 2736 illa
2323 2714 2422 2736 neces-

1341 2747 1405 2777 saria
1420 2746 1539 2785 fiierint,
1561 2756 1616 2785 pro
1630 2746 1763 2776 Denariis
1781 2745 1833 2776 suis
1847 2745 1916 2776 inde
1932 2745 2074 2775 solvendis
2087 2767 2098 2782 ,
2124 2744 2235 2776 liberari
2262 2745 2296 2776 ὃ(
2319 2744 2421 2774 habere

1341 2787 1466 2824 faciatis,
1482 2786 1610 2824 quotiens
1632 2786 1666 2816 &
1686 2793 1770 2823 prout
1785 2783 1890 2822 iidem,
1905 2783 2049 2823 johannes
2065 2784 2099 2814 &
2114 2783 2296 2821 Radusphus,
2309 2782 2355 2813 vel
2369 2784 2421 2813 'eo-

1341 2834 1403 2855 rum
1422 2824 1505 2893 alters,
1519 2825 1602 2871 vobis
1620 2823 1666 2855 vel
1686 2823 1771 2855 alicui
1791 2822 1922 2854 vesti-sim
1946 2821 2015 2852 scire
2038 2821 2178 2861 fecerint,
2193 2821 2238 2853 vel
2260 2821 2373 2858 fecerit,
2387 2829 2422 2851 ex

1364 2872 1421 2894 arte
1441 2873 1481 2893 no
1508 2873 1552 2894 ra·

1343 2873 1362 2901 p
1379 2902 1489 2933 Damus
1509 2887 1603 2932 auiem
1617 2900 1753 2939 praefatis,
1768 2899 1893 2938 Johanni
1911 2899 1946 2929 &
1963 2897 2138 2936 Radulpho‚
2155 2898 2269 2936 plenam
2285 2920 2296 2937 ,
2317 2905 2418 2928 tenore

1341 2941 1521 2979 praesentium
1538 2940 1711 2971 Potest-atem
1733 2937 1862 2978 capiendi
1877 2938 1910 2968 &
1934 2936 2070 2967 arestandi
2084 2947 2185 2967 omnes
2204 2936 2282 2974 illos,
2303 2946 2374 2975 quos
2388 2937 2419 2967 in

1340 2980 1517 3010 Executione
1531 2977 1740 3017 praemissorum
1754 2977 1911 3008 contrarios
1924 2976 2083 3006 invenerint
2103 2975 2147 3006 vel
2160 2974 2309 3012 Rebelles,
2323 2975 2356 3006 &
2370 2985 2421 3005 eos

1342 3018 1464 3049 Prisonis
1478 3018 1580 3048 nostris
1600 3015 1820 3053 committendi,
1841 3015 1871 3044 in
1892 3013 1996 3045 eisdem
2014 3022 2174 3045 moraturos
2189 3013 2331 3053 quousque
2345 3013 2420 3045 aliud

1342 3058 1378 3088 de
1394 3058 1432 3087 eis
1453 3056 1616 3087 duxerimus
1640 3054 1880 3086 demandandum.

1380 3095 1414 3125 ln
1431 3096 1526 3134 cujus,
1547 3096 1608 3126 &c.

1416 3134 1507 3164 Teste
1527 3131 1661 3164 Custode
1682 3131 1799 3170 Angliae
1820 3130 1895 3170 apud
1909 3128 2202 3161 westmonasterium
2217 3153 2228 3169 ,
2262 3131 2360 3168 primo
2374 3129 2420 3160 die

1344 3171 1454 3203 Mami.
1840 3210 1894 3239 Per
1910 3207 1993 3247 ipsum
2011 3207 2152 3248 Custodem
2171 3206 2211 3244 ό·
2229 3206 2386 3238 Concilium.

1345 1741 1414 1765 tem.

2446 2234 2466 2257 ἅ
2487 2237 2540 2268 Vl.¹

2488 2283 2552 2311 ¹59-

1387 3358 1437 3390 De
1453 3355 1560 3402 iisdem
1576 3356 1668 3404 usque
1688 3354 1830 3400 Castrum
1849 3354 1886 3388 de
1902 3351 2136 3400 Berkhampsted
2145 3351 2287 3388 ducendis
2298 3382 2309 3399 ,
2327 3330 2381 3394 &⁴-

1707 3404 1820 3440 ibidem
1838 3401 2046 3447 custodiendis.

1343 3494 1401 3549 R
1411 3493 1494 3532 EX,
1518 3492 1642 3524 Dileffls
1655 3493 1690 3525 ὃς
1706 3489 1833 3521 fidelibus
1847 3487 2088 3527 suis,Willielm0
2106 3488 2297 3528 Deyncourt,
2307 3486 2416 3526 Johan-
2434 3493 2512 3526 Arm,
2522 3492 2561 3524 1)⁴

1421 3534 1451 3564 ni
1469 3533 1506 3564 de
1527 3530 1787 3570 Kirketon,Saiero
1802 3528 1839 3559 de
1857 3527 2046 3566 Rocheford,
2059 3526 2224 3558 Willielmo
2238 3524 2366 3564 Colvill,
2380 3527 2414 3557 &
2459 3533 2547 3575 1360.

1339 3572 1465 3612 Johanni
1488 3571 1535 3602 De
1554 3578 1673 3608 ncourt,
1694 3567 1870 3600 Custodibus
1886 3566 2027 3606 Johannis
2049 3565 2084 3597 de
2105 3566 2238 3602 Francia,
2255 3563 2416 3608 Adversarii
2433 3575 2486 3601 An,
2505 3580 2553 3610 34,

1343 3611 1450 3650 nostri,
1468 3611 1499 3640 in
1546 3610 1635 3640 risona
1649 3607 1724 3647 apud
1740 3606 1874 3638 Castrum
1888 3605 1924 3637 de
1945 3605 2102 3637 Somerton
2123 3611 2348 3642 commorantis,
2366 3603 2417 3635 Sa·
2434 3616 2465 3639 E.
2483 3620 2510 3647 3-

1344 3650 1445 3681 lutem.
2031 3669 2050 3674 ⁴-
2432 3649 2498 3678 clau
2511 3668 2520 3677 .

1383 3689 1464 3728 Qiia
1477 3686 1703 3719 certitudinaliter
1718 3685 1908 3717 informamur
1925 3683 2006 3723 quod
2027 3679 2144 3713 Inimici
2164 3678 2254 3710 nostri
2274 3679 2419 3720 Franciae,
2435 3649 2519 3725 ὀψέ
2538 3695 2561 3726 3.

1344 3728 1375 3758 in
1397 3726 1576 3758 multitudine
1590 3736 1650 3757 non
1665 3724 1784 3756 modica
1797 3724 1964 3755 Hominum
1977 3721 2015 3752 ad
2033 3720 2141 3756 Arma,
2155 3717 2342 3763 Armatorum
2350 3742 2370 3765 ,'
2382 3719 2416 3751 &¹
2433 3737 2459 3756 n.
2480 3724 2527 3764 38.

1345 3766 1484 3803 aliorum,
1500 3775 1568 3796 cum
1582 3764 1670 3803 Equis
1682 3764 1751 3803 suis,
1765 3763 1845 3802 supra
1862 3760 1947 3793 Mare
1960 3761 1988 3790 in
2003 3767 2112 3802 magno
2122 3756 2257 3803 Navigio
2271 3758 2417 3790 adtuahter

1343 3807 1404 3844 jam
1426 3804 1547 3835 existunt
1560 3826 1571 3842 ‚
1601 3806 1635 3837 δε
1654 3803 1794 3841 Regnum
1813 3801 1963 3837 nostrum,
1988 3797 2040 3828 ubi
2059 3795 2245 3841 commodius
2271 3805 2422 3843 poterunt,

1341 3843 1498 3881 -invadere,
1513 3842 1683 3882 dictumque
1698 3840 1898 3873 Adversarium
1911 3836 2059 3873 nostrum,
2079 3834 2222 3865 verifimili
2236 3836 2422 3874 comeditura,

1346 3893 1363 3914 a
1383 3882 1513 3912 manibus
1530 3881 1633 3912 nostris
1648 3882 1772 3919 eripere,
1789 3879 1823 3910 &
1840 3878 1938 3908 secum
1955 3882 2030 3905 extra
2053 3872 2194 3911 Regnum
2210 3873 2341 3906 nostrum
2359 3873 2421 3905 An-

1349 3921 1436 3959 gliae,
1452 3919 1531 3958 quod
1549 3920 1637 3958 absit,
1652 3920 1758 3951 ducere
1772 3922 1970 3958 proponunt-,⁰
2066 3951 2072 3957 .
2219 3952 2225 3958 ·
2333 3953 2338 3958 Π

1387 3958 1440 3989 Per
1456 3959 1553 4028 ἒυοά,
1570 3959 1607 3990 de
1624 3959 1728 3989 affensu
1746 3957 1830 3987 totius
1844 3951 1973 3983 Concilu
1984 3949 2091 3989 nostrl,
2105 3951 2260 3983 consultius
2276 3950 2422 3983 ordinatur

1350 3997 1430 4037 quod
1446 3997 1455 4027 i
1476 4007 1523 4029 em
1537 3996 1718 4031 Adversarius
1731 3993 1885 4031 noster‚&
1899 4000 1999 4022 omnes
2017 3989 2063 4022 alii
2078 3989 2228 4023 Prilbnarii
2242 3990 2427 4069 mstri'cgsd
