<?xml version="1.0" encoding="UTF-8"?>
<!DOCTYPE html PUBLIC "-//W3C//DTD XHTML 1.0 Transitional//EN"
    "http://www.w3.org/TR/xhtml1/DTD/xhtml1-transitional.dtd">
<html xmlns="http://www.w3.org/1999/xhtml" xml:lang="en" lang="en">
 <head>
  <title>
</title>
<meta http-equiv="Content-Type" content="text/html;charset=utf-8" />
  <meta name='ocr-system' content='tesseract 3.04.00' />
  <meta name='ocr-capabilities' content='ocr_page ocr_carea ocr_par ocr_line ocrx_word'/>
</head>
<body>
  <div class='ocr_page' id='page_1' title='image "./fderaconventione03ryme/fderaconventione03ryme_0821.png"; bbox 0 0 2561 4251; ppageno 0'>
   <div class='ocr_carea' id='block_1_1' title="bbox 42 310 174 348">
    <p class='ocr_par' dir='ltr' id='par_1_1' title="bbox 42 310 174 348">
     <span class='ocr_line' id='line_1_1' title="bbox 42 310 174 348; baseline -0.023 -4"><span class='ocrx_word' id='word_1_1' title='bbox 42 314 118 348; x_wconf 88' lang='lat' dir='ltr'>Ann.</span> <span class='ocrx_word' id='word_1_2' title='bbox 133 310 174 342; x_wconf 90' lang='lat' dir='ltr'>D.</span> 
     </span>
    </p>
   </div>
   <div class='ocr_carea' id='block_1_2' title="bbox 45 359 150 422">
    <p class='ocr_par' dir='ltr' id='par_1_2' title="bbox 45 359 150 422">
     <span class='ocr_line' id='line_1_2' title="bbox 45 359 150 422; baseline 0.01 -3"><span class='ocrx_word' id='word_1_3' title='bbox 45 362 99 422; x_wconf 50' lang='lat' dir='ltr'>Rz&#39;Ic}</span> <span class='ocrx_word' id='word_1_4' title='bbox 103 359 150 420; x_wconf 32' lang='lat'>927.-</span> 
     </span>
    </p>
   </div>
   <div class='ocr_carea' id='block_1_3' title="bbox 36 1612 172 1836">
    <p class='ocr_par' dir='ltr' id='par_1_3' title="bbox 36 1612 172 1836">
     <span class='ocr_line' id='line_1_3' title="bbox 36 1612 171 1647; baseline 0.007 -1"><span class='ocrx_word' id='word_1_5' title='bbox 36 1615 112 1647; x_wconf 83' lang='lat' dir='ltr'>Ann.</span> <span class='ocrx_word' id='word_1_6' title='bbox 128 1612 171 1647; x_wconf 92' lang='lat' dir='ltr'>D.</span> 
     </span>
     <span class='ocr_line' id='line_1_4' title="bbox 69 1661 157 1694; baseline -0.034 0"><span class='ocrx_word' id='word_1_7' title='bbox 69 1661 157 1694; x_wconf 82' lang='lat'>1397·</span> 
     </span>
     <span class='ocr_line' id='line_1_5' title="bbox 36 1696 150 1721; baseline -0.009 0"><span class='ocrx_word' id='word_1_8' title='bbox 36 1696 89 1721; x_wconf 84' lang='lat' dir='ltr'>An.</span> <span class='ocrx_word' id='word_1_9' title='bbox 106 1701 150 1720; x_wconf 84' lang='lat'>21.</span> 
     </span>
     <span class='ocr_line' id='line_1_6' title="bbox 38 1732 111 1760; baseline -0.027 0"><span class='ocrx_word' id='word_1_10' title='bbox 38 1732 67 1760; x_wconf 69' lang='lat' dir='ltr'>R.</span> <span class='ocrx_word' id='word_1_11' title='bbox 85 1741 111 1759; x_wconf 89' lang='lat'>2.</span> 
     </span>
     <span class='ocr_line' id='line_1_7' title="bbox 39 1769 129 1806; baseline 0 -9"><span class='ocrx_word' id='word_1_12' title='bbox 39 1769 129 1806; x_wconf 85' lang='lat' dir='ltr'>Claus.</span> 
     </span>
     <span class='ocr_line' id='line_1_8' title="bbox 39 1812 172 1836; baseline -0.008 0"><span class='ocrx_word' id='word_1_13' title='bbox 39 1817 83 1836; x_wconf 89' lang='lat'>21.</span> <span class='ocrx_word' id='word_1_14' title='bbox 100 1812 130 1836; x_wconf 85' lang='lat' dir='ltr'>R.</span> <span class='ocrx_word' id='word_1_15' title='bbox 145 1817 172 1835; x_wconf 91' lang='lat'>2.</span> 
     </span>
    </p>
   </div>
   <div class='ocr_carea' id='block_1_4' title="bbox 39 1852 111 1884">
    <p class='ocr_par' dir='ltr' id='par_1_4' title="bbox 39 1852 111 1884">
     <span class='ocr_line' id='line_1_9' title="bbox 39 1852 111 1884; baseline 0 -9"><span class='ocrx_word' id='word_1_16' title='bbox 39 1852 65 1884; x_wconf 81' lang='lat' dir='ltr'>p.</span> <span class='ocrx_word' id='word_1_17' title='bbox 87 1856 111 1875; x_wconf 81' lang='grc' dir='ltr'>ι.</span> 
     </span>
    </p>
   </div>
   <div class='ocr_carea' id='block_1_5' title="bbox 37 1887 148 1953">
    <p class='ocr_par' dir='ltr' id='par_1_5' title="bbox 37 1887 148 1953">
     <span class='ocr_line' id='line_1_10' title="bbox 37 1887 137 1914; baseline 0.01 -1"><span class='ocrx_word' id='word_1_18' title='bbox 37 1894 76 1914; x_wconf 80' lang='lat' dir='ltr'>m.</span> <span class='ocrx_word' id='word_1_19' title='bbox 92 1887 137 1914; x_wconf 89' lang='lat'>26.</span> 
     </span>
     <span class='ocr_line' id='line_1_11' title="bbox 37 1922 148 1953; baseline 0.018 -2"><span class='ocrx_word' id='word_1_20' title='bbox 37 1922 148 1953; x_wconf 76' lang='lat' dir='ltr'>‘VIII-</span> 
     </span>
    </p>
   </div>
   <div class='ocr_carea' id='block_1_6' title="bbox 114 2761 190 2809">
    <p class='ocr_par' dir='ltr' id='par_1_6' title="bbox 114 2761 190 2809">
     <span class='ocr_line' id='line_1_12' title="bbox 114 2761 190 2809; baseline 0 -4"><span class='ocrx_word' id='word_1_21' title='bbox 114 2761 190 2809; x_wconf 53' lang='lat' dir='ltr'>&lt;Aa</span> 
     </span>
    </p>
   </div>
   <div class='ocr_carea' id='block_1_7' title="bbox 37 3017 172 3098">
    <p class='ocr_par' dir='ltr' id='par_1_7' title="bbox 37 3017 172 3098">
     <span class='ocr_line' id='line_1_13' title="bbox 37 3017 172 3052; baseline 0.03 -4"><span class='ocrx_word' id='word_1_22' title='bbox 37 3017 112 3049; x_wconf 84' lang='lat' dir='ltr'>Ann.</span> <span class='ocrx_word' id='word_1_23' title='bbox 129 3018 172 3052; x_wconf 90' lang='lat' dir='ltr'>D.</span> 
     </span>
     <span class='ocr_line' id='line_1_14' title="bbox 66 3067 150 3098; baseline -0.036 -1"><span class='ocrx_word' id='word_1_24' title='bbox 66 3067 150 3098; x_wconf 85' lang='lat'>1397,</span> 
     </span>
    </p>
   </div>
   <div class='ocr_carea' id='block_1_8' title="bbox 36 3100 150 3162">
    <p class='ocr_par' dir='ltr' id='par_1_8' title="bbox 36 3100 150 3162">
     <span class='ocr_line' id='line_1_15' title="bbox 37 3100 150 3126; baseline 0.027 -3"><span class='ocrx_word' id='word_1_25' title='bbox 37 3100 89 3124; x_wconf 83' lang='lat' dir='ltr'>An.</span> <span class='ocrx_word' id='word_1_26' title='bbox 106 3108 150 3126; x_wconf 81' lang='lat'>21.</span> 
     </span>
     <span class='ocr_line' id='line_1_16' title="bbox 36 3138 113 3162; baseline -0.013 0"><span class='ocrx_word' id='word_1_27' title='bbox 36 3138 66 3162; x_wconf 85' lang='lat' dir='ltr'>R.</span> <span class='ocrx_word' id='word_1_28' title='bbox 87 3145 113 3162; x_wconf 90' lang='lat'>2.</span> 
     </span>
    </p>
   </div>
   <div class='ocr_carea' id='block_1_9' title="bbox 34 3177 168 3324">
    <p class='ocr_par' dir='ltr' id='par_1_9' title="bbox 34 3177 152 3240">
     <span class='ocr_line' id='line_1_17' title="bbox 34 3177 152 3204; baseline 0.017 -4"><span class='ocrx_word' id='word_1_29' title='bbox 34 3177 92 3202; x_wconf 72' lang='lat' dir='ltr'>Pae.</span> <span class='ocrx_word' id='word_1_30' title='bbox 106 3184 152 3204; x_wconf 86' lang='lat'>21.</span> 
     </span>
     <span class='ocr_line' id='line_1_18' title="bbox 37 3216 114 3240; baseline -0.026 0"><span class='ocrx_word' id='word_1_31' title='bbox 37 3216 68 3240; x_wconf 86' lang='lat' dir='ltr'>R.</span> <span class='ocrx_word' id='word_1_32' title='bbox 89 3223 114 3239; x_wconf 91' lang='lat'>2.</span> 
     </span>
    </p>

    <p class='ocr_par' dir='ltr' id='par_1_10' title="bbox 35 3256 168 3324">
     <span class='ocr_line' id='line_1_19' title="bbox 35 3256 168 3287; baseline 0.015 -10"><span class='ocrx_word' id='word_1_33' title='bbox 35 3256 60 3287; x_wconf 78' lang='lat' dir='ltr'>p.</span> <span class='ocrx_word' id='word_1_34' title='bbox 82 3260 104 3279; x_wconf 87' lang='grc' dir='ltr'>ι.</span> <span class='ocrx_word' id='word_1_35' title='bbox 131 3260 168 3280; x_wconf 91' lang='lat' dir='ltr'>m.</span> 
     </span>
     <span class='ocr_line' id='line_1_20' title="bbox 38 3297 82 3324; baseline 0 -8"><span class='ocrx_word' id='word_1_36' title='bbox 38 3297 82 3324; x_wconf 82' lang='lat'>27.</span> 
     </span>
    </p>
   </div>
   <div class='ocr_carea' id='block_1_10' title="bbox 807 222 911 265">
    <p class='ocr_par' dir='ltr' id='par_1_11' title="bbox 807 222 911 265">
     <span class='ocr_line' id='line_1_21' title="bbox 807 222 911 265; baseline -0.029 0"><span class='ocrx_word' id='word_1_37' title='bbox 807 222 911 265; x_wconf 89' lang='lat' dir='ltr'>ET</span> 
     </span>
    </p>
   </div>
   <div class='ocr_carea' id='block_1_11' title="bbox 185 308 1257 1350">
    <p class='ocr_par' dir='ltr' id='par_1_12' title="bbox 192 308 1257 463">
     <span class='ocr_line' id='line_1_22' title="bbox 196 308 1257 347; baseline -0.004 -5"><span class='ocrx_word' id='word_1_38' title='bbox 196 312 236 342; x_wconf 88' lang='lat' dir='ltr'>las</span> <span class='ocrx_word' id='word_1_39' title='bbox 257 310 379 341; x_wconf 81' lang='lat' dir='ltr'>firmatas</span> <span class='ocrx_word' id='word_1_40' title='bbox 400 318 434 340; x_wconf 90' lang='lat' dir='ltr'>ac</span> <span class='ocrx_word' id='word_1_41' title='bbox 455 309 520 340; x_wconf 87' lang='lat' dir='ltr'>alibi</span> <span class='ocrx_word' id='word_1_42' title='bbox 539 308 724 347; x_wconf 85' lang='lat' dir='ltr'>transeundo,</span> <span class='ocrx_word' id='word_1_43' title='bbox 741 308 850 339; x_wconf 84' lang='lat' dir='ltr'>ibidem</span> <span class='ocrx_word' id='word_1_44' title='bbox 873 309 1029 345; x_wconf 79' lang='lat' dir='ltr'>morando,</span> <span class='ocrx_word' id='word_1_45' title='bbox 1046 310 1079 340; x_wconf 90' lang='lat'>&amp;</span> <span class='ocrx_word' id='word_1_46' title='bbox 1100 308 1202 339; x_wconf 75' lang='lat' dir='ltr'>exinde</span> <span class='ocrx_word' id='word_1_47' title='bbox 1223 308 1257 338; x_wconf 89' lang='lat' dir='ltr'>ad</span> 
     </span>
     <span class='ocr_line' id='line_1_23' title="bbox 193 346 1256 387; baseline -0.005 -6"><span class='ocrx_word' id='word_1_48' title='bbox 193 351 289 381; x_wconf 84' lang='lat' dir='ltr'>Partes</span> <span class='ocrx_word' id='word_1_49' title='bbox 309 349 434 387; x_wconf 88' lang='lat' dir='ltr'>proprias</span> <span class='ocrx_word' id='word_1_50' title='bbox 451 349 609 386; x_wconf 87' lang='lat' dir='ltr'>redeundo,</span> <span class='ocrx_word' id='word_1_51' title='bbox 628 349 657 378; x_wconf 91' lang='lat' dir='ltr'>in</span> <span class='ocrx_word' id='word_1_52' title='bbox 679 348 786 378; x_wconf 88' lang='lat' dir='ltr'>salvum</span> <span class='ocrx_word' id='word_1_53' title='bbox 801 349 834 379; x_wconf 74' lang='grc' dir='ltr'>δε</span> <span class='ocrx_word' id='word_1_54' title='bbox 849 348 977 378; x_wconf 89' lang='lat' dir='ltr'>securum</span> <span class='ocrx_word' id='word_1_55' title='bbox 993 346 1187 377; x_wconf 58' lang='lat' dir='ltr'>Conductum</span> <span class='ocrx_word' id='word_1_56' title='bbox 1201 356 1256 376; x_wconf 88' lang='lat' dir='ltr'>no-</span> 
     </span>
     <span class='ocr_line' id='line_1_24' title="bbox 192 385 1256 426; baseline -0.005 -6"><span class='ocrx_word' id='word_1_57' title='bbox 192 389 300 425; x_wconf 90' lang='lat' dir='ltr'>strum,</span> <span class='ocrx_word' id='word_1_58' title='bbox 314 398 348 417; x_wconf 89' lang='lat' dir='ltr'>ae</span> <span class='ocrx_word' id='word_1_59' title='bbox 371 389 400 417; x_wconf 88' lang='lat' dir='ltr'>in</span> <span class='ocrx_word' id='word_1_60' title='bbox 422 386 532 418; x_wconf 84' lang='lat' dir='ltr'>Salvam</span> <span class='ocrx_word' id='word_1_61' title='bbox 555 387 679 426; x_wconf 76' lang='lat' dir='ltr'>gardiarn</span> <span class='ocrx_word' id='word_1_62' title='bbox 698 386 842 424; x_wconf 88' lang='lat' dir='ltr'>nostram,</span> <span class='ocrx_word' id='word_1_63' title='bbox 859 395 974 416; x_wconf 86' lang='lat' dir='ltr'><strong>necnon</strong></span> <span class='ocrx_word' id='word_1_64' title='bbox 997 387 1026 416; x_wconf 91' lang='lat' dir='ltr'>in</span> <span class='ocrx_word' id='word_1_65' title='bbox 1040 385 1256 416; x_wconf 65' lang='lat' dir='ltr'>Protee&#39;uonem</span> 
     </span>
     <span class='ocr_line' id='line_1_25' title="bbox 194 425 728 463; baseline 0 -8"><span class='ocrx_word' id='word_1_66' title='bbox 194 430 228 460; x_wconf 66' lang='grc' dir='ltr'>ὃς</span> <span class='ocrx_word' id='word_1_67' title='bbox 246 425 453 457; x_wconf 83' lang='lat' dir='ltr'>Defenfionem</span> <span class='ocrx_word' id='word_1_68' title='bbox 467 425 598 456; x_wconf 87' lang='lat' dir='ltr'>nostrass</span> <span class='ocrx_word' id='word_1_69' title='bbox 615 425 728 463; x_wconf 82' lang='lat' dir='ltr'>eciales,</span> 
     </span>
    </p>

    <p class='ocr_par' dir='ltr' id='par_1_13' title="bbox 185 461 1255 735">
     <span class='ocr_line' id='line_1_26' title="bbox 236 461 1255 502; baseline -0.004 -7"><span class='ocrx_word' id='word_1_70' title='bbox 236 464 380 496; x_wconf 85' lang='lat' dir='ltr'>Nolentes</span> <span class='ocrx_word' id='word_1_71' title='bbox 396 465 475 502; x_wconf 82' lang='lat' dir='ltr'>quod</span> <span class='ocrx_word' id='word_1_72' title='bbox 490 465 569 495; x_wconf 89' lang='lat' dir='ltr'>idern</span> <span class='ocrx_word' id='word_1_73' title='bbox 619 473 672 501; x_wconf 82' lang='lat' dir='ltr'>ux,</span> <span class='ocrx_word' id='word_1_74' title='bbox 690 462 818 499; x_wconf 82' lang='lat' dir='ltr'>Praelati,</span> <span class='ocrx_word' id='word_1_75' title='bbox 837 461 962 499; x_wconf 83' lang='lat' dir='ltr'>Milites,</span> <span class='ocrx_word' id='word_1_76' title='bbox 981 461 1104 500; x_wconf 84' lang='lat' dir='ltr'>Clerici,</span> <span class='ocrx_word' id='word_1_77' title='bbox 1124 462 1255 502; x_wconf 83' lang='lat' dir='ltr'>Armige-</span> 
     </span>
     <span class='ocr_line' id='line_1_27' title="bbox 193 501 1254 542; baseline -0.004 -7"><span class='ocrx_word' id='word_1_78' title='bbox 193 505 234 542; x_wconf 88' lang='lat' dir='ltr'>ri,</span> <span class='ocrx_word' id='word_1_79' title='bbox 251 512 297 533; x_wconf 87' lang='lat' dir='ltr'>aut</span> <span class='ocrx_word' id='word_1_80' title='bbox 310 502 455 533; x_wconf 85' lang='lat' dir='ltr'>Homines</span> <span class='ocrx_word' id='word_1_81' title='bbox 470 503 517 533; x_wconf 87' lang='lat' dir='ltr'>seu</span> <span class='ocrx_word' id='word_1_82' title='bbox 529 503 687 534; x_wconf 89' lang='lat' dir='ltr'>Servientes</span> <span class='ocrx_word' id='word_1_83' title='bbox 701 502 740 531; x_wconf 90' lang='lat' dir='ltr'>sui</span> <span class='ocrx_word' id='word_1_84' title='bbox 755 501 902 539; x_wconf 64' lang='lat' dir='ltr'>praedieti,</span> <span class='ocrx_word' id='word_1_85' title='bbox 921 510 971 538; x_wconf 82' lang='lat' dir='ltr'>per</span> <span class='ocrx_word' id='word_1_86' title='bbox 986 510 1055 538; x_wconf 89' lang='lat' dir='ltr'>vos,</span> <span class='ocrx_word' id='word_1_87' title='bbox 1073 501 1117 530; x_wconf 89' lang='lat' dir='ltr'>seu</span> <span class='ocrx_word' id='word_1_88' title='bbox 1132 502 1254 539; x_wconf 78' lang='lat' dir='ltr'>aliquem</span> 
     </span>
     <span class='ocr_line' id='line_1_28' title="bbox 192 538 1255 578; baseline -0.003 -6"><span class='ocrx_word' id='word_1_89' title='bbox 192 541 321 572; x_wconf 71' lang='lat' dir='ltr'>vestrfim</span> <span class='ocrx_word' id='word_1_90' title='bbox 333 565 342 578; x_wconf 78' lang='lat'>,</span> <span class='ocrx_word' id='word_1_91' title='bbox 361 541 395 572; x_wconf 86' lang='lat' dir='ltr'>ad</span> <span class='ocrx_word' id='word_1_92' title='bbox 410 541 524 572; x_wconf 70' lang='lat' dir='ltr'>Set‘tam</span> <span class='ocrx_word' id='word_1_93' title='bbox 539 541 585 571; x_wconf 85' lang='lat' dir='ltr'>vel</span> <span class='ocrx_word' id='word_1_94' title='bbox 600 539 832 571; x_wconf 84' lang='lat' dir='ltr'>Prosecutionem</span> <span class='ocrx_word' id='word_1_95' title='bbox 845 539 960 576; x_wconf 90' lang='lat' dir='ltr'>alicujus</span> <span class='ocrx_word' id='word_1_96' title='bbox 976 538 1129 578; x_wconf 86' lang='lat' dir='ltr'>Ligeorum</span> <span class='ocrx_word' id='word_1_97' title='bbox 1144 539 1255 569; x_wconf 86' lang='lat' dir='ltr'>nostro-</span> 
     </span>
     <span class='ocr_line' id='line_1_29' title="bbox 191 576 1255 620; baseline -0.004 -9"><span class='ocrx_word' id='word_1_98' title='bbox 191 590 273 620; x_wconf 88' lang='lat' dir='ltr'>rum,</span> <span class='ocrx_word' id='word_1_99' title='bbox 297 580 340 611; x_wconf 90' lang='lat' dir='ltr'>seu</span> <span class='ocrx_word' id='word_1_100' title='bbox 363 580 483 610; x_wconf 88' lang='lat' dir='ltr'>aliorum</span> <span class='ocrx_word' id='word_1_101' title='bbox 504 587 770 618; x_wconf 90' lang='lat' dir='ltr'>quorumcumque,</span> <span class='ocrx_word' id='word_1_102' title='bbox 788 578 896 607; x_wconf 76' lang='lat' dir='ltr'>ratione</span> <span class='ocrx_word' id='word_1_103' title='bbox 918 576 984 607; x_wconf 86' lang='lat' dir='ltr'>Mar</span> <span class='ocrx_word' id='word_1_104' title='bbox 1007 588 1050 608; x_wconf 83' lang='lat' dir='ltr'>uae</span> <span class='ocrx_word' id='word_1_105' title='bbox 1064 578 1108 608; x_wconf 88' lang='lat' dir='ltr'>seu</span> <span class='ocrx_word' id='word_1_106' title='bbox 1124 577 1255 616; x_wconf 84' lang='lat' dir='ltr'>Reprisa-</span> 
     </span>
     <span class='ocr_line' id='line_1_30' title="bbox 192 588 1254 657; baseline -0.002 -9"><span class='ocrx_word' id='word_1_107' title='bbox 192 619 257 657; x_wconf 76' lang='lat' dir='ltr'>lite,</span> <span class='ocrx_word' id='word_1_108' title='bbox 274 628 320 650; x_wconf 88' lang='lat' dir='ltr'>aut</span> <span class='ocrx_word' id='word_1_109' title='bbox 340 618 543 657; x_wconf 86' lang='lat' dir='ltr'>cujuscumque</span> <span class='ocrx_word' id='word_1_110' title='bbox 563 617 672 646; x_wconf 89' lang='lat' dir='ltr'>alterius</span> <span class='ocrx_word' id='word_1_111' title='bbox 693 616 801 654; x_wconf 76' lang='lat' dir='ltr'>antiqui</span> <span class='ocrx_word' id='word_1_112' title='bbox 817 614 918 645; x_wconf 92' lang='lat' dir='ltr'>Debiti</span> <span class='ocrx_word' id='word_1_113' title='bbox 931 616 974 645; x_wconf 85' lang='lat' dir='ltr'>vel</span> <span class='ocrx_word' id='word_1_114' title='bbox 987 588 1183 655; x_wconf 47' lang='lat' dir='ltr'>{loun-astus,</span> <span class='ocrx_word' id='word_1_115' title='bbox 1201 617 1254 646; x_wconf 90' lang='lat' dir='ltr'>du-</span> 
     </span>
     <span class='ocr_line' id='line_1_31' title="bbox 192 653 1255 693; baseline -0.003 -6"><span class='ocrx_word' id='word_1_116' title='bbox 192 658 317 688; x_wconf 85' lang='lat' dir='ltr'>rantibus</span> <span class='ocrx_word' id='word_1_117' title='bbox 336 658 441 687; x_wconf 86' lang='lat' dir='ltr'>robore</span> <span class='ocrx_word' id='word_1_118' title='bbox 460 656 495 686; x_wconf 89' lang='lat'>&amp;</span> <span class='ocrx_word' id='word_1_119' title='bbox 516 654 655 685; x_wconf 83' lang='lat' dir='ltr'>beneficio</span> <span class='ocrx_word' id='word_1_120' title='bbox 678 653 883 692; x_wconf 72' lang='lat' dir='ltr'>Praesentium,</span> <span class='ocrx_word' id='word_1_121' title='bbox 907 653 1072 693; x_wconf 87' lang='lat' dir='ltr'>arestentur,</span> <span class='ocrx_word' id='word_1_122' title='bbox 1089 657 1255 693; x_wconf 75' lang='lat' dir='ltr'>capiantur,</span> 
     </span>
     <span class='ocr_line' id='line_1_32' title="bbox 185 693 659 735; baseline -0.008 -9"><span class='ocrx_word' id='word_1_123' title='bbox 185 705 247 735; x_wconf 59' lang='lat' dir='ltr'>vec</span> <span class='ocrx_word' id='word_1_124' title='bbox 259 696 411 735; x_wconf 84' lang='lat' dir='ltr'>aliqualiter</span> <span class='ocrx_word' id='word_1_125' title='bbox 424 693 659 732; x_wconf 82' lang='lat' dir='ltr'>imprisonentur,</span> 
     </span>
    </p>

    <p class='ocr_par' dir='ltr' id='par_1_14' title="bbox 186 729 1255 1154">
     <span class='ocr_line' id='line_1_33' title="bbox 232 729 1254 769; baseline -0.003 -4"><span class='ocrx_word' id='word_1_126' title='bbox 232 733 270 764; x_wconf 90' lang='lat' dir='ltr'>Et</span> <span class='ocrx_word' id='word_1_127' title='bbox 292 735 359 764; x_wconf 78' lang='lat' dir='ltr'>ideo</span> <span class='ocrx_word' id='word_1_128' title='bbox 379 733 475 769; x_wconf 90' lang='lat' dir='ltr'>vobis,</span> <span class='ocrx_word' id='word_1_129' title='bbox 493 732 525 762; x_wconf 88' lang='lat'>&amp;</span> <span class='ocrx_word' id='word_1_130' title='bbox 547 732 664 762; x_wconf 85' lang='lat' dir='ltr'>cuilibet</span> <span class='ocrx_word' id='word_1_131' title='bbox 677 729 802 760; x_wconf 73' lang='lat' dir='ltr'>vestrsun</span> <span class='ocrx_word' id='word_1_132' title='bbox 820 729 998 768; x_wconf 83' lang='lat' dir='ltr'>Injungimus</span> <span class='ocrx_word' id='word_1_133' title='bbox 1013 733 1046 763; x_wconf 87' lang='lat'>&amp;</span> <span class='ocrx_word' id='word_1_134' title='bbox 1061 731 1254 769; x_wconf 82' lang='lat' dir='ltr'>Mandamus,</span> 
     </span>
     <span class='ocr_line' id='line_1_34' title="bbox 193 768 1254 811; baseline -0.003 -8"><span class='ocrx_word' id='word_1_135' title='bbox 193 773 275 811; x_wconf 80' lang='lat' dir='ltr'>quod</span> <span class='ocrx_word' id='word_1_136' title='bbox 296 772 389 802; x_wconf 88' lang='lat' dir='ltr'>eidem</span> <span class='ocrx_word' id='word_1_137' title='bbox 407 770 502 808; x_wconf 92' lang='lat' dir='ltr'>Duci,</span> <span class='ocrx_word' id='word_1_138' title='bbox 520 770 660 807; x_wconf 83' lang='lat' dir='ltr'>Praelatis,</span> <span class='ocrx_word' id='word_1_139' title='bbox 680 768 840 807; x_wconf 81' lang='lat' dir='ltr'>Militibus,</span> <span class='ocrx_word' id='word_1_140' title='bbox 861 768 998 807; x_wconf 90' lang='lat' dir='ltr'>Clericis,</span> <span class='ocrx_word' id='word_1_141' title='bbox 1019 771 1189 809; x_wconf 76' lang='lat' dir='ltr'>Armigeris,</span> <span class='ocrx_word' id='word_1_142' title='bbox 1207 779 1254 800; x_wconf 82' lang='lat' dir='ltr'>aut</span> 
     </span>
     <span class='ocr_line' id='line_1_35' title="bbox 191 807 1253 848; baseline -0.003 -7"><span class='ocrx_word' id='word_1_143' title='bbox 191 812 250 842; x_wconf 84' lang='lat' dir='ltr'>aliis</span> <span class='ocrx_word' id='word_1_144' title='bbox 268 809 445 840; x_wconf 88' lang='lat' dir='ltr'>Hominibus</span> <span class='ocrx_word' id='word_1_145' title='bbox 464 809 497 840; x_wconf 69' lang='grc' dir='ltr'>ὅ(</span> <span class='ocrx_word' id='word_1_146' title='bbox 518 809 707 839; x_wconf 87' lang='lat' dir='ltr'>Servientibus</span> <span class='ocrx_word' id='word_1_147' title='bbox 726 807 778 837; x_wconf 84' lang='lat' dir='ltr'>suis</span> <span class='ocrx_word' id='word_1_148' title='bbox 802 808 831 837; x_wconf 92' lang='lat' dir='ltr'>in</span> <span class='ocrx_word' id='word_1_149' title='bbox 843 807 954 838; x_wconf 64' lang='lat' dir='ltr'>dietum</span> <span class='ocrx_word' id='word_1_150' title='bbox 971 808 1107 848; x_wconf 85' lang='lat' dir='ltr'>Regnum</span> <span class='ocrx_word' id='word_1_151' title='bbox 1122 810 1253 840; x_wconf 89' lang='lat' dir='ltr'>nostrum</span> 
     </span>
     <span class='ocr_line' id='line_1_36' title="bbox 190 846 1253 887; baseline -0.001 -9"><span class='ocrx_word' id='word_1_152' title='bbox 190 848 303 887; x_wconf 86' lang='lat' dir='ltr'>Angliae</span> <span class='ocrx_word' id='word_1_153' title='bbox 319 871 329 885; x_wconf 95' lang='lat'>,</span> <span class='ocrx_word' id='word_1_154' title='bbox 353 849 411 878; x_wconf 71' lang='lat' dir='ltr'>tam</span> <span class='ocrx_word' id='word_1_155' title='bbox 432 857 482 885; x_wconf 89' lang='lat' dir='ltr'>per</span> <span class='ocrx_word' id='word_1_156' title='bbox 501 846 623 877; x_wconf 78' lang='lat' dir='ltr'>Terram</span> <span class='ocrx_word' id='word_1_157' title='bbox 637 870 647 885; x_wconf 92' lang='lat'>,</span> <span class='ocrx_word' id='word_1_158' title='bbox 673 847 757 885; x_wconf 61' lang='lat' dir='ltr'>quam</span> <span class='ocrx_word' id='word_1_159' title='bbox 799 856 828 875; x_wconf 92' lang='lat' dir='ltr'>er</span> <span class='ocrx_word' id='word_1_160' title='bbox 851 846 953 884; x_wconf 82' lang='lat' dir='ltr'>Mare,</span> <span class='ocrx_word' id='word_1_161' title='bbox 976 847 1132 886; x_wconf 86' lang='lat' dir='ltr'>veniendo,</span> <span class='ocrx_word' id='word_1_162' title='bbox 1151 848 1184 879; x_wconf 75' lang='grc' dir='ltr'>δε</span> <span class='ocrx_word' id='word_1_163' title='bbox 1204 856 1253 886; x_wconf 82' lang='lat' dir='ltr'>per</span> 
     </span>
     <span class='ocr_line' id='line_1_37' title="bbox 191 884 1253 925; baseline 0 -9"><span class='ocrx_word' id='word_1_164' title='bbox 191 886 280 916; x_wconf 82' lang='lat' dir='ltr'>Villas</span> <span class='ocrx_word' id='word_1_165' title='bbox 300 886 419 916; x_wconf 84' lang='lat' dir='ltr'>firmatas</span> <span class='ocrx_word' id='word_1_166' title='bbox 437 896 471 916; x_wconf 86' lang='lat' dir='ltr'>ac</span> <span class='ocrx_word' id='word_1_167' title='bbox 485 886 550 916; x_wconf 90' lang='lat' dir='ltr'>alibi</span> <span class='ocrx_word' id='word_1_168' title='bbox 567 885 752 921; x_wconf 86' lang='lat' dir='ltr'>transeundo,</span> <span class='ocrx_word' id='word_1_169' title='bbox 770 885 778 913; x_wconf 93' lang='lat' dir='ltr'>i</span> <span class='ocrx_word' id='word_1_170' title='bbox 801 884 877 914; x_wconf 90' lang='lat' dir='ltr'>idern</span> <span class='ocrx_word' id='word_1_171' title='bbox 894 885 1049 924; x_wconf 84' lang='lat' dir='ltr'>morando,</span> <span class='ocrx_word' id='word_1_172' title='bbox 1068 885 1197 925; x_wconf 81' lang='lat' dir='ltr'>Negotia</span> <span class='ocrx_word' id='word_1_173' title='bbox 1207 886 1253 916; x_wconf 87' lang='lat' dir='ltr'>sua</span> 
     </span>
     <span class='ocr_line' id='line_1_38' title="bbox 188 923 1252 964; baseline 0.001 -11"><span class='ocrx_word' id='word_1_174' title='bbox 188 925 322 962; x_wconf 67' lang='lat' dir='ltr'>praedidta</span> <span class='ocrx_word' id='word_1_175' title='bbox 335 925 546 964; x_wconf 88' lang='lat' dir='ltr'>prosequendo,</span> <span class='ocrx_word' id='word_1_176' title='bbox 565 925 598 954; x_wconf 88' lang='lat'>&amp;</span> <span class='ocrx_word' id='word_1_177' title='bbox 612 924 712 953; x_wconf 78' lang='lat' dir='ltr'>exinde</span> <span class='ocrx_word' id='word_1_178' title='bbox 726 923 759 952; x_wconf 80' lang='lat' dir='ltr'>ad</span> <span class='ocrx_word' id='word_1_179' title='bbox 774 931 864 959; x_wconf 82' lang='lat' dir='ltr'>partes</span> <span class='ocrx_word' id='word_1_180' title='bbox 877 924 1018 963; x_wconf 81' lang='lat' dir='ltr'>proprias,</span> <span class='ocrx_word' id='word_1_181' title='bbox 1038 933 1068 953; x_wconf 89' lang='lat' dir='ltr'>ut</span> <span class='ocrx_word' id='word_1_182' title='bbox 1082 924 1252 962; x_wconf 65' lang='lat' dir='ltr'>praedicium</span> 
     </span>
     <span class='ocr_line' id='line_1_39' title="bbox 188 960 1254 1001; baseline -0.001 -8"><span class='ocrx_word' id='word_1_183' title='bbox 188 962 248 1000; x_wconf 87' lang='lat' dir='ltr'>est,</span> <span class='ocrx_word' id='word_1_184' title='bbox 265 963 425 1001; x_wconf 88' lang='lat' dir='ltr'>redeundo,</span> <span class='ocrx_word' id='word_1_185' title='bbox 442 964 471 992; x_wconf 91' lang='lat' dir='ltr'>in</span> <span class='ocrx_word' id='word_1_186' title='bbox 496 961 640 999; x_wconf 87' lang='lat' dir='ltr'>Personis,</span> <span class='ocrx_word' id='word_1_187' title='bbox 659 961 763 999; x_wconf 90' lang='lat' dir='ltr'>Equis,</span> <span class='ocrx_word' id='word_1_188' title='bbox 779 960 935 999; x_wconf 82' lang='lat' dir='ltr'>Hernesiis,</span> <span class='ocrx_word' id='word_1_189' title='bbox 953 972 998 992; x_wconf 86' lang='lat' dir='ltr'>aut</span> <span class='ocrx_word' id='word_1_190' title='bbox 1020 963 1075 992; x_wconf 87' lang='lat' dir='ltr'>aliis</span> <span class='ocrx_word' id='word_1_191' title='bbox 1090 962 1188 993; x_wconf 90' lang='lat' dir='ltr'>Rebus</span> <span class='ocrx_word' id='word_1_192' title='bbox 1202 962 1254 992; x_wconf 90' lang='lat' dir='ltr'>suis</span> 
     </span>
     <span class='ocr_line' id='line_1_40' title="bbox 187 999 1252 1040; baseline -0.002 -8"><span class='ocrx_word' id='word_1_193' title='bbox 187 1002 434 1040; x_wconf 79' lang='lat' dir='ltr'>quibuscumque,</span> <span class='ocrx_word' id='word_1_194' title='bbox 452 1011 511 1030; x_wconf 91' lang='lat' dir='ltr'>non</span> <span class='ocrx_word' id='word_1_195' title='bbox 532 1000 671 1037; x_wconf 90' lang='lat' dir='ltr'>inferatis,</span> <span class='ocrx_word' id='word_1_196' title='bbox 698 999 742 1030; x_wconf 92' lang='lat' dir='ltr'>vel</span> <span class='ocrx_word' id='word_1_197' title='bbox 761 1008 897 1036; x_wconf 87' lang='lat' dir='ltr'>quantum</span> <span class='ocrx_word' id='word_1_198' title='bbox 920 1001 950 1030; x_wconf 90' lang='lat' dir='ltr'>in</span> <span class='ocrx_word' id='word_1_199' title='bbox 973 1001 1055 1031; x_wconf 92' lang='lat' dir='ltr'>vobis</span> <span class='ocrx_word' id='word_1_200' title='bbox 1076 1000 1118 1031; x_wconf 88' lang='lat' dir='ltr'>est</span> <span class='ocrx_word' id='word_1_201' title='bbox 1138 1001 1175 1031; x_wconf 87' lang='lat' dir='ltr'>ab</span> <span class='ocrx_word' id='word_1_202' title='bbox 1195 1001 1252 1031; x_wconf 87' lang='lat' dir='ltr'>aliis</span> 
     </span>
     <span class='ocr_line' id='line_1_41' title="bbox 186 1038 1255 1078; baseline -0.001 -8"><span class='ocrx_word' id='word_1_203' title='bbox 186 1039 409 1078; x_wconf 85' lang='lat' dir='ltr'>quomodolibet</span> <span class='ocrx_word' id='word_1_204' title='bbox 428 1039 523 1069; x_wconf 85' lang='lat' dir='ltr'>inferri</span> <span class='ocrx_word' id='word_1_205' title='bbox 545 1039 710 1076; x_wconf 87' lang='lat' dir='ltr'>permittatis</span> <span class='ocrx_word' id='word_1_206' title='bbox 726 1061 736 1077; x_wconf 85' lang='lat'>,</span> <span class='ocrx_word' id='word_1_207' title='bbox 759 1038 892 1075; x_wconf 75' lang='lat' dir='ltr'>Iniuriam</span> <span class='ocrx_word' id='word_1_208' title='bbox 907 1062 916 1076; x_wconf 82' lang='lat'>,</span> <span class='ocrx_word' id='word_1_209' title='bbox 942 1038 1109 1069; x_wconf 87' lang='lat' dir='ltr'>Molestiam</span> <span class='ocrx_word' id='word_1_210' title='bbox 1124 1061 1135 1077; x_wconf 87' lang='lat'>,</span> <span class='ocrx_word' id='word_1_211' title='bbox 1160 1038 1255 1070; x_wconf 90' lang='lat' dir='ltr'>Dam-</span> 
     </span>
     <span class='ocr_line' id='line_1_42' title="bbox 188 1076 1254 1118; baseline 0 -10"><span class='ocrx_word' id='word_1_212' title='bbox 188 1087 299 1118; x_wconf 85' lang='lat' dir='ltr'>pnurn,</span> <span class='ocrx_word' id='word_1_213' title='bbox 318 1077 490 1108; x_wconf 83' lang='lat' dir='ltr'>Violentiam</span> <span class='ocrx_word' id='word_1_214' title='bbox 500 1100 510 1116; x_wconf 95' lang='lat'>,</span> <span class='ocrx_word' id='word_1_215' title='bbox 522 1076 672 1116; x_wconf 83' lang='lat' dir='ltr'>Are’stum,</span> <span class='ocrx_word' id='word_1_216' title='bbox 689 1076 994 1116; x_wconf 86' lang='lat' dir='ltr'>Imprisonamentum,</span> <span class='ocrx_word' id='word_1_217' title='bbox 1010 1077 1254 1116; x_wconf 86' lang='lat' dir='ltr'>Impeditnentum</span> 
     </span>
     <span class='ocr_line' id='line_1_43' title="bbox 188 1115 583 1154; baseline -0.003 -7"><span class='ocrx_word' id='word_1_218' title='bbox 188 1116 320 1154; x_wconf 79' lang='lat' dir='ltr'>aliquod,</span> <span class='ocrx_word' id='word_1_219' title='bbox 337 1115 383 1146; x_wconf 91' lang='lat' dir='ltr'>seu</span> <span class='ocrx_word' id='word_1_220' title='bbox 400 1115 583 1154; x_wconf 85' lang='lat' dir='ltr'>Gravamen,</span> 
     </span>
    </p>

    <p class='ocr_par' dir='ltr' id='par_1_15' title="bbox 188 1154 1255 1262">
     <span class='ocr_line' id='line_1_44' title="bbox 227 1154 1255 1193; baseline 0 -8"><span class='ocrx_word' id='word_1_221' title='bbox 227 1154 266 1185; x_wconf 89' lang='lat' dir='ltr'>Et</span> <span class='ocrx_word' id='word_1_222' title='bbox 281 1155 299 1184; x_wconf 85' lang='lat' dir='ltr'>fi</span> <span class='ocrx_word' id='word_1_223' title='bbox 315 1154 383 1191; x_wconf 87' lang='lat' dir='ltr'>quid</span> <span class='ocrx_word' id='word_1_224' title='bbox 397 1156 453 1193; x_wconf 86' lang='lat' dir='ltr'>eis,</span> <span class='ocrx_word' id='word_1_225' title='bbox 473 1154 517 1185; x_wconf 92' lang='lat' dir='ltr'>vel</span> <span class='ocrx_word' id='word_1_226' title='bbox 533 1164 633 1185; x_wconf 88' lang='lat' dir='ltr'>eorum</span> <span class='ocrx_word' id='word_1_227' title='bbox 646 1154 744 1192; x_wconf 91' lang='lat' dir='ltr'>alicui,</span> <span class='ocrx_word' id='word_1_228' title='bbox 762 1154 941 1185; x_wconf 60' lang='lat' dir='ltr'>forisfactum</span> <span class='ocrx_word' id='word_1_229' title='bbox 956 1155 1001 1184; x_wconf 94' lang='lat' dir='ltr'>vel</span> <span class='ocrx_word' id='word_1_230' title='bbox 1017 1155 1177 1192; x_wconf 83' lang='lat' dir='ltr'>injuriatum</span> <span class='ocrx_word' id='word_1_231' title='bbox 1194 1154 1255 1185; x_wconf 87' lang='lat' dir='ltr'>fuc-</span> 
     </span>
     <span class='ocr_line' id='line_1_45' title="bbox 190 1192 1255 1232; baseline 0.001 -9"><span class='ocrx_word' id='word_1_232' title='bbox 190 1194 242 1230; x_wconf 87' lang='lat' dir='ltr'>rit,</span> <span class='ocrx_word' id='word_1_233' title='bbox 260 1192 288 1222; x_wconf 90' lang='lat' dir='ltr'>id</span> <span class='ocrx_word' id='word_1_234' title='bbox 309 1194 365 1231; x_wconf 84' lang='lat' dir='ltr'>eis,</span> <span class='ocrx_word' id='word_1_235' title='bbox 383 1193 417 1223; x_wconf 87' lang='lat'>&amp;</span> <span class='ocrx_word' id='word_1_236' title='bbox 432 1203 536 1224; x_wconf 87' lang='lat' dir='ltr'>eorum</span> <span class='ocrx_word' id='word_1_237' title='bbox 548 1194 684 1231; x_wconf 85' lang='lat' dir='ltr'>cuilibet,</span> <span class='ocrx_word' id='word_1_238' title='bbox 703 1194 760 1224; x_wconf 82' lang='lat' dir='ltr'>sine</span> <span class='ocrx_word' id='word_1_239' title='bbox 773 1193 906 1224; x_wconf 83' lang='lat' dir='ltr'>dilatione</span> <span class='ocrx_word' id='word_1_240' title='bbox 917 1194 1021 1232; x_wconf 82' lang='lat' dir='ltr'>corrigi</span> <span class='ocrx_word' id='word_1_241' title='bbox 1036 1194 1141 1224; x_wconf 82' lang='lat' dir='ltr'>faciatis</span> <span class='ocrx_word' id='word_1_242' title='bbox 1155 1194 1188 1225; x_wconf 72' lang='grc' dir='ltr'>ὅ(</span> <span class='ocrx_word' id='word_1_243' title='bbox 1205 1194 1255 1224; x_wconf 90' lang='lat' dir='ltr'>de-</span> 
     </span>
     <span class='ocr_line' id='line_1_46' title="bbox 188 1230 420 1262; baseline -0.004 -1"><span class='ocrx_word' id='word_1_244' title='bbox 188 1231 250 1262; x_wconf 74' lang='lat' dir='ltr'>bite</span> <span class='ocrx_word' id='word_1_245' title='bbox 266 1230 420 1261; x_wconf 82' lang='lat' dir='ltr'>reformari.</span> 
     </span>
    </p>

    <p class='ocr_par' dir='ltr' id='par_1_16' title="bbox 224 1269 948 1310">
     <span class='ocr_line' id='line_1_47' title="bbox 224 1269 948 1310; baseline 0.001 -10"><span class='ocrx_word' id='word_1_246' title='bbox 224 1269 256 1300; x_wconf 93' lang='lat' dir='ltr'>In</span> <span class='ocrx_word' id='word_1_247' title='bbox 275 1271 369 1310; x_wconf 87' lang='lat' dir='ltr'>cujus,</span> <span class='ocrx_word' id='word_1_248' title='bbox 387 1270 448 1300; x_wconf 88' lang='lat' dir='ltr'>&amp;c.</span> <span class='ocrx_word' id='word_1_249' title='bbox 468 1280 517 1308; x_wconf 89' lang='lat' dir='ltr'>per</span> <span class='ocrx_word' id='word_1_250' title='bbox 533 1270 640 1301; x_wconf 89' lang='lat' dir='ltr'>Unum</span> <span class='ocrx_word' id='word_1_251' title='bbox 660 1270 779 1300; x_wconf 87' lang='lat' dir='ltr'>Annum</span> <span class='ocrx_word' id='word_1_252' title='bbox 797 1270 948 1301; x_wconf 84' lang='lat' dir='ltr'>duraturas.</span> 
     </span>
    </p>

    <p class='ocr_par' dir='ltr' id='par_1_17' title="bbox 254 1308 1120 1350">
     <span class='ocr_line' id='line_1_48' title="bbox 254 1308 1120 1350; baseline -0.001 -10"><span class='ocrx_word' id='word_1_253' title='bbox 254 1308 343 1341; x_wconf 88' lang='lat' dir='ltr'>Teste</span> <span class='ocrx_word' id='word_1_254' title='bbox 358 1308 441 1349; x_wconf 82' lang='lat' dir='ltr'>Rege</span> <span class='ocrx_word' id='word_1_255' title='bbox 451 1309 526 1348; x_wconf 87' lang='lat' dir='ltr'>apud</span> <span class='ocrx_word' id='word_1_256' title='bbox 542 1308 818 1350; x_wconf 69' lang='lat' dir='ltr'>Wstmonasterium,</span> <span class='ocrx_word' id='word_1_257' title='bbox 837 1310 972 1340; x_wconf 76' lang='lat' dir='ltr'>vicesimo</span> <span class='ocrx_word' id='word_1_258' title='bbox 985 1308 1034 1339; x_wconf 82' lang='lat' dir='ltr'>die</span> <span class='ocrx_word' id='word_1_259' title='bbox 1042 1309 1120 1347; x_wconf 87' lang='lat' dir='ltr'>Julii.</span> 
     </span>
    </p>
   </div>
   <div class='ocr_carea' id='block_1_12' title="bbox 871 1385 1150 1425">
    <p class='ocr_par' dir='ltr' id='par_1_18' title="bbox 871 1385 1150 1425">
     <span class='ocr_line' id='line_1_49' title="bbox 871 1385 1150 1425; baseline -0.004 -9"><span class='ocrx_word' id='word_1_260' title='bbox 871 1388 924 1416; x_wconf 78' lang='lat' dir='ltr'>Per</span> <span class='ocrx_word' id='word_1_261' title='bbox 940 1385 1023 1425; x_wconf 82' lang='lat' dir='ltr'>ipfitm</span> <span class='ocrx_word' id='word_1_262' title='bbox 1043 1389 1150 1424; x_wconf 76' lang='lat' dir='ltr'>Regem.</span> 
     </span>
    </p>
   </div>
   <div class='ocr_carea' id='block_1_13' title="bbox 203 1511 1206 1559">
    <p class='ocr_par' dir='ltr' id='par_1_19' title="bbox 203 1511 1206 1559">
     <span class='ocr_line' id='line_1_50' title="bbox 203 1511 1206 1559; baseline 0.003 -16"><span class='ocrx_word' id='word_1_263' title='bbox 203 1524 205 1526; x_wconf 93' lang='lat'>·</span> <span class='ocrx_word' id='word_1_264' title='bbox 242 1514 302 1544; x_wconf 88' lang='lat' dir='ltr'>Pro</span> <span class='ocrx_word' id='word_1_265' title='bbox 327 1511 485 1545; x_wconf 71' lang='lat' dir='ltr'>Fratribus</span> <span class='ocrx_word' id='word_1_266' title='bbox 511 1511 638 1546; x_wconf 84' lang='lat' dir='ltr'>Ordinis</span> <span class='ocrx_word' id='word_1_267' title='bbox 663 1511 896 1545; x_wconf 75' lang='lat' dir='ltr'>Praedicasorum</span> <span class='ocrx_word' id='word_1_268' title='bbox 915 1515 947 1545; x_wconf 83' lang='lat' dir='ltr'>in</span> <span class='ocrx_word' id='word_1_269' title='bbox 963 1515 1062 1558; x_wconf 79' lang='lat' dir='ltr'>Regno</span> <span class='ocrx_word' id='word_1_270' title='bbox 1080 1513 1206 1559; x_wconf 75' lang='lat' dir='ltr'>Angliae.</span> 
     </span>
    </p>
   </div>
   <div class='ocr_carea' id='block_1_14' title="bbox 183 1595 1259 2566">
    <p class='ocr_par' dir='ltr' id='par_1_20' title="bbox 187 1595 1257 1713">
     <span class='ocr_line' id='line_1_51' title="bbox 188 1595 1257 1651; baseline 0.001 -24"><span class='ocrx_word' id='word_1_271' title='bbox 188 1595 273 1651; x_wconf 77' lang='lat' dir='ltr'>RE</span> <span class='ocrx_word' id='word_1_272' title='bbox 284 1596 314 1626; x_wconf 92' lang='lat' dir='ltr'>X</span> <span class='ocrx_word' id='word_1_273' title='bbox 324 1620 333 1635; x_wconf 89' lang='lat'>,</span> <span class='ocrx_word' id='word_1_274' title='bbox 349 1597 466 1627; x_wconf 85' lang='lat' dir='ltr'>Vicario</span> <span class='ocrx_word' id='word_1_275' title='bbox 480 1599 514 1629; x_wconf 65' lang='grc' dir='ltr'>ὃς</span> <span class='ocrx_word' id='word_1_276' title='bbox 528 1596 745 1628; x_wconf 84' lang='lat' dir='ltr'>Diffinitoribus</span> <span class='ocrx_word' id='word_1_277' title='bbox 759 1595 885 1635; x_wconf 87' lang='lat' dir='ltr'>Capituli</span> <span class='ocrx_word' id='word_1_278' title='bbox 899 1597 1104 1635; x_wconf 82' lang='lat' dir='ltr'>Provincialis,</span> <span class='ocrx_word' id='word_1_279' title='bbox 1126 1597 1257 1628; x_wconf 83' lang='lat' dir='ltr'>Fratrum</span> 
     </span>
     <span class='ocr_line' id='line_1_52' title="bbox 266 1634 1257 1675; baseline 0.001 -10"><span class='ocrx_word' id='word_1_280' title='bbox 266 1635 384 1666; x_wconf 88' lang='lat' dir='ltr'>Ordinis</span> <span class='ocrx_word' id='word_1_281' title='bbox 407 1635 635 1666; x_wconf 81' lang='lat' dir='ltr'>Praedicatorum</span> <span class='ocrx_word' id='word_1_282' title='bbox 655 1634 753 1672; x_wconf 87' lang='lat' dir='ltr'>Regni</span> <span class='ocrx_word' id='word_1_283' title='bbox 775 1635 865 1666; x_wconf 91' lang='lat' dir='ltr'>nostri</span> <span class='ocrx_word' id='word_1_284' title='bbox 884 1636 1014 1675; x_wconf 83' lang='lat' dir='ltr'>Angliae,</span> <span class='ocrx_word' id='word_1_285' title='bbox 1030 1637 1103 1675; x_wconf 77' lang='lat' dir='ltr'>apud</span> <span class='ocrx_word' id='word_1_286' title='bbox 1129 1636 1257 1668; x_wconf 89' lang='lat' dir='ltr'>Novum</span> 
     </span>
     <span class='ocr_line' id='line_1_53' title="bbox 187 1672 1105 1713; baseline 0.001 -9"><span class='ocrx_word' id='word_1_287' title='bbox 187 1672 321 1704; x_wconf 87' lang='lat' dir='ltr'>Castrum</span> <span class='ocrx_word' id='word_1_288' title='bbox 334 1673 413 1713; x_wconf 88' lang='lat' dir='ltr'>super</span> <span class='ocrx_word' id='word_1_289' title='bbox 428 1673 545 1713; x_wconf 90' lang='lat' dir='ltr'>Tynam</span> <span class='ocrx_word' id='word_1_290' title='bbox 555 1697 565 1712; x_wconf 92' lang='lat'>,</span> <span class='ocrx_word' id='word_1_291' title='bbox 582 1675 612 1703; x_wconf 90' lang='lat' dir='ltr'>in</span> <span class='ocrx_word' id='word_1_292' title='bbox 625 1674 760 1713; x_wconf 77' lang='lat' dir='ltr'>proximo</span> <span class='ocrx_word' id='word_1_293' title='bbox 774 1674 951 1713; x_wconf 87' lang='lat' dir='ltr'>celebrandi,</span> <span class='ocrx_word' id='word_1_294' title='bbox 971 1674 1105 1705; x_wconf 86' lang='lat' dir='ltr'>Salutem.</span> 
     </span>
    </p>

    <p class='ocr_par' dir='ltr' id='par_1_21' title="bbox 189 1712 1257 1789">
     <span class='ocr_line' id='line_1_54' title="bbox 224 1712 1257 1751; baseline 0.002 -9"><span class='ocrx_word' id='word_1_295' title='bbox 224 1712 304 1751; x_wconf 89' lang='lat' dir='ltr'>Quia</span> <span class='ocrx_word' id='word_1_296' title='bbox 334 1712 403 1750; x_wconf 85' lang='lat' dir='ltr'>Jura</span> <span class='ocrx_word' id='word_1_297' title='bbox 422 1712 566 1751; x_wconf 86' lang='lat' dir='ltr'>condere,</span> <span class='ocrx_word' id='word_1_298' title='bbox 584 1714 618 1743; x_wconf 75' lang='grc' dir='ltr'>δε</span> <span class='ocrx_word' id='word_1_299' title='bbox 632 1722 663 1742; x_wconf 86' lang='lat' dir='ltr'>ea</span> <span class='ocrx_word' id='word_1_300' title='bbox 678 1714 839 1743; x_wconf 79' lang='lat' dir='ltr'>executioni</span> <span class='ocrx_word' id='word_1_301' title='bbox 853 1713 947 1744; x_wconf 88' lang='lat' dir='ltr'>debite</span> <span class='ocrx_word' id='word_1_302' title='bbox 964 1714 1088 1744; x_wconf 84' lang='lat' dir='ltr'>minime</span> <span class='ocrx_word' id='word_1_303' title='bbox 1102 1713 1257 1744; x_wconf 85' lang='lat' dir='ltr'>demanda-</span> 
     </span>
     <span class='ocr_line' id='line_1_55' title="bbox 189 1735 681 1789; baseline -0.002 -7"><span class='ocrx_word' id='word_1_304' title='bbox 189 1760 236 1787; x_wconf 83' lang='lat' dir='ltr'>re,</span> <span class='ocrx_word' id='word_1_305' title='bbox 256 1735 377 1782; x_wconf 62' lang='lat' dir='ltr'>Cassum</span> <span class='ocrx_word' id='word_1_306' title='bbox 390 1750 513 1781; x_wconf 89' lang='lat' dir='ltr'>redditur</span> <span class='ocrx_word' id='word_1_307' title='bbox 528 1752 561 1782; x_wconf 88' lang='lat'>&amp;</span> <span class='ocrx_word' id='word_1_308' title='bbox 579 1751 681 1789; x_wconf 90' lang='lat' dir='ltr'>inane,</span> 
     </span>
    </p>

    <p class='ocr_par' dir='ltr' id='par_1_22' title="bbox 188 1788 1259 2100">
     <span class='ocr_line' id='line_1_56' title="bbox 225 1788 1255 1830; baseline 0.002 -10"><span class='ocrx_word' id='word_1_309' title='bbox 225 1789 331 1828; x_wconf 84' lang='lat' dir='ltr'>Vobis,</span> <span class='ocrx_word' id='word_1_310' title='bbox 350 1791 384 1822; x_wconf 92' lang='lat'>&amp;</span> <span class='ocrx_word' id='word_1_311' title='bbox 404 1790 520 1820; x_wconf 84' lang='lat' dir='ltr'>cuilibet</span> <span class='ocrx_word' id='word_1_312' title='bbox 534 1788 662 1820; x_wconf 72' lang='lat' dir='ltr'>vestrum</span> <span class='ocrx_word' id='word_1_313' title='bbox 679 1789 882 1829; x_wconf 83' lang='lat' dir='ltr'>Praecipimus,</span> <span class='ocrx_word' id='word_1_314' title='bbox 900 1790 934 1820; x_wconf 88' lang='lat'>&amp;</span> <span class='ocrx_word' id='word_1_315' title='bbox 950 1789 1103 1822; x_wconf 66' lang='lat' dir='ltr'>distriffius</span> <span class='ocrx_word' id='word_1_316' title='bbox 1119 1801 1177 1829; x_wconf 83' lang='lat' dir='ltr'>quo</span> <span class='ocrx_word' id='word_1_317' title='bbox 1191 1801 1255 1830; x_wconf 79' lang='lat' dir='ltr'>pos-</span> 
     </span>
     <span class='ocr_line' id='line_1_57' title="bbox 188 1827 1256 1868; baseline 0.001 -10"><span class='ocrx_word' id='word_1_318' title='bbox 188 1829 283 1859; x_wconf 90' lang='lat' dir='ltr'>sumus</span> <span class='ocrx_word' id='word_1_319' title='bbox 299 1827 475 1868; x_wconf 87' lang='lat' dir='ltr'>Injungimus</span> <span class='ocrx_word' id='word_1_320' title='bbox 487 1829 520 1859; x_wconf 90' lang='lat'>&amp;</span> <span class='ocrx_word' id='word_1_321' title='bbox 538 1827 727 1867; x_wconf 85' lang='lat' dir='ltr'>Mandamus,</span> <span class='ocrx_word' id='word_1_322' title='bbox 745 1828 826 1866; x_wconf 78' lang='lat' dir='ltr'>quod</span> <span class='ocrx_word' id='word_1_323' title='bbox 845 1827 1070 1859; x_wconf 89' lang='lat' dir='ltr'>Ordinationem</span> <span class='ocrx_word' id='word_1_324' title='bbox 1086 1831 1105 1848; x_wconf 66' lang='lat'>²*</span> <span class='ocrx_word' id='word_1_325' title='bbox 1120 1829 1256 1867; x_wconf 81' lang='lat' dir='ltr'>nostram,</span> 
     </span>
     <span class='ocr_line' id='line_1_58' title="bbox 188 1867 1257 1908; baseline 0.002 -11"><span class='ocrx_word' id='word_1_326' title='bbox 188 1868 218 1897; x_wconf 88' lang='lat' dir='ltr'>in</span> <span class='ocrx_word' id='word_1_327' title='bbox 240 1867 341 1897; x_wconf 90' lang='lat' dir='ltr'>ultimo</span> <span class='ocrx_word' id='word_1_328' title='bbox 357 1867 546 1898; x_wconf 87' lang='lat' dir='ltr'>Parliamento</span> <span class='ocrx_word' id='word_1_329' title='bbox 561 1867 675 1906; x_wconf 89' lang='lat' dir='ltr'>nostro,</span> <span class='ocrx_word' id='word_1_330' title='bbox 693 1869 766 1906; x_wconf 91' lang='lat' dir='ltr'>apud</span> <span class='ocrx_word' id='word_1_331' title='bbox 782 1867 1075 1898; x_wconf 80' lang='lat' dir='ltr'>westmonasterium</span> <span class='ocrx_word' id='word_1_332' title='bbox 1089 1876 1185 1906; x_wconf 85' lang='lat' dir='ltr'>teuto,</span> <span class='ocrx_word' id='word_1_333' title='bbox 1203 1878 1257 1908; x_wconf 88' lang='lat' dir='ltr'>pro</span> 
     </span>
     <span class='ocr_line' id='line_1_59' title="bbox 189 1904 1256 1946; baseline 0.002 -10"><span class='ocrx_word' id='word_1_334' title='bbox 189 1904 415 1937; x_wconf 88' lang='lat' dir='ltr'>Conservatione</span> <span class='ocrx_word' id='word_1_335' title='bbox 433 1905 579 1937; x_wconf 79' lang='lat' dir='ltr'>Ordinum</span> <span class='ocrx_word' id='word_1_336' title='bbox 595 1906 728 1945; x_wconf 85' lang='lat' dir='ltr'>Qatuor</span> <span class='ocrx_word' id='word_1_337' title='bbox 748 1904 1000 1944; x_wconf 89' lang='lat' dir='ltr'>Mendicantium,</span> <span class='ocrx_word' id='word_1_338' title='bbox 1027 1906 1150 1946; x_wconf 88' lang='lat' dir='ltr'>editam,</span> <span class='ocrx_word' id='word_1_339' title='bbox 1170 1917 1256 1945; x_wconf 84' lang='lat' dir='ltr'>quam</span> 
     </span>
     <span class='ocr_line' id='line_1_60' title="bbox 189 1944 1259 1984; baseline 0.002 -10"><span class='ocrx_word' id='word_1_340' title='bbox 189 1944 272 1975; x_wconf 90' lang='lat' dir='ltr'>vobis</span> <span class='ocrx_word' id='word_1_341' title='bbox 287 1967 297 1983; x_wconf 88' lang='lat'>,</span> <span class='ocrx_word' id='word_1_342' title='bbox 317 1944 368 1975; x_wconf 89' lang='lat' dir='ltr'>sub</span> <span class='ocrx_word' id='word_1_343' title='bbox 389 1944 504 1984; x_wconf 84' lang='lat' dir='ltr'>Magno</span> <span class='ocrx_word' id='word_1_344' title='bbox 525 1944 625 1983; x_wconf 83' lang='lat' dir='ltr'>Sigillo</span> <span class='ocrx_word' id='word_1_345' title='bbox 647 1944 745 1975; x_wconf 88' lang='lat' dir='ltr'>nostro</span> <span class='ocrx_word' id='word_1_346' title='bbox 761 1967 770 1983; x_wconf 89' lang='lat'>‚</span> <span class='ocrx_word' id='word_1_347' title='bbox 799 1945 829 1974; x_wconf 89' lang='lat' dir='ltr'>in</span> <span class='ocrx_word' id='word_1_348' title='bbox 850 1944 942 1975; x_wconf 87' lang='lat' dir='ltr'>forma</span> <span class='ocrx_word' id='word_1_349' title='bbox 963 1945 1072 1976; x_wconf 88' lang='lat' dir='ltr'>Patenti</span> <span class='ocrx_word' id='word_1_350' title='bbox 1086 1968 1095 1983; x_wconf 90' lang='lat'>,</span> <span class='ocrx_word' id='word_1_351' title='bbox 1121 1946 1259 1976; x_wconf 86' lang='lat' dir='ltr'>mittimus</span> 
     </span>
     <span class='ocr_line' id='line_1_61' title="bbox 188 1982 1258 2024; baseline 0.002 -11"><span class='ocrx_word' id='word_1_352' title='bbox 188 1983 441 2022; x_wconf 79' lang='lat' dir='ltr'>exemplificatam,</span> <span class='ocrx_word' id='word_1_353' title='bbox 460 1985 488 2013; x_wconf 93' lang='lat' dir='ltr'>in</span> <span class='ocrx_word' id='word_1_354' title='bbox 504 1983 586 2014; x_wconf 60' lang='lat' dir='ltr'>dieto</span> <span class='ocrx_word' id='word_1_355' title='bbox 600 1982 736 2020; x_wconf 85' lang='lat' dir='ltr'>Capitulo</span> <span class='ocrx_word' id='word_1_356' title='bbox 749 1982 843 2014; x_wconf 76' lang='lat' dir='ltr'>vestro</span> <span class='ocrx_word' id='word_1_357' title='bbox 854 1983 1027 2015; x_wconf 85' lang='lat' dir='ltr'>Provinciali</span> <span class='ocrx_word' id='word_1_358' title='bbox 1042 1983 1190 2014; x_wconf 79' lang='lat' dir='ltr'>manifeste</span> <span class='ocrx_word' id='word_1_359' title='bbox 1206 1995 1258 2024; x_wconf 89' lang='lat' dir='ltr'>pu-</span> 
     </span>
     <span class='ocr_line' id='line_1_62' title="bbox 190 2021 1257 2060; baseline 0.001 -8"><span class='ocrx_word' id='word_1_360' title='bbox 190 2022 315 2060; x_wconf 89' lang='lat' dir='ltr'>blicetis,</span> <span class='ocrx_word' id='word_1_361' title='bbox 338 2032 371 2053; x_wconf 91' lang='lat' dir='ltr'>ac</span> <span class='ocrx_word' id='word_1_362' title='bbox 391 2021 565 2053; x_wconf 84' lang='lat' dir='ltr'>Executioni</span> <span class='ocrx_word' id='word_1_363' title='bbox 588 2021 692 2053; x_wconf 82' lang='lat' dir='ltr'>debitae</span> <span class='ocrx_word' id='word_1_364' title='bbox 713 2021 883 2053; x_wconf 78' lang='lat' dir='ltr'>demandare</span> <span class='ocrx_word' id='word_1_365' title='bbox 905 2023 1023 2060; x_wconf 87' lang='lat' dir='ltr'>curetis,</span> <span class='ocrx_word' id='word_1_366' title='bbox 1049 2022 1100 2053; x_wconf 88' lang='lat' dir='ltr'>sub</span> <span class='ocrx_word' id='word_1_367' title='bbox 1121 2021 1257 2054; x_wconf 87' lang='lat' dir='ltr'>Periculo</span> 
     </span>
     <span class='ocr_line' id='line_1_63' title="bbox 188 2061 438 2100; baseline 0 -9"><span class='ocrx_word' id='word_1_368' title='bbox 188 2061 267 2100; x_wconf 85' lang='lat' dir='ltr'>quod</span> <span class='ocrx_word' id='word_1_369' title='bbox 279 2062 438 2099; x_wconf 88' lang='lat' dir='ltr'>incumbit,</span> 
     </span>
    </p>

    <p class='ocr_par' dir='ltr' id='par_1_23' title="bbox 183 2098 1257 2331">
     <span class='ocr_line' id='line_1_64' title="bbox 227 2098 1257 2139; baseline 0.001 -9"><span class='ocrx_word' id='word_1_370' title='bbox 227 2099 267 2131; x_wconf 89' lang='lat' dir='ltr'>Et</span> <span class='ocrx_word' id='word_1_371' title='bbox 282 2100 302 2130; x_wconf 87' lang='lat' dir='ltr'>fi</span> <span class='ocrx_word' id='word_1_372' title='bbox 316 2100 415 2137; x_wconf 83' lang='lat' dir='ltr'>aliquis</span> <span class='ocrx_word' id='word_1_373' title='bbox 428 2100 540 2138; x_wconf 83' lang='lat' dir='ltr'>Frater,</span> <span class='ocrx_word' id='word_1_374' title='bbox 559 2099 630 2130; x_wconf 68' lang='lat' dir='ltr'>dicti</span> <span class='ocrx_word' id='word_1_375' title='bbox 644 2099 763 2130; x_wconf 85' lang='lat' dir='ltr'>Ordinis</span> <span class='ocrx_word' id='word_1_376' title='bbox 776 2099 847 2130; x_wconf 82' lang='lat' dir='ltr'>infra</span> <span class='ocrx_word' id='word_1_377' title='bbox 862 2098 999 2139; x_wconf 85' lang='lat' dir='ltr'>Regnum</span> <span class='ocrx_word' id='word_1_378' title='bbox 1014 2099 1142 2130; x_wconf 87' lang='lat' dir='ltr'>nostrum</span> <span class='ocrx_word' id='word_1_379' title='bbox 1152 2123 1161 2138; x_wconf 90' lang='lat'>,</span> <span class='ocrx_word' id='word_1_380' title='bbox 1180 2099 1257 2131; x_wconf 88' lang='lat' dir='ltr'>Gra-</span> 
     </span>
     <span class='ocr_line' id='line_1_65' title="bbox 186 2137 1257 2177; baseline 0.002 -9"><span class='ocrx_word' id='word_1_381' title='bbox 186 2137 257 2169; x_wconf 90' lang='lat' dir='ltr'>dum</span> <span class='ocrx_word' id='word_1_382' title='bbox 280 2138 326 2169; x_wconf 90' lang='lat' dir='ltr'>vel</span> <span class='ocrx_word' id='word_1_383' title='bbox 345 2138 494 2176; x_wconf 84' lang='lat' dir='ltr'>Gratiam,</span> <span class='ocrx_word' id='word_1_384' title='bbox 512 2147 609 2169; x_wconf 89' lang='lat' dir='ltr'>contra</span> <span class='ocrx_word' id='word_1_385' title='bbox 622 2137 841 2168; x_wconf 88' lang='lat' dir='ltr'>Ordinationem</span> <span class='ocrx_word' id='word_1_386' title='bbox 855 2139 981 2169; x_wconf 86' lang='lat' dir='ltr'>nostram</span> <span class='ocrx_word' id='word_1_387' title='bbox 997 2138 1181 2177; x_wconf 64' lang='lat' dir='ltr'>praedictam,</span> <span class='ocrx_word' id='word_1_388' title='bbox 1200 2141 1257 2170; x_wconf 91' lang='lat' dir='ltr'>im·-</span> 
     </span>
     <span class='ocr_line' id='line_1_66' title="bbox 183 2176 1257 2216; baseline 0.003 -10"><span class='ocrx_word' id='word_1_389' title='bbox 183 2179 304 2215; x_wconf 84' lang='lat' dir='ltr'>petravit</span> <span class='ocrx_word' id='word_1_390' title='bbox 325 2177 400 2207; x_wconf 90' lang='lat' dir='ltr'>clam</span> <span class='ocrx_word' id='word_1_391' title='bbox 421 2177 467 2208; x_wconf 91' lang='lat' dir='ltr'>vel</span> <span class='ocrx_word' id='word_1_392' title='bbox 487 2177 598 2216; x_wconf 87' lang='lat' dir='ltr'>palam,</span> <span class='ocrx_word' id='word_1_393' title='bbox 616 2177 650 2211; x_wconf 66' lang='grc' dir='ltr'>ὃς</span> <span class='ocrx_word' id='word_1_394' title='bbox 665 2176 799 2208; x_wconf 86' lang='lat' dir='ltr'>Gradum</span> <span class='ocrx_word' id='word_1_395' title='bbox 812 2177 855 2208; x_wconf 89' lang='lat' dir='ltr'>vel</span> <span class='ocrx_word' id='word_1_396' title='bbox 873 2176 1005 2208; x_wconf 85' lang='lat' dir='ltr'>Gratiam</span> <span class='ocrx_word' id='word_1_397' title='bbox 1019 2178 1178 2215; x_wconf 86' lang='lat' dir='ltr'>hujusmodi</span> <span class='ocrx_word' id='word_1_398' title='bbox 1193 2179 1257 2209; x_wconf 84' lang='lat' dir='ltr'>reli-</span> 
     </span>
     <span class='ocr_line' id='line_1_67' title="bbox 184 2215 1257 2256; baseline 0.001 -10"><span class='ocrx_word' id='word_1_399' title='bbox 184 2224 269 2255; x_wconf 85' lang='lat' dir='ltr'>gnare</span> <span class='ocrx_word' id='word_1_400' title='bbox 289 2216 430 2253; x_wconf 87' lang='lat' dir='ltr'>noluerit,</span> <span class='ocrx_word' id='word_1_401' title='bbox 446 2216 526 2254; x_wconf 81' lang='lat' dir='ltr'>juxta</span> <span class='ocrx_word' id='word_1_402' title='bbox 545 2215 669 2246; x_wconf 85' lang='lat' dir='ltr'>formam</span> <span class='ocrx_word' id='word_1_403' title='bbox 684 2217 720 2245; x_wconf 68' lang='lat' dir='ltr'>›in</span> <span class='ocrx_word' id='word_1_404' title='bbox 742 2216 818 2246; x_wconf 67' lang='lat' dir='ltr'>dista</span> <span class='ocrx_word' id='word_1_405' title='bbox 843 2215 1035 2246; x_wconf 89' lang='lat' dir='ltr'>Ordinatione</span> <span class='ocrx_word' id='word_1_406' title='bbox 1057 2216 1257 2256; x_wconf 83' lang='lat' dir='ltr'>expressatam,</span> 
     </span>
     <span class='ocr_line' id='line_1_68' title="bbox 186 2253 1257 2295; baseline 0.002 -11"><span class='ocrx_word' id='word_1_407' title='bbox 186 2255 221 2285; x_wconf 92' lang='lat'>&amp;</span> <span class='ocrx_word' id='word_1_408' title='bbox 244 2254 282 2285; x_wconf 89' lang='lat' dir='ltr'>fic</span> <span class='ocrx_word' id='word_1_409' title='bbox 304 2263 382 2285; x_wconf 78' lang='lat' dir='ltr'>eXtra</span> <span class='ocrx_word' id='word_1_410' title='bbox 403 2253 619 2285; x_wconf 68' lang='lat' dir='ltr'>Proteetionem</span> <span class='ocrx_word' id='word_1_411' title='bbox 633 2253 781 2293; x_wconf 87' lang='lat' dir='ltr'>nostram,</span> <span class='ocrx_word' id='word_1_412' title='bbox 798 2255 828 2285; x_wconf 88' lang='lat' dir='ltr'>in</span> <span class='ocrx_word' id='word_1_413' title='bbox 844 2253 934 2285; x_wconf 86' lang='lat' dir='ltr'>nostri</span> <span class='ocrx_word' id='word_1_414' title='bbox 948 2254 1178 2295; x_wconf 85' lang='lat' dir='ltr'>Contemptum,</span> <span class='ocrx_word' id='word_1_415' title='bbox 1197 2266 1257 2287; x_wconf 84' lang='lat' dir='ltr'>ma-</span> 
     </span>
     <span class='ocr_line' id='line_1_69' title="bbox 185 2293 498 2331; baseline 0 -8"><span class='ocrx_word' id='word_1_416' title='bbox 185 2303 253 2323; x_wconf 87' lang='lat' dir='ltr'>nere</span> <span class='ocrx_word' id='word_1_417' title='bbox 269 2293 469 2331; x_wconf 67' lang='lat' dir='ltr'>praesumpserit</span> <span class='ocrx_word' id='word_1_418' title='bbox 492 2303 498 2323; x_wconf 91' lang='lat'>:</span> 
     </span>
    </p>

    <p class='ocr_par' dir='ltr' id='par_1_24' title="bbox 183 2330 1256 2526">
     <span class='ocr_line' id='line_1_70' title="bbox 224 2330 1255 2371; baseline 0.001 -9"><span class='ocrx_word' id='word_1_419' title='bbox 224 2331 334 2370; x_wconf 87' lang='lat' dir='ltr'>Vobis,</span> <span class='ocrx_word' id='word_1_420' title='bbox 352 2341 385 2362; x_wconf 89' lang='lat' dir='ltr'>ac</span> <span class='ocrx_word' id='word_1_421' title='bbox 404 2332 538 2362; x_wconf 90' lang='lat' dir='ltr'>omnibus</span> <span class='ocrx_word' id='word_1_422' title='bbox 557 2332 590 2363; x_wconf 90' lang='lat'>&amp;</span> <span class='ocrx_word' id='word_1_423' title='bbox 611 2332 721 2371; x_wconf 84' lang='lat' dir='ltr'>singulis</span> <span class='ocrx_word' id='word_1_424' title='bbox 745 2330 890 2362; x_wconf 81' lang='lat' dir='ltr'>Prioribus</span> <span class='ocrx_word' id='word_1_425' title='bbox 911 2333 945 2363; x_wconf 71' lang='grc' dir='ltr'>δε</span> <span class='ocrx_word' id='word_1_426' title='bbox 966 2332 1169 2364; x_wconf 87' lang='lat' dir='ltr'>Conventibus</span> <span class='ocrx_word' id='word_1_427' title='bbox 1183 2333 1255 2364; x_wconf 64' lang='lat' dir='ltr'>disti</span> 
     </span>
     <span class='ocr_line' id='line_1_71' title="bbox 185 2369 1255 2410; baseline 0.002 -10"><span class='ocrx_word' id='word_1_428' title='bbox 185 2369 319 2407; x_wconf 85' lang='lat' dir='ltr'>Ordinis,</span> <span class='ocrx_word' id='word_1_429' title='bbox 336 2371 386 2400; x_wconf 89' lang='lat' dir='ltr'>sub</span> <span class='ocrx_word' id='word_1_430' title='bbox 407 2370 596 2401; x_wconf 68' lang='lat' dir='ltr'>Forisfacstura</span> <span class='ocrx_word' id='word_1_431' title='bbox 618 2372 750 2401; x_wconf 91' lang='lat' dir='ltr'>omnium</span> <span class='ocrx_word' id='word_1_432' title='bbox 775 2380 839 2410; x_wconf 86' lang='lat' dir='ltr'>quae</span> <span class='ocrx_word' id='word_1_433' title='bbox 853 2371 937 2401; x_wconf 91' lang='lat' dir='ltr'>nobis</span> <span class='ocrx_word' id='word_1_434' title='bbox 951 2370 1112 2402; x_wconf 85' lang='lat' dir='ltr'>forisfacere</span> <span class='ocrx_word' id='word_1_435' title='bbox 1128 2373 1255 2410; x_wconf 87' lang='lat' dir='ltr'>poteritis</span> 
     </span>
     <span class='ocr_line' id='line_1_72' title="bbox 183 2409 1253 2448; baseline 0.001 -8"><span class='ocrx_word' id='word_1_436' title='bbox 183 2409 230 2440; x_wconf 86' lang='lat' dir='ltr'>vel</span> <span class='ocrx_word' id='word_1_437' title='bbox 250 2417 397 2447; x_wconf 87' lang='lat' dir='ltr'>poterunt,</span> <span class='ocrx_word' id='word_1_438' title='bbox 416 2409 600 2448; x_wconf 85' lang='lat' dir='ltr'>Inhibemus,</span> <span class='ocrx_word' id='word_1_439' title='bbox 618 2411 655 2439; x_wconf 83' lang='lat' dir='ltr'>ne</span> <span class='ocrx_word' id='word_1_440' title='bbox 674 2409 800 2448; x_wconf 86' lang='lat' dir='ltr'>aliquem</span> <span class='ocrx_word' id='word_1_441' title='bbox 822 2410 982 2448; x_wconf 87' lang='lat' dir='ltr'>hujusmodi</span> <span class='ocrx_word' id='word_1_442' title='bbox 1005 2410 1134 2440; x_wconf 75' lang='lat' dir='ltr'>Fratrem</span> <span class='ocrx_word' id='word_1_443' title='bbox 1151 2412 1180 2440; x_wconf 92' lang='lat' dir='ltr'>in</span> <span class='ocrx_word' id='word_1_444' title='bbox 1197 2410 1253 2441; x_wconf 87' lang='lat' dir='ltr'>So-</span> 
     </span>
     <span class='ocr_line' id='line_1_73' title="bbox 185 2446 1256 2488; baseline 0.001 -10"><span class='ocrx_word' id='word_1_445' title='bbox 185 2448 266 2478; x_wconf 90' lang='lat' dir='ltr'>cium</span> <span class='ocrx_word' id='word_1_446' title='bbox 277 2448 322 2478; x_wconf 90' lang='lat' dir='ltr'>vel</span> <span class='ocrx_word' id='word_1_447' title='bbox 336 2449 365 2478; x_wconf 91' lang='lat' dir='ltr'>in</span> <span class='ocrx_word' id='word_1_448' title='bbox 382 2446 574 2478; x_wconf 89' lang='lat' dir='ltr'>Conventum</span> <span class='ocrx_word' id='word_1_449' title='bbox 588 2447 714 2479; x_wconf 86' lang='lat' dir='ltr'>vestrum</span> <span class='ocrx_word' id='word_1_450' title='bbox 730 2449 886 2485; x_wconf 82' lang='lat' dir='ltr'>recipiatis,</span> <span class='ocrx_word' id='word_1_451' title='bbox 907 2448 952 2478; x_wconf 90' lang='lat' dir='ltr'>vel</span> <span class='ocrx_word' id='word_1_452' title='bbox 967 2450 1120 2488; x_wconf 83' lang='lat' dir='ltr'>recipiant,</span> <span class='ocrx_word' id='word_1_453' title='bbox 1137 2449 1175 2479; x_wconf 89' lang='lat' dir='ltr'>set</span> <span class='ocrx_word' id='word_1_454' title='bbox 1188 2459 1256 2479; x_wconf 89' lang='lat' dir='ltr'>om-</span> 
     </span>
     <span class='ocr_line' id='line_1_74' title="bbox 185 2486 1254 2526; baseline 0.002 -9"><span class='ocrx_word' id='word_1_455' title='bbox 185 2496 234 2517; x_wconf 88' lang='lat' dir='ltr'>nes</span> <span class='ocrx_word' id='word_1_456' title='bbox 256 2487 289 2518; x_wconf 90' lang='lat'>&amp;</span> <span class='ocrx_word' id='word_1_457' title='bbox 310 2486 408 2526; x_wconf 77' lang='lat' dir='ltr'>singuli</span> <span class='ocrx_word' id='word_1_458' title='bbox 431 2486 591 2524; x_wconf 87' lang='lat' dir='ltr'>hujusmodi</span> <span class='ocrx_word' id='word_1_459' title='bbox 612 2486 721 2517; x_wconf 88' lang='lat' dir='ltr'>Fratres</span> <span class='ocrx_word' id='word_1_460' title='bbox 740 2487 872 2523; x_wconf 83' lang='lat' dir='ltr'>rebelles,</span> <span class='ocrx_word' id='word_1_461' title='bbox 889 2486 1110 2518; x_wconf 87' lang='lat' dir='ltr'>Ordinationem</span> <span class='ocrx_word' id='word_1_462' title='bbox 1124 2487 1254 2519; x_wconf 88' lang='lat' dir='ltr'>nostram</span> 
     </span>
    </p>

    <p class='ocr_par' dir='ltr' id='par_1_25' title="bbox 204 2524 1256 2566">
     <span class='ocr_line' id='line_1_75' title="bbox 204 2524 1256 2566; baseline 0.003 -12"><span class='ocrx_word' id='word_1_463' title='bbox 204 2524 351 2555; x_wconf 68' lang='lat' dir='ltr'>raedietarn</span> <span class='ocrx_word' id='word_1_464' title='bbox 372 2528 625 2563; x_wconf 85' lang='lat' dir='ltr'>contempnentes,</span> <span class='ocrx_word' id='word_1_465' title='bbox 644 2526 673 2555; x_wconf 90' lang='lat' dir='ltr'>in</span> <span class='ocrx_word' id='word_1_466' title='bbox 687 2525 787 2556; x_wconf 65' lang='lat' dir='ltr'>stricto</span> <span class='ocrx_word' id='word_1_467' title='bbox 799 2525 939 2563; x_wconf 86' lang='lat' dir='ltr'>Carcere,</span> <span class='ocrx_word' id='word_1_468' title='bbox 958 2526 1009 2556; x_wconf 87' lang='lat' dir='ltr'>sub</span> <span class='ocrx_word' id='word_1_469' title='bbox 1022 2526 1080 2557; x_wconf 67' lang='lat' dir='ltr'>artfi,</span> <span class='ocrx_word' id='word_1_470' title='bbox 1096 2526 1256 2566; x_wconf 67' lang='lat' dir='ltr'>Custodia,</span> 
     </span>
    </p>
   </div>
   <div class='ocr_carea' id='block_1_15' title="bbox 180 2535 1255 2603">
    <p class='ocr_par' dir='ltr' id='par_1_26' title="bbox 180 2535 1255 2603">
     <span class='ocr_line' id='line_1_76' title="bbox 180 2535 1255 2603; baseline 0 -8"><span class='ocrx_word' id='word_1_471' title='bbox 180 2535 235 2595; x_wconf 56' lang='lat' dir='ltr'>spub</span> <span class='ocrx_word' id='word_1_472' title='bbox 255 2563 443 2594; x_wconf 67' lang='lat' dir='ltr'>Forisfatiimra</span> <span class='ocrx_word' id='word_1_473' title='bbox 464 2563 625 2601; x_wconf 87' lang='lat' dir='ltr'>hujusmodi</span> <span class='ocrx_word' id='word_1_474' title='bbox 647 2563 810 2602; x_wconf 88' lang='lat' dir='ltr'>detineatis,</span> <span class='ocrx_word' id='word_1_475' title='bbox 838 2565 894 2594; x_wconf 86' lang='lat' dir='ltr'>live</span> <span class='ocrx_word' id='word_1_476' title='bbox 916 2564 1079 2603; x_wconf 86' lang='lat' dir='ltr'>detineant,</span> <span class='ocrx_word' id='word_1_477' title='bbox 1104 2565 1197 2596; x_wconf 89' lang='lat' dir='ltr'>donec</span> <span class='ocrx_word' id='word_1_478' title='bbox 1219 2566 1255 2596; x_wconf 82' lang='lat' dir='ltr'>de</span> 
     </span>
    </p>
   </div>
   <div class='ocr_carea' id='block_1_16' title="bbox 183 2601 1258 2759">
    <p class='ocr_par' dir='ltr' id='par_1_27' title="bbox 183 2601 1258 2759">
     <span class='ocr_line' id='line_1_77' title="bbox 183 2601 1256 2642; baseline 0.002 -10"><span class='ocrx_word' id='word_1_479' title='bbox 183 2612 287 2632; x_wconf 87' lang='lat' dir='ltr'>eorum</span> <span class='ocrx_word' id='word_1_480' title='bbox 313 2601 467 2632; x_wconf 85' lang='lat' dir='ltr'>Punitione</span> <span class='ocrx_word' id='word_1_481' title='bbox 485 2604 519 2634; x_wconf 89' lang='lat'>&amp;</span> <span class='ocrx_word' id='word_1_482' title='bbox 541 2601 751 2641; x_wconf 84' lang='lat' dir='ltr'>Castigatione,</span> <span class='ocrx_word' id='word_1_483' title='bbox 770 2613 824 2640; x_wconf 87' lang='lat' dir='ltr'>pro</span> <span class='ocrx_word' id='word_1_484' title='bbox 838 2603 1010 2633; x_wconf 88' lang='lat' dir='ltr'>Rebellione</span> <span class='ocrx_word' id='word_1_485' title='bbox 1023 2605 1057 2634; x_wconf 68' lang='grc' dir='ltr'>ὃς</span> <span class='ocrx_word' id='word_1_486' title='bbox 1074 2603 1256 2642; x_wconf 89' lang='lat' dir='ltr'>Contemptu</span> 
     </span>
     <span class='ocr_line' id='line_1_78' title="bbox 183 2640 1258 2682; baseline 0.002 -11"><span class='ocrx_word' id='word_1_487' title='bbox 183 2640 366 2679; x_wconf 83' lang='lat' dir='ltr'>hujusmodi,</span> <span class='ocrx_word' id='word_1_488' title='bbox 383 2641 460 2672; x_wconf 86' lang='lat' dir='ltr'>aliter</span> <span class='ocrx_word' id='word_1_489' title='bbox 481 2641 644 2671; x_wconf 81' lang='lat' dir='ltr'>duxerimus</span> <span class='ocrx_word' id='word_1_490' title='bbox 663 2641 873 2680; x_wconf 83' lang='lat' dir='ltr'>ordinandum,</span> <span class='ocrx_word' id='word_1_491' title='bbox 891 2642 925 2672; x_wconf 89' lang='lat'>&amp;</span> <span class='ocrx_word' id='word_1_492' title='bbox 946 2642 1028 2673; x_wconf 93' lang='lat' dir='ltr'>vobis</span> <span class='ocrx_word' id='word_1_493' title='bbox 1041 2642 1191 2682; x_wconf 79' lang='lat' dir='ltr'>expreffius</span> <span class='ocrx_word' id='word_1_494' title='bbox 1206 2644 1258 2673; x_wconf 88' lang='lat' dir='ltr'>de-</span> 
     </span>
     <span class='ocr_line' id='line_1_79' title="bbox 189 2679 1234 2759; baseline 0.002 -11"><span class='ocrx_word' id='word_1_495' title='bbox 189 2679 412 2757; x_wconf 47' lang='lat' dir='ltr'>mssgsa&#39;ltlddlultgsse</span> <span class='ocrx_word' id='word_1_496' title='bbox 429 2717 504 2758; x_wconf 88' lang='lat' dir='ltr'>apud</span> <span class='ocrx_word' id='word_1_497' title='bbox 524 2716 801 2758; x_wconf 61' lang='lat' dir='ltr'>Wstmonasterium,</span> <span class='ocrx_word' id='word_1_498' title='bbox 818 2718 954 2750; x_wconf 89' lang='lat' dir='ltr'>vicefimo</span> <span class='ocrx_word' id='word_1_499' title='bbox 968 2718 1086 2759; x_wconf 65' lang='lat' dir='ltr'>stptimo</span> <span class='ocrx_word' id='word_1_500' title='bbox 1099 2720 1145 2750; x_wconf 89' lang='lat' dir='ltr'>die</span> <span class='ocrx_word' id='word_1_501' title='bbox 1157 2719 1234 2758; x_wconf 89' lang='lat' dir='ltr'>Julii.</span> 
     </span>
    </p>
   </div>
   <div class='ocr_carea' id='block_1_17' title="bbox 207 2754 1097 2826">
    <p class='ocr_par' dir='ltr' id='par_1_28' title="bbox 207 2754 1097 2826">
     <span class='ocr_line' id='line_1_80' title="bbox 207 2754 1097 2826; baseline 0.021 -19"><span class='ocrx_word' id='word_1_502' title='bbox 207 2756 354 2805; x_wconf 41' lang='grc' dir='ltr'>θάλὲῑὶί-</span> <span class='ocrx_word' id='word_1_503' title='bbox 367 2754 437 2803; x_wconf 52' lang='lat' dir='ltr'>(Aa</span> <span class='ocrx_word' id='word_1_504' title='bbox 448 2772 524 2807; x_wconf 65' lang='lat'>34¹·</span> <span class='ocrx_word' id='word_1_505' title='bbox 543 2781 584 2800; x_wconf 59' lang='grc' dir='ltr'>π·</span> <span class='ocrx_word' id='word_1_506' title='bbox 597 2773 667 2801; x_wconf 61' lang='lat'>25&#39;</span> <span class='ocrx_word' id='word_1_507' title='bbox 847 2797 889 2825; x_wconf 82' lang='lat' dir='ltr'>Et</span> <span class='ocrx_word' id='word_1_508' title='bbox 908 2802 969 2826; x_wconf 82' lang='lat' dir='ltr'>erat</span> <span class='ocrx_word' id='word_1_509' title='bbox 986 2798 1097 2826; x_wconf 83' lang='lat' dir='ltr'>Patens.</span> 
     </span>
    </p>
   </div>
   <div class='ocr_carea' id='block_1_18' title="bbox 329 2924 1116 2976">
    <p class='ocr_par' dir='ltr' id='par_1_29' title="bbox 329 2924 1116 2976">
     <span class='ocr_line' id='line_1_81' title="bbox 329 2924 1116 2976; baseline 0.006 -19"><span class='ocrx_word' id='word_1_510' title='bbox 329 2927 378 2957; x_wconf 79' lang='lat' dir='ltr'>De</span> <span class='ocrx_word' id='word_1_511' title='bbox 404 2924 646 2974; x_wconf 68' lang='lat' dir='ltr'>Obligationibns</span> <span class='ocrx_word' id='word_1_512' title='bbox 658 2955 667 2970; x_wconf 84' lang='lat'>,</span> <span class='ocrx_word' id='word_1_513' title='bbox 689 2928 781 2975; x_wconf 73' lang='lat' dir='ltr'>stipor</span> <span class='ocrx_word' id='word_1_514' title='bbox 799 2931 914 2961; x_wconf 74' lang='lat' dir='ltr'>Mutuo</span> <span class='ocrx_word' id='word_1_515' title='bbox 933 2931 1007 2976; x_wconf 77' lang='lat' dir='ltr'>Regi</span> <span class='ocrx_word' id='word_1_516' title='bbox 1018 2929 1116 2973; x_wconf 51' lang='lat' dir='ltr'>facio.</span> 
     </span>
    </p>
   </div>
   <div class='ocr_carea' id='block_1_19' title="bbox 186 3009 1257 3438">
    <p class='ocr_par' dir='ltr' id='par_1_30' title="bbox 250 3009 891 3089">
     <span class='ocr_line' id='line_1_82' title="bbox 250 3009 891 3052; baseline 0.002 -11"><span class='ocrx_word' id='word_1_517' title='bbox 250 3009 317 3041; x_wconf 89' lang='lat' dir='ltr'>EX</span> <span class='ocrx_word' id='word_1_518' title='bbox 336 3011 499 3049; x_wconf 82' lang='lat' dir='ltr'>Omnibus,</span> <span class='ocrx_word' id='word_1_519' title='bbox 515 3011 550 3042; x_wconf 88' lang='lat' dir='ltr'>ad</span> <span class='ocrx_word' id='word_1_520' title='bbox 566 3022 655 3052; x_wconf 80' lang='lat' dir='ltr'>quos,</span> <span class='ocrx_word' id='word_1_521' title='bbox 674 3012 734 3044; x_wconf 87' lang='lat' dir='ltr'>&amp;c.</span> <span class='ocrx_word' id='word_1_522' title='bbox 755 3012 891 3044; x_wconf 79' lang='lat' dir='ltr'>Salutem.</span> 
     </span>
     <span class='ocr_line' id='line_1_83' title="bbox 303 3048 520 3089; baseline 0.005 -9"><span class='ocrx_word' id='word_1_523' title='bbox 303 3048 403 3080; x_wconf 83' lang='lat' dir='ltr'>Sciatis</span> <span class='ocrx_word' id='word_1_524' title='bbox 420 3051 499 3089; x_wconf 75' lang='lat' dir='ltr'>quod</span> <span class='ocrx_word' id='word_1_525' title='bbox 511 3073 520 3087; x_wconf 88' lang='lat'>,</span> 
     </span>
    </p>

    <p class='ocr_par' dir='ltr' id='par_1_31' title="bbox 188 3087 1256 3194">
     <span class='ocr_line' id='line_1_84' title="bbox 224 3087 1256 3128; baseline 0.007 -10"><span class='ocrx_word' id='word_1_526' title='bbox 224 3087 322 3126; x_wconf 77' lang='lat' dir='ltr'>Cum,</span> <span class='ocrx_word' id='word_1_527' title='bbox 341 3087 460 3118; x_wconf 64' lang='lat' dir='ltr'>diletsius</span> <span class='ocrx_word' id='word_1_528' title='bbox 481 3089 515 3120; x_wconf 91' lang='lat'>&amp;</span> <span class='ocrx_word' id='word_1_529' title='bbox 531 3088 618 3120; x_wconf 81' lang='lat' dir='ltr'>fidelis</span> <span class='ocrx_word' id='word_1_530' title='bbox 631 3088 742 3128; x_wconf 83' lang='lat' dir='ltr'>noster,</span> <span class='ocrx_word' id='word_1_531' title='bbox 762 3092 839 3127; x_wconf 85' lang='lat' dir='ltr'>Hugo</span> <span class='ocrx_word' id='word_1_532' title='bbox 854 3090 884 3119; x_wconf 84' lang='lat' dir='ltr'>la</span> <span class='ocrx_word' id='word_1_533' title='bbox 901 3090 1008 3121; x_wconf 81' lang='lat' dir='ltr'>Zouche</span> <span class='ocrx_word' id='word_1_534' title='bbox 1021 3091 1158 3123; x_wconf 89' lang='lat' dir='ltr'>Chivaler</span> <span class='ocrx_word' id='word_1_535' title='bbox 1173 3093 1256 3125; x_wconf 78' lang='lat' dir='ltr'>Cen·</span> 
     </span>
     <span class='ocr_line' id='line_1_85' title="bbox 188 3126 1171 3194; baseline 0.006 -38"><span class='ocrx_word' id='word_1_536' title='bbox 188 3126 380 3194; x_wconf 51' lang='lat' dir='ltr'>tunssIgglarcas</span> <span class='ocrx_word' id='word_1_537' title='bbox 395 3127 604 3166; x_wconf 84' lang='lat' dir='ltr'>Sterlingorum</span> <span class='ocrx_word' id='word_1_538' title='bbox 620 3129 703 3159; x_wconf 91' lang='lat' dir='ltr'>nobis</span> <span class='ocrx_word' id='word_1_539' title='bbox 717 3130 802 3166; x_wconf 85' lang='lat' dir='ltr'>gratis</span> <span class='ocrx_word' id='word_1_540' title='bbox 817 3130 850 3160; x_wconf 66' lang='grc' dir='ltr'>ὃς</span> <span class='ocrx_word' id='word_1_541' title='bbox 865 3129 964 3167; x_wconf 77' lang='lat' dir='ltr'>sponte</span> <span class='ocrx_word' id='word_1_542' title='bbox 984 3133 1171 3170; x_wconf 85' lang='lat' dir='ltr'>mutuaverit,</span> 
     </span>
    </p>

    <p class='ocr_par' dir='ltr' id='par_1_32' title="bbox 224 3187 1216 3246">
     <span class='ocr_line' id='line_1_86' title="bbox 224 3187 1216 3246; baseline 0.007 -14"><span class='ocrx_word' id='word_1_543' title='bbox 224 3202 282 3232; x_wconf 91' lang='lat' dir='ltr'>Pro</span> <span class='ocrx_word' id='word_1_544' title='bbox 296 3187 439 3234; x_wconf 68' lang='lat' dir='ltr'>s’ecuritate</span> <span class='ocrx_word' id='word_1_545' title='bbox 449 3204 535 3241; x_wconf 82' lang='lat' dir='ltr'>ipsius</span> <span class='ocrx_word' id='word_1_546' title='bbox 549 3203 701 3244; x_wconf 65' lang='lat' dir='ltr'>Huvonis,</span> <span class='ocrx_word' id='word_1_547' title='bbox 718 3215 772 3246; x_wconf 88' lang='lat' dir='ltr'>pro</span> <span class='ocrx_word' id='word_1_548' title='bbox 787 3205 936 3237; x_wconf 89' lang='lat' dir='ltr'>Solutione</span> <span class='ocrx_word' id='word_1_549' title='bbox 951 3207 1073 3245; x_wconf 88' lang='lat' dir='ltr'>ejusdem</span> <span class='ocrx_word' id='word_1_550' title='bbox 1088 3208 1216 3239; x_wconf 78' lang='lat' dir='ltr'>Summae</span> 
     </span>
    </p>

    <p class='ocr_par' dir='ltr' id='par_1_33' title="bbox 186 3228 1257 3363">
     <span class='ocr_line' id='line_1_87' title="bbox 226 3228 1257 3287; baseline 0.008 -17"><span class='ocrx_word' id='word_1_551' title='bbox 226 3241 358 3286; x_wconf 76' lang='lat' dir='ltr'>Fatemut·</span> <span class='ocrx_word' id='word_1_552' title='bbox 377 3241 449 3285; x_wconf 77' lang='lat' dir='ltr'>Nos</span> <span class='ocrx_word' id='word_1_553' title='bbox 470 3242 563 3272; x_wconf 89' lang='lat' dir='ltr'>eidem</span> <span class='ocrx_word' id='word_1_554' title='bbox 586 3228 707 3282; x_wconf 66' lang='lat' dir='ltr'>H&#39;ugoni</span> <span class='ocrx_word' id='word_1_555' title='bbox 720 3266 730 3282; x_wconf 88' lang='lat'>,</span> <span class='ocrx_word' id='word_1_556' title='bbox 763 3245 791 3274; x_wconf 91' lang='lat' dir='ltr'>in</span> <span class='ocrx_word' id='word_1_557' title='bbox 816 3243 943 3275; x_wconf 89' lang='lat' dir='ltr'>Centum</span> <span class='ocrx_word' id='word_1_558' title='bbox 967 3245 1076 3276; x_wconf 83' lang='lat' dir='ltr'>Marcis</span> <span class='ocrx_word' id='word_1_559' title='bbox 1097 3233 1257 3287; x_wconf 52' lang='lat' dir='ltr'>praedietis,</span> 
     </span>
     <span class='ocr_line' id='line_1_88' title="bbox 187 3278 1257 3323; baseline 0.008 -14"><span class='ocrx_word' id='word_1_560' title='bbox 187 3278 295 3310; x_wconf 82' lang='lat' dir='ltr'>Tenen</span> <span class='ocrx_word' id='word_1_561' title='bbox 310 3280 425 3310; x_wconf 83' lang='lat' dir='ltr'>firmiter</span> <span class='ocrx_word' id='word_1_562' title='bbox 459 3290 490 3310; x_wconf 92' lang='lat' dir='ltr'>er</span> <span class='ocrx_word' id='word_1_563' title='bbox 504 3280 668 3319; x_wconf 75' lang='lat' dir='ltr'>praesentes,</span> <span class='ocrx_word' id='word_1_564' title='bbox 684 3292 751 3320; x_wconf 84' lang='lat' dir='ltr'>quas</span> <span class='ocrx_word' id='word_1_565' title='bbox 764 3283 791 3311; x_wconf 90' lang='lat' dir='ltr'>ei</span> <span class='ocrx_word' id='word_1_566' title='bbox 804 3282 912 3314; x_wconf 86' lang='lat' dir='ltr'>solvere</span> <span class='ocrx_word' id='word_1_567' title='bbox 927 3285 956 3314; x_wconf 87' lang='lat' dir='ltr'>in</span> <span class='ocrx_word' id='word_1_568' title='bbox 973 3285 1129 3323; x_wconf 79' lang='lat' dir='ltr'>Qiindena</span> <span class='ocrx_word' id='word_1_569' title='bbox 1142 3287 1257 3318; x_wconf 52' lang='lat' dir='ltr'>Paschae</span> 
     </span>
     <span class='ocr_line' id='line_1_89' title="bbox 186 3319 808 3363; baseline 0.005 -15"><span class='ocrx_word' id='word_1_570' title='bbox 186 3320 322 3363; x_wconf 70' lang='lat' dir='ltr'>proximo</span> <span class='ocrx_word' id='word_1_571' title='bbox 335 3319 426 3349; x_wconf 87' lang='lat' dir='ltr'>futura</span> <span class='ocrx_word' id='word_1_572' title='bbox 465 3319 640 3350; x_wconf 85' lang='lat' dir='ltr'>romittimus</span> <span class='ocrx_word' id='word_1_573' title='bbox 655 3320 808 3351; x_wconf 63' lang='lat' dir='ltr'>bonafide.</span> 
     </span>
    </p>

    <p class='ocr_par' dir='ltr' id='par_1_34' title="bbox 221 3357 1168 3438">
     <span class='ocr_line' id='line_1_90' title="bbox 221 3357 1168 3438; baseline 0.003 -12"><span class='ocrx_word' id='word_1_574' title='bbox 221 3357 449 3435; x_wconf 47' lang='lat' dir='ltr'>InT&#39;LbJstug&#39;Rgggce</span> <span class='ocrx_word' id='word_1_575' title='bbox 461 3394 534 3436; x_wconf 87' lang='lat' dir='ltr'>apud</span> <span class='ocrx_word' id='word_1_576' title='bbox 551 3394 809 3437; x_wconf 72' lang='lat' dir='ltr'>Wstmonasterium</span> <span class='ocrx_word' id='word_1_577' title='bbox 817 3420 828 3436; x_wconf 96' lang='lat'>,</span> <span class='ocrx_word' id='word_1_578' title='bbox 843 3396 959 3428; x_wconf 90' lang='lat' dir='ltr'>decimo</span> <span class='ocrx_word' id='word_1_579' title='bbox 974 3398 1020 3429; x_wconf 91' lang='lat' dir='ltr'>die</span> <span class='ocrx_word' id='word_1_580' title='bbox 1034 3399 1168 3438; x_wconf 84' lang='lat' dir='ltr'>Augusti.</span> 
     </span>
    </p>
   </div>
   <div class='ocr_carea' id='block_1_20' title="bbox 713 3471 1097 3514">
    <p class='ocr_par' dir='ltr' id='par_1_35' title="bbox 713 3471 1097 3514">
     <span class='ocr_line' id='line_1_91' title="bbox 713 3471 1097 3514; baseline 0.013 -12"><span class='ocrx_word' id='word_1_581' title='bbox 713 3475 768 3502; x_wconf 80' lang='lat' dir='ltr'>Per</span> <span class='ocrx_word' id='word_1_582' title='bbox 782 3471 888 3503; x_wconf 83' lang='lat' dir='ltr'>Billam</span> <span class='ocrx_word' id='word_1_583' title='bbox 901 3474 1097 3514; x_wconf 72' lang='lat' dir='ltr'>Thefizurariae.</span> 
     </span>
    </p>
   </div>
   <div class='ocr_carea' id='block_1_21' title="bbox 186 3547 1253 3628">
    <p class='ocr_par' dir='ltr' id='par_1_36' title="bbox 186 3547 1253 3628">
     <span class='ocr_line' id='line_1_92' title="bbox 186 3547 1253 3592; baseline 0.005 -12"><span class='ocrx_word' id='word_1_584' title='bbox 186 3547 358 3580; x_wconf 82' lang='lat' dir='ltr'>Confimilcs</span> <span class='ocrx_word' id='word_1_585' title='bbox 380 3549 489 3580; x_wconf 82' lang='lat' dir='ltr'>Literas</span> <span class='ocrx_word' id='word_1_586' title='bbox 510 3547 600 3587; x_wconf 81' lang='lat' dir='ltr'>Regis</span> <span class='ocrx_word' id='word_1_587' title='bbox 621 3549 750 3581; x_wconf 81' lang='lat' dir='ltr'>Parentes</span> <span class='ocrx_word' id='word_1_588' title='bbox 768 3550 873 3582; x_wconf 87' lang='lat' dir='ltr'>habent</span> <span class='ocrx_word' id='word_1_589' title='bbox 894 3551 1056 3592; x_wconf 90' lang='lat' dir='ltr'>subscripti,</span> <span class='ocrx_word' id='word_1_590' title='bbox 1074 3553 1110 3584; x_wconf 91' lang='lat' dir='ltr'>de</span> <span class='ocrx_word' id='word_1_591' title='bbox 1126 3554 1253 3586; x_wconf 89' lang='lat' dir='ltr'>Summis</span> 
     </span>
     <span class='ocr_line' id='line_1_93' title="bbox 551 3588 892 3628; baseline 0.009 -10"><span class='ocrx_word' id='word_1_592' title='bbox 551 3588 707 3627; x_wconf 83' lang='lat' dir='ltr'>subscriptis</span> <span class='ocrx_word' id='word_1_593' title='bbox 716 3599 722 3618; x_wconf 81' lang='lat' dir='ltr'>z</span> <span class='ocrx_word' id='word_1_594' title='bbox 741 3589 873 3621; x_wconf 85' lang='lat' dir='ltr'>videlicet</span> <span class='ocrx_word' id='word_1_595' title='bbox 882 3612 892 3628; x_wconf 85' lang='lat'>,</span> 
     </span>
    </p>
   </div>
   <div class='ocr_carea' id='block_1_22' title="bbox 186 3663 1252 4166">
    <p class='ocr_par' dir='ltr' id='par_1_37' title="bbox 186 3663 1252 4166">
     <span class='ocr_line' id='line_1_94' title="bbox 221 3663 1078 3704; baseline 0.005 -10"><span class='ocrx_word' id='word_1_596' title='bbox 221 3663 323 3695; x_wconf 80' lang='lat' dir='ltr'>Abbas</span> <span class='ocrx_word' id='word_1_597' title='bbox 339 3665 371 3694; x_wconf 77' lang='lat' dir='ltr'>de</span> <span class='ocrx_word' id='word_1_598' title='bbox 388 3665 472 3702; x_wconf 83' lang='lat' dir='ltr'>Hyda</span> <span class='ocrx_word' id='word_1_599' title='bbox 489 3666 567 3704; x_wconf 79' lang='lat' dir='ltr'>juxta</span> <span class='ocrx_word' id='word_1_600' title='bbox 584 3664 739 3704; x_wconf 89' lang='lat' dir='ltr'>Wynron,</span> <span class='ocrx_word' id='word_1_601' title='bbox 756 3666 793 3697; x_wconf 92' lang='lat' dir='ltr'>de</span> <span class='ocrx_word' id='word_1_602' title='bbox 812 3666 941 3697; x_wconf 84' lang='lat' dir='ltr'>Centum</span> <span class='ocrx_word' id='word_1_603' title='bbox 962 3667 1078 3699; x_wconf 91' lang='lat' dir='ltr'>Marcis.</span> 
     </span>
     <span class='ocr_line' id='line_1_95' title="bbox 186 3703 1252 3773; baseline 0.006 -41"><span class='ocrx_word' id='word_1_604' title='bbox 186 3742 207 3773; x_wconf 72' lang='lat' dir='ltr'>d</span> <span class='ocrx_word' id='word_1_605' title='bbox 225 3704 337 3773; x_wconf 54' lang='lat' dir='ltr'>lgajor,</span> <span class='ocrx_word' id='word_1_606' title='bbox 357 3703 485 3773; x_wconf 47' lang='grc' dir='ltr'>Βῗῖζὲψιζ,</span> <span class='ocrx_word' id='word_1_607' title='bbox 502 3704 536 3734; x_wconf 88' lang='lat'>&amp;</span> <span class='ocrx_word' id='word_1_608' title='bbox 554 3703 643 3734; x_wconf 89' lang='lat' dir='ltr'>Probi</span> <span class='ocrx_word' id='word_1_609' title='bbox 665 3705 811 3736; x_wconf 89' lang='lat' dir='ltr'>Homines</span> <span class='ocrx_word' id='word_1_610' title='bbox 827 3705 913 3736; x_wconf 86' lang='lat' dir='ltr'>Villae</span> <span class='ocrx_word' id='word_1_611' title='bbox 928 3706 1017 3745; x_wconf 86' lang='lat' dir='ltr'>Regis</span> <span class='ocrx_word' id='word_1_612' title='bbox 1031 3707 1252 3748; x_wconf 82' lang='lat' dir='ltr'>Cantabriggiae,</span> 
     </span>
     <span class='ocr_line' id='line_1_96' title="bbox 209 3751 491 3773; baseline -0.011 0"><span class='ocrx_word' id='word_1_613' title='bbox 209 3752 225 3773; x_wconf 91' lang='lat' dir='ltr'>e</span> <span class='ocrx_word' id='word_1_614' title='bbox 270 3751 368 3772; x_wconf 83' lang='lat' dir='ltr'>entum</span> <span class='ocrx_word' id='word_1_615' title='bbox 404 3754 425 3773; x_wconf 63' lang='grc' dir='ltr'>,ι</span> <span class='ocrx_word' id='word_1_616' title='bbox 447 3751 491 3772; x_wconf 65' lang='grc' dir='ltr'>τις.</span> 
     </span>
     <span class='ocr_line' id='line_1_97' title="bbox 192 3778 1050 3820; baseline 0.003 -9"><span class='ocrx_word' id='word_1_617' title='bbox 192 3816 195 3817; x_wconf 15' lang='grc'><em>7</em></span> <span class='ocrx_word' id='word_1_618' title='bbox 223 3785 340 3819; x_wconf 80' lang='lat' dir='ltr'>Rogerus</span> <span class='ocrx_word' id='word_1_619' title='bbox 353 3782 384 3811; x_wconf 78' lang='lat' dir='ltr'>de</span> <span class='ocrx_word' id='word_1_620' title='bbox 400 3780 506 3819; x_wconf 69' lang='lat' dir='ltr'>Wslon‘</span> <span class='ocrx_word' id='word_1_621' title='bbox 521 3778 666 3818; x_wconf 91' lang='lat' dir='ltr'>Clericus,</span> <span class='ocrx_word' id='word_1_622' title='bbox 685 3781 720 3811; x_wconf 89' lang='lat' dir='ltr'>de</span> <span class='ocrx_word' id='word_1_623' title='bbox 736 3779 932 3820; x_wconf 78' lang='lat' dir='ltr'>Quadraginta</span> <span class='ocrx_word' id='word_1_624' title='bbox 950 3782 1050 3814; x_wconf 87' lang='lat' dir='ltr'>Libris.</span> 
     </span>
     <span class='ocr_line' id='line_1_98' title="bbox 223 3818 1250 3862; baseline 0.005 -14"><span class='ocrx_word' id='word_1_625' title='bbox 223 3822 350 3849; x_wconf 84' lang='lat' dir='ltr'>Decanus</span> <span class='ocrx_word' id='word_1_626' title='bbox 363 3818 401 3854; x_wconf 83' lang='lat'><em>&amp;</em></span> <span class='ocrx_word' id='word_1_627' title='bbox 415 3818 566 3857; x_wconf 76' lang='lat' dir='ltr'>capitulum</span> <span class='ocrx_word' id='word_1_628' title='bbox 580 3818 716 3849; x_wconf 81' lang='lat' dir='ltr'>Ecclefiae</span> <span class='ocrx_word' id='word_1_629' title='bbox 729 3819 903 3850; x_wconf 78' lang='lat' dir='ltr'>Cathedralis</span> <span class='ocrx_word' id='word_1_630' title='bbox 917 3819 1009 3851; x_wconf 86' lang='lat' dir='ltr'>Beatae</span> <span class='ocrx_word' id='word_1_631' title='bbox 1026 3820 1129 3853; x_wconf 85' lang='lat' dir='ltr'>Mariae</span> <span class='ocrx_word' id='word_1_632' title='bbox 1144 3826 1250 3862; x_wconf 86' lang='lat' dir='ltr'>Sarum,</span> 
     </span>
     <span class='ocr_line' id='line_1_99' title="bbox 187 3856 728 3894; baseline -0.004 -7"><span class='ocrx_word' id='word_1_633' title='bbox 187 3856 224 3887; x_wconf 91' lang='lat' dir='ltr'>de</span> <span class='ocrx_word' id='word_1_634' title='bbox 237 3857 378 3888; x_wconf 87' lang='lat' dir='ltr'>Ducentis</span> <span class='ocrx_word' id='word_1_635' title='bbox 394 3858 502 3888; x_wconf 63' lang='lat' dir='ltr'>Marcis</span> <span class='ocrx_word' id='word_1_636' title='bbox 515 3856 728 3894; x_wconf 69' lang='lat' dir='ltr'>Sterlingorum.</span> 
     </span>
     <span class='ocr_line' id='line_1_100' title="bbox 226 3894 1042 3933; baseline 0.002 -8"><span class='ocrx_word' id='word_1_637' title='bbox 226 3895 357 3925; x_wconf 80' lang='lat' dir='ltr'>Robertus</span> <span class='ocrx_word' id='word_1_638' title='bbox 370 3895 517 3933; x_wconf 11' lang='lat' dir='ltr'>Asw‘befeld</span> <span class='ocrx_word' id='word_1_639' title='bbox 528 3895 562 3925; x_wconf 92' lang='lat' dir='ltr'>de</span> <span class='ocrx_word' id='word_1_640' title='bbox 577 3894 665 3925; x_wconf 87' lang='lat' dir='ltr'>Com.</span> <span class='ocrx_word' id='word_1_641' title='bbox 682 3895 753 3926; x_wconf 77' lang='lat' dir='ltr'>Suff.</span> <span class='ocrx_word' id='word_1_642' title='bbox 768 3896 802 3926; x_wconf 86' lang='lat' dir='ltr'>de</span> <span class='ocrx_word' id='word_1_643' title='bbox 816 3895 853 3926; x_wconf 92' lang='lat' dir='ltr'>Vi</span> <span class='ocrx_word' id='word_1_644' title='bbox 874 3897 923 3926; x_wconf 80' lang='lat' dir='ltr'>inti</span> <span class='ocrx_word' id='word_1_645' title='bbox 941 3896 1042 3927; x_wconf 87' lang='lat' dir='ltr'>Libris.</span> 
     </span>
     <span class='ocr_line' id='line_1_101' title="bbox 225 3904 953 3976; baseline 0 -13"><span class='ocrx_word' id='word_1_646' title='bbox 225 3930 388 3964; x_wconf 73' lang='lat' dir='ltr'>Willielmus</span> <span class='ocrx_word' id='word_1_647' title='bbox 400 3931 538 3976; x_wconf 64' lang='lat' dir='ltr'>Episcopus</span> <span class='ocrx_word' id='word_1_648' title='bbox 554 3935 687 3974; x_wconf 65' lang='lat' dir='ltr'>anton,</span> <span class='ocrx_word' id='word_1_649' title='bbox 704 3934 740 3964; x_wconf 83' lang='lat' dir='ltr'>de</span> <span class='ocrx_word' id='word_1_650' title='bbox 754 3933 836 3964; x_wconf 74' lang='lat' dir='ltr'>Mille</span> <span class='ocrx_word' id='word_1_651' title='bbox 851 3904 953 3965; x_wconf 55' lang='lat' dir='ltr'>{ibris</span> 
     </span>
     <span class='ocr_line' id='line_1_102' title="bbox 227 3971 1250 4014; baseline 0.007 -14"><span class='ocrx_word' id='word_1_652' title='bbox 227 3971 369 4010; x_wconf 83' lang='lat' dir='ltr'>Johannis</span> <span class='ocrx_word' id='word_1_653' title='bbox 385 3975 474 4004; x_wconf 81' lang='lat' dir='ltr'>Scarle</span> <span class='ocrx_word' id='word_1_654' title='bbox 488 3997 498 4012; x_wconf 86' lang='lat'>‚</span> <span class='ocrx_word' id='word_1_655' title='bbox 525 3971 655 4004; x_wconf 86' lang='lat' dir='ltr'>Clericus</span> <span class='ocrx_word' id='word_1_656' title='bbox 676 3972 853 4003; x_wconf 85' lang='lat' dir='ltr'>Rotulorum</span> <span class='ocrx_word' id='word_1_657' title='bbox 875 3971 1058 4004; x_wconf 83' lang='lat' dir='ltr'>Cancellatiae</span> <span class='ocrx_word' id='word_1_658' title='bbox 1079 3974 1168 4014; x_wconf 86' lang='lat' dir='ltr'>Regis</span> <span class='ocrx_word' id='word_1_659' title='bbox 1182 3998 1192 4013; x_wconf 89' lang='lat'>,</span> <span class='ocrx_word' id='word_1_660' title='bbox 1214 3976 1250 4008; x_wconf 91' lang='lat' dir='ltr'>de</span> 
     </span>
     <span class='ocr_line' id='line_1_103' title="bbox 189 4009 451 4041; baseline -0.008 0"><span class='ocrx_word' id='word_1_661' title='bbox 189 4009 331 4041; x_wconf 88' lang='lat' dir='ltr'>Ducentis</span> <span class='ocrx_word' id='word_1_662' title='bbox 351 4011 451 4041; x_wconf 87' lang='lat' dir='ltr'>Libris.</span> 
     </span>
     <span class='ocr_line' id='line_1_104' title="bbox 223 4047 1031 4087; baseline 0 -9"><span class='ocrx_word' id='word_1_663' title='bbox 223 4052 371 4078; x_wconf 78' lang='lat' dir='ltr'>Semannus</span> <span class='ocrx_word' id='word_1_664' title='bbox 385 4051 473 4087; x_wconf 90' lang='lat' dir='ltr'>Tong,</span> <span class='ocrx_word' id='word_1_665' title='bbox 489 4050 525 4080; x_wconf 92' lang='lat' dir='ltr'>de</span> <span class='ocrx_word' id='word_1_666' title='bbox 539 4049 627 4080; x_wconf 90' lang='lat' dir='ltr'>Com.</span> <span class='ocrx_word' id='word_1_667' title='bbox 643 4048 726 4079; x_wconf 84' lang='lat' dir='ltr'>Kane</span> <span class='ocrx_word' id='word_1_668' title='bbox 754 4048 790 4078; x_wconf 85' lang='lat' dir='ltr'>de</span> <span class='ocrx_word' id='word_1_669' title='bbox 804 4047 912 4084; x_wconf 60' lang='lat' dir='ltr'>Viginti</span> <span class='ocrx_word' id='word_1_670' title='bbox 929 4047 1031 4079; x_wconf 88' lang='lat' dir='ltr'>Libris.</span> 
     </span>
     <span class='ocr_line' id='line_1_105' title="bbox 223 4085 996 4127; baseline -0.001 -11"><span class='ocrx_word' id='word_1_671' title='bbox 223 4088 267 4116; x_wconf 83' lang='lat' dir='ltr'><em>W</em></span> <span class='ocrx_word' id='word_1_672' title='bbox 267 4085 391 4116; x_wconf 81' lang='lat' dir='ltr'>illielmus</span> <span class='ocrx_word' id='word_1_673' title='bbox 407 4089 485 4117; x_wconf 86' lang='lat' dir='ltr'>Prior</span> <span class='ocrx_word' id='word_1_674' title='bbox 501 4089 532 4116; x_wconf 81' lang='lat' dir='ltr'>de</span> <span class='ocrx_word' id='word_1_675' title='bbox 546 4088 618 4127; x_wconf 85' lang='lat' dir='ltr'>Ely,</span> <span class='ocrx_word' id='word_1_676' title='bbox 637 4087 672 4118; x_wconf 86' lang='lat' dir='ltr'>de</span> <span class='ocrx_word' id='word_1_677' title='bbox 689 4087 878 4126; x_wconf 69' lang='lat' dir='ltr'>Quadraginta</span> <span class='ocrx_word' id='word_1_678' title='bbox 896 4086 996 4116; x_wconf 87' lang='lat' dir='ltr'>Libris.</span> 
     </span>
     <span class='ocr_line' id='line_1_106' title="bbox 217 4124 1052 4166; baseline -0.001 -9"><span class='ocrx_word' id='word_1_679' title='bbox 217 4125 304 4157; x_wconf 83' lang='lat' dir='ltr'>Probi</span> <span class='ocrx_word' id='word_1_680' title='bbox 319 4127 446 4157; x_wconf 79' lang='lat' dir='ltr'>Homines</span> <span class='ocrx_word' id='word_1_681' title='bbox 462 4128 490 4156; x_wconf 90' lang='lat' dir='ltr'><em>V</em></span> <span class='ocrx_word' id='word_1_682' title='bbox 489 4125 544 4160; x_wconf 58' lang='lat' dir='ltr'><em>1⁴1!ae</em></span> <span class='ocrx_word' id='word_1_683' title='bbox 557 4127 590 4158; x_wconf 85' lang='lat' dir='ltr'>de</span> <span class='ocrx_word' id='word_1_684' title='bbox 600 4125 673 4166; x_wconf 64' lang='lat' dir='ltr'>El),</span> <span class='ocrx_word' id='word_1_685' title='bbox 689 4127 726 4158; x_wconf 89' lang='lat' dir='ltr'>de</span> <span class='ocrx_word' id='word_1_686' title='bbox 741 4125 936 4165; x_wconf 70' lang='lat' dir='ltr'>Quadraginta</span> <span class='ocrx_word' id='word_1_687' title='bbox 949 4124 1052 4156; x_wconf 84' lang='lat' dir='ltr'>Libris.</span> 
     </span>
    </p>
   </div>
   <div class='ocr_carea' id='block_1_23' title="bbox 1015 222 1283 264">
    <p class='ocr_par' dir='ltr' id='par_1_38' title="bbox 1015 222 1283 264">
     <span class='ocr_line' id='line_1_107' title="bbox 1015 222 1283 264; baseline -0.007 -1"><span class='ocrx_word' id='word_1_688' title='bbox 1015 222 1283 264; x_wconf 90' lang='lat' dir='ltr'>ACTA</span> 
     </span>
    </p>
   </div>
   <div class='ocr_carea' id='block_1_24' title="bbox 1370 222 2364 285">
    <p class='ocr_par' dir='ltr' id='par_1_39' title="bbox 1370 222 2364 285">
     <span class='ocr_line' id='line_1_108' title="bbox 1370 222 2364 285; baseline 0.009 -22"><span class='ocrx_word' id='word_1_689' title='bbox 1370 222 1848 265; x_wconf 87' lang='lat' dir='ltr'>PUBLICA.</span> <span class='ocrx_word' id='word_1_690' title='bbox 2289 243 2364 285; x_wconf 80' lang='lat'>133</span> 
     </span>
    </p>
   </div>
   <div class='ocr_carea' id='block_1_25' title="bbox 1299 353 2370 1810">
    <p class='ocr_par' dir='ltr' id='par_1_40' title="bbox 1300 353 2070 425">
     <span class='ocr_line' id='line_1_109' title="bbox 1300 353 2070 425; baseline 0.008 -13"><span class='ocrx_word' id='word_1_691' title='bbox 1300 353 1486 422; x_wconf 58' lang='lat' dir='ltr'>CbJohannes</span> <span class='ocrx_word' id='word_1_692' title='bbox 1504 385 1611 425; x_wconf 78' lang='lat' dir='ltr'>Sleford</span> <span class='ocrx_word' id='word_1_693' title='bbox 1628 386 1774 425; x_wconf 84' lang='lat' dir='ltr'>Clericus,</span> <span class='ocrx_word' id='word_1_694' title='bbox 1792 387 1827 417; x_wconf 88' lang='lat' dir='ltr'>de</span> <span class='ocrx_word' id='word_1_695' title='bbox 1841 387 1952 424; x_wconf 78' lang='lat' dir='ltr'>Viginti</span> <span class='ocrx_word' id='word_1_696' title='bbox 1967 388 2070 419; x_wconf 85' lang='lat' dir='ltr'>Libris.</span> 
     </span>
    </p>

    <p class='ocr_par' dir='ltr' id='par_1_41' title="bbox 1300 424 2364 491">
     <span class='ocr_line' id='line_1_110' title="bbox 1300 424 2364 491; baseline 0.008 -38"><span class='ocrx_word' id='word_1_697' title='bbox 1300 425 1417 491; x_wconf 32' lang='lat' dir='ltr'>Miz—rciiosr</span> <span class='ocrx_word' id='word_1_698' title='bbox 1437 424 1570 455; x_wconf 77' lang='lat' dir='ltr'>Eccleliae</span> <span class='ocrx_word' id='word_1_699' title='bbox 1583 426 1694 456; x_wconf 66' lang='lat' dir='ltr'>Sanetae</span> <span class='ocrx_word' id='word_1_700' title='bbox 1707 426 1852 457; x_wconf 81' lang='lat' dir='ltr'>Trinitatis</span> <span class='ocrx_word' id='word_1_701' title='bbox 1866 427 1896 456; x_wconf 87' lang='lat' dir='ltr'>de</span> <span class='ocrx_word' id='word_1_702' title='bbox 1911 429 2077 466; x_wconf 52' lang='lat' dir='ltr'>Gsppcwico,</span> <span class='ocrx_word' id='word_1_703' title='bbox 2096 428 2132 460; x_wconf 89' lang='lat' dir='ltr'>de</span> <span class='ocrx_word' id='word_1_704' title='bbox 2151 429 2364 471; x_wconf 84' lang='lat' dir='ltr'>Quinquaginta</span> 
     </span>
    </p>

    <p class='ocr_par' dir='ltr' id='par_1_42' title="bbox 1301 484 2363 567">
     <span class='ocr_line' id='line_1_111' title="bbox 1301 484 2363 567; baseline 0.01 -39"><span class='ocrx_word' id='word_1_705' title='bbox 1301 484 1489 567; x_wconf 34' lang='lat' dir='ltr'>[timu-mim</span> <span class='ocrx_word' id='word_1_706' title='bbox 1507 500 1609 540; x_wconf 79' lang='lat' dir='ltr'><em>Ruffill</em></span> <span class='ocrx_word' id='word_1_707' title='bbox 1625 500 1760 534; x_wconf 88' lang='lat' dir='ltr'>Chivaler</span> <span class='ocrx_word' id='word_1_708' title='bbox 1773 526 1783 540; x_wconf 91' lang='lat'>,</span> <span class='ocrx_word' id='word_1_709' title='bbox 1815 503 1850 534; x_wconf 90' lang='lat' dir='ltr'>de</span> <span class='ocrx_word' id='word_1_710' title='bbox 1872 502 1962 534; x_wconf 88' lang='lat' dir='ltr'>Corn.</span> <span class='ocrx_word' id='word_1_711' title='bbox 1984 503 2094 536; x_wconf 89' lang='lat' dir='ltr'>Glouc.</span> <span class='ocrx_word' id='word_1_712' title='bbox 2113 505 2150 536; x_wconf 84' lang='lat' dir='ltr'>de</span> <span class='ocrx_word' id='word_1_713' title='bbox 2169 507 2363 547; x_wconf 83' lang='lat' dir='ltr'>Qadraginta</span> 
     </span>
    </p>

    <p class='ocr_par' dir='ltr' id='par_1_43' title="bbox 1300 548 2364 696">
     <span class='ocr_line' id='line_1_112' title="bbox 1300 548 2364 645; baseline 0.009 -40"><span class='ocrx_word' id='word_1_714' title='bbox 1300 548 1594 645; x_wconf 45' lang='lat' dir='ltr'>C¹nr1¹2j0r333arlivss</span> <span class='ocrx_word' id='word_1_715' title='bbox 1612 577 1649 612; x_wconf 62' lang='grc' dir='ltr'>ὠ·</span> <span class='ocrx_word' id='word_1_716' title='bbox 1670 579 1753 609; x_wconf 83' lang='lat' dir='ltr'>Probi</span> <span class='ocrx_word' id='word_1_717' title='bbox 1775 582 1901 610; x_wconf 74' lang='lat' dir='ltr'>Homines</span> <span class='ocrx_word' id='word_1_718' title='bbox 1923 579 2052 611; x_wconf 82' lang='lat' dir='ltr'>Civitatis</span> <span class='ocrx_word' id='word_1_719' title='bbox 2076 557 2163 622; x_wconf 69' lang='lat' dir='ltr'>Regis</span> <span class='ocrx_word' id='word_1_720' title='bbox 2177 586 2311 625; x_wconf 65' lang='lat' dir='ltr'>Woston,</span> <span class='ocrx_word' id='word_1_721' title='bbox 2328 585 2364 617; x_wconf 87' lang='lat' dir='ltr'>de</span> 
     </span>
     <span class='ocr_line' id='line_1_113' title="bbox 1332 617 2231 696; baseline 0.008 -14"><span class='ocrx_word' id='word_1_722' title='bbox 1332 617 1563 684; x_wconf 42' lang='lat' dir='ltr'>esstgffiidgljlzirses</span> <span class='ocrx_word' id='word_1_723' title='bbox 1576 657 1603 684; x_wconf 92' lang='lat' dir='ltr'><em>V</em></span> <span class='ocrx_word' id='word_1_724' title='bbox 1605 654 1658 684; x_wconf 86' lang='lat' dir='ltr'>illae</span> <span class='ocrx_word' id='word_1_725' title='bbox 1673 655 1704 684; x_wconf 82' lang='lat' dir='ltr'>de</span> <span class='ocrx_word' id='word_1_726' title='bbox 1719 655 1857 695; x_wconf 74' lang='lat' dir='ltr'>Hadeley,</span> <span class='ocrx_word' id='word_1_727' title='bbox 1874 656 1909 686; x_wconf 91' lang='lat' dir='ltr'>de</span> <span class='ocrx_word' id='word_1_728' title='bbox 1926 657 2114 696; x_wconf 78' lang='lat' dir='ltr'>Quadraginta</span> <span class='ocrx_word' id='word_1_729' title='bbox 2130 658 2231 689; x_wconf 85' lang='lat' dir='ltr'>Libris.</span> 
     </span>
    </p>

    <p class='ocr_par' dir='ltr' id='par_1_44' title="bbox 1300 693 2363 770">
     <span class='ocr_line' id='line_1_114' title="bbox 1340 693 2363 738; baseline 0.008 -17"><span class='ocrx_word' id='word_1_730' title='bbox 1340 693 1453 731; x_wconf 78' lang='lat' dir='ltr'>Major,</span> <span class='ocrx_word' id='word_1_731' title='bbox 1472 693 1647 737; x_wconf 51' lang='lat' dir='ltr'>BaWWQ&amp;</span> <span class='ocrx_word' id='word_1_732' title='bbox 1668 694 1757 725; x_wconf 80' lang='lat' dir='ltr'>Probi</span> <span class='ocrx_word' id='word_1_733' title='bbox 1778 695 1922 725; x_wconf 82' lang='lat' dir='ltr'>Homines</span> <span class='ocrx_word' id='word_1_734' title='bbox 1945 695 2027 726; x_wconf 79' lang='lat' dir='ltr'>Villae</span> <span class='ocrx_word' id='word_1_735' title='bbox 2049 697 2137 736; x_wconf 83' lang='lat' dir='ltr'>Regis</span> <span class='ocrx_word' id='word_1_736' title='bbox 2154 698 2363 738; x_wconf 77' lang='lat' dir='ltr'>suthampton,</span> 
     </span>
     <span class='ocr_line' id='line_1_115' title="bbox 1300 729 1993 770; baseline 0.006 -11"><span class='ocrx_word' id='word_1_737' title='bbox 1300 729 1335 760; x_wconf 91' lang='lat' dir='ltr'>de</span> <span class='ocrx_word' id='word_1_738' title='bbox 1351 729 1497 769; x_wconf 84' lang='lat' dir='ltr'>Centum,</span> <span class='ocrx_word' id='word_1_739' title='bbox 1515 732 1679 770; x_wconf 70' lang='lat' dir='ltr'>Sexaginta,</span> <span class='ocrx_word' id='word_1_740' title='bbox 1699 734 1730 763; x_wconf 71' lang='grc' dir='ltr'>ὃ(</span> <span class='ocrx_word' id='word_1_741' title='bbox 1746 733 1860 763; x_wconf 88' lang='lat' dir='ltr'>Decem</span> <span class='ocrx_word' id='word_1_742' title='bbox 1880 732 1993 763; x_wconf 79' lang='lat' dir='ltr'>Marcis.</span> 
     </span>
    </p>

    <p class='ocr_par' dir='ltr' id='par_1_45' title="bbox 1301 768 2360 889">
     <span class='ocr_line' id='line_1_116' title="bbox 1338 768 2360 837; baseline 0.011 -41"><span class='ocrx_word' id='word_1_743' title='bbox 1338 768 1500 837; x_wconf 47' lang='lat' dir='ltr'>Bagi&#39;vricgc</span> <span class='ocrx_word' id='word_1_744' title='bbox 1521 769 1612 800; x_wconf 90' lang='lat' dir='ltr'>Probi</span> <span class='ocrx_word' id='word_1_745' title='bbox 1636 770 1777 802; x_wconf 75' lang='lat' dir='ltr'>Homines</span> <span class='ocrx_word' id='word_1_746' title='bbox 1794 771 1923 802; x_wconf 80' lang='lat' dir='ltr'>Civitatis</span> <span class='ocrx_word' id='word_1_747' title='bbox 1939 772 2027 811; x_wconf 84' lang='lat' dir='ltr'>Regis</span> <span class='ocrx_word' id='word_1_748' title='bbox 2041 776 2215 813; x_wconf 73' lang='lat' dir='ltr'>Cantteariae,</span> <span class='ocrx_word' id='word_1_749' title='bbox 2232 775 2267 806; x_wconf 91' lang='lat' dir='ltr'>de</span> <span class='ocrx_word' id='word_1_750' title='bbox 2282 775 2360 807; x_wconf 86' lang='lat' dir='ltr'>Cen-</span> 
     </span>
     <span class='ocr_line' id='line_1_117' title="bbox 1301 816 2276 889; baseline 0.007 -14"><span class='ocrx_word' id='word_1_751' title='bbox 1301 816 1501 875; x_wconf 46' lang='grc' dir='ltr'>ωῗῗίίίίἰίηιηὲ·</span> <span class='ocrx_word' id='word_1_752' title='bbox 1516 846 1637 885; x_wconf 77' lang='lat' dir='ltr'>Mapell,</span> <span class='ocrx_word' id='word_1_753' title='bbox 1654 847 1689 878; x_wconf 92' lang='lat' dir='ltr'>de</span> <span class='ocrx_word' id='word_1_754' title='bbox 1705 847 1775 877; x_wconf 77' lang='lat' dir='ltr'>Villa</span> <span class='ocrx_word' id='word_1_755' title='bbox 1792 848 1984 887; x_wconf 59' lang='lat' dir='ltr'>Sarhmpton,</span> <span class='ocrx_word' id='word_1_756' title='bbox 2001 849 2036 879; x_wconf 91' lang='lat' dir='ltr'>de</span> <span class='ocrx_word' id='word_1_757' title='bbox 2052 849 2159 889; x_wconf 77' lang='lat' dir='ltr'>Viginti</span> <span class='ocrx_word' id='word_1_758' title='bbox 2173 852 2276 883; x_wconf 85' lang='lat' dir='ltr'>Libris.</span> 
     </span>
    </p>

    <p class='ocr_par' dir='ltr' id='par_1_46' title="bbox 1336 883 2134 923">
     <span class='ocr_line' id='line_1_118' title="bbox 1336 883 2134 923; baseline 0.008 -10"><span class='ocrx_word' id='word_1_759' title='bbox 1336 883 1480 922; x_wconf 69' lang='lat' dir='ltr'>Johannes</span> <span class='ocrx_word' id='word_1_760' title='bbox 1497 885 1524 914; x_wconf 82' lang='lat' dir='ltr'>la</span> <span class='ocrx_word' id='word_1_761' title='bbox 1542 888 1639 915; x_wconf 75' lang='lat' dir='ltr'>Warre</span> <span class='ocrx_word' id='word_1_762' title='bbox 1654 886 1805 923; x_wconf 69' lang='lat' dir='ltr'>Chivaler,</span> <span class='ocrx_word' id='word_1_763' title='bbox 1823 888 1858 917; x_wconf 83' lang='lat' dir='ltr'>de</span> <span class='ocrx_word' id='word_1_764' title='bbox 1874 887 2014 917; x_wconf 85' lang='lat' dir='ltr'>Ducentis</span> <span class='ocrx_word' id='word_1_765' title='bbox 2030 888 2134 920; x_wconf 70' lang='lat' dir='ltr'>Libris.-</span> 
     </span>
    </p>

    <p class='ocr_par' dir='ltr' id='par_1_47' title="bbox 1338 922 2250 965">
     <span class='ocr_line' id='line_1_119' title="bbox 1338 922 2250 965; baseline 0.008 -14"><span class='ocrx_word' id='word_1_766' title='bbox 1338 922 1424 952; x_wconf 83' lang='lat' dir='ltr'>Probi</span> <span class='ocrx_word' id='word_1_767' title='bbox 1439 926 1565 954; x_wconf 82' lang='lat' dir='ltr'>Homines</span> <span class='ocrx_word' id='word_1_768' title='bbox 1580 925 1611 953; x_wconf 85' lang='lat' dir='ltr'>de</span> <span class='ocrx_word' id='word_1_769' title='bbox 1625 927 1688 953; x_wconf 73' lang='lat' dir='ltr'>Soca</span> <span class='ocrx_word' id='word_1_770' title='bbox 1706 928 1731 953; x_wconf 63' lang='lat' dir='ltr'>lt</span> <span class='ocrx_word' id='word_1_771' title='bbox 1739 927 1837 960; x_wconf 47' lang='lat' dir='ltr'>ymon,</span> <span class='ocrx_word' id='word_1_772' title='bbox 1856 926 1891 955; x_wconf 86' lang='lat' dir='ltr'>de</span> <span class='ocrx_word' id='word_1_773' title='bbox 1908 926 2119 965; x_wconf 74' lang='lat' dir='ltr'>Qiinquaginta</span> <span class='ocrx_word' id='word_1_774' title='bbox 2136 928 2173 957; x_wconf 81' lang='lat' dir='ltr'>M</span> <span class='ocrx_word' id='word_1_775' title='bbox 2190 931 2250 959; x_wconf 87' lang='lat' dir='ltr'>rcis.</span> 
     </span>
    </p>

    <p class='ocr_par' dir='ltr' id='par_1_48' title="bbox 1337 961 2258 1000">
     <span class='ocr_line' id='line_1_120' title="bbox 1337 961 2258 1000; baseline 0.01 -11"><span class='ocrx_word' id='word_1_776' title='bbox 1337 961 1419 990; x_wconf 80' lang='lat' dir='ltr'>Probi</span> <span class='ocrx_word' id='word_1_777' title='bbox 1433 964 1558 991; x_wconf 77' lang='lat' dir='ltr'>Homines</span> <span class='ocrx_word' id='word_1_778' title='bbox 1574 961 1656 992; x_wconf 58' lang='lat' dir='ltr'>Villae</span> <span class='ocrx_word' id='word_1_779' title='bbox 1673 966 1751 1000; x_wconf 62' lang='lat' dir='ltr'>ngis</span> <span class='ocrx_word' id='word_1_780' title='bbox 1764 964 1929 1000; x_wconf 48' lang='grc' dir='ltr'>δαῖτά-ωτι,</span> <span class='ocrx_word' id='word_1_781' title='bbox 1948 965 1984 994; x_wconf 88' lang='lat' dir='ltr'>de</span> <span class='ocrx_word' id='word_1_782' title='bbox 2000 965 2126 995; x_wconf 81' lang='lat' dir='ltr'>Centum</span> <span class='ocrx_word' id='word_1_783' title='bbox 2143 966 2258 998; x_wconf 69' lang='lat' dir='ltr'>Marcis.</span> 
     </span>
    </p>

    <p class='ocr_par' dir='ltr' id='par_1_49' title="bbox 1338 999 2123 1041">
     <span class='ocr_line' id='line_1_121' title="bbox 1338 999 2123 1041; baseline 0.005 -13"><span class='ocrx_word' id='word_1_784' title='bbox 1338 999 1439 1029; x_wconf 68' lang='lat' dir='ltr'>Aoo-s</span> <span class='ocrx_word' id='word_1_785' title='bbox 1452 1001 1484 1030; x_wconf 83' lang='lat' dir='ltr'>de</span> <span class='ocrx_word' id='word_1_786' title='bbox 1499 1002 1602 1031; x_wconf 50' lang='lat' dir='ltr'>Sauara</span> <span class='ocrx_word' id='word_1_787' title='bbox 1616 1001 1715 1041; x_wconf 78' lang='lat' dir='ltr'>Ostha</span> <span class='ocrx_word' id='word_1_788' title='bbox 1726 1027 1732 1038; x_wconf 75' lang='lat'>,</span> <span class='ocrx_word' id='word_1_789' title='bbox 1753 1001 1787 1031; x_wconf 82' lang='lat' dir='ltr'>de</span> <span class='ocrx_word' id='word_1_790' title='bbox 1802 1002 1991 1041; x_wconf 62' lang='lat' dir='ltr'>Quadrjzginta</span> <span class='ocrx_word' id='word_1_791' title='bbox 2006 1003 2123 1034; x_wconf 64' lang='lat' dir='ltr'>Marcis.</span> 
     </span>
    </p>

    <p class='ocr_par' dir='ltr' id='par_1_50' title="bbox 1299 1038 2366 1223">
     <span class='ocr_line' id='line_1_122' title="bbox 1337 1038 2219 1079; baseline 0.007 -12"><span class='ocrx_word' id='word_1_792' title='bbox 1337 1038 1417 1067; x_wconf 81' lang='lat' dir='ltr'>Probi</span> <span class='ocrx_word' id='word_1_793' title='bbox 1431 1041 1559 1069; x_wconf 78' lang='lat' dir='ltr'>Homines</span> <span class='ocrx_word' id='word_1_794' title='bbox 1574 1043 1601 1068; x_wconf 93' lang='lat' dir='ltr'><em>V</em></span> <span class='ocrx_word' id='word_1_795' title='bbox 1602 1039 1657 1068; x_wconf 47' lang='lat' dir='ltr'>illo</span> <span class='ocrx_word' id='word_1_796' title='bbox 1672 1040 1704 1069; x_wconf 83' lang='lat' dir='ltr'>de</span> <span class='ocrx_word' id='word_1_797' title='bbox 1717 1041 1889 1079; x_wconf 74' lang='lat' dir='ltr'>Staumford,</span> <span class='ocrx_word' id='word_1_798' title='bbox 1907 1042 1941 1070; x_wconf 81' lang='lat' dir='ltr'>de</span> <span class='ocrx_word' id='word_1_799' title='bbox 1958 1041 2085 1072; x_wconf 86' lang='lat' dir='ltr'>Centum</span> <span class='ocrx_word' id='word_1_800' title='bbox 2103 1041 2219 1073; x_wconf 73' lang='lat' dir='ltr'>Marcis.</span> 
     </span>
     <span class='ocr_line' id='line_1_123' title="bbox 1299 1078 2366 1146; baseline 0.007 -41"><span class='ocrx_word' id='word_1_801' title='bbox 1299 1078 1532 1146; x_wconf 42' lang='lat' dir='ltr'>M*r{i?nffyjdus</span> <span class='ocrx_word' id='word_1_802' title='bbox 1559 1078 1683 1117; x_wconf 67' lang='lat' dir='ltr'>stafford</span> <span class='ocrx_word' id='word_1_803' title='bbox 1709 1078 1865 1117; x_wconf 78' lang='lat' dir='ltr'>Chivaler,</span> <span class='ocrx_word' id='word_1_804' title='bbox 1899 1080 1936 1109; x_wconf 91' lang='lat' dir='ltr'>de</span> <span class='ocrx_word' id='word_1_805' title='bbox 1965 1080 2054 1110; x_wconf 80' lang='lat' dir='ltr'>Com.</span> <span class='ocrx_word' id='word_1_806' title='bbox 2076 1080 2163 1111; x_wconf 84' lang='lat' dir='ltr'>Dors.</span> <span class='ocrx_word' id='word_1_807' title='bbox 2185 1091 2220 1111; x_wconf 76' lang='lat' dir='ltr'>oe</span> <span class='ocrx_word' id='word_1_808' title='bbox 2238 1081 2366 1113; x_wconf 84' lang='lat' dir='ltr'>Centum</span> 
     </span>
     <span class='ocr_line' id='line_1_124' title="bbox 1300 1126 2366 1223; baseline 0.007 -40"><span class='ocrx_word' id='word_1_809' title='bbox 1300 1126 1418 1223; x_wconf 41' lang='lat' dir='ltr'>MProbl.</span> <span class='ocrx_word' id='word_1_810' title='bbox 1428 1157 1555 1184; x_wconf 77' lang='lat' dir='ltr'>Homines</span> <span class='ocrx_word' id='word_1_811' title='bbox 1571 1158 1599 1185; x_wconf 85' lang='lat' dir='ltr'><em>V</em></span> <span class='ocrx_word' id='word_1_812' title='bbox 1599 1154 1709 1185; x_wconf 80' lang='lat' dir='ltr'>illarum</span> <span class='ocrx_word' id='word_1_813' title='bbox 1723 1156 1754 1185; x_wconf 82' lang='lat' dir='ltr'>de</span> <span class='ocrx_word' id='word_1_814' title='bbox 1771 1155 1932 1186; x_wconf 75' lang='lat' dir='ltr'>Grantham</span> <span class='ocrx_word' id='word_1_815' title='bbox 1945 1158 1977 1188; x_wconf 70' lang='grc' dir='ltr'>ὅ(</span> <span class='ocrx_word' id='word_1_816' title='bbox 1992 1156 2154 1187; x_wconf 75' lang='lat' dir='ltr'>Harlaxton</span> <span class='ocrx_word' id='word_1_817' title='bbox 2162 1181 2172 1196; x_wconf 90' lang='lat'>,</span> <span class='ocrx_word' id='word_1_818' title='bbox 2186 1158 2223 1189; x_wconf 89' lang='lat' dir='ltr'>de</span> <span class='ocrx_word' id='word_1_819' title='bbox 2237 1157 2366 1190; x_wconf 79' lang='lat' dir='ltr'>Centum</span> 
     </span>
    </p>

    <p class='ocr_par' dir='ltr' id='par_1_51' title="bbox 1340 1203 2183 1272">
     <span class='ocr_line' id='line_1_125' title="bbox 1340 1203 2183 1272; baseline 0.007 -13"><span class='ocrx_word' id='word_1_820' title='bbox 1340 1203 1422 1260; x_wconf 55' lang='grc' dir='ltr'><em>ῗξιῗῖὶ</em></span> <span class='ocrx_word' id='word_1_821' title='bbox 1436 1234 1562 1260; x_wconf 83' lang='lat' dir='ltr'>Hominer</span> <span class='ocrx_word' id='word_1_822' title='bbox 1576 1234 1603 1260; x_wconf 90' lang='lat' dir='ltr'><em>V</em></span> <span class='ocrx_word' id='word_1_823' title='bbox 1603 1230 1657 1260; x_wconf 75' lang='lat' dir='ltr'>illae</span> <span class='ocrx_word' id='word_1_824' title='bbox 1673 1232 1704 1261; x_wconf 67' lang='lat' dir='ltr'>de</span> <span class='ocrx_word' id='word_1_825' title='bbox 1724 1231 1874 1272; x_wconf 77' lang='lat' dir='ltr'>Bildeston,</span> <span class='ocrx_word' id='word_1_826' title='bbox 1892 1233 1928 1263; x_wconf 90' lang='lat' dir='ltr'>de</span> <span class='ocrx_word' id='word_1_827' title='bbox 1941 1232 2050 1272; x_wconf 82' lang='lat' dir='ltr'>Viginti</span> <span class='ocrx_word' id='word_1_828' title='bbox 2067 1234 2183 1265; x_wconf 51' lang='lat' dir='ltr'>hfiarcis.</span> 
     </span>
    </p>

    <p class='ocr_par' dir='ltr' id='par_1_52' title="bbox 1303 1269 2368 1415">
     <span class='ocr_line' id='line_1_126' title="bbox 1323 1269 2368 1313; baseline 0.008 -15"><span class='ocrx_word' id='word_1_829' title='bbox 1323 1308 1327 1313; x_wconf 93' lang='lat'>.</span> <span class='ocrx_word' id='word_1_830' title='bbox 1343 1269 1483 1308; x_wconf 69' lang='lat' dir='ltr'>Johannes</span> <span class='ocrx_word' id='word_1_831' title='bbox 1503 1269 1635 1309; x_wconf 76' lang='lat' dir='ltr'>Vnedale,</span> <span class='ocrx_word' id='word_1_832' title='bbox 1654 1270 1690 1301; x_wconf 88' lang='lat' dir='ltr'>de</span> <span class='ocrx_word' id='word_1_833' title='bbox 1710 1270 1798 1301; x_wconf 87' lang='lat' dir='ltr'>Com.</span> <span class='ocrx_word' id='word_1_834' title='bbox 1815 1272 1908 1301; x_wconf 83' lang='lat' dir='ltr'>Sutht.</span> <span class='ocrx_word' id='word_1_835' title='bbox 1923 1272 2073 1311; x_wconf 72' lang='lat' dir='ltr'>Armiger,</span> <span class='ocrx_word' id='word_1_836' title='bbox 2089 1274 2124 1303; x_wconf 83' lang='lat' dir='ltr'>de</span> <span class='ocrx_word' id='word_1_837' title='bbox 2139 1274 2268 1305; x_wconf 86' lang='lat' dir='ltr'>Centum</span> <span class='ocrx_word' id='word_1_838' title='bbox 2285 1274 2368 1308; x_wconf 79' lang='lat' dir='ltr'>Mar·</span> 
     </span>
     <span class='ocr_line' id='line_1_127' title="bbox 1303 1317 2367 1415; baseline 0.008 -39"><span class='ocrx_word' id='word_1_839' title='bbox 1303 1317 1441 1415; x_wconf 38' lang='lat' dir='ltr'>{ij-Abbas</span> <span class='ocrx_word' id='word_1_840' title='bbox 1467 1345 1504 1381; x_wconf 60' lang='grc' dir='ltr'>εἰ»</span> <span class='ocrx_word' id='word_1_841' title='bbox 1531 1350 1684 1377; x_wconf 73' lang='lat' dir='ltr'>Conventus</span> <span class='ocrx_word' id='word_1_842' title='bbox 1709 1349 1804 1377; x_wconf 66' lang='lat' dir='ltr'>Saffli</span> <span class='ocrx_word' id='word_1_843' title='bbox 1829 1349 1967 1378; x_wconf 83' lang='lat' dir='ltr'>Edmundi</span> <span class='ocrx_word' id='word_1_844' title='bbox 1992 1350 2024 1379; x_wconf 83' lang='lat' dir='ltr'>de</span> <span class='ocrx_word' id='word_1_845' title='bbox 2046 1352 2121 1391; x_wconf 79' lang='lat' dir='ltr'>Bury</span> <span class='ocrx_word' id='word_1_846' title='bbox 2137 1373 2147 1389; x_wconf 85' lang='lat'>,</span> <span class='ocrx_word' id='word_1_847' title='bbox 2171 1352 2207 1382; x_wconf 89' lang='lat' dir='ltr'>de</span> <span class='ocrx_word' id='word_1_848' title='bbox 2226 1351 2367 1384; x_wconf 84' lang='lat' dir='ltr'>Ducentis</span> 
     </span>
    </p>

    <p class='ocr_par' dir='ltr' id='par_1_53' title="bbox 1340 1396 2368 1491">
     <span class='ocr_line' id='line_1_128' title="bbox 1340 1396 2368 1491; baseline 0.008 -39"><span class='ocrx_word' id='word_1_849' title='bbox 1340 1396 1528 1491; x_wconf 33' lang='lat' dir='ltr'>aggai-1131&amp;</span> <span class='ocrx_word' id='word_1_850' title='bbox 1543 1424 1708 1469; x_wconf 25' lang='lat' dir='ltr'>’Capitulum</span> <span class='ocrx_word' id='word_1_851' title='bbox 1732 1424 1868 1455; x_wconf 67' lang='lat' dir='ltr'>Ecclesiae</span> <span class='ocrx_word' id='word_1_852' title='bbox 1887 1424 2062 1457; x_wconf 84' lang='lat' dir='ltr'>Cathedralis</span> <span class='ocrx_word' id='word_1_853' title='bbox 2086 1427 2192 1468; x_wconf 71' lang='lat' dir='ltr'>cicestr.</span> <span class='ocrx_word' id='word_1_854' title='bbox 2208 1428 2244 1459; x_wconf 87' lang='lat' dir='ltr'>de</span> <span class='ocrx_word' id='word_1_855' title='bbox 2270 1429 2368 1469; x_wconf 82' lang='lat' dir='ltr'>Qin—</span> 
     </span>
    </p>

    <p class='ocr_par' dir='ltr' id='par_1_54' title="bbox 1302 1471 2367 1545">
     <span class='ocr_line' id='line_1_129' title="bbox 1360 1472 1522 1484; baseline 0.006 -7"><span class='ocrx_word' id='word_1_856' title='bbox 1360 1472 1376 1484; x_wconf 56' lang='grc' dir='ltr'><strong><em>α</em></strong></span> <span class='ocrx_word' id='word_1_857' title='bbox 1517 1473 1522 1478; x_wconf 96' lang='grc'><em>.</em></span> 
     </span>
     <span class='ocr_line' id='line_1_130' title="bbox 1302 1471 2367 1545; baseline 0.008 -17"><span class='ocrx_word' id='word_1_858' title='bbox 1302 1471 1571 1531; x_wconf 39' lang='grc' dir='ltr'>ςυῗῗᾲῖῖαΗωῗξιιεὸς·</span> <span class='ocrx_word' id='word_1_859' title='bbox 1587 1500 1666 1530; x_wconf 78' lang='lat' dir='ltr'>Villae</span> <span class='ocrx_word' id='word_1_860' title='bbox 1682 1501 1712 1530; x_wconf 71' lang='lat' dir='ltr'>de</span> <span class='ocrx_word' id='word_1_861' title='bbox 1732 1505 1824 1541; x_wconf 81' lang='lat' dir='ltr'>Bury,</span> <span class='ocrx_word' id='word_1_862' title='bbox 1843 1501 1878 1532; x_wconf 92' lang='lat' dir='ltr'>de</span> <span class='ocrx_word' id='word_1_863' title='bbox 1893 1501 2024 1533; x_wconf 88' lang='lat' dir='ltr'>Centum</span> <span class='ocrx_word' id='word_1_864' title='bbox 2041 1504 2074 1534; x_wconf 90' lang='lat'>&amp;</span> <span class='ocrx_word' id='word_1_865' title='bbox 2090 1504 2236 1545; x_wconf 82' lang='lat' dir='ltr'>Sexaginta</span> <span class='ocrx_word' id='word_1_866' title='bbox 2250 1504 2367 1538; x_wconf 83' lang='lat' dir='ltr'>Marcis.</span> 
     </span>
    </p>

    <p class='ocr_par' dir='ltr' id='par_1_55' title="bbox 1337 1540 1945 1577">
     <span class='ocr_line' id='line_1_131' title="bbox 1337 1540 1945 1577; baseline 0.005 -10"><span class='ocrx_word' id='word_1_867' title='bbox 1337 1540 1472 1569; x_wconf 50' lang='lat' dir='ltr'>&#39;Henricus</span> <span class='ocrx_word' id='word_1_868' title='bbox 1486 1540 1621 1577; x_wconf 80' lang='lat' dir='ltr'>Popham,</span> <span class='ocrx_word' id='word_1_869' title='bbox 1637 1540 1672 1569; x_wconf 91' lang='lat' dir='ltr'>de</span> <span class='ocrx_word' id='word_1_870' title='bbox 1686 1540 1813 1570; x_wconf 79' lang='lat' dir='ltr'>Centum</span> <span class='ocrx_word' id='word_1_871' title='bbox 1830 1540 1945 1571; x_wconf 73' lang='lat' dir='ltr'>Marcis.</span> 
     </span>
    </p>

    <p class='ocr_par' dir='ltr' id='par_1_56' title="bbox 1341 1578 2014 1616">
     <span class='ocr_line' id='line_1_132' title="bbox 1341 1578 2014 1616; baseline 0.006 -10"><span class='ocrx_word' id='word_1_872' title='bbox 1341 1580 1420 1607; x_wconf 84' lang='lat' dir='ltr'>Prior</span> <span class='ocrx_word' id='word_1_873' title='bbox 1437 1579 1469 1607; x_wconf 87' lang='lat' dir='ltr'>de</span> <span class='ocrx_word' id='word_1_874' title='bbox 1484 1581 1601 1615; x_wconf 81' lang='lat' dir='ltr'>Lewes,</span> <span class='ocrx_word' id='word_1_875' title='bbox 1617 1578 1652 1607; x_wconf 85' lang='lat' dir='ltr'>de</span> <span class='ocrx_word' id='word_1_876' title='bbox 1667 1578 1880 1616; x_wconf 77' lang='lat' dir='ltr'>Qlaterviginti</span> <span class='ocrx_word' id='word_1_877' title='bbox 1898 1579 2014 1610; x_wconf 59' lang='lat' dir='ltr'>Marcis.</span> 
     </span>
    </p>

    <p class='ocr_par' dir='ltr' id='par_1_57' title="bbox 1302 1615 2370 1810">
     <span class='ocr_line' id='line_1_133' title="bbox 1302 1615 2367 1684; baseline 0.008 -41"><span class='ocrx_word' id='word_1_878' title='bbox 1302 1616 1443 1684; x_wconf 78' lang='lat' dir='ltr'>MAbbas</span> <span class='ocrx_word' id='word_1_879' title='bbox 1473 1615 1511 1652; x_wconf 59' lang='grc' dir='ltr'>όν</span> <span class='ocrx_word' id='word_1_880' title='bbox 1539 1621 1693 1647; x_wconf 80' lang='lat' dir='ltr'>Conventus</span> <span class='ocrx_word' id='word_1_881' title='bbox 1721 1619 1815 1646; x_wconf 58' lang='lat' dir='ltr'>San&amp;</span> <span class='ocrx_word' id='word_1_882' title='bbox 1847 1620 1997 1658; x_wconf 76' lang='lat' dir='ltr'>Augustini</span> <span class='ocrx_word' id='word_1_883' title='bbox 2023 1623 2157 1649; x_wconf 70' lang='lat' dir='ltr'>Cantuar.</span> <span class='ocrx_word' id='word_1_884' title='bbox 2180 1619 2217 1651; x_wconf 90' lang='lat' dir='ltr'>de</span> <span class='ocrx_word' id='word_1_885' title='bbox 2239 1619 2367 1654; x_wconf 85' lang='lat' dir='ltr'>Centum</span> 
     </span>
     <span class='ocr_line' id='line_1_134' title="bbox 1341 1665 2210 1733; baseline 0.003 -10"><span class='ocrx_word' id='word_1_886' title='bbox 1341 1665 1505 1723; x_wconf 48' lang='lat' dir='ltr'>ffiiiielmus</span> <span class='ocrx_word' id='word_1_887' title='bbox 1520 1693 1634 1723; x_wconf 78' lang='lat' dir='ltr'>Grevell</span> <span class='ocrx_word' id='word_1_888' title='bbox 1646 1693 1682 1723; x_wconf 89' lang='lat' dir='ltr'>de</span> <span class='ocrx_word' id='word_1_889' title='bbox 1695 1692 1863 1733; x_wconf 82' lang='lat' dir='ltr'>Campeden</span> <span class='ocrx_word' id='word_1_890' title='bbox 1873 1717 1882 1731; x_wconf 87' lang='lat'>,</span> <span class='ocrx_word' id='word_1_891' title='bbox 1900 1693 1935 1723; x_wconf 91' lang='lat' dir='ltr'>de</span> <span class='ocrx_word' id='word_1_892' title='bbox 1951 1694 2079 1725; x_wconf 85' lang='lat' dir='ltr'>Centum</span> <span class='ocrx_word' id='word_1_893' title='bbox 2096 1696 2210 1726; x_wconf 78' lang='lat' dir='ltr'>Marcis.</span> 
     </span>
     <span class='ocr_line' id='line_1_135' title="bbox 1302 1731 2370 1810; baseline 0.006 -49"><span class='ocrx_word' id='word_1_894' title='bbox 1302 1732 1507 1810; x_wconf 46' lang='lat' dir='ltr'>gigg&#39;asissifillrzzg</span> <span class='ocrx_word' id='word_1_895' title='bbox 1529 1735 1609 1762; x_wconf 66' lang='lat' dir='ltr'>Prior</span> <span class='ocrx_word' id='word_1_896' title='bbox 1630 1731 1661 1761; x_wconf 85' lang='lat' dir='ltr'>de</span> <span class='ocrx_word' id='word_1_897' title='bbox 1681 1733 1780 1761; x_wconf 56' lang='lat' dir='ltr'>Sanno</span> <span class='ocrx_word' id='word_1_898' title='bbox 1801 1734 1906 1771; x_wconf 81' lang='lat' dir='ltr'>Neoto,</span> <span class='ocrx_word' id='word_1_899' title='bbox 1925 1733 1960 1763; x_wconf 86' lang='lat' dir='ltr'>de</span> <span class='ocrx_word' id='word_1_900' title='bbox 1977 1731 2067 1764; x_wconf 85' lang='lat' dir='ltr'>Com.</span> <span class='ocrx_word' id='word_1_901' title='bbox 2085 1733 2178 1765; x_wconf 87' lang='lat' dir='ltr'>Hunt.</span> <span class='ocrx_word' id='word_1_902' title='bbox 2192 1735 2228 1766; x_wconf 88' lang='lat' dir='ltr'>de</span> <span class='ocrx_word' id='word_1_903' title='bbox 2242 1735 2370 1774; x_wconf 77' lang='lat' dir='ltr'>Quadra-</span> 
     </span>
    </p>
   </div>
   <div class='ocr_carea' id='block_1_26' title="bbox 1340 1808 2372 1854">
    <p class='ocr_par' dir='ltr' id='par_1_58' title="bbox 1340 1808 2372 1854">
     <span class='ocr_line' id='line_1_136' title="bbox 1340 1808 2372 1854; baseline 0.006 -15"><span class='ocrx_word' id='word_1_904' title='bbox 1340 1809 1448 1840; x_wconf 77' lang='lat' dir='ltr'>Ballzvi</span> <span class='ocrx_word' id='word_1_905' title='bbox 1465 1811 1498 1841; x_wconf 84' lang='lat'>&amp;</span> <span class='ocrx_word' id='word_1_906' title='bbox 1521 1810 1609 1840; x_wconf 87' lang='lat' dir='ltr'>Probi</span> <span class='ocrx_word' id='word_1_907' title='bbox 1624 1809 1769 1840; x_wconf 88' lang='lat' dir='ltr'>Homines</span> <span class='ocrx_word' id='word_1_908' title='bbox 1781 1808 1864 1839; x_wconf 77' lang='lat' dir='ltr'>Villa:</span> <span class='ocrx_word' id='word_1_909' title='bbox 1879 1812 2042 1848; x_wconf 78' lang='lat' dir='ltr'>Gippewici‚</span> <span class='ocrx_word' id='word_1_910' title='bbox 2064 1810 2100 1842; x_wconf 87' lang='lat' dir='ltr'>de</span> <span class='ocrx_word' id='word_1_911' title='bbox 2115 1811 2308 1854; x_wconf 80' lang='lat' dir='ltr'>Qiadraginta</span> <span class='ocrx_word' id='word_1_912' title='bbox 2321 1813 2372 1844; x_wconf 82' lang='lat' dir='ltr'>Li-</span> 
     </span>
    </p>
   </div>
   <div class='ocr_carea' id='block_1_27' title="bbox 1293 1849 2370 4124">
    <p class='ocr_par' dir='ltr' id='par_1_59' title="bbox 1293 1849 2370 4124">
     <span class='ocr_line' id='line_1_137' title="bbox 1301 1849 1364 1879; baseline -0.016 0"><span class='ocrx_word' id='word_1_913' title='bbox 1301 1849 1364 1879; x_wconf 90' lang='lat' dir='ltr'>bris.</span> 
     </span>
     <span class='ocr_line' id='line_1_138' title="bbox 1337 1886 2244 1927; baseline 0.004 -11"><span class='ocrx_word' id='word_1_914' title='bbox 1337 1887 1486 1926; x_wconf 77' lang='lat' dir='ltr'>Stephanus</span> <span class='ocrx_word' id='word_1_915' title='bbox 1500 1891 1598 1927; x_wconf 73' lang='lat' dir='ltr'>Hayne</span> <span class='ocrx_word' id='word_1_916' title='bbox 1610 1886 1645 1917; x_wconf 86' lang='lat' dir='ltr'>de</span> <span class='ocrx_word' id='word_1_917' title='bbox 1659 1886 1733 1917; x_wconf 81' lang='lat' dir='ltr'>Villa</span> <span class='ocrx_word' id='word_1_918' title='bbox 1750 1886 1886 1927; x_wconf 89' lang='lat' dir='ltr'>Wynton</span> <span class='ocrx_word' id='word_1_919' title='bbox 1897 1910 1905 1923; x_wconf 83' lang='lat'>,</span> <span class='ocrx_word' id='word_1_920' title='bbox 1920 1887 1956 1918; x_wconf 87' lang='lat' dir='ltr'>de</span> <span class='ocrx_word' id='word_1_921' title='bbox 1971 1887 2112 1919; x_wconf 84' lang='lat' dir='ltr'>Ducentis</span> <span class='ocrx_word' id='word_1_922' title='bbox 2125 1888 2244 1920; x_wconf 86' lang='lat' dir='ltr'>Marcis.</span> 
     </span>
     <span class='ocr_line' id='line_1_139' title="bbox 1303 1925 2368 1994; baseline 0.006 -40"><span class='ocrx_word' id='word_1_923' title='bbox 1303 1927 1450 1994; x_wconf 83' lang='lat' dir='ltr'>MMojor,</span> <span class='ocrx_word' id='word_1_924' title='bbox 1468 1930 1501 1959; x_wconf 67' lang='grc' dir='ltr'>ὃς</span> <span class='ocrx_word' id='word_1_925' title='bbox 1522 1926 1612 1958; x_wconf 87' lang='lat' dir='ltr'>Probi</span> <span class='ocrx_word' id='word_1_926' title='bbox 1633 1926 1777 1956; x_wconf 79' lang='lat' dir='ltr'>Homines</span> <span class='ocrx_word' id='word_1_927' title='bbox 1800 1925 1933 1956; x_wconf 85' lang='lat' dir='ltr'>Civitatis</span> <span class='ocrx_word' id='word_1_928' title='bbox 1956 1926 2043 1966; x_wconf 73' lang='lat' dir='ltr'>Regis</span> <span class='ocrx_word' id='word_1_929' title='bbox 2064 1927 2169 1967; x_wconf 73' lang='lat' dir='ltr'>cicestr.</span> <span class='ocrx_word' id='word_1_930' title='bbox 2186 1928 2222 1958; x_wconf 87' lang='lat' dir='ltr'>de</span> <span class='ocrx_word' id='word_1_931' title='bbox 2238 1927 2368 1960; x_wconf 87' lang='lat' dir='ltr'>Centum</span> 
     </span>
     <span class='ocr_line' id='line_1_140' title="bbox 1342 1975 1420 1996; baseline 0.013 -1"><span class='ocrx_word' id='word_1_932' title='bbox 1342 1975 1420 1996; x_wconf 81' lang='lat' dir='ltr'>arcis.</span> 
     </span>
     <span class='ocr_line' id='line_1_141' title="bbox 1343 2001 2236 2042; baseline 0.003 -9"><span class='ocrx_word' id='word_1_933' title='bbox 1343 2003 1490 2042; x_wconf 84' lang='lat' dir='ltr'>Johannes</span> <span class='ocrx_word' id='word_1_934' title='bbox 1504 2001 1606 2034; x_wconf 83' lang='lat' dir='ltr'>Abbas</span> <span class='ocrx_word' id='word_1_935' title='bbox 1622 2003 1653 2032; x_wconf 79' lang='lat' dir='ltr'>de</span> <span class='ocrx_word' id='word_1_936' title='bbox 1664 2004 1762 2032; x_wconf 68' lang='lat' dir='ltr'>SanHo</span> <span class='ocrx_word' id='word_1_937' title='bbox 1776 2002 1906 2040; x_wconf 78' lang='lat' dir='ltr'>Albano,</span> <span class='ocrx_word' id='word_1_938' title='bbox 1923 2003 1960 2034; x_wconf 88' lang='lat' dir='ltr'>de</span> <span class='ocrx_word' id='word_1_939' title='bbox 1974 2002 2102 2034; x_wconf 83' lang='lat' dir='ltr'>Centum</span> <span class='ocrx_word' id='word_1_940' title='bbox 2119 2004 2236 2036; x_wconf 81' lang='lat' dir='ltr'>Marcis.</span> 
     </span>
     <span class='ocr_line' id='line_1_142' title="bbox 1304 2041 2370 2112; baseline 0.001 -40"><span class='ocrx_word' id='word_1_941' title='bbox 1304 2042 1485 2112; x_wconf 77' lang='lat' dir='ltr'>MJohannes</span> <span class='ocrx_word' id='word_1_942' title='bbox 1510 2042 1669 2072; x_wconf 81' lang='lat' dir='ltr'>Dorewarol</span> <span class='ocrx_word' id='word_1_943' title='bbox 1694 2041 1826 2081; x_wconf 84' lang='lat' dir='ltr'>Armiger</span> <span class='ocrx_word' id='word_1_944' title='bbox 1841 2064 1850 2080; x_wconf 84' lang='lat'>,</span> <span class='ocrx_word' id='word_1_945' title='bbox 1881 2042 1917 2072; x_wconf 92' lang='lat' dir='ltr'>de</span> <span class='ocrx_word' id='word_1_946' title='bbox 1944 2041 2034 2072; x_wconf 89' lang='lat' dir='ltr'>Corn.</span> <span class='ocrx_word' id='word_1_947' title='bbox 2058 2042 2140 2074; x_wconf 74' lang='lat' dir='ltr'>Essex</span> <span class='ocrx_word' id='word_1_948' title='bbox 2154 2064 2164 2082; x_wconf 89' lang='lat'>,</span> <span class='ocrx_word' id='word_1_949' title='bbox 2187 2045 2223 2075; x_wconf 86' lang='lat' dir='ltr'>de</span> <span class='ocrx_word' id='word_1_950' title='bbox 2242 2042 2370 2076; x_wconf 81' lang='lat' dir='ltr'>Centum</span> 
     </span>
     <span class='ocr_line' id='line_1_143' title="bbox 1345 2092 1422 2112; baseline 0 -1"><span class='ocrx_word' id='word_1_951' title='bbox 1345 2092 1422 2112; x_wconf 78' lang='lat' dir='ltr'>arcis.</span> 
     </span>
     <span class='ocr_line' id='line_1_144' title="bbox 1342 2116 2232 2156; baseline 0.003 -7"><span class='ocrx_word' id='word_1_952' title='bbox 1342 2120 1462 2150; x_wconf 78' lang='lat' dir='ltr'>Thomas</span> <span class='ocrx_word' id='word_1_953' title='bbox 1482 2116 1622 2156; x_wconf 78' lang='lat' dir='ltr'>Coggcfhal</span> <span class='ocrx_word' id='word_1_954' title='bbox 1636 2117 1673 2147; x_wconf 84' lang='lat' dir='ltr'>de</span> <span class='ocrx_word' id='word_1_955' title='bbox 1695 2117 1783 2148; x_wconf 90' lang='lat' dir='ltr'>Com.</span> <span class='ocrx_word' id='word_1_956' title='bbox 1806 2118 1906 2156; x_wconf 82' lang='lat' dir='ltr'>Effex,</span> <span class='ocrx_word' id='word_1_957' title='bbox 1922 2119 1958 2150; x_wconf 89' lang='lat' dir='ltr'>de</span> <span class='ocrx_word' id='word_1_958' title='bbox 1972 2119 2099 2150; x_wconf 84' lang='lat' dir='ltr'>Centum</span> <span class='ocrx_word' id='word_1_959' title='bbox 2116 2119 2232 2152; x_wconf 88' lang='lat' dir='ltr'>Marcis.</span> 
     </span>
     <span class='ocr_line' id='line_1_145' title="bbox 1341 2156 2369 2227; baseline 0.002 -39"><span class='ocrx_word' id='word_1_960' title='bbox 1341 2158 1598 2227; x_wconf 63' lang='lat' dir='ltr'>IllqjorMBallivi,</span> <span class='ocrx_word' id='word_1_961' title='bbox 1617 2157 1649 2187; x_wconf 87' lang='lat'>&amp;</span> <span class='ocrx_word' id='word_1_962' title='bbox 1670 2156 1757 2187; x_wconf 89' lang='lat' dir='ltr'>Probi</span> <span class='ocrx_word' id='word_1_963' title='bbox 1771 2156 1916 2188; x_wconf 87' lang='lat' dir='ltr'>Homines</span> <span class='ocrx_word' id='word_1_964' title='bbox 1933 2158 2018 2189; x_wconf 85' lang='lat' dir='ltr'>Villae</span> <span class='ocrx_word' id='word_1_965' title='bbox 2033 2160 2064 2189; x_wconf 82' lang='lat' dir='ltr'>de</span> <span class='ocrx_word' id='word_1_966' title='bbox 2083 2160 2223 2200; x_wconf 71' lang='lat' dir='ltr'>Sudbmy,</span> <span class='ocrx_word' id='word_1_967' title='bbox 2238 2159 2274 2190; x_wconf 90' lang='lat' dir='ltr'>de</span> <span class='ocrx_word' id='word_1_968' title='bbox 2288 2160 2369 2199; x_wconf 86' lang='lat' dir='ltr'>Qua-</span> 
     </span>
     <span class='ocr_line' id='line_1_146' title="bbox 1303 2198 1560 2228; baseline -0.012 0"><span class='ocrx_word' id='word_1_969' title='bbox 1303 2198 1427 2228; x_wconf 72' lang='lat' dir='ltr'>draotnm</span> <span class='ocrx_word' id='word_1_970' title='bbox 1482 2198 1560 2227; x_wconf 80' lang='lat' dir='ltr'>arcis.</span> 
     </span>
     <span class='ocr_line' id='line_1_147' title="bbox 1339 2222 2298 2276; baseline 0.002 -10"><span class='ocrx_word' id='word_1_971' title='bbox 1339 2222 1420 2266; x_wconf 65' lang='grc' dir='ltr'><em>ῥ’γοω</em></span> <span class='ocrx_word' id='word_1_972' title='bbox 1435 2239 1564 2265; x_wconf 61' lang='lat' dir='ltr'>Homines</span> <span class='ocrx_word' id='word_1_973' title='bbox 1580 2234 1661 2264; x_wconf 53' lang='lat' dir='ltr'>Vola</span> <span class='ocrx_word' id='word_1_974' title='bbox 1676 2235 1706 2264; x_wconf 69' lang='lat' dir='ltr'>de</span> <span class='ocrx_word' id='word_1_975' title='bbox 1720 2235 1922 2273; x_wconf 77' lang='lat' dir='ltr'>Huntyngdon,</span> <span class='ocrx_word' id='word_1_976' title='bbox 1939 2235 1974 2266; x_wconf 82' lang='lat' dir='ltr'>de</span> <span class='ocrx_word' id='word_1_977' title='bbox 1990 2236 2182 2276; x_wconf 69' lang='lat' dir='ltr'>Quadraginta</span> <span class='ocrx_word' id='word_1_978' title='bbox 2196 2237 2298 2269; x_wconf 78' lang='lat' dir='ltr'>Libris.</span> 
     </span>
     <span class='ocr_line' id='line_1_148' title="bbox 1342 2273 1940 2312; baseline -0.002 -7"><span class='ocrx_word' id='word_1_979' title='bbox 1342 2277 1421 2305; x_wconf 81' lang='lat' dir='ltr'>Prior</span> <span class='ocrx_word' id='word_1_980' title='bbox 1435 2276 1466 2305; x_wconf 83' lang='lat' dir='ltr'>de</span> <span class='ocrx_word' id='word_1_981' title='bbox 1480 2273 1644 2312; x_wconf 76' lang='lat' dir='ltr'>Dunstaple,</span> <span class='ocrx_word' id='word_1_982' title='bbox 1662 2273 1697 2303; x_wconf 90' lang='lat' dir='ltr'>de</span> <span class='ocrx_word' id='word_1_983' title='bbox 1712 2273 1739 2303; x_wconf 88' lang='lat' dir='ltr'>V</span> <span class='ocrx_word' id='word_1_984' title='bbox 1743 2275 1820 2311; x_wconf 61' lang='lat' dir='ltr'>iginti</span> <span class='ocrx_word' id='word_1_985' title='bbox 1838 2274 1940 2304; x_wconf 87' lang='lat' dir='ltr'>Libris.</span> 
     </span>
     <span class='ocr_line' id='line_1_149' title="bbox 1342 2312 2259 2353; baseline 0 -9"><span class='ocrx_word' id='word_1_986' title='bbox 1342 2313 1426 2344; x_wconf 81' lang='lat' dir='ltr'>Probi</span> <span class='ocrx_word' id='word_1_987' title='bbox 1440 2312 1568 2343; x_wconf 71' lang='lat' dir='ltr'>Homines</span> <span class='ocrx_word' id='word_1_988' title='bbox 1583 2312 1668 2342; x_wconf 78' lang='lat' dir='ltr'>Villae</span> <span class='ocrx_word' id='word_1_989' title='bbox 1684 2313 1715 2341; x_wconf 87' lang='lat' dir='ltr'>de</span> <span class='ocrx_word' id='word_1_990' title='bbox 1728 2312 1878 2350; x_wconf 75' lang='lat' dir='ltr'>Eedeford,</span> <span class='ocrx_word' id='word_1_991' title='bbox 1896 2313 1932 2343; x_wconf 83' lang='lat' dir='ltr'>de</span> <span class='ocrx_word' id='word_1_992' title='bbox 1948 2313 2142 2353; x_wconf 76' lang='lat' dir='ltr'>Quadraginta</span> <span class='ocrx_word' id='word_1_993' title='bbox 2156 2314 2259 2346; x_wconf 84' lang='lat' dir='ltr'>Libris.</span> 
     </span>
     <span class='ocr_line' id='line_1_150' title="bbox 1341 2350 2015 2419; baseline -0.003 -37"><span class='ocrx_word' id='word_1_994' title='bbox 1341 2355 1421 2382; x_wconf 75' lang='lat' dir='ltr'>Prior</span> <span class='ocrx_word' id='word_1_995' title='bbox 1439 2353 1471 2382; x_wconf 86' lang='lat' dir='ltr'>de</span> <span class='ocrx_word' id='word_1_996' title='bbox 1486 2350 1634 2390; x_wconf 60' lang='lat' dir='ltr'>Spalusrng,</span> <span class='ocrx_word' id='word_1_997' title='bbox 1655 2352 1690 2381; x_wconf 93' lang='lat' dir='ltr'>de</span> <span class='ocrx_word' id='word_1_998' title='bbox 1703 2351 1896 2419; x_wconf 43' lang='lat' dir='ltr'>Qadraginta</span> <span class='ocrx_word' id='word_1_999' title='bbox 1914 2351 2015 2381; x_wconf 89' lang='lat' dir='ltr'>Libris.</span> 
     </span>
     <span class='ocr_line' id='line_1_151' title="bbox 1340 2389 1991 2429; baseline 0 -9"><span class='ocrx_word' id='word_1_1000' title='bbox 1340 2391 1442 2421; x_wconf 63' lang='lat' dir='ltr'>Akbas</span> <span class='ocrx_word' id='word_1_1001' title='bbox 1456 2392 1487 2421; x_wconf 72' lang='lat' dir='ltr'>de</span> <span class='ocrx_word' id='word_1_1002' title='bbox 1506 2389 1655 2429; x_wconf 72' lang='lat' dir='ltr'>croyland,</span> <span class='ocrx_word' id='word_1_1003' title='bbox 1674 2389 1709 2420; x_wconf 85' lang='lat' dir='ltr'>de</span> <span class='ocrx_word' id='word_1_1004' title='bbox 1755 2398 1853 2420; x_wconf 88' lang='lat' dir='ltr'>entum</span> <span class='ocrx_word' id='word_1_1005' title='bbox 1873 2390 1991 2420; x_wconf 83' lang='lat' dir='ltr'>Marcis.</span> 
     </span>
     <span class='ocr_line' id='line_1_152' title="bbox 1343 2428 2128 2467; baseline 0 -7"><span class='ocrx_word' id='word_1_1006' title='bbox 1343 2429 1506 2460; x_wconf 66' lang='lat' dir='ltr'>Willielmtrs</span> <span class='ocrx_word' id='word_1_1007' title='bbox 1524 2431 1631 2466; x_wconf 73' lang='lat' dir='ltr'>Mojgne</span> <span class='ocrx_word' id='word_1_1008' title='bbox 1646 2428 1798 2467; x_wconf 67' lang='lat' dir='ltr'>Chivaler,</span> <span class='ocrx_word' id='word_1_1009' title='bbox 1814 2430 1849 2460; x_wconf 83' lang='lat' dir='ltr'>de</span> <span class='ocrx_word' id='word_1_1010' title='bbox 1864 2428 1992 2460; x_wconf 88' lang='lat' dir='ltr'>Centum</span> <span class='ocrx_word' id='word_1_1011' title='bbox 2011 2428 2128 2460; x_wconf 75' lang='lat' dir='ltr'>Marcis.</span> 
     </span>
     <span class='ocr_line' id='line_1_153' title="bbox 1342 2467 2017 2507; baseline -0.001 -9"><span class='ocrx_word' id='word_1_1012' title='bbox 1342 2469 1442 2499; x_wconf 81' lang='lat' dir='ltr'>Abbas</span> <span class='ocrx_word' id='word_1_1013' title='bbox 1459 2469 1491 2498; x_wconf 78' lang='lat' dir='ltr'>de</span> <span class='ocrx_word' id='word_1_1014' title='bbox 1508 2469 1607 2507; x_wconf 61' lang='lat' dir='ltr'>Osensjy</span> <span class='ocrx_word' id='word_1_1015' title='bbox 1620 2490 1629 2505; x_wconf 92' lang='lat'>,</span> <span class='ocrx_word' id='word_1_1016' title='bbox 1648 2468 1683 2497; x_wconf 88' lang='lat' dir='ltr'>de</span> <span class='ocrx_word' id='word_1_1017' title='bbox 1699 2467 1897 2506; x_wconf 72' lang='lat' dir='ltr'>Quadraginta</span> <span class='ocrx_word' id='word_1_1018' title='bbox 1914 2467 2017 2498; x_wconf 77' lang='lat' dir='ltr'>Libris.</span> 
     </span>
     <span class='ocr_line' id='line_1_154' title="bbox 1340 2505 2127 2545; baseline -0.001 -8"><span class='ocrx_word' id='word_1_1019' title='bbox 1340 2507 1460 2537; x_wconf 82' lang='lat' dir='ltr'>Thomas</span> <span class='ocrx_word' id='word_1_1020' title='bbox 1481 2507 1580 2536; x_wconf 65' lang='lat' dir='ltr'>Abbas</span> <span class='ocrx_word' id='word_1_1021' title='bbox 1600 2506 1630 2535; x_wconf 84' lang='lat' dir='ltr'>de</span> <span class='ocrx_word' id='word_1_1022' title='bbox 1646 2505 1747 2543; x_wconf 82' lang='lat' dir='ltr'>Notle,</span> <span class='ocrx_word' id='word_1_1023' title='bbox 1765 2506 1801 2536; x_wconf 88' lang='lat' dir='ltr'>cle</span> <span class='ocrx_word' id='word_1_1024' title='bbox 1817 2507 2009 2545; x_wconf 82' lang='lat' dir='ltr'>Quadraginta</span> <span class='ocrx_word' id='word_1_1025' title='bbox 2026 2506 2127 2536; x_wconf 82' lang='lat' dir='ltr'>Libris.</span> 
     </span>
     <span class='ocr_line' id='line_1_155' title="bbox 1344 2543 2300 2584; baseline 0.001 -9"><span class='ocrx_word' id='word_1_1026' title='bbox 1344 2546 1427 2575; x_wconf 83' lang='lat' dir='ltr'>Probi</span> <span class='ocrx_word' id='word_1_1027' title='bbox 1446 2548 1575 2575; x_wconf 79' lang='lat' dir='ltr'>Homines</span> <span class='ocrx_word' id='word_1_1028' title='bbox 1588 2548 1615 2574; x_wconf 92' lang='lat' dir='ltr'><em>V</em></span> <span class='ocrx_word' id='word_1_1029' title='bbox 1617 2544 1671 2574; x_wconf 51' lang='lat' dir='ltr'>illie</span> <span class='ocrx_word' id='word_1_1030' title='bbox 1687 2545 1718 2573; x_wconf 74' lang='lat' dir='ltr'>de</span> <span class='ocrx_word' id='word_1_1031' title='bbox 1730 2543 1890 2582; x_wconf 68' lang='lat' dir='ltr'>Lodelowe,</span> <span class='ocrx_word' id='word_1_1032' title='bbox 1909 2545 1945 2574; x_wconf 84' lang='lat' dir='ltr'>de</span> <span class='ocrx_word' id='word_1_1033' title='bbox 1966 2545 2159 2584; x_wconf 77' lang='lat' dir='ltr'>Quadraginta</span> <span class='ocrx_word' id='word_1_1034' title='bbox 2183 2543 2300 2576; x_wconf 54' lang='lat' dir='ltr'>asiarcis.</span> 
     </span>
     <span class='ocr_line' id='line_1_156' title="bbox 1342 2582 2140 2623; baseline -0.001 -9"><span class='ocrx_word' id='word_1_1035' title='bbox 1342 2584 1486 2623; x_wconf 82' lang='lat' dir='ltr'>Johannes</span> <span class='ocrx_word' id='word_1_1036' title='bbox 1504 2587 1583 2614; x_wconf 89' lang='lat' dir='ltr'>Prior</span> <span class='ocrx_word' id='word_1_1037' title='bbox 1603 2583 1634 2612; x_wconf 80' lang='lat' dir='ltr'>de</span> <span class='ocrx_word' id='word_1_1038' title='bbox 1655 2583 1827 2621; x_wconf 80' lang='lat' dir='ltr'>Bernewell,</span> <span class='ocrx_word' id='word_1_1039' title='bbox 1845 2584 1881 2613; x_wconf 87' lang='lat' dir='ltr'>de</span> <span class='ocrx_word' id='word_1_1040' title='bbox 1899 2582 2006 2621; x_wconf 74' lang='lat' dir='ltr'>Viginti</span> <span class='ocrx_word' id='word_1_1041' title='bbox 2024 2584 2140 2613; x_wconf 82' lang='lat' dir='ltr'>Marcis.</span> 
     </span>
     <span class='ocr_line' id='line_1_157' title="bbox 1340 2620 2142 2661; baseline -0.001 -9"><span class='ocrx_word' id='word_1_1042' title='bbox 1340 2623 1486 2661; x_wconf 72' lang='lat' dir='ltr'>Johamzes</span> <span class='ocrx_word' id='word_1_1043' title='bbox 1502 2625 1581 2652; x_wconf 85' lang='lat' dir='ltr'>Prior</span> <span class='ocrx_word' id='word_1_1044' title='bbox 1595 2621 1626 2650; x_wconf 83' lang='lat' dir='ltr'>de</span> <span class='ocrx_word' id='word_1_1045' title='bbox 1641 2620 1847 2661; x_wconf 69' lang='lat' dir='ltr'>Walsjtngham,</span> <span class='ocrx_word' id='word_1_1046' title='bbox 1864 2623 1900 2652; x_wconf 89' lang='lat' dir='ltr'>de</span> <span class='ocrx_word' id='word_1_1047' title='bbox 1916 2621 2022 2661; x_wconf 84' lang='lat' dir='ltr'>Viginti</span> <span class='ocrx_word' id='word_1_1048' title='bbox 2040 2622 2142 2652; x_wconf 83' lang='lat' dir='ltr'>Libris.</span> 
     </span>
     <span class='ocr_line' id='line_1_158' title="bbox 1340 2659 2103 2699; baseline 0 -8"><span class='ocrx_word' id='word_1_1049' title='bbox 1340 2661 1489 2692; x_wconf 75' lang='lat' dir='ltr'>Nicholaus</span> <span class='ocrx_word' id='word_1_1050' title='bbox 1505 2660 1655 2699; x_wconf 73' lang='lat' dir='ltr'>Brakkeley</span> <span class='ocrx_word' id='word_1_1051' title='bbox 1671 2660 1815 2698; x_wconf 70' lang='lat' dir='ltr'>Armiger,</span> <span class='ocrx_word' id='word_1_1052' title='bbox 1832 2660 1868 2690; x_wconf 85' lang='lat' dir='ltr'>de</span> <span class='ocrx_word' id='word_1_1053' title='bbox 1883 2659 1989 2699; x_wconf 79' lang='lat' dir='ltr'>Viginti</span> <span class='ocrx_word' id='word_1_1054' title='bbox 2003 2660 2103 2691; x_wconf 80' lang='lat' dir='ltr'>Libris.</span> 
     </span>
     <span class='ocr_line' id='line_1_159' title="bbox 1340 2692 2004 2739; baseline -0.003 -10"><span class='ocrx_word' id='word_1_1055' title='bbox 1340 2700 1439 2729; x_wconf 86' lang='lat' dir='ltr'>Abbas</span> <span class='ocrx_word' id='word_1_1056' title='bbox 1457 2700 1488 2730; x_wconf 84' lang='lat' dir='ltr'>de</span> <span class='ocrx_word' id='word_1_1057' title='bbox 1506 2699 1672 2739; x_wconf 78' lang='lat' dir='ltr'>Gloucestre,</span> <span class='ocrx_word' id='word_1_1058' title='bbox 1690 2699 1726 2729; x_wconf 91' lang='lat' dir='ltr'>de</span> <span class='ocrx_word' id='word_1_1059' title='bbox 1745 2692 1887 2729; x_wconf 84' lang='lat' dir='ltr'>Ducentis</span> <span class='ocrx_word' id='word_1_1060' title='bbox 1903 2699 2004 2729; x_wconf 83' lang='lat' dir='ltr'>Libris.</span> 
     </span>
     <span class='ocr_line' id='line_1_160' title="bbox 1340 2736 2370 2778; baseline 0.002 -11"><span class='ocrx_word' id='word_1_1061' title='bbox 1340 2739 1466 2778; x_wconf 79' lang='lat' dir='ltr'>Ballivi,</span> <span class='ocrx_word' id='word_1_1062' title='bbox 1483 2740 1516 2770; x_wconf 87' lang='lat'>&amp;</span> <span class='ocrx_word' id='word_1_1063' title='bbox 1541 2738 1631 2768; x_wconf 87' lang='lat' dir='ltr'>Probi</span> <span class='ocrx_word' id='word_1_1064' title='bbox 1651 2737 1794 2768; x_wconf 77' lang='lat' dir='ltr'>Homines</span> <span class='ocrx_word' id='word_1_1065' title='bbox 1818 2737 1900 2768; x_wconf 80' lang='lat' dir='ltr'>Villae</span> <span class='ocrx_word' id='word_1_1066' title='bbox 1920 2736 2087 2768; x_wconf 86' lang='lat' dir='ltr'>Gloucestr.</span> <span class='ocrx_word' id='word_1_1067' title='bbox 2106 2738 2141 2769; x_wconf 91' lang='lat' dir='ltr'>de</span> <span class='ocrx_word' id='word_1_1068' title='bbox 2163 2738 2305 2769; x_wconf 87' lang='lat' dir='ltr'>Ducentis</span> <span class='ocrx_word' id='word_1_1069' title='bbox 2319 2738 2370 2770; x_wconf 91' lang='lat' dir='ltr'>Li-</span> 
     </span>
     <span class='ocr_line' id='line_1_161' title="bbox 1304 2779 1368 2809; baseline -0.031 0"><span class='ocrx_word' id='word_1_1070' title='bbox 1304 2779 1368 2809; x_wconf 90' lang='lat' dir='ltr'>bris.</span> 
     </span>
     <span class='ocr_line' id='line_1_162' title="bbox 1342 2813 2366 2855; baseline -0.002 -10"><span class='ocrx_word' id='word_1_1071' title='bbox 1342 2816 1490 2855; x_wconf 75' lang='lat' dir='ltr'>Johannes</span> <span class='ocrx_word' id='word_1_1072' title='bbox 1504 2815 1602 2845; x_wconf 81' lang='lat' dir='ltr'>Pechel</span> <span class='ocrx_word' id='word_1_1073' title='bbox 1614 2814 1735 2845; x_wconf 88' lang='lat' dir='ltr'>Parsona</span> <span class='ocrx_word' id='word_1_1074' title='bbox 1749 2813 1884 2845; x_wconf 77' lang='lat' dir='ltr'>Ecclesiae</span> <span class='ocrx_word' id='word_1_1075' title='bbox 1895 2814 1932 2844; x_wconf 92' lang='lat' dir='ltr'>de</span> <span class='ocrx_word' id='word_1_1076' title='bbox 1948 2814 2053 2844; x_wconf 90' lang='lat' dir='ltr'>Histon</span> <span class='ocrx_word' id='word_1_1077' title='bbox 2090 2814 2126 2844; x_wconf 92' lang='lat' dir='ltr'>de</span> <span class='ocrx_word' id='word_1_1078' title='bbox 2141 2814 2248 2855; x_wconf 84' lang='lat' dir='ltr'>Viginti</span> <span class='ocrx_word' id='word_1_1079' title='bbox 2265 2815 2366 2846; x_wconf 90' lang='lat' dir='ltr'>Libris.</span> 
     </span>
     <span class='ocr_line' id='line_1_163' title="bbox 1299 2853 2152 2893; baseline -0.001 -9"><span class='ocrx_word' id='word_1_1080' title='bbox 1299 2862 1321 2875; x_wconf 56' lang='lat' dir='ltr'>t-</span> <span class='ocrx_word' id='word_1_1081' title='bbox 1340 2855 1479 2887; x_wconf 82' lang='lat' dir='ltr'>Walterus</span> <span class='ocrx_word' id='word_1_1082' title='bbox 1496 2854 1605 2893; x_wconf 83' lang='lat' dir='ltr'>Clopton</span> <span class='ocrx_word' id='word_1_1083' title='bbox 1624 2853 1773 2889; x_wconf 82' lang='lat' dir='ltr'>Chivaler,</span> <span class='ocrx_word' id='word_1_1084' title='bbox 1791 2853 1827 2883; x_wconf 89' lang='lat' dir='ltr'>de</span> <span class='ocrx_word' id='word_1_1085' title='bbox 1844 2853 2018 2891; x_wconf 76' lang='lat' dir='ltr'>Qiingentis</span> <span class='ocrx_word' id='word_1_1086' title='bbox 2073 2855 2152 2883; x_wconf 81' lang='lat' dir='ltr'>arcis.</span> 
     </span>
     <span class='ocr_line' id='line_1_164' title="bbox 1341 2891 2223 2932; baseline -0.002 -9"><span class='ocrx_word' id='word_1_1087' title='bbox 1341 2895 1475 2923; x_wconf 81' lang='lat' dir='ltr'>Henricus</span> <span class='ocrx_word' id='word_1_1088' title='bbox 1493 2896 1589 2932; x_wconf 81' lang='lat' dir='ltr'>Brayn</span> <span class='ocrx_word' id='word_1_1089' title='bbox 1605 2893 1640 2922; x_wconf 89' lang='lat' dir='ltr'>de</span> <span class='ocrx_word' id='word_1_1090' title='bbox 1660 2892 1748 2922; x_wconf 88' lang='lat' dir='ltr'>Com.</span> <span class='ocrx_word' id='word_1_1091' title='bbox 1767 2891 1903 2921; x_wconf 86' lang='lat' dir='ltr'>Cantebr.</span> <span class='ocrx_word' id='word_1_1092' title='bbox 1923 2892 1959 2921; x_wconf 92' lang='lat' dir='ltr'>de</span> <span class='ocrx_word' id='word_1_1093' title='bbox 1978 2891 2087 2930; x_wconf 87' lang='lat' dir='ltr'>Viginti</span> <span class='ocrx_word' id='word_1_1094' title='bbox 2106 2891 2223 2923; x_wconf 87' lang='lat' dir='ltr'>Marcis.</span> 
     </span>
     <span class='ocr_line' id='line_1_165' title="bbox 1339 2929 2055 2968; baseline -0.006 -5"><span class='ocrx_word' id='word_1_1095' title='bbox 1339 2932 1443 2963; x_wconf 87' lang='lat' dir='ltr'>Abbas</span> <span class='ocrx_word' id='word_1_1096' title='bbox 1460 2932 1491 2961; x_wconf 82' lang='lat' dir='ltr'>de</span> <span class='ocrx_word' id='word_1_1097' title='bbox 1512 2931 1658 2968; x_wconf 76' lang='lat' dir='ltr'>Wuborn,</span> <span class='ocrx_word' id='word_1_1098' title='bbox 1676 2930 1712 2960; x_wconf 89' lang='lat' dir='ltr'>de</span> <span class='ocrx_word' id='word_1_1099' title='bbox 1729 2930 1924 2968; x_wconf 81' lang='lat' dir='ltr'>Qadraginta</span> <span class='ocrx_word' id='word_1_1100' title='bbox 1940 2929 2055 2960; x_wconf 87' lang='lat' dir='ltr'>Marcis.</span> 
     </span>
     <span class='ocr_line' id='line_1_166' title="bbox 1342 2968 2369 3009; baseline -0.001 -8"><span class='ocrx_word' id='word_1_1101' title='bbox 1342 2970 1471 3008; x_wconf 81' lang='lat' dir='ltr'>Ballivi,</span> <span class='ocrx_word' id='word_1_1102' title='bbox 1489 2972 1521 3001; x_wconf 86' lang='lat'>&amp;</span> <span class='ocrx_word' id='word_1_1103' title='bbox 1544 2969 1631 2999; x_wconf 90' lang='lat' dir='ltr'>Probi</span> <span class='ocrx_word' id='word_1_1104' title='bbox 1651 2968 1796 2999; x_wconf 87' lang='lat' dir='ltr'>Homines</span> <span class='ocrx_word' id='word_1_1105' title='bbox 1819 2969 1900 2999; x_wconf 65' lang='lat' dir='ltr'>Villae</span> <span class='ocrx_word' id='word_1_1106' title='bbox 1924 2968 2077 3008; x_wconf 79' lang='lat' dir='ltr'>cirencestr.</span> <span class='ocrx_word' id='word_1_1107' title='bbox 2099 2968 2135 2999; x_wconf 90' lang='lat' dir='ltr'>de</span> <span class='ocrx_word' id='word_1_1108' title='bbox 2160 2969 2306 3009; x_wconf 82' lang='lat' dir='ltr'>Sexaginta</span> <span class='ocrx_word' id='word_1_1109' title='bbox 2320 2969 2369 3000; x_wconf 86' lang='lat' dir='ltr'>Li-</span> 
     </span>
     <span class='ocr_line' id='line_1_167' title="bbox 1302 3010 1365 3040; baseline -0.016 0"><span class='ocrx_word' id='word_1_1110' title='bbox 1302 3010 1365 3040; x_wconf 85' lang='lat' dir='ltr'>bris.</span> 
     </span>
     <span class='ocr_line' id='line_1_168' title="bbox 1339 3044 2341 3086; baseline -0.001 -8"><span class='ocrx_word' id='word_1_1111' title='bbox 1339 3047 1460 3078; x_wconf 82' lang='lat' dir='ltr'>Thomas</span> <span class='ocrx_word' id='word_1_1112' title='bbox 1477 3049 1592 3084; x_wconf 80' lang='lat' dir='ltr'>Lampit</span> <span class='ocrx_word' id='word_1_1113' title='bbox 1611 3046 1744 3085; x_wconf 78' lang='lat' dir='ltr'>Armiger</span> <span class='ocrx_word' id='word_1_1114' title='bbox 1761 3046 1796 3076; x_wconf 93' lang='lat' dir='ltr'>de</span> <span class='ocrx_word' id='word_1_1115' title='bbox 1813 3045 1903 3076; x_wconf 86' lang='lat' dir='ltr'>Com.</span> <span class='ocrx_word' id='word_1_1116' title='bbox 1923 3044 2008 3076; x_wconf 78' lang='lat' dir='ltr'>Effex</span> <span class='ocrx_word' id='word_1_1117' title='bbox 2019 3068 2028 3083; x_wconf 89' lang='lat'>,</span> <span class='ocrx_word' id='word_1_1118' title='bbox 2046 3045 2082 3075; x_wconf 90' lang='lat' dir='ltr'>de</span> <span class='ocrx_word' id='word_1_1119' title='bbox 2097 3045 2208 3086; x_wconf 80' lang='lat' dir='ltr'>Viginti</span> <span class='ocrx_word' id='word_1_1120' title='bbox 2225 3045 2341 3078; x_wconf 86' lang='lat' dir='ltr'>Marcis.</span> 
     </span>
     <span class='ocr_line' id='line_1_169' title="bbox 1342 3083 2369 3124; baseline 0.001 -8"><span class='ocrx_word' id='word_1_1121' title='bbox 1342 3087 1456 3124; x_wconf 80' lang='lat' dir='ltr'>Ma&#39;or,</span> <span class='ocrx_word' id='word_1_1122' title='bbox 1476 3085 1603 3123; x_wconf 72' lang='lat' dir='ltr'>Ballivi,</span> <span class='ocrx_word' id='word_1_1123' title='bbox 1621 3084 1659 3120; x_wconf 55' lang='grc' dir='ltr'>«ἂν</span> <span class='ocrx_word' id='word_1_1124' title='bbox 1676 3085 1758 3114; x_wconf 84' lang='lat' dir='ltr'>Probi</span> <span class='ocrx_word' id='word_1_1125' title='bbox 1772 3087 1899 3114; x_wconf 81' lang='lat' dir='ltr'>Homines</span> <span class='ocrx_word' id='word_1_1126' title='bbox 1917 3087 1943 3113; x_wconf 90' lang='lat' dir='ltr'><em>V</em></span> <span class='ocrx_word' id='word_1_1127' title='bbox 1945 3083 2000 3114; x_wconf 81' lang='lat' dir='ltr'>illae</span> <span class='ocrx_word' id='word_1_1128' title='bbox 2014 3084 2224 3124; x_wconf 59' lang='lat' dir='ltr'>Nos-hampton,</span> <span class='ocrx_word' id='word_1_1129' title='bbox 2242 3086 2277 3116; x_wconf 87' lang='lat' dir='ltr'>de</span> <span class='ocrx_word' id='word_1_1130' title='bbox 2290 3086 2369 3117; x_wconf 88' lang='lat' dir='ltr'>Cen-</span> 
     </span>
     <span class='ocr_line' id='line_1_170' title="bbox 1303 3125 1500 3156; baseline -0.015 0"><span class='ocrx_word' id='word_1_1131' title='bbox 1303 3134 1364 3156; x_wconf 87' lang='lat' dir='ltr'>tum</span> <span class='ocrx_word' id='word_1_1132' title='bbox 1409 3125 1500 3155; x_wconf 74' lang='lat' dir='ltr'>larcis.</span> 
     </span>
     <span class='ocr_line' id='line_1_171' title="bbox 1340 3160 1975 3201; baseline -0.008 -7"><span class='ocrx_word' id='word_1_1133' title='bbox 1340 3167 1419 3194; x_wconf 76' lang='lat' dir='ltr'>Prior</span> <span class='ocrx_word' id='word_1_1134' title='bbox 1431 3164 1462 3192; x_wconf 82' lang='lat' dir='ltr'>de</span> <span class='ocrx_word' id='word_1_1135' title='bbox 1477 3161 1641 3201; x_wconf 81' lang='lat' dir='ltr'>Lanthony,</span> <span class='ocrx_word' id='word_1_1136' title='bbox 1660 3162 1695 3192; x_wconf 88' lang='lat' dir='ltr'>de</span> <span class='ocrx_word' id='word_1_1137' title='bbox 1712 3161 1840 3192; x_wconf 83' lang='lat' dir='ltr'>Centum</span> <span class='ocrx_word' id='word_1_1138' title='bbox 1858 3160 1975 3192; x_wconf 74' lang='lat' dir='ltr'>Marcis.</span> 
     </span>
     <span class='ocr_line' id='line_1_172' title="bbox 1340 3199 2317 3240; baseline -0.002 -7"><span class='ocrx_word' id='word_1_1139' title='bbox 1340 3202 1421 3233; x_wconf 83' lang='lat' dir='ltr'>Probi</span> <span class='ocrx_word' id='word_1_1140' title='bbox 1438 3204 1565 3231; x_wconf 78' lang='lat' dir='ltr'>Homines</span> <span class='ocrx_word' id='word_1_1141' title='bbox 1580 3204 1606 3230; x_wconf 85' lang='lat' dir='ltr'><em>V</em></span> <span class='ocrx_word' id='word_1_1142' title='bbox 1609 3200 1663 3230; x_wconf 78' lang='lat' dir='ltr'>illae</span> <span class='ocrx_word' id='word_1_1143' title='bbox 1677 3201 1708 3229; x_wconf 81' lang='lat' dir='ltr'>de</span> <span class='ocrx_word' id='word_1_1144' title='bbox 1722 3204 1905 3240; x_wconf 54' lang='lat' dir='ltr'>Lrnrrngton,</span> <span class='ocrx_word' id='word_1_1145' title='bbox 1920 3201 1955 3230; x_wconf 83' lang='lat' dir='ltr'>de</span> <span class='ocrx_word' id='word_1_1146' title='bbox 1972 3200 2185 3239; x_wconf 79' lang='lat' dir='ltr'>Qlinquaginta</span> <span class='ocrx_word' id='word_1_1147' title='bbox 2200 3199 2317 3231; x_wconf 86' lang='lat' dir='ltr'>Marcis.</span> 
     </span>
     <span class='ocr_line' id='line_1_173' title="bbox 1341 3238 2367 3277; baseline -0.001 -5"><span class='ocrx_word' id='word_1_1148' title='bbox 1341 3245 1419 3272; x_wconf 85' lang='lat' dir='ltr'>Prior</span> <span class='ocrx_word' id='word_1_1149' title='bbox 1438 3242 1469 3270; x_wconf 75' lang='lat' dir='ltr'>de</span> <span class='ocrx_word' id='word_1_1150' title='bbox 1487 3244 1658 3277; x_wconf 75' lang='lat' dir='ltr'>Dunmowe,</span> <span class='ocrx_word' id='word_1_1151' title='bbox 1677 3241 1709 3270; x_wconf 69' lang='grc' dir='ltr'>ὃς</span> <span class='ocrx_word' id='word_1_1152' title='bbox 1726 3239 1856 3269; x_wconf 78' lang='lat' dir='ltr'>Robertus</span> <span class='ocrx_word' id='word_1_1153' title='bbox 1872 3238 2041 3269; x_wconf 78' lang='lat' dir='ltr'>Knechebull</span> <span class='ocrx_word' id='word_1_1154' title='bbox 2048 3262 2057 3277; x_wconf 89' lang='lat'>,</span> <span class='ocrx_word' id='word_1_1155' title='bbox 2074 3239 2109 3269; x_wconf 87' lang='lat' dir='ltr'>de</span> <span class='ocrx_word' id='word_1_1156' title='bbox 2128 3238 2235 3277; x_wconf 82' lang='lat' dir='ltr'>Viginti</span> <span class='ocrx_word' id='word_1_1157' title='bbox 2249 3239 2367 3271; x_wconf 78' lang='lat' dir='ltr'>Marcis.</span> 
     </span>
     <span class='ocr_line' id='line_1_174' title="bbox 1340 3277 2154 3317; baseline -0.004 -6"><span class='ocrx_word' id='word_1_1158' title='bbox 1340 3281 1472 3311; x_wconf 65' lang='lat' dir='ltr'>Andreas</span> <span class='ocrx_word' id='word_1_1159' title='bbox 1488 3278 1596 3308; x_wconf 81' lang='lat' dir='ltr'>Alman</span> <span class='ocrx_word' id='word_1_1160' title='bbox 1611 3279 1645 3308; x_wconf 87' lang='lat' dir='ltr'>de</span> <span class='ocrx_word' id='word_1_1161' title='bbox 1660 3278 1749 3308; x_wconf 88' lang='lat' dir='ltr'>Com.</span> <span class='ocrx_word' id='word_1_1162' title='bbox 1766 3278 1865 3315; x_wconf 80' lang='lat' dir='ltr'>Essex,</span> <span class='ocrx_word' id='word_1_1163' title='bbox 1883 3277 1919 3307; x_wconf 89' lang='lat' dir='ltr'>de</span> <span class='ocrx_word' id='word_1_1164' title='bbox 1933 3277 2040 3317; x_wconf 86' lang='lat' dir='ltr'>Viginti</span> <span class='ocrx_word' id='word_1_1165' title='bbox 2056 3278 2154 3308; x_wconf 86' lang='lat' dir='ltr'>Libris.</span> 
     </span>
     <span class='ocr_line' id='line_1_175' title="bbox 1338 3315 2365 3357; baseline -0.001 -8"><span class='ocrx_word' id='word_1_1166' title='bbox 1338 3320 1458 3349; x_wconf 79' lang='lat' dir='ltr'>Thomas</span> <span class='ocrx_word' id='word_1_1167' title='bbox 1483 3316 1593 3347; x_wconf 73' lang='lat' dir='ltr'>Erichle</span> <span class='ocrx_word' id='word_1_1168' title='bbox 1621 3318 1657 3347; x_wconf 88' lang='lat' dir='ltr'>de</span> <span class='ocrx_word' id='word_1_1169' title='bbox 1682 3317 1822 3348; x_wconf 73' lang='lat' dir='ltr'>W‘icham</span> <span class='ocrx_word' id='word_1_1170' title='bbox 1845 3317 1881 3346; x_wconf 89' lang='lat' dir='ltr'>de</span> <span class='ocrx_word' id='word_1_1171' title='bbox 1907 3315 1996 3346; x_wconf 86' lang='lat' dir='ltr'>Com.</span> <span class='ocrx_word' id='word_1_1172' title='bbox 2023 3316 2104 3346; x_wconf 81' lang='lat' dir='ltr'>Eliex</span> <span class='ocrx_word' id='word_1_1173' title='bbox 2119 3339 2129 3355; x_wconf 91' lang='lat'>,</span> <span class='ocrx_word' id='word_1_1174' title='bbox 2164 3316 2200 3346; x_wconf 89' lang='lat' dir='ltr'>de</span> <span class='ocrx_word' id='word_1_1175' title='bbox 2226 3316 2365 3357; x_wconf 75' lang='lat' dir='ltr'>Quinque</span> 
     </span>
     <span class='ocr_line' id='line_1_176' title="bbox 1305 3358 1418 3389; baseline -0.009 -1"><span class='ocrx_word' id='word_1_1176' title='bbox 1305 3358 1418 3389; x_wconf 70' lang='lat' dir='ltr'>l‘vIatcis.</span> 
     </span>
     <span class='ocr_line' id='line_1_177' title="bbox 1340 3391 2221 3433; baseline -0.005 -6"><span class='ocrx_word' id='word_1_1177' title='bbox 1340 3395 1505 3427; x_wconf 77' lang='lat' dir='ltr'>lVillielmus</span> <span class='ocrx_word' id='word_1_1178' title='bbox 1524 3396 1624 3433; x_wconf 79' lang='lat' dir='ltr'>Vynter</span> <span class='ocrx_word' id='word_1_1179' title='bbox 1639 3394 1674 3424; x_wconf 87' lang='lat' dir='ltr'>de</span> <span class='ocrx_word' id='word_1_1180' title='bbox 1693 3393 1781 3424; x_wconf 89' lang='lat' dir='ltr'>Com.</span> <span class='ocrx_word' id='word_1_1181' title='bbox 1802 3393 1901 3430; x_wconf 57' lang='lat' dir='ltr'>Esses,</span> <span class='ocrx_word' id='word_1_1182' title='bbox 1919 3392 1955 3422; x_wconf 87' lang='lat' dir='ltr'>de</span> <span class='ocrx_word' id='word_1_1183' title='bbox 1972 3391 2086 3422; x_wconf 88' lang='lat' dir='ltr'>Decem</span> <span class='ocrx_word' id='word_1_1184' title='bbox 2104 3391 2221 3424; x_wconf 80' lang='lat' dir='ltr'>Marcis.</span> 
     </span>
     <span class='ocr_line' id='line_1_178' title="bbox 1339 3430 2061 3471; baseline -0.007 -6"><span class='ocrx_word' id='word_1_1185' title='bbox 1339 3435 1440 3465; x_wconf 68' lang='lat' dir='ltr'>Abbas</span> <span class='ocrx_word' id='word_1_1186' title='bbox 1459 3436 1490 3463; x_wconf 76' lang='lat' dir='ltr'>de</span> <span class='ocrx_word' id='word_1_1187' title='bbox 1508 3431 1661 3471; x_wconf 71' lang='lat' dir='ltr'>Cbirchefi’y</span> <span class='ocrx_word' id='word_1_1188' title='bbox 1679 3433 1714 3463; x_wconf 92' lang='lat' dir='ltr'>de</span> <span class='ocrx_word' id='word_1_1189' title='bbox 1735 3432 1924 3471; x_wconf 76' lang='lat' dir='ltr'>Qtadraginta</span> <span class='ocrx_word' id='word_1_1190' title='bbox 1946 3430 2061 3461; x_wconf 77' lang='lat' dir='ltr'>Marcis.</span> 
     </span>
     <span class='ocr_line' id='line_1_179' title="bbox 1339 3469 2365 3509; baseline -0.003 -5"><span class='ocrx_word' id='word_1_1191' title='bbox 1339 3474 1488 3504; x_wconf 80' lang='lat' dir='ltr'>Richardus</span> <span class='ocrx_word' id='word_1_1192' title='bbox 1506 3469 1629 3509; x_wconf 73' lang='lat' dir='ltr'>Rislbeby</span> <span class='ocrx_word' id='word_1_1193' title='bbox 1649 3472 1684 3501; x_wconf 91' lang='lat' dir='ltr'>de</span> <span class='ocrx_word' id='word_1_1194' title='bbox 1702 3471 1792 3502; x_wconf 89' lang='lat' dir='ltr'>Com.</span> <span class='ocrx_word' id='word_1_1195' title='bbox 1812 3471 1962 3508; x_wconf 84' lang='lat' dir='ltr'>Wygorn,</span> <span class='ocrx_word' id='word_1_1196' title='bbox 1977 3470 2012 3499; x_wconf 92' lang='lat' dir='ltr'>de</span> <span class='ocrx_word' id='word_1_1197' title='bbox 2030 3469 2226 3507; x_wconf 81' lang='lat' dir='ltr'>Quadraginta</span> <span class='ocrx_word' id='word_1_1198' title='bbox 2247 3469 2365 3501; x_wconf 80' lang='lat' dir='ltr'>Marcis.</span> 
     </span>
     <span class='ocr_line' id='line_1_180' title="bbox 1339 3508 2289 3547; baseline -0.005 -5"><span class='ocrx_word' id='word_1_1199' title='bbox 1339 3516 1416 3542; x_wconf 85' lang='lat' dir='ltr'>Prior</span> <span class='ocrx_word' id='word_1_1200' title='bbox 1435 3513 1466 3541; x_wconf 82' lang='lat' dir='ltr'>de</span> <span class='ocrx_word' id='word_1_1201' title='bbox 1486 3509 1610 3540; x_wconf 70' lang='lat' dir='ltr'>leock</span> <span class='ocrx_word' id='word_1_1202' title='bbox 1626 3509 1662 3539; x_wconf 88' lang='lat' dir='ltr'>de</span> <span class='ocrx_word' id='word_1_1203' title='bbox 1681 3509 1771 3539; x_wconf 87' lang='lat' dir='ltr'>Com.</span> <span class='ocrx_word' id='word_1_1204' title='bbox 1788 3508 1882 3547; x_wconf 81' lang='lat' dir='ltr'>Salop.</span> <span class='ocrx_word' id='word_1_1205' title='bbox 1903 3509 1939 3538; x_wconf 86' lang='lat' dir='ltr'>de</span> <span class='ocrx_word' id='word_1_1206' title='bbox 1957 3508 2151 3546; x_wconf 77' lang='lat' dir='ltr'>Qadraginta</span> <span class='ocrx_word' id='word_1_1207' title='bbox 2172 3508 2289 3539; x_wconf 83' lang='lat' dir='ltr'>Marcis.</span> 
     </span>
     <span class='ocr_line' id='line_1_181' title="bbox 1336 3546 2365 3588; baseline 0 -8"><span class='ocrx_word' id='word_1_1208' title='bbox 1336 3552 1456 3581; x_wconf 80' lang='lat' dir='ltr'>Thomas</span> <span class='ocrx_word' id='word_1_1209' title='bbox 1479 3548 1583 3587; x_wconf 81' lang='lat' dir='ltr'>Ralegb</span> <span class='ocrx_word' id='word_1_1210' title='bbox 1599 3550 1635 3579; x_wconf 86' lang='lat' dir='ltr'>de</span> <span class='ocrx_word' id='word_1_1211' title='bbox 1656 3548 1822 3588; x_wconf 79' lang='lat' dir='ltr'>Farnburgli</span> <span class='ocrx_word' id='word_1_1212' title='bbox 1841 3548 1876 3578; x_wconf 89' lang='lat' dir='ltr'>de</span> <span class='ocrx_word' id='word_1_1213' title='bbox 1895 3546 1985 3576; x_wconf 93' lang='lat' dir='ltr'>Com.</span> <span class='ocrx_word' id='word_1_1214' title='bbox 2005 3546 2102 3577; x_wconf 85' lang='lat' dir='ltr'>Warr.</span> <span class='ocrx_word' id='word_1_1215' title='bbox 2119 3547 2153 3576; x_wconf 91' lang='lat' dir='ltr'>de</span> <span class='ocrx_word' id='word_1_1216' title='bbox 2173 3547 2365 3588; x_wconf 74' lang='lat' dir='ltr'>Quadraginta</span> 
     </span>
     <span class='ocr_line' id='line_1_182' title="bbox 1299 3590 1401 3620; baseline -0.02 0"><span class='ocrx_word' id='word_1_1217' title='bbox 1299 3590 1401 3620; x_wconf 79' lang='lat' dir='ltr'>Libris.</span> 
     </span>
     <span class='ocr_line' id='line_1_183' title="bbox 1337 3622 2194 3664; baseline -0.006 -6"><span class='ocrx_word' id='word_1_1218' title='bbox 1337 3628 1419 3658; x_wconf 82' lang='lat' dir='ltr'>Probi</span> <span class='ocrx_word' id='word_1_1219' title='bbox 1433 3629 1562 3656; x_wconf 78' lang='lat' dir='ltr'>Homines</span> <span class='ocrx_word' id='word_1_1220' title='bbox 1579 3624 1660 3654; x_wconf 79' lang='lat' dir='ltr'>Villae</span> <span class='ocrx_word' id='word_1_1221' title='bbox 1680 3625 1711 3654; x_wconf 84' lang='lat' dir='ltr'>de</span> <span class='ocrx_word' id='word_1_1222' title='bbox 1727 3624 1882 3664; x_wconf 75' lang='lat' dir='ltr'>Lyskyred,</span> <span class='ocrx_word' id='word_1_1223' title='bbox 1900 3622 1935 3653; x_wconf 82' lang='lat' dir='ltr'>de</span> <span class='ocrx_word' id='word_1_1224' title='bbox 1948 3623 2063 3653; x_wconf 85' lang='lat' dir='ltr'>Decem</span> <span class='ocrx_word' id='word_1_1225' title='bbox 2078 3622 2194 3653; x_wconf 82' lang='lat' dir='ltr'>Marcis.</span> 
     </span>
     <span class='ocr_line' id='line_1_184' title="bbox 1335 3661 2210 3700; baseline -0.007 -4"><span class='ocrx_word' id='word_1_1226' title='bbox 1335 3667 1415 3697; x_wconf 88' lang='lat' dir='ltr'>Probi</span> <span class='ocrx_word' id='word_1_1227' title='bbox 1432 3668 1560 3694; x_wconf 84' lang='lat' dir='ltr'>Homines</span> <span class='ocrx_word' id='word_1_1228' title='bbox 1579 3663 1660 3693; x_wconf 79' lang='lat' dir='ltr'>Villae</span> <span class='ocrx_word' id='word_1_1229' title='bbox 1679 3664 1711 3692; x_wconf 78' lang='lat' dir='ltr'>cle</span> <span class='ocrx_word' id='word_1_1230' title='bbox 1731 3663 1890 3700; x_wconf 80' lang='lat' dir='ltr'>Branktre,</span> <span class='ocrx_word' id='word_1_1231' title='bbox 1907 3661 1943 3691; x_wconf 90' lang='lat' dir='ltr'>de</span> <span class='ocrx_word' id='word_1_1232' title='bbox 1960 3661 2073 3691; x_wconf 86' lang='lat' dir='ltr'>Decem</span> <span class='ocrx_word' id='word_1_1233' title='bbox 2095 3662 2210 3691; x_wconf 73' lang='lat' dir='ltr'>Marcis.</span> 
     </span>
     <span class='ocr_line' id='line_1_185' title="bbox 1336 3699 2253 3740; baseline -0.005 -4"><span class='ocrx_word' id='word_1_1234' title='bbox 1336 3705 1418 3736; x_wconf 89' lang='lat' dir='ltr'>Probi</span> <span class='ocrx_word' id='word_1_1235' title='bbox 1434 3706 1561 3733; x_wconf 82' lang='lat' dir='ltr'>Homines</span> <span class='ocrx_word' id='word_1_1236' title='bbox 1582 3701 1665 3732; x_wconf 78' lang='lat' dir='ltr'>Villae</span> <span class='ocrx_word' id='word_1_1237' title='bbox 1680 3703 1711 3731; x_wconf 76' lang='lat' dir='ltr'>de</span> <span class='ocrx_word' id='word_1_1238' title='bbox 1727 3699 1938 3740; x_wconf 68' lang='lat' dir='ltr'>Lestuythyell,</span> <span class='ocrx_word' id='word_1_1239' title='bbox 1956 3700 1990 3729; x_wconf 93' lang='lat' dir='ltr'>de</span> <span class='ocrx_word' id='word_1_1240' title='bbox 2009 3699 2118 3739; x_wconf 80' lang='lat' dir='ltr'>Viginti</span> <span class='ocrx_word' id='word_1_1241' title='bbox 2139 3700 2253 3731; x_wconf 71' lang='lat' dir='ltr'>Marcis.</span> 
     </span>
     <span class='ocr_line' id='line_1_186' title="bbox 1335 3737 2221 3777; baseline -0.003 -6"><span class='ocrx_word' id='word_1_1242' title='bbox 1335 3743 1438 3774; x_wconf 77' lang='lat' dir='ltr'>Abbos</span> <span class='ocrx_word' id='word_1_1243' title='bbox 1456 3744 1487 3771; x_wconf 74' lang='lat' dir='ltr'>de</span> <span class='ocrx_word' id='word_1_1244' title='bbox 1505 3741 1622 3775; x_wconf 68' lang='lat' dir='ltr'>Tilthay</span> <span class='ocrx_word' id='word_1_1245' title='bbox 1641 3742 1677 3770; x_wconf 85' lang='lat' dir='ltr'>de</span> <span class='ocrx_word' id='word_1_1246' title='bbox 1695 3740 1784 3770; x_wconf 70' lang='lat' dir='ltr'>Con).</span> <span class='ocrx_word' id='word_1_1247' title='bbox 1805 3740 1906 3777; x_wconf 75' lang='lat' dir='ltr'>Eliex,</span> <span class='ocrx_word' id='word_1_1248' title='bbox 1924 3738 1959 3768; x_wconf 86' lang='lat' dir='ltr'>de</span> <span class='ocrx_word' id='word_1_1249' title='bbox 1978 3738 2082 3777; x_wconf 83' lang='lat' dir='ltr'>Viginti</span> <span class='ocrx_word' id='word_1_1250' title='bbox 2105 3737 2221 3768; x_wconf 65' lang='lat' dir='ltr'>Marcis.</span> 
     </span>
     <span class='ocr_line' id='line_1_187' title="bbox 1334 3776 2201 3814; baseline -0.008 -2"><span class='ocrx_word' id='word_1_1251' title='bbox 1334 3782 1416 3812; x_wconf 80' lang='lat' dir='ltr'>Probi</span> <span class='ocrx_word' id='word_1_1252' title='bbox 1433 3784 1560 3810; x_wconf 74' lang='lat' dir='ltr'>Homines</span> <span class='ocrx_word' id='word_1_1253' title='bbox 1578 3777 1661 3808; x_wconf 60' lang='grc' dir='ltr'><em>νὶΙΙισ</em></span> <span class='ocrx_word' id='word_1_1254' title='bbox 1679 3779 1710 3807; x_wconf 75' lang='lat' dir='ltr'>de</span> <span class='ocrx_word' id='word_1_1255' title='bbox 1729 3778 1897 3814; x_wconf 72' lang='lat' dir='ltr'>Herewych,</span> <span class='ocrx_word' id='word_1_1256' title='bbox 1915 3777 1950 3807; x_wconf 87' lang='lat' dir='ltr'>de</span> <span class='ocrx_word' id='word_1_1257' title='bbox 1968 3777 2081 3806; x_wconf 85' lang='lat' dir='ltr'>Decem</span> <span class='ocrx_word' id='word_1_1258' title='bbox 2100 3776 2201 3806; x_wconf 83' lang='lat' dir='ltr'>Libris.</span> 
     </span>
     <span class='ocr_line' id='line_1_188' title="bbox 1335 3814 2310 3853; baseline -0.001 -4"><span class='ocrx_word' id='word_1_1259' title='bbox 1335 3820 1444 3850; x_wconf 74' lang='lat' dir='ltr'>Ball-&#39;vi</span> <span class='ocrx_word' id='word_1_1260' title='bbox 1463 3817 1501 3852; x_wconf 52' lang='grc' dir='ltr'>(ἐν</span> <span class='ocrx_word' id='word_1_1261' title='bbox 1522 3819 1600 3847; x_wconf 73' lang='lat' dir='ltr'>Probi</span> <span class='ocrx_word' id='word_1_1262' title='bbox 1621 3820 1746 3847; x_wconf 64' lang='lat' dir='ltr'>Homines</span> <span class='ocrx_word' id='word_1_1263' title='bbox 1767 3817 1848 3846; x_wconf 81' lang='lat' dir='ltr'>Villae</span> <span class='ocrx_word' id='word_1_1264' title='bbox 1869 3814 1991 3853; x_wconf 67' lang='lat' dir='ltr'>Colcistr.</span> <span class='ocrx_word' id='word_1_1265' title='bbox 2010 3816 2046 3845; x_wconf 88' lang='lat' dir='ltr'>de</span> <span class='ocrx_word' id='word_1_1266' title='bbox 2060 3815 2186 3845; x_wconf 74' lang='lat' dir='ltr'>Centum</span> <span class='ocrx_word' id='word_1_1267' title='bbox 2205 3815 2310 3848; x_wconf 84' lang='lat' dir='ltr'>Libris.</span> 
     </span>
     <span class='ocr_line' id='line_1_189' title="bbox 1335 3853 2362 3893; baseline -0.002 -4"><span class='ocrx_word' id='word_1_1268' title='bbox 1335 3859 1464 3889; x_wconf 82' lang='lat' dir='ltr'>Robertus</span> <span class='ocrx_word' id='word_1_1269' title='bbox 1482 3857 1556 3886; x_wconf 83' lang='lat' dir='ltr'>Turk</span> <span class='ocrx_word' id='word_1_1270' title='bbox 1573 3855 1725 3893; x_wconf 81' lang='lat' dir='ltr'>Chivaler,</span> <span class='ocrx_word' id='word_1_1271' title='bbox 1743 3855 1779 3885; x_wconf 87' lang='lat' dir='ltr'>de</span> <span class='ocrx_word' id='word_1_1272' title='bbox 1797 3854 1888 3885; x_wconf 89' lang='lat' dir='ltr'>Corn.</span> <span class='ocrx_word' id='word_1_1273' title='bbox 1906 3853 2001 3883; x_wconf 70' lang='lat' dir='ltr'>hertf.</span> <span class='ocrx_word' id='word_1_1274' title='bbox 2018 3854 2054 3884; x_wconf 90' lang='lat' dir='ltr'>de</span> <span class='ocrx_word' id='word_1_1275' title='bbox 2070 3853 2264 3893; x_wconf 70' lang='lat' dir='ltr'>Qadraginta</span> <span class='ocrx_word' id='word_1_1276' title='bbox 2279 3855 2362 3887; x_wconf 88' lang='lat' dir='ltr'>Mar-</span> 
     </span>
     <span class='ocr_line' id='line_1_190' title="bbox 1294 3908 1342 3929; baseline -0.021 0"><span class='ocrx_word' id='word_1_1277' title='bbox 1294 3908 1342 3929; x_wconf 77' lang='lat' dir='ltr'>cis.</span> 
     </span>
     <span class='ocr_line' id='line_1_191' title="bbox 1336 3931 2363 3974; baseline 0.004 -14"><span class='ocrx_word' id='word_1_1278' title='bbox 1336 3936 1445 3974; x_wconf 69' lang='lat' dir='ltr'>Major,</span> <span class='ocrx_word' id='word_1_1279' title='bbox 1465 3933 1666 3970; x_wconf 81' lang='lat' dir='ltr'>Aldctmanni,</span> <span class='ocrx_word' id='word_1_1280' title='bbox 1693 3933 1726 3964; x_wconf 67' lang='grc' dir='ltr'>δε</span> <span class='ocrx_word' id='word_1_1281' title='bbox 1749 3931 1920 3962; x_wconf 83' lang='lat' dir='ltr'>Comunitas</span> <span class='ocrx_word' id='word_1_1282' title='bbox 1941 3933 2075 3960; x_wconf 79' lang='lat' dir='ltr'>Civitatis</span> <span class='ocrx_word' id='word_1_1283' title='bbox 2095 3933 2173 3969; x_wconf 75' lang='lat' dir='ltr'>Regis</span> <span class='ocrx_word' id='word_1_1284' title='bbox 2196 3934 2363 3971; x_wconf 77' lang='lat' dir='ltr'>Londoniae‚</span> 
     </span>
     <span class='ocr_line' id='line_1_192' title="bbox 1293 3971 1779 4006; baseline -0.012 -1"><span class='ocrx_word' id='word_1_1285' title='bbox 1293 3976 1330 4006; x_wconf 92' lang='lat' dir='ltr'>de</span> <span class='ocrx_word' id='word_1_1286' title='bbox 1347 3976 1460 4005; x_wconf 87' lang='lat' dir='ltr'>Decem</span> <span class='ocrx_word' id='word_1_1287' title='bbox 1476 3973 1587 4002; x_wconf 86' lang='lat' dir='ltr'>milibus</span> <span class='ocrx_word' id='word_1_1288' title='bbox 1604 3971 1779 4002; x_wconf 85' lang='lat' dir='ltr'>Marcarum.</span> 
     </span>
     <span class='ocr_line' id='line_1_193' title="bbox 1334 4006 2075 4051; baseline -0.011 -8"><span class='ocrx_word' id='word_1_1289' title='bbox 1334 4016 1412 4043; x_wconf 83' lang='lat' dir='ltr'>Prior</span> <span class='ocrx_word' id='word_1_1290' title='bbox 1431 4011 1462 4040; x_wconf 78' lang='lat' dir='ltr'>de</span> <span class='ocrx_word' id='word_1_1291' title='bbox 1481 4010 1646 4049; x_wconf 58' lang='lat' dir='ltr'>Colleſtrcre,</span> <span class='ocrx_word' id='word_1_1292' title='bbox 1665 4011 1700 4040; x_wconf 90' lang='lat' dir='ltr'>de</span> <span class='ocrx_word' id='word_1_1293' title='bbox 1716 4009 1908 4047; x_wconf 74' lang='lat' dir='ltr'>Quadraginta</span> <span class='ocrx_word' id='word_1_1294' title='bbox 1926 4006 2042 4037; x_wconf 83' lang='lat' dir='ltr'>Marcis.</span> <span class='ocrx_word' id='word_1_1295' title='bbox 2069 4046 2075 4051; x_wconf 33' lang='grc' dir='ltr'>ι</span> 
     </span>
     <span class='ocr_line' id='line_1_194' title="bbox 1331 4045 2324 4089; baseline -0.009 -8"><span class='ocrx_word' id='word_1_1296' title='bbox 1331 4053 1461 4081; x_wconf 78' lang='lat' dir='ltr'>Robertus</span> <span class='ocrx_word' id='word_1_1297' title='bbox 1476 4048 1585 4077; x_wconf 76' lang='lat' dir='ltr'>Knolles</span> <span class='ocrx_word' id='word_1_1298' title='bbox 1601 4048 1752 4085; x_wconf 84' lang='lat' dir='ltr'>Chivaler,</span> <span class='ocrx_word' id='word_1_1299' title='bbox 1771 4048 1806 4077; x_wconf 92' lang='lat' dir='ltr'>de</span> <span class='ocrx_word' id='word_1_1300' title='bbox 1822 4047 1964 4076; x_wconf 78' lang='lat' dir='ltr'>Sexcentis</span> <span class='ocrx_word' id='word_1_1301' title='bbox 1982 4045 2096 4076; x_wconf 82' lang='lat' dir='ltr'>Marcis.</span> <span class='ocrx_word' id='word_1_1302' title='bbox 2318 4084 2324 4089; x_wconf 35' lang='lat'>⁵</span> 
     </span>
     <span class='ocr_line' id='line_1_195' title="bbox 1335 4084 2362 4124; baseline -0.006 -6"><span class='ocrx_word' id='word_1_1303' title='bbox 1335 4089 1416 4119; x_wconf 83' lang='lat' dir='ltr'>Probi</span> <span class='ocrx_word' id='word_1_1304' title='bbox 1433 4090 1562 4118; x_wconf 81' lang='lat' dir='ltr'>Homines</span> <span class='ocrx_word' id='word_1_1305' title='bbox 1582 4085 1748 4118; x_wconf 81' lang='lat' dir='ltr'>Villatarum</span> <span class='ocrx_word' id='word_1_1306' title='bbox 1764 4086 1799 4116; x_wconf 91' lang='lat' dir='ltr'>de</span> <span class='ocrx_word' id='word_1_1307' title='bbox 1820 4085 1892 4115; x_wconf 76' lang='lat' dir='ltr'>Salle</span> <span class='ocrx_word' id='word_1_1308' title='bbox 1909 4084 1943 4116; x_wconf 88' lang='lat'>&amp;</span> <span class='ocrx_word' id='word_1_1309' title='bbox 1961 4084 2111 4124; x_wconf 78' lang='lat' dir='ltr'>Refham,</span> <span class='ocrx_word' id='word_1_1310' title='bbox 2129 4084 2166 4116; x_wconf 90' lang='lat' dir='ltr'>de</span> <span class='ocrx_word' id='word_1_1311' title='bbox 2182 4084 2362 4123; x_wconf 75' lang='lat' dir='ltr'>Quadragin-</span> 
     </span>
    </p>
   </div>
   <div class='ocr_carea' id='block_1_28' title="bbox 1297 4127 2359 4200">
    <p class='ocr_par' dir='ltr' id='par_1_60' title="bbox 1297 4127 2359 4200">
     <span class='ocr_line' id='line_1_196' title="bbox 1297 4127 2359 4200; baseline 0 -40"><span class='ocrx_word' id='word_1_1312' title='bbox 1297 4135 1324 4160; x_wconf 87' lang='lat' dir='ltr'>ta</span> <span class='ocrx_word' id='word_1_1313' title='bbox 1341 4127 1444 4161; x_wconf 81' lang='lat' dir='ltr'>Libris.</span> <span class='ocrx_word' id='word_1_1314' title='bbox 1802 4160 1833 4191; x_wconf 83' lang='lat' dir='ltr'>R</span> <span class='ocrx_word' id='word_1_1315' title='bbox 1852 4169 1866 4200; x_wconf 70' lang='lat'>3</span> <span class='ocrx_word' id='word_1_1316' title='bbox 2231 4158 2359 4200; x_wconf 50' lang='lat' dir='ltr'>Batavi,</span> 
     </span>
    </p>
   </div>
   <div class='ocr_carea' id='block_1_29' title="bbox 1321 308 2516 361">
    <p class='ocr_par' dir='ltr' id='par_1_61' title="bbox 1321 308 2516 361">
     <span class='ocr_line' id='line_1_197' title="bbox 1321 308 2516 361; baseline 0.009 -25"><span class='ocrx_word' id='word_1_1317' title='bbox 1321 308 1501 361; x_wconf 18' lang='lat' dir='ltr'>UEa&#39;wardus</span> <span class='ocrx_word' id='word_1_1318' title='bbox 1515 309 1643 350; x_wconf 78' lang='lat' dir='ltr'>Benstede</span> <span class='ocrx_word' id='word_1_1319' title='bbox 1658 309 1807 349; x_wconf 71' lang='lat' dir='ltr'>Chivaler,</span> <span class='ocrx_word' id='word_1_1320' title='bbox 1825 311 1860 342; x_wconf 91' lang='lat' dir='ltr'>de</span> <span class='ocrx_word' id='word_1_1321' title='bbox 1875 309 1964 342; x_wconf 82' lang='lat' dir='ltr'>Corn.</span> <span class='ocrx_word' id='word_1_1322' title='bbox 1980 310 2074 343; x_wconf 79' lang='lat' dir='ltr'>Hettf.</span> <span class='ocrx_word' id='word_1_1323' title='bbox 2089 310 2124 343; x_wconf 90' lang='lat' dir='ltr'>de</span> <span class='ocrx_word' id='word_1_1324' title='bbox 2137 312 2266 344; x_wconf 87' lang='lat' dir='ltr'>Centum</span> <span class='ocrx_word' id='word_1_1325' title='bbox 2282 314 2361 347; x_wconf 84' lang='lat' dir='ltr'>Mar-</span> <span class='ocrx_word' id='word_1_1326' title='bbox 2383 314 2459 345; x_wconf 86' lang='lat' dir='ltr'>Ann.</span> <span class='ocrx_word' id='word_1_1327' title='bbox 2473 314 2516 347; x_wconf 89' lang='lat' dir='ltr'>D.</span> 
     </span>
    </p>
   </div>
   <div class='ocr_carea' id='block_1_30' title="bbox 2405 361 2491 392">
    <p class='ocr_par' dir='ltr' id='par_1_62' title="bbox 2405 361 2491 392">
     <span class='ocr_line' id='line_1_198' title="bbox 2405 361 2491 392; baseline -0.012 0"><span class='ocrx_word' id='word_1_1328' title='bbox 2405 361 2491 392; x_wconf 73' lang='lat'>1397·</span> 
     </span>
    </p>
   </div>
   <div class='ocr_carea' id='block_1_31' title="bbox 2382 393 2476 420">
    <p class='ocr_par' dir='ltr' id='par_1_63' title="bbox 2382 393 2476 420">
     <span class='ocr_line' id='line_1_199' title="bbox 2382 393 2476 420; baseline 0 0"><span class='ocrx_word' id='word_1_1329' title='bbox 2382 393 2434 420; x_wconf 76' lang='lat' dir='ltr'>Ric.</span> <span class='ocrx_word' id='word_1_1330' title='bbox 2449 402 2476 420; x_wconf 90' lang='lat'>2.</span> 
     </span>
    </p>
   </div>
   <div class='ocr_carea' id='block_1_32' title="bbox 2386 1079 2497 1111">
    <p class='ocr_par' dir='ltr' id='par_1_64' title="bbox 2386 1079 2497 1111">
     <span class='ocr_line' id='line_1_200' title="bbox 2386 1079 2497 1111; baseline 0.027 -7"><span class='ocrx_word' id='word_1_1331' title='bbox 2386 1079 2497 1111; x_wconf 62' lang='lat' dir='ltr'>*vim</span> 
     </span>
    </p>
   </div>
   <div class='ocr_carea' id='block_1_33' title="bbox 2391 1127 2433 1145">
    <p class='ocr_par' dir='ltr' id='par_1_65' title="bbox 2391 1127 2433 1145">
     <span class='ocr_line' id='line_1_201' title="bbox 2391 1127 2433 1145; baseline 0.024 -1"><span class='ocrx_word' id='word_1_1332' title='bbox 2391 1127 2433 1145; x_wconf 84' lang='lat'>10.</span> 
     </span>
    </p>
   </div>
  </div>
 </body>
</html>
