2561 4251
91 2365 108 2381 ⁸
120 2361 203 2392 vm.

90 2424 169 2471 Asin.
181 2438 233 2480 D„

89 2488 206 2557 ,13392932
228 2556 232 2557 ⁷

88 2580 227 2637 claufiz3:

89 2642 119 2666 R.
130 2649 155 2667 2.
167 2648 203 2667 m.
233 2665 238 2671 ,

241 155 318 195 162

278 317 519 392 Xceniicrllgm’Ligei
534 351 638 391 nostri,
657 353 757 383 colore
769 351 893 390 ejusdem
909 350 1149 391 congregationis
1185 349 1220 380 &
1236 356 1310 379 con-

239 398 282 425 tra
303 392 495 423 Intentionem
513 392 620 429 praefati
639 390 850 430 Consanguinei
867 390 973 428 nostri,
990 389 1127 428 quosdam
1149 373 1185 419 L
1207 396 1308 418 eorum

239 431 405 463 nostrorum
429 429 469 460 Vi
491 431 524 461 &
546 430 640 460 Armis
661 429 895 468 Verberaverint,
912 429 1138 465 vulneraverint,

242 470 451 507 mutilaverint,
470 468 731 507 imprisonaverint,
749 469 783 500 &
805 468 880 499 male
899 468 1097 506 tractaverint,
1114 476 1147 497 ac
1170 465 1308 503 quosdam

240 517 342 539 eorum
357 507 393 537 de
405 507 491 538 Bonis
503 507 537 537 δε
551 505 663 537 Catallis
684 507 734 538 suis
752 507 948 545 spoliaverint,
967 516 1082 536 necnon
1099 504 1236 543 quosdam
1256 513 1308 534 eo-

242 557 308 577 rum
322 546 358 576 de
371 546 483 583 Terris,
502 545 707 584 Tenementis,
725 547 759 577 &
784 545 1005 576 Posseffionibus
1023 545 1092 582 suis,
1111 544 1216 581 absque
1236 541 1309 572 Pro-

241 585 321 616 cessu
342 585 443 624 Legis,
465 584 636 622 expulerint,
660 585 693 615 &
712 583 920 615 Posseffionem
938 582 1108 614 eorumdem
1129 589 1260 625 teneant,
1277 583 1308 611 in

241 623 332 654 nostri
345 623 556 661 Contemptum
571 624 605 654 &
619 622 838 661 Praejudicium,
856 624 890 655 &
905 623 989 653 totius
1011 621 1114 660 Populi
1135 621 1234 657 Regni
1253 630 1309 650 no-

242 662 292 692 stri
315 663 442 700 praeditsti
466 662 709 692 Commotionem
731 661 908 693 manifestam
923 685 932 699 ,
966 662 1000 692 &
1018 669 1118 691 contra
1141 659 1253 699 Legem
1271 660 1305 690 &

242 700 489 732 Consuetudinem
502 700 573 731 dieti
589 700 681 740 Regni
697 700 801 740 nostri,
1046 716 1048 720 ν

278 739 316 770 Et
331 741 411 777 quia,
429 740 527 770 habito
539 749 608 769 curn
622 739 740 777 praefato
751 738 974 777 Consanguineo
990 737 1105 776 nostro,
1123 736 1204 773 super
1219 736 1309 775 Regi-

241 779 319 809 mine
339 780 372 809 &
395 778 613 809 Gubernatione
631 777 808 817 hujusmodi,
835 778 974 808 TraCtatu
992 777 1136 816 diligenti,
1155 775 1308 806 Nolumus

239 816 383 886 Pfss‘ssffi
397 816 476 848 Mala
489 817 639 855 aliqualiter
652 817 787 855 tolerare,

312 867 319 885 l
343 866 365 894 1,

278 893 329 925 De
355 895 527 926 avifiimento

239 933 382 974 tuarienfis
417 944 451 965 ac
466 918 584 973 praefbti
603 933 796 972 Consanguinei
817 931 914 972 nostri,
933 941 1047 962 necnon
1062 933 1173 961 Henrici
1193 933 1305 960 Comitis

238 957 448 1002 Nerthumsriae
461 995 471 1011 ,
496 974 530 1004 &
551 971 686 1010 Radulphi
704 975 813 1001 Comitis
836 970 1066 1010 Westmerlandiae
1078 993 1088 1008 ,
1117 978 1305 1000 caeterorum-

237 1019 298 1080 3115
318 1010 508 1051 Magnarum,
534 1010 707 1049 Procerum,
725 1011 758 1042 &
780 1009 979 1040 Dominorum
1000 1009 1100 1047 Regni
1121 1008 1211 1039 nostri
1233 1017 1306 1047 prae-

261 1059 268 1079 ι
301 1061 309 1080 1

279 1073 484 1127 Priecipimus,
499 1088 616 1119 firmiter
628 1088 821 1127 injungentes,
840 1086 921 1126 quod
945 1088 973 1117 in
989 1085 1099 1125 singulis
1111 1085 1216 1124 Locis,
1236 1086 1306 1117 infra

237 1124 374 1158 Ballivam
388 1136 482 1166 tuam,
501 1128 560 1157 tarn
575 1128 646 1158 infra
658 1127 827 1164 Libertates,
847 1127 936 1165 qu‘arn
959 1134 1052 1164 extra,
1071 1125 1120 1155 ubi
1140 1126 1238 1156 melius
1257 1136 1306 1156 ex-

238 1166 337 1203 pedire
349 1166 469 1205 videris,
482 1175 516 1197 ex
531 1175 607 1203 parte
621 1166 735 1204 nostra,
748 1165 862 1203 publice
877 1164 1044 1203 proclamari
1058 1163 1159 1203 facias,
1172 1167 1209 1195 ne
1219 1165 1307 1205 Qis,

239 1204 443 1242 cujuscumque
460 1204 571 1243 Statim,
595 1204 728 1240 Gradus,
757 1203 926 1242 Dignitatis,
945 1203 991 1234 seu
1007 1201 1191 1234 Conditionis
1207 1204 1308 1243 fuerit,

238 1242 289 1273 sub
308 1243 497 1275 Forisfaemra
512 1243 588 1274 Vitae
605 1243 638 1274 &
661 1243 884 1281 Membrorum,
904 1243 938 1274 &
954 1243 1088 1274 omnium
1105 1241 1225 1273 aliorum
1242 1253 1307 1281 quse

237 1281 340 1312 Nobis
365 1282 523 1313 forisfacere
547 1283 650 1320 poterit
699 1282 808 1320 aliquos
833 1281 977 1320 Ingressus
993 1281 1104 1312 illicitos
1122 1281 1151 1311 in
1169 1282 1308 1320 aliquibus

237 1319 353 1358 Terris,
372 1320 574 1359 Tenementis,
592 1321 649 1352 sive
664 1305 889 1351 Possess‘ionibus
905 1320 1064 1358 aliquorum
1081 1318 1237 1359 Ligeorum
1253 1331 1308 1352 no-

226 1357 364 1390 strorum
380 1384 389 1398 ,
414 1360 518 1398 absque
537 1360 674 1390 Proceffu
693 1359 720 1390 L
757 1361 777 1390 is
790 1382 800 1397 ,
824 1359 909 1390 faciat
957 1369 1011 1390 nec
1031 1359 1123 1390 facere
1140 1360 1308 1400 pnesumat,

237 1407 295 1428 nec
313 1398 422 1435 aliquos
441 1399 548 1435 Ligeos
568 1398 680 1429 nostros
695 1423 705 1436 ,
727 1409 742 1428 a
781 1382 939 1437 hujusmodi
957 1397 1056 1429 Terris
1070 1422 1080 1436 ,
1102 1396 1308 1438 Tenementis,

239 1435 297 1467 sive
313 1436 536 1469 Poss'effionibus
553 1438 683 1476 expellat,
709 1445 756 1468 aut
774 1446 824 1468 eos
858 1437 904 1468 seu
919 1437 1028 1475 aliquos
1045 1436 1114 1468 alios
1134 1437 1239 1477 Ligeos
1254 1448 1308 1468 no-

242 1475 333 1513 stros,
357 1476 414 1507 five
431 1486 534 1507 eorum
552 1475 666 1516 Equos,
694 1475 802 1515 Boves,
819 1459 919 1513 Oves,
938 1475 1065 1514 Porcos,
1083 1483 1131 1507 aut
1149 1477 1183 1507 ali
1206 1487 1239 1508 ua
1257 1478 1307 1508 alia

242 1513 404 1553 Animalia,
431 1515 527 1554 Bona,
554 1515 599 1546 seu
621 1514 729 1547 Catalla
751 1515 812 1554 sua,
835 1515 1041 1553 cujuscumque
1059 1515 1164 1554 generis
1201 1517 1308 1555 nerim,

242 1552 346 1591 absque
358 1554 467 1593 speciali
478 1554 637 1593 Waranto,
656 1555 763 1594 capiat,
779 1554 838 1584 five
853 1553 967 1591 arestet,
986 1554 1031 1584 seu
1046 1553 1157 1584 arestari
1172 1553 1272 1592 faciat,

280 1591 426 1623 Volumus
445 1594 521 1624 enim
543 1593 640 1632 quod,
659 1593 678 1623 si
697 1593 733 1623 ali
754 1603 789 1623 ua
806 1592 945 1631 Persona,
967 1592 1062 1630 aliquo
1079 1592 1198 1631 quaesito
1214 1594 1309 1631 hujus-

243 1631 325 1662 modi
339 1632 454 1671 colore,
471 1632 611 1671 Arestata,
629 1640 676 1662 aut
693 1631 730 1662 de
780 1632 865 1670 erris,
889 1631 1096 1669 Tenementis,
1120 1630 1177 1661 five
1195 1631 1307 1662 Polses-

243 1669 368 1700 sionibus
393 1670 445 1701 suis
463 1670 581 1708 Expulsa
594 1694 603 1709 ,
628 1671 674 1701 seu
693 1670 729 1701 de
747 1669 833 1700 Bonis
850 1670 895 1701 vel
914 1668 1028 1700 Catallis
1043 1669 1096 1700 suis
1113 1670 1227 1708 spoliata
1245 1671 1307 1702 fue-

241 1709 295 1745 rit,
314 1717 383 1739 tunc
403 1709 523 1740 Persona
542 1710 675 1747 praediffta
695 1709 731 1739 sic
748 1707 863 1739 arestata
878 1707 1076 1747 Dmrestetur,
1093 1709 1126 1740 &
1145 1708 1180 1739 ad
1195 1709 1309 1741 Posses-

242 1747 352 1777 lionern
371 1748 446 1778 suam
465 1748 621 1779 Terrarum
639 1749 672 1778 δε
688 1746 958 1786 Tenementorum,
975 1757 1009 1778 ac
1021 1746 1188 1787 Bonorum,
1206 1748 1309 1781 &Ca-

242 1787 376 1819 tallorum
391 1786 593 1825 praedid'torum
605 1811 614 1824 ,
631 1785 826 1824 Restituam,

282 1826 335 1864 Et,
352 1826 371 1856 fi
387 1827 448 1864 quis
460 1825 573 1864 aliquod
584 1825 651 1865 Jus,
670 1824 843 1863 Clameum,
860 1823 965 1856 Calum
988 1825 1083 1864 niam,
1101 1825 1159 1856 five
1177 1824 1309 1858 {ntereffe

233 1865 273 1895 ‘in
289 1864 426 1902 aliquibus
436 1864 552 1902 Terris,
569 1864 776 1902 Tenementis,
794 1863 852 1895 five
870 1863 958 1895 Posse
980 1864 1107 1902 ionibus,
1125 1874 1176 1902 per
1199 1866 1309 1904 aliquos

243 1903 352 1941 Ligeos
372 1903 483 1934 nostros
502 1904 664 1941 occupatis,
679 1903 782 1933 habere
802 1902 830 1933 se
852 1902 1022 1941 praetendat,
1041 1913 1089 1940 per
1103 1902 1307 1935 Communem

243 1942 354 1981 Legem
369 1942 470 1973 Terrae
484 1942 588 1972 nostrae
602 1942 693 1972 versus
709 1941 856 1972 Tenent&
871 1942 1041 1972 eorumdem
1055 1941 1228 1981 Terrarum,
1246 1944 1309 1974 Te-

243 1991 462 2019 nementorum,
481 1981 513 2012 &
534 1980 762 2019 possessionum,
780 1981 814 2011 ὅ(
836 1980 892 2011 alio
914 1981 1022 2020 modo,
1041 1981 1239 2022 prosequatur,
1259 1983 1308 2013 sub

240 2020 430 2053 Forisfa&ura
441 2018 591 2050 antediem.

279 2059 370 2092 Teste
383 2059 464 2099 Rege
477 2059 551 2097 apud
562 2057 708 2098 cestriam,
726 2057 864 2090 vicesimo
878 2057 925 2088 die
939 2057 1071 2096 Augusti.

582 893 757 925 Venerabilis
779 892 868 924 Patris
888 892 995 923 Thomae
1016 891 1214 932 Archiepifiopi
1232 893 1306 921 Can-

928 2137 982 2165 Per
994 2134 1077 2176 ipsum
1096 2137 1201 2174 Regem,

278 2214 430 2258 Consimilia
443 2217 550 2245 Brevia
565 2215 720 2253 diriguntur
735 2212 849 2251 Singulis
864 2212 1065 2243 Vicecomitibus
1072 2221 1123 2253 per
1139 2213 1282 2252 Angliam.

424 2341 452 2369 *ἓ
479 2345 529 2377 De
547 2338 725 2376 Intendendo
743 2344 824 2374 circa
841 2337 1010 2383 Custodiam
1028 2342 1127 2374 Pacis.

248 2431 363 2494 REX
378 2429 555 2463 Custodibus
567 2427 647 2458 Pacis
660 2427 732 2466 suae,
750 2437 783 2457 ac
796 2425 958 2465 justiciariis
971 2424 1039 2464 suiS,
1057 2425 1092 2456 ad
1103 2425 1206 2456 diversa
1222 2426 1306 2458 Felo-

327 2473 402 2509 nias,
415 2466 678 2507 Transgreffiones,
695 2468 729 2498 &
753 2465 905 2496 Malefaista
924 2466 952 2494 iii
975 2463 1124 2496 Comimtu
1145 2464 1306 2496 Stafforffiae

245 2510 392 2543 audiendas
406 2510 438 2540 &
452 2505 638 2538 terminandas
650 2504 788 2544 assignatis
797 2528 806 2541 ,
825 2504 960 2534 Salutem.

281 2549 379 2588 Cum,
397 2556 427 2578 ut
441 2546 619 2583 accepimus,
637 2544 738 2574 diversi
753 2543 837 2580 Ligei
852 2542 959 2580 nostri,
974 2541 1068 2580 Regni
1083 2542 1171 2573 nostri
1185 2543 1307 2583 Angliae,

244 2588 271 2621 se
284 2589 313 2618 in
328 2587 439 2617 diversis
453 2582 671 2615 Conventiculis
682 2583 932 2621 congregaverint,
951 2582 984 2612 &
1004 2590 1088 2618 penes
1110 2581 1308 2622 praesentiam,
1342 2585 1362 2615 p

245 2626 388 2660 Cariffimi
402 2623 611 2662 Consanguinei
625 2621 728 2659 nostri,
748 2623 862 2650 Henrici
877 2623 962 2649 Ducis
978 2618 1163 2659 Lancastriae,

282 2666 345 2705 Qi
364 2666 422 2704 jam
442 2662 517 2692 idem
538 2660 675 2699 Regnum
697 2659 842 2697 nostrum,
862 2669 914 2696 pro
938 2658 1092 2696 Regimine
1106 2661 1139 2691 &
1155 2659 1309 2690 Guberna-

245 2707 324 2737 tione
339 2702 479 2743 ejusdcm,
494 2710 527 2731 ac
541 2698 655 2730 diversis
670 2697 855 2739 Defefflbus,
874 2698 902 2726 in
919 2698 1022 2727 eodem
1040 2697 1146 2737 Regno
1166 2699 1310 2730 existenti-

244 2746 313 2812 bus,
331 2739 530 2778 emendandis,
547 2736 658 2775 aliisque
673 2737 709 2767 de
725 2735 841 2774 Cauiis,
860 2735 901 2765 est
917 2735 1067 2774 ingreil'us,

410 2789 422 2810 t

283 2791 437 2858 Aganwsj
449 2814 601 2847 occasione
618 2813 776 2852 praemissa,
794 2813 900 2851 aliquas
919 2811 1060 2843 Sesfiones
1079 2813 1182 2844 vestras
1196 2814 1224 2843 in
1245 2813 1309 2845 Co-

245 2862 344 2892 mitam
364 2857 504 2900 praedicto
523 2863 635 2892 tenere,
653 2853 698 2883 seu
716 2853 837 2891 aliquam
863 2850 1069 2882 Executionem
1091 2851 1309 2883 Commiffionis

244 2899 367 2936 nostrae,
385 2897 467 2928 vobis
488 2895 517 2924 in
538 2893 592 2923 hac
616 2901 693 2930 parte
708 2891 842 2928 direciae,
861 2900 876 2920 a
889 2898 1018 2928 tempore
1039 2890 1182 2928 Ingressus
1204 2891 1311 2930 praefati

246 2937 462 2974 consanguinei
475 2931 581 2970 nostri,
599 2929 743 2969 hucusque
757 2930 848 2961 facere
861 2939 921 2959 non
934 2930 1112 2967 curaveritis,

284 2975 340 3006 Per
355 2973 449 3013 quod,
466 2973 495 3002 in
511 2969 597 3002 vestri
620 2969 796 3007 Defestum,
814 2967 1024 3007 quamplurima
1042 2967 1226 3006 Homicidia,
1245 2968 1310 3000 De-

268 3013 450 3050 raedationes,
477 3009 657 3046 Latrocinia,
684 3007 849 3045 Mahemia,
873 3006 1071 3045 Extorfiones,
1087 3006 1308 3046 Oppreffionoe,

244 3024 297 3084 {te
317 3053 441 3086 ratariae,
458 3059 490 3080 ac
504 3046 637 3079 Excessus
652 3046 860 3077 Laboratorum
881 3046 915 3077 δε
937 3044 1104 3083 Artificum,
1123 3056 1238 3077 necnon
1259 3047 1310 3077 alia

249 3092 289 3123 M
315 3102 348 3129 a,
362 3091 391 3121 in
411 3088 563 3120 Comitatu
583 3084 740 3124 praedicto,
758 3084 794 3114 de
811 3085 857 3114 die
878 3085 908 3114 in
929 3082 1022 3121 diem,
1042 3083 1130 3123 fiunt,
1155 3085 1188 3115 &
1210 3095 1258 3122 per
1280 3096 1310 3116 e-

245 3138 352 3162 trantur
387 3129 418 3159 in
432 3126 521 3158 nostri
535 3125 747 3161 Contemptum
761 3124 794 3154 &
808 3122 1007 3161 Praejudicium
1043 3123 1077 3154 δε
1101 3123 1181 3154 Pacis
1205 3126 1255 3154 1101
1271 3135 1310 3155 1-ae

247 3153 411 3205 laefione'm,
428 3175 461 3197 ac
474 3164 578 3202 Populi
592 3162 681 3193 nostri
698 3160 860 3192 Comitatus
874 3159 1002 3199 praediciti
1015 3145 1192 3199 ³I'errorem,
1207 3163 1240 3192 &
1257 3163 1310 3193 hu-

243 3206 366 3247 jusmodi
379 3203 602 3236 MalefaCtorum
617 3200 774 3232 Audaciam
787 3199 982 3238 manifestam,
1001 3200 1035 3231 &
1055 3209 1153 3231 contra
1173 3199 1313 3232 Intentio-

248 3256 315 3277 nem
330 3244 437 3284 praefati
448 3240 659 3278 Consanguinei
674 3238 779 3277 nostri,
929 3278 934 3282 ι

287 3284 325 3315 Et
338 3285 420 3322 quia,
437 3282 536 3312 habito
551 3288 620 3310 cum
635 3277 753 3316 praefato
774 3276 992 3315 Consauguineo
1014 3276 1132 3316 nostro,
1150 3277 1230 3316 super
1250 3277 1313 3308 Re-

248 3324 359 3361 gimine
374 3323 408 3353 &
429 3318 649 3351 Gubernatione
666 3315 844 3355 hujusmodi,
862 3315 1000 3346 TraCtatu
1021 3315 1163 3356 diligenti,
1179 3317 1313 3348 nolumus

250 3360 391 3400 praemiffa
408 3359 488 3391 Mala
499 3356 649 3395 aliqualiter
657 3355 796 3401 tolerare,

292 3399 384 3431 Vobis
399 3399 432 3429 ὃς
448 3396 563 3429 cuilibet
576 3393 705 3426 vestrum
715 3417 725 3432 ,
851 3431 858 3437 ι

292 3437 342 3469 De
363 3436 534 3468 avisamento
585 3431 760 3464 Venerabilis
782 3430 873 3462 Patris
891 3430 998 3461 wama
1021 3430 1216 3471 Archiepisc'opi
1239 3435 1313 3462 Can-

252 3475 412 3515 tuarienfis,
433 3485 466 3505 ac
480 3482 537 3512 prae
553 3475 595 3502 ati
614 3469 807 3510 consanguinei
829 3469 925 3507 nostri,
944 3480 1058 3501 necnon
1080 3474 1194 3501 Hem-ici
1205 3474 1313 3501 Comitis

253 3514 460 3546 Northumbriae
475 3535 488 3551 ,
511 3512 545 3544 ὃς
562 3508 698 3549 Radulphi
719 3512 827 3540 Comitis
848 3507 1076 3553 W'estmerlandiae
1092 3532 1102 3549 ,
1126 3518 1314 3553 caeterorum-

275 3553 520 3598 ue·Magnatum,
545 3549 722 3586 Procerum,
747 3547 780 3579 &
800 3546 999 3578 Dominorum
1019 3548 1115 3588 Regni
1136 3547 1222 3578 nostri
1242 3558 1314 3586 prae-

276 3592 344 3630 isti,

293 3628 481 3666 Mandamus,
496 3626 616 3657 firmiter
636 3626 830 3663 injungentes,
851 3623 931 3662 quod
949 3625 1025 3655 circa
1045 3624 1213 3655 Custodiam
1234 3623 1315 3656 Pacis

255 3668 432 3707 &justitian
449 3665 648 3705 praediCtarum
662 3663 866 3707 intendatis,&
879 3661 1018 3707 Seffiones
1034 3663 1154 3702 vestras,
1165 3664 1240 3707 juxta
1256 3663 1315 3693 for-

256 3716 334 3737 mam
349 3708 382 3737 &
397 3705 536 3736 effecium
550 3702 671 3741 ejusdem
686 3700 921 3740 Comrmffioms,
932 3711 966 3732 ac
979 3702 1156 3732 Statutorum
1168 3701 1235 3731 inde
1251 3711 1317 3733 ante

257 3746 321 3775 haec
335 3754 462 3782 tempora
472 3742 614 3773 editorum
623 3763 632 3779 ,
650 3742 772 3771 teneatis.

295 3782 331 3813 Et
350 3784 427 3822 hoc,
441 3782 491 3812 sub
511 3778 690 3811 incumbenti
710 3777 861 3816 Periculo‚
876 3787 909 3808 ac
930 3777 1025 3808 Poena
1048 3779 1077 3808 in
1098 3777 1180 3809 dictis
1202 3776 1315 3810 statutis

260 3820 395 3852 contentii
430 3820 582 3850 nullatenus
594 3818 739 3848 omittatis.
778 3855 784 3861 ἡ
1043 3855 1048 3860 .
1193 3855 1198 3860 ’

294 3858 382 3890 Teste
395 3844 479 3898 kege
489 3856 563 3896 apud
574 3854 739 3897 Lychefeld,
755 3853 895 3888 vicefimo
907 3862 1007 3893 quarto
1021 3854 1066 3886 die
1080 3853 1209 3895 Augusti.

886 3932 939 3961 Per
952 3929 1035 3971 ipsimi
1050 3934 1154 3970 Regem.

1205 426 1311 457 embris

1345 2272 1436 2298 curari
1444 2272 1619 2307 permittam,
1639 2271 1780 2308 quicquam
1792 2278 1844 2308 quo

1344 2310 1461 2336 Domino
1475 2310 1556 2345 Regi,
1575 2313 1624 2336 aut
1637 2310 1727 2344 Regno
1731 2306 1783 2345 suo
1798 2310 1866 2343 Aug

1345 2345 1404 2375 dem
1420 2348 1534 2375 Domini
1546 2344 1629 2385 nostri
1642 2347 1683 2375 Re
1699 2348 1723 2374 is
1737 2351 1787 2374 aut
1803 2345 1870 2375 disti
1880 2347 1984 2384 Regni,
1999 2343 2050 2384 effi
2058 2347 2177 2383 poterit,

1345 3503 1437 3544 strum
1453 3505 1549 3541 Regem
1556 3527 1566 3541 ,

670 142 1480 194 CONVENTIONES,
1535 143 1929 195 LITERAE,

90 238 168 274 Anii.
182 236 225 268 D.
240 249 277 270 ne
293 238 433 278 ejusdem,
451 245 484 268 ac
498 235 611 267 diversis
625 235 810 274 Defeffibus,
825 237 854 266 in
869 236 976 266 eodem
991 234 1101 273 Regno
1114 231 1307 270 existentibus,

112 289 197 323 1399-
241 277 441 320 emendandis,
457 275 569 313 aliisque
581 273 618 305 de
634 274 747 314 Causis,
765 274 808 306 est
820 274 972 314 ingreffus,

91 325 141 352 Rlc.
162 329 187 349 2·

1345 263 1375 298 C
1472 268 1478 274 .
1492 268 1498 274 .
1612 269 1618 275 .
1679 269 1685 275 -
1704 267 1710 276 ι
1929 271 1934 278 .
2087 274 2093 282 .
2226 275 2233 282 .
2386 275 2393 284 .
2466 249 2500 272 ln'
2511 242 2561 282 Bai,

1375 266 1636 313 onfirniliassijevia
1656 268 1818 315 diriguntur
1836 269 1856 303 s
1918 281 1949 317 ⁴s
1961 269 2147 316 'Custodibus
2165 273 2247 308 Pacis
2265 283 2300 308 ac
2319 272 2408 322 ⁸[ussu-
2443 287 2528 322 1399·
2559 305 2561 319 4

1383 316 1472 385 {grus
1490 306 1543 338 suis
1563 317 1593 338 in
1612 305 1806 341 Comitatibus
1824 309 1875 341 sub
1885 320 1996 350 criptis,
2014 311 2065 344 sub
2084 314 2183 346 eadem
2202 314 2295 354 Data,
2311 315 2409 349 videli-
2425 324 2479 353 Ric.
2496 332 2523 357 ι,
2559 346 2561 352 ,

1382 419 1535 461 Custodibus
1554 425 1651 463 Pacis,
1664 425 1695 454 in
1713 427 1785 456 Com.
1804 426 1920 457 Cornub.

1382 460 1540 500 Custodibus
1558 465 1656 503 Pacis,
1673 467 1703 493 in
1723 467 1796 494 Com.
1815 468 1926 496 Devon.

1379 499 1535 539 custodibus
1550 502 1645 540 Pacis,
1661 505 1690 532 in
1708 506 1780 533 Com.
1798 506 1888 534 Somer
1903 527 1909 535 .

1381 538 1538 577 Custodibus
1556 542 1653 579 Pacis,
1667 544 1698 570 in
1715 545 1786 572 Corn.
1806 544 1868 572 Dor
1883 567 1889 573 .

1381 575 1538 616 Custodibus
1553 580 1652 618 Pacis,
1669 583 1699 609 in
1717 583 1789 610 Com.
1807 583 1850 611 W
1848 585 1858 610 i
1870 580 1923 620 tes

1381 614 1536 654 Custodibus
1554 619 1651 656 Pacis,
1668 622 1698 648 in
1717 621 1789 649 Com.
1807 619 1996 658 Suthampton.

1383 653 1538 694 Custodibus
1556 657 1652 694 Pacis,
1670 659 1700 685 in
1718 660 1791 687 Com.
1810 657 1900 688 Glouc.

1382 692 1537 732 Custodibus
1555 696 1652 733 Pacis,
1669 698 1698 724 in
1717 699 1789 726 Com.
1807 697 1952 736 Hereford.

1382 730 1536 772 custodibus
1556 735 1650 771 Pacis,
1668 736 1696 762 in
1715 737 1787 764 Com.
1805 734 1952 774 Wstmerl.

1380 769 1535 810 Custodibus
1552 773 1649 810 Pacis,
1667 775 1697 801 in
1713 776 1785 803 Com.
1807 773 1989 805 Northumbr.

1382 808 1537 848 Custodibus
1555 812 1650 849 Pacis,
1668 814 1698 840 in
1718 815 1790 841 Com.
1806 812 1936 843 Cantebr.

1379 847 1535 887 custodibus
1554 850 1649 888 Pacis,
1666 852 1696 879 in
1715 849 1885 890 Estrithingo
1900 854 1929 881 in
1947 855 2020 883 Com.
2039 851 2167 884 Eboruns.

1380 885 1536 926 custodibus
1552 889 1648 926 Pacis,
1665 891 1694 917 in
1715 889 1906 929 Wstrithingo
1923 894 1953 921 in
1971 894 2041 921 Com.
2060 891 2189 922 Eborum.

1380 925 1535 964 custodibus
1556 927 1652 965 Pacis,
1670 930 1699 956 in
1717 928 1931 967 Northrithingo
1945 933 1976 960 in
1992 933 2063 961 Com.
2082 930 2212 963 Eborum.

1379 964 1536 1003 Custodibus
1554 967 1652 1004 Pacis,
1669 969 1699 995 in
1717 970 1789 997 Com.
1809 967 1949 1007 Notyngh.

1380 1002 1535 1043 custodibus
1557 1006 1654 1043 Pacis,
1668 1008 1697 1034 in
1715 1009 1790 1035 Com.
1809 1006 1896 1036 Derb.

1382 1041 1536 1081 Custodibus
1553 1044 1648 1082 Pacis,
1664 1046 1693 1072 in
1712 1047 1782 1073 Com.
1802 1044 1927 1075 Lincoln.

1379 1081 1534 1120 custodibus
1553 1083 1649 1120 Pacis,
1667 1086 1696 1112 in
1714 1087 1786 1112 Com.
1805 1083 1894 1113 Rotel.

1382 1119 1537 1159 custodibus
1556 1122 1650 1159 Pacis,
1668 1124 1698 1151 in
1715 1125 1787 1152 Com.
1807 1121 2022 1161 Northampton.

1383 1157 1536 1198 Custodibus
1556 1161 1648 1198 Pacis,
1668 1163 1697 1189 in
1716 1159 1846 1190 Partibus
1864 1160 1983 1202 Lyndefi

1382 1196 1537 1237 Custodibus
1552 1200 1649 1237 Pacis,
1666 1202 1696 1228 in
1715 1198 1847 1229 Partibus
1865 1200 1898 1230 de
1914 1200 2035 1230 Holand.

1382 1235 1537 1276 custodibus
1558 1239 1653 1276 Pacis,
1669 1241 1698 1267 in
1719 1239 1851 1268 Partibus
1868 1239 1900 1269 de
1918 1238 2076 1280 Kestevene.

1382 1275 1536 1314 Custodibus
1555 1277 1648 1314 Pacis,
1667 1279 1696 1305 in
1715 1280 1786 1307 Com.
1806 1281 1896 1308 Oxon.

1383 1313 1538 1354 Custodibus
1557 1316 1651 1352 Pacis,
1670 1318 1700 1344 in
1719 1318 1790 1345 Com.
1811 1317 1906 1346 Berks.

1383 1352 1537 1391 custodibus
1556 1354 1653 1392 Pacis,
1670 1356 1699 1383 in
1718 1357 1792 1384 Com.
1810 1356 1892 1385 Beds.

1383 1391 1538 1429 Custodibus
1557 1393 1656 1431 Pacis,
1673 1396 1703 1422 in
1722 1396 1792 1423 Com.
1813 1395 1898 1423 Buks.

1383 1429 1538 1469 Custodibus
1556 1432 1651 1469 Pacis,
1665 1434 1695 1461 in
1712 1435 1786 1462 Com.
1803 1433 1897 1462 Hunt.

1379 1468 1536 1508 custodibus
1551 1470 1646 1508 Pacis,
1662 1473 1692 1499 in
1711 1473 1782 1500 eom.
1802 1470 1909 1500 eumhr.

1383 1506 1538 1546 Custodibus
1557 1509 1653 1546 Pacis,
1670 1512 1700 1538 in
1719 1512 1790 1539 Com.
1809 1512 1884 1539 Surr.

1381 1544 1534 1585 Custodibus
1552 1548 1648 1586 Pacis,
1665 1550 1694 1576 in
1713 1550 1784 1577 Com.
1804 1546 1907 1586 Suffix.

1381 1583 1535 1625 Custodibus
1553 1587 1649 1624 Pacis,
1666 1589 1697 1615 in
1714 1589 1786 1616 Com.
1805 1586 1894 1626 Salop.
1911 1608 1915 1611 .

1382 1622 1538 1662 custodibus
1557 1625 1652 1662 Pacis,
1668 1627 1697 1653 in
1713 1628 1785 1654 Com.
1805 1627 1930 1665 lbygorn.

1382 1661 1537 1700 custodibus
1554 1664 1650 1700 Pacis,
1667 1665 1698 1691 in
1715 1666 1787 1692 Com.
1804 1665 1894 1693 Kane.

1384 1700 1539 1740 custodibus
1559 1702 1654 1739 Pacis,
1672 1703 1701 1731 in
1718 1705 1791 1731 Com.
1808 1700 1901 1740 Novff
2391 1728 2395 1730 v

1385 1740 1404 1759 '¹‘
1422 1739 1578 1780 custodibus
1596 1742 1691 1777 Pacis,
1709 1744 1738 1770 in
1755 1743 1827 1771 Com.
1847 1739 1914 1779 Suffi
2429 1750 2449 1770 ο
2461 1751 2541 1780 νηχ,

1383 1777 1540 1818 Custodibus
1559 1780 1654 1817 Pacis,
1672 1782 1701 1808 in
1716 1782 1788 1809 Com.
1807 1777 1900 1818 Effex.
2430 1789 2477 1818 36.

1385 1816 1541 1855 Custodibus
1561 1819 1658 1855 Pacis,
1675 1820 1705 1847 in
1723 1821 1795 1848 Com.
1813 1815 1912 1857 Hertf.

1384 1854 1540 1896 Custods'bus
1560 1858 1658 1894 Pacis,
1675 1859 1704 1886 in
1722 1859 1793 1886 Com.
1814 1856 1921 1885 Mdds.

1382 1894 1538 1934 custodibus
1557 1896 1653 1934 Pacis,
1670 1899 1699 1925 in
1716 1898 1788 1925 Com.
1808 1896 1901 1925 Warr.

1380 1932 1535 1974 custodibus
1555 1935 1648 1972 Pacis,
1666 1937 1696 1964 in
1714 1936 1788 1964 Com,
1806 1931 1926 1974 Leycest.

1622 2068 1856 2100 Sacramentum
1872 2064 2037 2098 Collei‘zoris
2050 2067 2144 2111 Papae.

1347 2152 1474 2214 ERo
1500 2159 1672 2182 FIDELIS
1696 2150 1876 2182 Domino
1901 2158 2070 2183 nosrno
2096 2148 2206 2181 Rani
2226 2149 2412 2181 Ancum
2432 2147 2560 2180 Ann.D.

1430 2190 1823 2229 ETCoRoNAEsUAE‚
2452 2196 2538 2227 1399.

1383 2232 1443 2259 Nec
1448 2229 1557 2269 faciam
1568 2237 1618 2258 aut
1629 2228 1792 2268 procurabo,
1802 2227 1854 2270 seu
1888 2236 2022 2270 quantum
2037 2232 2066 2258 in
2079 2238 2120 2258 me
2133 2225 2188 2268 est,
2204 2226 2266 2265 fieri
2278 2226 2330 2267 seu
2344 2235 2409 2267 pro-
2429 2230 2481 2255 An.
2497 2236 2542 2264 ²3·

1843 2251 1872 2296 Δ,
1912 2267 2063 2306 ejudiciale
2080 2273 2131 2296 aut
2151 2267 2323 2306 dampnosum
2338 2267 2410 2296 ditio
2427 2269 2456 2293 R.
2475 2275 2502 2294 2.

1867 2275 1928 2344 lg,
1946 2306 1996 2337 vel
2007 2305 2126 2344 Legibus
2141 2311 2191 2334 aut
2205 2304 2326 2344 Juribus
2341 2305 2411 2343 ejus—
2428 2313 2507 2371 aad?
2516 2303 2542 2332 d.

2429 2347 2442 2371 Ι
2460 2344 2465 2349 '
2494 2351 2537 2372 mc*

1384 2386 1426 2413 Et
1445 2383 1520 2425 quod
1536 2388 1641 2414 Bonum
1717 2382 1803 2424 fidele
1823 2383 1986 2424 confilium,
1998 2391 2049 2422 pro
2065 2382 2148 2422 senfie
2161 2393 2233 2421 meo,
2251 2381 2320 2412 dabo
2330 2382 2413 2412 eidem

1346 2426 1464 2502 Dthttno
1478 2421 1565 2463 nostro
1578 2425 1661 2461 Regi,
1675 2422 1753 2462 super
1766 2419 1973 2464 quibufiumque
1986 2423 2056 2452 unde
2062 2420 2146 2462 fitero
2158 2432 2193 2451 ex
2201 2428 2285 2460 parte
2290 2419 2347 2461 sica
2370 2432 2414 2452 re-

1345 2472 1411 2502 qusi
1426 2471 1472 2497 us,

1384 2500 1525 2540 confilium
1538 2503 1650 2530 Domini
1663 2498 1746 2540 nostri
1760 2501 1839 2537 Regis
1851 2498 1890 2535 ώ-
1906 2499 1974 2529 dicii
1999 2501 2102 2537 Regni,
2120 2499 2192 2529 unde
2209 2505 2303 2538 potero
2324 2497 2415 2539 aliquo

1347 2539 1422 2568 modo
1434 2539 1540 2577 doceri,
1555 2537 1607 2569 vel
1635 2539 1688 2569 uod
1697 2539 1785 2568 dic‘lus
1798 2541 1932 2568 Dominus
1955 2537 2040 2577 noster
2054 2540 2116 2567 Rex
2128 2536 2208 2567 michi
2215 2536 2286 2576 ftire
2301 2535 2415 2576 fecerit,

1363 2588 1392 2607 er
1405 2580 1519 2607 Literas
1539 2577 1589 2608 vel
1602 2549 1656 2607 aiio
1669 2578 1743 2607 modo
1751 2601 1761 2615 ,
1778 2576 1869 2606 celabo
1882 2574 1921 2611 (ly
1935 2579 2069 2606 Secretum
2083 2575 2178 2605 tenebo
2186 2598 2196 2614 ,
2213 2573 2310 2615 absque
2323 2577 2414 2605 Reve-

1347 2615 1449 2646 latione
1468 2615 1532 2647 inde
1545 2614 1679 2657 facienda*
1701 2614 1783 2645 alicui
1804 2614 1927 2653 Perfimae
1948 2617 2080 2652 viventi,
2093 2621 2144 2652 per
2157 2614 2230 2655 quod
2240 2616 2416 2652 Dampnum,

1349 2656 1485 2694 Dedecus,
1501 2662 1550 2684 aut
1565 2654 1754 2693 Praejudicium
1766 2655 1836 2684 disto
1851 2656 1967 2684 Domino
1980 2652 2067 2692 nostro
2080 2655 2162 2691 Regi,
2179 2659 2229 2682 aut
2244 2654 2333 2691 Regno
2340 2660 2415 2692 prae-

1350 2695 1438 2732 dicio,
1456 2697 1564 2724 evenire
1575 2697 1696 2732 poterit,

1387 2732 1505 2762 Nullam
1519 2734 1712 2763 Executionem
1727 2734 1889 2762 Literarum
1903 2729 1953 2760 vel
1963 2730 2166 2760 Mandatorum
2179 2732 2293 2759 Domini
2314 2731 2415 2770 Papa,

1342 2779 1393 2810 per
1408 2773 1473 2809 Me,
1491 2770 1540 2800 vel
1552 2769 1652 2809 alium,
1662 2769 1771 2810 faciam
1785 2777 1833 2799 nec
1844 2769 1907 2808 fieri
1916 2772 2162 2810 permittam,quae
2170 2772 2277 2806 poterit
2285 2766 2335 2808 ‘’ffl'
2341 2777 2417 2808 prae-

1341 2809 1482 2849 judicialis
1503 2811 1592 2846 Regiae
1615 2813 1700 2846 lnage
1724 2812 1767 2839 ati
1787 2809 1855 2839 dicti·
1880 2810 1994 2838 Domini
2012 2805 2094 2848 nostri
2112 2809 2194 2845 Regis·
2212 2813 2263 2836 aut
2278 2806 2417 2846 Regaliae,

1350 2848 1466 2886 Legibus
1482 2847 1531 2878 vel
1544 2847 1662 2886 Juribus
1688 2851 1747 2887 uis,
1765 2846 1816 2877 vel
1826 2847 1909 2876 eidem
1923 2849 2031 2884 Regno,

1387 2886 1492 2917 Nullas
1505 2889 1619 2916 Literas
1636 2885 1751 2925 Papales
1765 2897 1811 2916 nec
1823 2885 1894 2915 alias
1908 2888 2049 2923 recipiam,
2067 2882 2117 2925 »Ψ
2130 2893 2193 2921 eas,
2211 2883 2289 2913 citius
2301 2893 2353 2924 quo
2366 2891 2417 2952 ἶσ-

1350 2932 1426 2963 tero,
1445 2924 1630 2955 deliberavero
1644 2924 1757 2954 Concilio
1772 2925 1839 2954 dic‘i‘i
1850 2927 1962 2954 Domini
1975 2922 2058 2962 nostri
2070 2925 2151 2960 Regis
2164 2928 2311 2962 antequam
2326 2930 2364 2961 pu
2382 2921 2418 2952 li-

1349 2971 1459 3001 centur,
1471 2963 1520 3002 seu
1535 2963 1714 2993 deliberentur
1730 2963 1810 2992 alicui
1825 2961 1947 2999 Perfimae
1961 2964 2091 2999 viventi,

1385 3002 1502 3032 Nullum
1513 3000 1680 3041 Tisi-fiturum
1695 3004 1779 3038 Regni
1791 3001 1930 3039 praedic‘li,
1947 3011 1992 3029 nec
2008 3002 2160 3030 Deverisms
2182 3001 2297 3029 Domini
2315 3000 2416 3037 Papa,

1341 3040 1393 3081 jeu
1404 3040 1559 3070 Cardinalis
1567 3065 1576 3079 ,
1592 3051 1638 3070 nec
1650 3039 1763 3070 alterius
1779 3040 1901 3077 Personae
1913 3037 2109 3078 cujuscumque,
2123 3040 2154 3066 in
2167 3039 2285 3066 Moneta
2289 3036 2340 3075 seu
2347 3036 2416 3066 Pla-

1350 3087 1400 3118 ta,
1419 3082 1497 3109 Auri
1508 3078 1559 3109 vel
1570 3082 1709 3116 Argenti,
1720 3086 1769 3117 per
1783 3080 1897 3107 Literas
1915 3076 2096 3106 Cambitorias
2109 3080 2161 3105 aut
2174 3074 2263 3112 alias,
2281 3085 2334 3104 non
2352 3079 2418 3105 mit-

1351 3125 1411 3148 tam
1424 3129 1470 3147 nec
1487 3121 1562 3146 mitti
1569 3116 1676 3156 faciam
1690 3123 1772 3146 extra
1786 3116 1886 3145 dictum
1900 3117 2037 3152 Regnum,
2053 3120 2203 3154 antequam
2207 3111 2289 3152 super
2306 3113 2353 3143 hoc
2375 3114 2418 3144 di-

1351 3159 1389 3186 c‘ii
1409 3159 1521 3186 Domini
1543 3155 1625 3195 nostri
1646 3158 1724 3193 Regis
1745 3153 1796 3184 vel
1815 3152 1925 3184 Concilii
1936 3153 1983 3193 sui
2003 3155 2161 3184 Licentiam
2179 3151 2298 3182 habuero
2311 3151 2417 3191 specia-

1350 3195 1400 3224 lem

1390 3216 1450 3262 blec
1463 3230 1568 3272 aliquas
1582 3233 1709 3269 Literas,
1729 3229 1870 3270 Praemtffis
1877 3229 1929 3270 seu
1943 3229 2023 3260 alicui
2037 3227 2235 3269 Praemifforum
2244 3229 2419 3268 praejudicia-

1351 3271 1389 3302 les
1401 3270 1450 3311 seu
1463 3273 1613 3301 contrarias
1621 3295 1630 3308 ‚
1646 3273 1756 3299 mittam
1769 3276 1851 3299 extra
1863 3272 1982 3306 Regnum
1991 3269 2170 3307 praediiffum,

1389 3313 1525 3340 Honorem
1539 3307 1578 3343 ὠ·
1592 3312 1703 3339 Statum
1717 3309 1783 3338 diffl
1795 3310 1908 3338 Domini
1919 3306 2001 3346 nostri
2014 3309 2108 3345 Regis,
2129 3317 2162 3336 ac
2177 3308 2263 3343 Leges
2275 3303 2315 3340 ὦ·
2336 3305 2417 3344 Jura

1343 3348 1400 3389 sica
1409 3349 1543 3387 praedic‘la
1551 3372 1560 3386 ,
1573 3355 1623 3386 pro
1630 3346 1701 3387 poffi
1715 3357 1786 3386 meo,
1804 3345 1900 3391 absque
1913 3344 2081 3384 violatione,
2096 3343 2249 3384 Custodiam
2262 3341 2302 3379 &
2313 3346 2419 3374 Manu-

1353 3387 1446 3418 tenebo

1391 3410 1511 3457 Nec'ali
1530 3420 1574 3456 uos
1595 3428 1697 3455 Primos
1717 3424 1830 3454 Fructus
1849 3432 2070 3464 quorumcumque
2091 3419 2303 3462 Beneficiorum,
2324 3423 2416 3451 Dato-

1352 3475 1427 3504 rum,
1444 3467 1507 3495 Prae
1519 3471 1687 3502 meatorum,
1705 3462 1755 3494 vel
1766 3465 1994 3500 Nominatorum,
2009 3468 2058 3499 per
2071 3460 2174 3506 dilium
2197 3461 2352 3506 Dominum.
2365 3469 2415 3489 no-

1352 3546 1486 3572 smim
1499 3496 2415 3583 pmststffzz'zsse‘jsti'ssi‘}205420‘1125‘23‘25ffi223m

1354 3581 1387 3649 ΖΞ
1400 3583 1502 3610 Gratia
1517 3583 1644 3610 communi
1657 3578 1706 3609 vel
1708 3577 1834 3619 speciali,
1851 3581 1958 3616 exigam
1963 3576 2013 3616 seu
2037 3574 2143 3614 evabo,
2159 3584 2207 3605 nec
2227 3571 2362 3613 Proceffics
2381 3584 2415 3603 ea

1401 3623 1457 3649 Cau
1470 3631 1487 3648 a
1517 3622 1604 3649 aciam

1392 3617 1570 3698 Necsa'lijq‘uas
1584 3641 1738 3687 N⁷ovitate5
1749 3657 1886 3693 incipiam,
1897 3662 1947 3692 per
1961 3652 2131 3682 Mandatum
2146 3662 2194 3682 nec
2207 3649 2305 3695 absque
2326 3651 2415 3694 Man-

1353 3695 1418 3726 dato
1464 3707 1506 3726 'ne
1526 3695 1670 3726 Voluntate
1692 3691 1730 3728 &⁶
1752 3693 1881 3724 Licentia
1888 3691 1998 3732 speciali
2015 3691 2081 3720 diesi
2094 3692 2208 3720 Domini
2221 3687 2305 3728 nostri
2319 3689 2415 3725 Regis,

1355 3729 1393 3768 ὀ·
1409 3720 1435 3763 α’
1458 3746 1507 3775 que
1520 3745 1548 3764 eo
1565 3734 1638 3774 quod
1649 3731 1738 3771 Causa
1750 3731 1801 3763 vel
1813 3732 1983 3762 Mandatum
1995 3727 2160 3768 hujusmodi,
2185 3737 2195 3755 1
2207 3737 2267 3766 quae
2278 3724 2329 3755 vel
2344 3725 2418 3765 quod

1350 3772 1480 3812 fuerint,
1492 3773 1619 3811 primitias
1632 3772 1704 3802 dicio
1719 3773 1835 3801 Domino
1846 3769 1937 3810 nostro
1948 3771 2075 3806 Regiani
2087 3769 2165 3797 Conci
2175 3769 2200 3796 io
2203 3763 2256 3804 suo
2276 3764 2350 3794 modo
2369 3763 2414 3794 de-

1356 3812 1414 3841 bito
1421 3809 1512 3851 fuerit
1527 3811 1675 3850 ostensum,
2136 3845 2141 3850 .
2395 3842 2401 3848 ι

1388 3852 1431 3879 Et
1445 3850 1521 3890 quod
1530 3858 1612 3879 extra
1625 3849 1726 3878 dilium
1737 3850 1857 3885 Regnum
1870 3852 1922 3875 aut
1933 3847 2046 3875 Terram
2053 3842 2231 3887 praedsc‘lam,
2248 3839 2346 3880 abse'que
2360 3841 2416 3869 Lx-

1352 3886 1478 3928 centias
1483 3887 1559 3918 eciali
1573 3889 1639 3917 dicti
1654 3889 1764 3917 Domini
1777 3885 1862 3924 nostri
1875 3887 1968 3921 Regis,
1984 3882 2022 3917 ὠ
2036 3882 2083 3912 hoc
2091 3888 2141 3926 fer
2155 3882 2272 3910 Literas
2285 3878 2335 3909 vel
2344 3880 2415 3907 Bre-

1350 3930 1403 3956 via
1418 3898 1482 3965 subp
1495 3929 1599 3964 Magno
1619 3924 1708 3964 Sigillo
1727 3924 1793 3954 diffl
1813 3926 1924 3954 Domini
1943 3920 2028 3960 nostri
2038 3921 2138 3957 Regis,
2155 3929 2196 3948 me
2217 3928 2270 3948 non
2291 3914 2413 3956 transfe-

1351 3976 1413 3995 ram
1422 3988 1432 4002 ,

1389 4020 1456 4051 Sic
1480 4028 1535 4051 Μι
1564 4018 1680 4051 Deus
1704 4024 1887 4059 ADJquT
1908 4022 1960 4046 ετ
1980 4014 2152 4047 Saue-ra.
2169 4019 2264 4055 ηας
2283 4011 2412 4046 Evan-

1352 4067 1494 4091 οεωι.
2361 4087 2418 4118 131
