2561 4251
710 159 820 200 ET
903 158 1168 201 ACTA

1250 156 1719 198 PUBLICA.

2244 171 2322 204 119

0 244 63 278 Nun.
78 244 120 275 D.
142 242 224 278 nibus
238 247 271 278 ὅτ
287 246 395 288 singulis
405 245 551 284 praerniffis
566 244 635 276 Nos
647 244 713 276 Rex
729 245 828 276 Petrus
843 252 972 277 tenemus
988 245 1032 276 vel
1048 255 1143 276 tenere
1157 244 1207 275 de·
1244 243 1323 272 tertia
1340 241 1447 272 Mensis
1457 242 1645 282 Septembris,
1664 243 1751 273 Anno
1766 242 1891 274 Domini
1906 243 2077 280 Millesirrio,
2090 241 2314 280 Tricentesimo,
2336 238 2412 270 Arin.
2427 240 2469 272 D.

20 283 104 323 1366.

0 328 57 352 Ην,
73 333 99 360 3.

12 2952 31 2973 ²¹²
47 2955 99 2982 Vl.

7 3001 73 3028 522.
106 3008 109 3009 ν

146 286 262 324 bemus,
279 295 324 316 IN
345 285 552 315 DoMANlo
571 293 683 322 QUOD
704 293 748 314 IN
769 284 995 323 DoMANio,
1015 293 1067 314 ET
1088 293 1130 315 IN
1143 285 1210 315 Su·

145 331 447 360 PERIORITATE
466 332 579 362 QUOD
599 331 644 353 IN
664 323 1049 361 SUPERIORITATE,

181 362 221 393 Et
231 363 264 393 ad
278 362 403 392 dandum
416 362 464 392 cui
479 363 617 400 voluerit,
636 362 665 391 in
678 369 742 392 toto
757 362 801 393 vel
817 362 845 391 in
860 370 952 399 parte,
968 371 1037 392 cum
1059 362 1209 391 omnimo·

144 401 178 432 da
195 401 328 431 Dominii
349 400 511 432 Nobilitate
530 402 563 431 &
583 401 802 438 Superioritate,
821 399 893 430 adeo
915 401 1002 430 libere
1022 401 1056 430 &
1076 400 1207 430 nobiliter

146 441 214 470 sicut
229 449 282 469 nos
301 449 427 476 unquam
443 439 594 470 habuimus
613 439 658 469 vel
679 440 838 476 tenuimus,
855 447 902 469 aut
923 448 1018 469 tenere
1040 438 1208 475 debuimus,

145 485 192 508 aut
209 478 306 516 aliquis
325 477 501 510 Genitorum
522 476 687 508 nostrorum
705 477 881 515 habuerunt,
907 477 951 507 vel
971 486 1135 515 tenuerunt,
1160 485 1208 507 aut

144 525 238 547 tenere
254 517 429 556 debuerunt,

184 555 224 586 Et
247 555 349 594 absque
371 555 465 593 aliquo
489 553 643 592 Refforto,
659 553 863 593 Superioritate
877 577 886 591 ,
910 553 1139 593 Recognitione,
1163 561 1210 584 aut

147 593 204 624 alio
219 593 362 632 Deverio,
380 594 426 624 vel
439 593 604 632 Homagio,
621 592 689 623 inde
703 593 787 623 nobis
805 591 950 630 faciendo,
969 602 1017 623 aut
1036 592 1212 623 Successori-

149 633 204 701 bu}
213 633 315 664 nostris
328 632 459 671 Regibus
472 630 620 669 Castellae,
637 640 684 662 aut
697 631 780 662 alicui
795 632 871 662 alteri
887 631 1019 662 Personae
1029 641 1082 669 pro
1099 638 1211 667 tempo-

146 680 175 701 re
202 680 285 702 uturo

187 710 236 740 De
251 695 352 748 quibus
366 708 500 739 omnibus
520 709 554 740 &
568 707 677 747 singulis
699 706 786 738 Bonis
806 709 838 740 ὃς
862 708 960 739 Rebus
983 706 1143 744 praemissis,
1163 715 1212 745 per

148 748 218 779 Nos
229 749 309 780 dieto
323 744 451 788 Principi
466 747 578 778 donatis
592 749 625 779 ὃς
642 747 797 786 conceffis,
817 747 884 777 Nos
896 747 960 776 Rex
969 745 1066 775 Petrus
1078 746 1213 782 ponimus

148 788 269 818 eundem
285 787 448 825 Principem
458 808 467 824 ,
486 796 535 825 per
550 785 712 824 praesenteS,
730 787 764 817 &
775 785 953 815 traditionem
969 782 1166 822 praesentium,
1181 783 1212 812 in

147 830 261 863 veram,
278 825 398 863 realem,
414 826 447 856 &
463 824 660 862 corporalem,
682 824 854 860 naturalem,
871 823 904 853 &
923 821 1037 864 civilem
1060 820 1211 851 Posseflio-

150 874 220 895 nem
236 865 270 895 δε
285 864 451 903 Sayzinam,
470 864 619 902 ipsumque
631 862 798 893 Dominum
811 861 975 898 Principem
990 859 1137 890 dictorum
1156 859 1213 889 Bo*-

150 913 255 933 norum
277 905 311 935 &
336 902 466 940 Rerum,
482 901 703 941 SuperioritatiS,
726 910 760 931 ac
781 898 928 937 Ressbrti,
946 907 1045 930 verum
1068 897 1214 929 Pofleffo-

149 951 211 972 reni
227 943 259 973 &
274 942 496 981 Proprietarium
509 939 710 969 constituimus
725 938 781 968 Rei
796 937 868 976 suae,

187 980 332 1019 Dictaque
352 980 411 1010 Res
425 980 458 1009 &
481 976 577 1015 Bona,
594 977 825 1014 Superioritatem
842 978 876 1008 &
898 975 1083 1014 Ressortum,
1101 975 1124 1018 fi.
1145 974 1214 1014 quid

150 1018 187 1050 de
201 1020 264 1057 ipsis
277 1028 406 1050 tenemus
423 1016 468 1047 vel
482 1015 667 1054 possidemus,
682 1026 714 1046 ea
735 1017 870 1054 praecario
888 1016 1025 1054 nomine,
1041 1025 1075 1047 ac
1095 1023 1161 1044 vice
1180 1015 1214 1045 &

151 1057 221 1089 loco
232 1058 313 1096 ipfius
324 1055 450 1087 Domini
461 1053 619 1093 Principis,
633 1064 763 1086 tenemus
776 1055 810 1086 δε
822 1054 1010 1094 possidemus,
1028 1063 1060 1084 ac
1073 1060 1166 1083 tenere
1182 1054 1215 1084 &

150 1096 288 1137 poffidere
302 1093 545 1133 recognoscimus,
564 1092 634 1124 nihil
646 1103 680 1124 ex
695 1093 753 1124 hoc
763 1092 855 1131 juris,
872 1091 1072 1129 Poffeffionis,
1089 1091 1216 1123 autPro-

149 1136 270 1176 prietatis
282 1133 397 1170 Nobis,
414 1131 603 1170 Haeredibus,
619 1141 667 1164 aut
681 1131 897 1163 Succefforibus
909 1130 1012 1161 nostris
1024 1132 1184 1161 retinentes.

187 1173 226 1204 Et
240 1171 392 1212 praemiffas
406 1168 587 1205 Donationes
599 1171 737 1209 fecimus,
754 1181 787 1201 ac
795 1180 848 1201 nos
860 1169 956 1200 feciffe
970 1170 1215 1210 recognoscimus,

149 1213 185 1242 ὃς
198 1213 335 1248 fatemur,
354 1220 407 1248 pro
421 1210 537 1240 utilitate
549 1210 582 1240 &
597 1211 709 1240 honore
724 1209 854 1240 Coronae
864 1208 1035 1248 Regnorum
1049 1208 1214 1239 nostrorum

148 1250 280 1281 Casteuae
294 1251 327 1282 &
343 1249 496 1288 Legionis,
510 1250 544 1280 &
560 1257 594 1278 ex
614 1249 700 1280 causis
721 1249 844 1287 superius
862 1248 1020 1286 declararis,
1038 1247 1218 1284 mandantes,

148 1296 247 1320 tenore
260 1288 457 1329 praesentium,
473 1287 609 1318 omnibus
620 1287 815 1326 Hominibus,
831 1287 953 1317 Subditis
973 1287 1006 1318 &
1028 1285 1150 1316 Vassallis
1172 1286 1215 1316 di-

150 1328 265 1358 &orum
279 1328 413 1357 omnium
434 1327 468 1357 &
486 1326 663 1365 ‚singulorum
680 1326 848 1364 Locorum,
864 1325 983 1363 Patriae,
999 1324 1158 1355 Terrarum
1178 1326 1211 1357 δε

149 1366 382 1403 Dominiorum,·v
394 1364 475 1403 quod
489 1364 570 1396 dieto
586 1365 731 1403 Principi,
750 1373 884 1403 tanquam
902 1373 1002 1394 eorum
1019 1373 1088 1394 vero
1104 1363 1215 1394 Domi-

146 1415 204 1444 no,
220 1404 402 1435 obediant&
416 1403 582 1442 intendant,
601 1415 634 1435 ac
653 1405 746 1435 eidem
767 1403 874 1434 solvant
895 1404 994 1433 omnia
1015 1401 1155 1439 Deveria,
1173 1403 1213 1432 fa—

147 1445 225 1478 ciant
248 1443 408 1482 Homagia,
424 1443 457 1474 &
479 1442 609 1480 praestent
631 1440 784 1473 Fidelitatis
803 1442 1000 1479 Sacramenta,
1024 1451 1088 1480 quae
1110 1441 1160 1479 ipsi
1179 1442 1213 1472 &

147 1481 373 1514 Praedecessores
388 1482 427 1511 sui
442 1480 541 1511 Nobis
553 1483 586 1512 &
601 1480 856 1512 Praedecefforibus
871 1479 992 1517 nostris,
1011 1479 1149 1510 Dominis
1164 1480 1212 1510 di-

146 1522 265 1552 ‹storum
278 1520 441 1557 Locorum,
461 1519 688 1557 Dominiorum,
704 1518 876 1557 Terrarum,
895 1520 929 1550 &
951 1518 1069 1557 Patriae,
1085 1519 1146 1549 sunt
1161 1519 1214 1549 sol-

146 1570 213 1598 vere
227 1560 261 1591 &
276 1558 403 1598 praestare
416 1558 560 1597 consueti,
578 1559 612 1590 δε
626 1568 690 1596 quae
712 1557 822 1595 facere,
839 1557 963 1595 solvere,
980 1559 1013 1589 δε
1029 1557 1159 1595 praestare
1172 1567 1214 1588 te-

147 1607 258 1631 nentur.

185 1632 253 1668 Nos
265 1634 378 1666 eosdem
393 1633 538 1666 Homines
552 1635 585 1666 &
602 1634 736 1666 Vaffallos
749 1635 901 1674 quittamus
916 1636 949 1666 &
970 1634 1157 1674 absolvimus,
1177 1635 1211 1666 &

148 1675 302 1714 quemlibet
318 1683 434 1711 eorum,
453 1674 490 1704 ab
505 1674 588 1704 omni
608 1673 763 1711 Homagio
781 1674 815 1705 &
839 1673 992 1704 Fidelitatis
1010 1674 1213 1710 Sacramenro,

148 1715 231 1745 &ab
245 1714 327 1744 omni
345 1712 400 1743 alio
422 1712 568 1751 Deverio,
588 1713 804 1752 Superioritate,
823 1713 856 1743 &
881 1713 1035 1750 Refforto,
1053 1714 1083 1743 in
1109 1714 1210 1751 quibus

145 1752 183 1784 N
183 1753 262 1791 obis,
277 1749 548 1790 Praedecefforibus,
563 1750 736 1782 Haeredibus
744 1774 754 1789 ,
770 1760 817 1782 aut
831 1751 1045 1782 Succefforibus
1057 1751 1159 1782 nostris
1167 1761 1209 1782 te-

146 1800 293 1829 nerentur,
314 1790 347 1821 &
369 1790 457 1820 essent
474 1789 628 1828 aliqualiter
645 1789 771 1829 astrit‘ti,
788 1789 834 1821 seu
850 1791 937 1821 etiam
957 1790 1095 1830 obligati,
1110 1791 1209 1829 dieto,

146 1841 181 1862 ut·
199 1829 313 1861 dictum
335 1828 392 1867 est,
411 1828 578 1859 obediendo
599 1828 744 1868 Principi,
759 1828 922 1868 ipsumque,
946 1837 977 1859 ut
998 1829 1080 1860 suum
1100 1829 1211 1860 Domi-

145 1878 236 1907 num,
254 1867 494 1907 recognoscendo.

184 1906 222 1938 Et
232 1906 381 1946 juramus,
400 1905 434 1936 ad
448 1905 548 1936 saneta
561 1904 620 1936 Dei
633 1905 802 1946 Evangelia,
821 1917 837 1937 a
850 1906 934 1937 nobis
951 1907 1137 1945 corporaliter
1145 1916 1209 1938 ma-

145 1957 186 1977 nu
205 1946 296 1982 taeta,
314 1945 349 1976 &
369 1948 398 1974 in
417 1945 507 1975 verbo
526 1945 722 1982 promittimus
742 1945 854 1984 Regio,
871 1955 925 1985 pro
944 1945 1058 1983 Nobis,
1076 1945 1209 1976 Haeredi-

145 1986 216 2022 bus,
232 1984 266 2016 &
280 1982 493 2015 Succefforibus
507 1983 624 2021 nostris,
642 1983 749 2014 distam
762 1983 962 2015 Donationem
975 1984 1091 2015 firmiter
1111 1994 1207 2015 tenere

143 2024 178 2055 &
193 2022 395 2054 inviolabiliter
408 2020 574 2060 observare,
592 2031 647 2053 nec
662 2023 872 2061 contravenire,
892 2025 921 2054 in
939 2031 1003 2053 toto
1017 2024 1061 2054 vel
1076 2024 1105 2052 in
1117 2032 1206 2061 parte,

143 2063 254 2093 ratione
272 2060 481 2100 Ingratitudinis
493 2083 502 2099 ,
528 2059 680 2092 Immensae
699 2061 890 2099 Donationis,
918 2062 1055 2093 Laesionis
1076 2062 1144 2092 levis
1160 2062 1207 2094 vel

144 2102 287 2139 enormiS,
304 2108 351 2131 aut
362 2099 441 2138 qued
456 2099 535 2131 dieta
545 2098 625 2130 Bona
637 2099 744 2139 essent,
759 2101 789 2130 in
802 2108 866 2130 toto
881 2101 926 2131 vel
940 2102 969 2131 in
983 2109 1061 2140 parte
1075 2101 1205 2131 Coronae

144 2140 288 2170 mdiorum
310 2139 481 2178 Regnorum
500 2137 574 2168 adeo
594 2147 717 2177 annexa,
742 2139 823 2177 quod
841 2148 874 2169 ea
893 2141 1019 2170 conferri
1040 2139 1085 2171 vel
1108 2141 1208 2171 donari

143 2188 205 2210 non
229 2177 358 2217 possent,
375 2178 405 2207 in
425 2186 493 2207 toto
515 2176 559 2208 vel
578 2177 608 2206 in
631 2185 726 2215 parte,
752 2177 798 2208 vel
818 2177 872 2208 alia
892 2188 1060 2218 quacunque
1080 2180 1209 2218 ratione,

143 2216 245 2256 caussa,
260 2216 305 2247 vel
318 2215 484 2254 occasione,
502 2223 617 2253 propter
630 2225 718 2254 quam
733 2215 864 2247 Donatio
883 2217 919 2247 de
931 2216 1002 2256 Jure
1015 2216 1061 2248 vel
1078 2217 1210 2249 Consue-

142 2256 242 2288 tudine
257 2253 340 2293 poffit
354 2263 401 2285 aut
421 2254 527 2293 valeat,
546 2255 575 2284 in
597 2261 661 2286 toto
677 2255 723 2285 vel
743 2256 772 2285 in
792 2264 882 2296 parte,
901 2257 1030 2287 revocari
1053 2257 1099 2286 vel
1122 2259 1207 2288 etiam

143 2294 306 2332 retradiari;
323 2303 395 2331 quos
418 2292 494 2324 casus
511 2303 613 2324 omnes
629 2295 663 2326 &
681 2294 822 2332 singulm,
840 2295 870 2325 in
888 2294 958 2334 Jure
976 2295 1134 2335 expressos,
1153 2305 1206 2335 pro

144 2334 318 2364 enumeratis
332 2333 379 2363 hic
393 2331 489 2362 haberi
505 2333 637 2363 volumus
650 2334 684 2364 &
697 2332 843 2372 expreffis,

183 2371 222 2403 Et
235 2371 316 2412 quod
328 2372 426 2402 omnia
440 2372 474 2402 ὃς
489 2371 597 2408 singula
613 2372 753 2410 praemissa
774 2373 934 2403 tenebimus
956 2373 990 2404 δε
1011 2374 1210 2405 inviolabiliter

143 2410 374 2449 observabimus,
390 2411 447 2440 sine
460 2410 629 2441 infraffione
646 2420 845 2450 quacumque,
861 2411 911 2442 sub
931 2413 1050 2452 virtute,
1069 2423 1118 2453 per
1139 2423 1211 2453 nos,

146 2449 262 2489 praestiti
280 2449 473 2487 sacramenti,

186 2487 298 2528 Qiod,
317 2488 336 2518 fi
358 2488 510 2527 contigerit
529 2497 582 2518 nos
603 2488 698 2519 venire
720 2496 820 2520 contra
845 2490 1003 2528 praemissa,
1030 2499 1077 2521 aut
1095 2491 1209 2531 aliquod

144 2527 354 2597 {amissorum
371 2527 460 2565 (quod
472 2526 551 2564 absit)
571 2527 600 2557 in
614 2535 677 2558 toto
692 2527 738 2558 vel
753 2529 783 2558 in
798 2539 890 2568 parte,
906 2529 1001 2560 haberi
1017 2531 1148 2561 volumus
1156 2539 1210 2569 pro

173 2567 264 2604 erjuro
276 2566 309 2596 &
323 2565 426 2596 Infami
435 2587 445 2604 ,
1140 2596 1143 2600 4

183 2604 225 2635 Ita
236 2604 318 2644 quod
330 2604 425 2637 omnis
441 2603 539 2634 Nobis
550 2603 687 2635 audientia
702 2603 853 2674 deneqetur
862 2628 872 2644 ,
888 2607 922 2638 &
936 2607 1017 2646 quod
1028 2607 1120 2638 didius
1128 2608 1213 2639 Prin-

145 2653 230 2682 ceps,
246 2643 383 2673 omnibus
396 2643 447 2673 viis
459 2643 492 2674 &
509 2643 621 2680 modis,
639 2643 741 2681 quibus
762 2645 781 2674 si
805 2645 812 2674 i
834 2645 985 2684 placuerit,
1003 2653 1102 2677 contra
1125 2647 1212 2685 Nos,

144 2682 247 2721 Regna
268 2680 381 2720 nostra,
396 2681 539 2713 Homines
559 2683 593 2714 &
614 2681 765 2721 Vaffallos,
789 2683 895 2714 nostrae
917 2684 1032 2715 Ditioni
1056 2686 1213 2724 subjectos,

166 2721 300 2759 rocedar,
317 2720 362 2750 seu
377 2721 492 2757 procedi
505 2721 604 2759 faciat,
622 2720 658 2752 ad
671 2721 900 2753 observationem
915 2725 1048 2754 omnium
1071 2725 1105 2754 ὃς
1122 2725 1215 2763 singu-

156 2768 241 2789 orum
257 2758 479 2789 Praemifforum.

185 2797 244 2836 Et,
256 2806 308 2835 pro
325 2796 474 2827 Praerniffis
494 2797 629 2828 omnibus
642 2798 676 2829 δε
695 2797 803 2837 singulis
820 2798 983 2838 Tenendis,
1002 2800 1219 2839 Adimplendis,

144 2836 180 2867 &
195 2836 310 2866 firmiter
327 2834 536 2873 ObservandiS,
552 2835 639 2874 Nos,
658 2836 750 2867 dietus
773 2837 837 2867 Rex
858 2838 973 2878 Petrus,
991 2840 1149 2878 obligamus
1169 2841 1213 2871 di-

142 2875 193 2906 cro
206 2874 351 2912 Principi,
369 2875 404 2906 &
423 2873 476 2904 suis
490 2873 681 2912 Haeredibus,
697 2875 730 2906 ὃς
753 2875 986 2915 Successoribus,
1005 2878 1088 2917 Nos,
1107 2879 1211 2911 Haere-

140 2914 206 2950 des,
223 2914 255 2944 &
269 2912 449 2944 Succeffores
470 2911 599 2951 nostros,
618 2912 719 2952 Regna
738 2913 850 2953 nostra,
868 2926 902 2946 ac
916 2916 1035 2955 Terras,
1053 2918 1087 2949 δε
1107 2928 1211 2949 omnes

143 2951 255 2983 nostros
266 2951 433 2989 Subiec'tos,
452 2951 472 2971 ἓ*
492 2951 695 2991 cuiuscumque
716 2952 803 2983 status
819 2954 864 2983 seu
886 2955 1058 2986 conditionis
1074 2957 1209 2997 existant,

144 2992 178 3022 ὃ(
196 2991 294 3021 omnia
309 2989 511 3028 Bonanostra,
530 2990 646 3021 mobilia
659 2991 693 3022 δε
709 2991 885 3031 immobilia,
903 2994 1044 3032 praesentia
1057 2996 1091 3027 ὃς
1106 2997 1209 3036 futura,

142 3039 341 3069 quaecunque,
359 3029 409 3060 sub
423 3038 598 3068 quocunque
611 3030 730 3060 nomine
746 3031 926 3072 censeantur,

180 3068 385 3099 Submittentes
401 3067 486 3106 Nos,
502 3067 605 3107 Regna
620 3067 733 3108 nostra,
753 3079 785 3101 ac
793 3070 915 3110 Terras,
932 3072 965 3103 ὃς
980 3083 1082 3104 omnes
1096 3074 1208 3105 nostros

143 3107 309 3146 Subjebtos,
323 3107 403 3145 super
419 3105 570 3137 Praemiffis
585 3107 718 3138 omnibus
733 3108 767 3139 ὃς
789 3110 918 3147 quolibet
938 3111 1079 3151 ipsorum,
1096 3113 1209 3144 Coher-

140 3146 234 3183 cioni,
251 3145 467 3185 Compulsioni,
483 3146 734 3185 &Jurisdiffloni,
753 3147 923 3179 Sanitiffimi
938 3150 966 3179 in
983 3149 1101 3182 Christo
1109 3151 1200 3183 Patris

142 3185 176 3215 δε
199 3183 326 3228 Domini
344 3183 450 3221 nostri,
468 3184 591 3215 Domini
613 3183 748 3224 Urbani,
768 3186 881 3218 Divina
904 3188 1103 3230 Providentia,
1122 3176 1210 3230 Papa?

143 3223 266 3262 Qinti,
283 3222 317 3252 &
329 3221 532 3265 Succefforum
546 3224 678 3261 suorum,
696 3223 887 3257 Summorum
904 3227 1100 3267 Pontificum,
1116 3231 1150 3261 &
1165 3232 1210 3270 ip-

144 3262 196 3292 sius
218 3260 296 3291 Sacri
311 3259 432 3298 Collegii
453 3260 655 3292 Dominorum
675 3261 889 3304 Cardinalium,
905 3275 1018 3298 necnon
1036 3268 1191 3300 Camerarii

144 3300 309 3337 Auditoris,
335 3300 369 3330 δε
390 3299 582 3330 Subauditoris
601 3299 734 3332 Camerae
754 3301 826 3334 dieti
845 3303 969 3335 Domini
991 3306 1080 3337 nostri
1103 3294 1210 3347 Papae²

147 3340 182 3370 «sc
195 3337 308 3368 sanerae
322 3337 400 3368 Sedis
415 3337 611 3377 Apostolicae;
1198 3332 1208 3348 ²

183 3376 376 3413 Supplicantes
388 3375 524 3417 Nosque,
542 3376 608 3407 Rex
624 3377 738 3416 Petrus,
757 3379 878 3418 eisdem,
898 3381 995 3421 quod,
1014 3383 1034 3413 si
1055 3386 1209 3425 contigerit

147 3414 235 3452 Nos,
246 3413 404 3458 Haeredes,
419 3424 466 3446 aut
481 3415 658 3447 Successores
672 3417 800 3456 nostrOS,
817 3418 968 3454 facer-eive]
989 3423 1086 3453 venire
1107 3433 1211 3456 contra

146 3452 307 3497 Praerniffa,
332 3463 381 3490 per
403 3453 486 3499 Nos,
505 3463 536 3486 ut
555 3457 751 3495 praemittitur,
766 3455 934 3496 juramento
958 3460 1071 3499 vallata,
1094 3463 1122 3492 in
1144 3472 1208 3495 toto

148 3492 195 3523 vel
212 3502 241 3521 in
257 3499 352 3534 parte,
368 3493 447 3536 quod
469 3491 570 3532 iidem,
588 3495 672 3525 nobis
694 3504 754 3525 non
779 3497 886 3527 vocatis
905 3507 960 3528 nec
981 3499 1097 3539 auditis,
1116 3501 1207 3533 ferant

148 3531 462 3562 Excommunicationis
473 3531 626 3563 Sententias
641 3534 671 3563 in
685 3533 835 3564 Personam
848 3535 881 3566 &
896 3535 1042 3567 Interdid‘ci
1054 3539 1083 3567 in
1097 3539 1198 3571 Reona

145 3571 180 3601 δε
192 3569 256 3599 alias
270 3568 454 3605 compescant
466 3579 515 3609 per
530 3569 665 3602 Censuras
677 3571 884 3604 Ecclesiasticas
898 3575 966 3605 Nos
975 3599 984 3614 ,
1003 3565 1163 3608 Haeredes⁰
1174 3564 1210 3610 &²

144 3605 325 3640 Successores
338 3606 451 3652 nostros
462 3607 496 3638 ad
511 3607 744 3641 observationem
753 3613 887 3642 omniurn
901 3615 934 3645 ὃς
949 3614 1122 3653 singulorum
1131 3602 1208 3647 P'rae-

145 3647 313 3691 missorum,
332 3645 478 3683 praedictas
491 3646 649 3678 Sententias
661 3649 694 3680 &
708 3649 915 3683 Ecclesiasticas
929 3651 1083 3692 Censuras,
1100 3659 1208 3694 quanto

146 3692 286 3723 poterint,
302 3684 494 3720 aggravando.

183 3723 238 3762 Et,
253 3724 281 3753 in
293 3722 511 3767 Testimonium
527 3725 660 3754 omnium
677 3725 710 3756 &
723 3726 898 3765 singulorum
920 3729 1137 3763 Praemifforum
1173 3734 1206 3764 δε

146 3760 185 3805 ad
204 3763 338 3806 majorem
350 3762 486 3805 'ipsorum
508 3763 617 3806 roboris
635 3763 814 3803 firmitatem,
837 3766 963 3801 Sigillum
985 3770 1114 3801 nostrum
1145 3755 1209 3809 2quo

147 3808 295 3843 utimur-in
311 3800 427 3838 talibus,
446 3801 625 3838 praesentibus
638 3803 813 3842 impendenti
834 3799 1003 3837 inTiumbo
1023 3810 1056 3840 δε
1080 3795 1141 3841 Filo
1157 3810 1208 3841 Se-

146 3847 197 3867 nei
211 3837 359 3876 viridisque
376 3840 479 3869 coloris
491 3839 622 3870 duximus
635 3842 855 3881 apponendum,

184 3874 336 3914 Volentes‚
355 3879 389 3909 ὃς
402 3877 632 3917 Consentienres,
649 3889 682 3910 ac
698 3882 786 3911 etiam
802 3881 990 3920 Requirentes
999 3884 1077 3923 Vos,
1096 3885 1207 3919 Mac-ir-

144 3922 221 3945 trum
238 3913 402 3961 Johannem'
419 3917 456 3947 de
482 3917 625 3956 London,
642 3917 796 3950 Publicum
816 3919 994 3961 Notarium,
1009 3925 1140 3962 quatinus
1148 3911 1169 3964 ,ὗ
1173 3927 1207 3957 ad

143 3961 312 3997 perpetuam·
324 3962 456 3985 omnium
471 3957 505 3988 &
519 3956 694 3995 singulorum
710 3960 881 3989 memoriam
891 3983 899 3996 ,
914 3971 964 3990 vos
974 3984 983 3998 ,
1002 3973 1070 3993 cum
1086 3965 1206 4002 praesen—

141 3992 217 4060 fibris
233 3989 385 4059 Tffstibuts',
401 3993 591 4035 subscribatis,
608 3996 808 4036 praesentesque
822 3997 928 4030 Literas
947 4000 1036 4039 Signo
1052 4003 1146 4034 vestro
1160 4005 1203 4035 so-

153 4039 195 4061 ito
211 4039 266 4060 con
279 4039 346 4067 igne
360 4040 391 4061 is.

179 4068 291 4120 Datum
314 4071 387 4106 apud
407 4068 594 4111 Liborniam,
620 4072 755 4106 Dioecese
778 4074 987 4116 Burdegalensi,
1006 4078 1051 4110 die
1074 4081 1206 4113 vicesima

1250 281 1428 320 Sexagesimo
1443 281 1518 312 sexto
1527 304 1536 319 ,

1677 356 1878 396 Praesentibus,

1283 432 1489 464 Praecarissimo
1510 432 1734 473 Consanguineo
1749 434 1866 473 nostro,

1283 475 1400 501 Domino
1415 471 1564 510 Johanne,
1591 475 1667 502 Duce
1686 472 1875 513 Laszcastriae,
1901 472 2016 514 Illustris
2034 476 2111 512 Regis
2130 473 2244 511 Angliae
2267 475 2314 502 Fi-

1319 510 1370 548 lio,
1387 521 1416 539 ac
1437 512 1536 539 Fratre
1556 512 1622 540 dic‘ZJ
1641 514 1788 549 Princtffir:
2236 519 2239 522 ’

1284 548 1461 580 Reverendis
1477 549 1506 577 in
1526 547 1643 579 Christo
1663 549 1807 589 Patribus,

1288 591 1405 618 Domino
1420 586 1522 624 Helia,
1541 587 1743 626 Archiepisbopo
1760 587 1949 629 Burdegalenst
1957 610 1966 626 ,

1289 629 1405 655 Domino
1424 625 1585 663 Bernara'o,
1603 627 1726 663 Episcopo
1746 629 1944 666 Xanllonenfi,

1288 663 1437 702 Johamze,
1456 662 1552 692 Eledlo
1572 663 1747 704 Bathonir’nfi
1766 663 1803 698 &
1825 665 1962 704 Wbllenfi,

1286 701 1419 740 Johanne
1434 701 1576 731 chaundos
1594 702 1830 742 Coiistabulario,

1285 740 1386 770 Thomu
1400 740 1431 769 de
1447 739 1541 769 Felton
1556 740 1715 770 Senescallo
1724 764 1734 779 ,

1288 779 1463 817 Aquitaniae,
2034 808 2036 810 ,

1288 815 1397 853 Nzgello
1415 816 1447 846 de
1465 819 1587 856 Loereyn
1607 816 1772 847 Camerario
1787 816 1858 848 dieti
1876 816 2034 856 Principis,

1287 855 1425 892 Baldoyno
1443 855 1475 884 de
1493 854 1637 893 Previlla,
1654 855 1810 886 Senescallo
1826 855 2039 894 Xantstonenii,

1289 895 1328 927 Et
1343 893 1400 926 aliis
1413 892 1547 924 Testibus
1559 894 1594 924 ad
1609 895 1760 934 praemisia.

1984 936 2017 963 Yo
2033 932 2074 962 ΕΙ
2093 934 2157 972 Rey.

1288 1006 1324 1039 Et
1339 1018 1394 1049 ego
1406 1009 1550 1049 Johannes
1563 1009 1598 1040 dc
1614 1009 1757 1048 London,
1774 1009 1916 1049 Clericus,
1934 1009 2142 1040 Wintoniensis
2159 1007 2317 1050 Dioecesis,

1251 1046 1388 1080 Publicus
1411 1050 1576 1080 auCtoritate
1595 1049 1764 1087 Apostolica
1784 1049 1940 1087 Notarius,
1964 1048 2117 1079 undecima
2138 1047 2184 1078 die
2210 1047 2316 1077 Mensis

1253 1086 1412 1126 Februarii,
1431 1087 1519 1117 Anno
1540 1087 1664 1117 Domini
1683 1088 1859 1128 supradiCm,
1878 1087 2038 1118 lndiCtione
2061 1086 2176 1124 quinta,
2195 1085 2315 1116 Pontifi-

1253 1125 1348 1164 catfis,
1364 1125 1536 1157 Sandiiffimi
1552 1128 1581 1156 in
1599 1125 1717 1156 Christo
1736 1125 1836 1163 Patris,
1855 1127 1888 1159 &
1911 1125 2036 1156 Domini
2058 1125 2166 1163 nostri,
2185 1125 2318 1162 Urbani,

1253 1164 1362 1195 Divinii
1377 1164 1571 1203 providentia,
1593 1164 1678 1203 Papae
1690 1166 1799 1205 quinti,
1819 1166 1908 1197 Anno
1923 1166 2042 1203 quinto,
2060 1166 2088 1194 in
2110 1163 2213 1194 Castro
2236 1162 2318 1194 Civi-

1254 1204 1317 1233 tatis
1332 1203 1471 1244 Bayonae,
1489 1205 1518 1234 in
1533 1203 1648 1243 Capella
1662 1204 1784 1242 ejusdem
1800 1202 1906 1241 Castn,
1928 1203 1983 1233 una
1997 1213 2066 1233 cum
2081 1203 2217 1234 Testibus
2233 1202 2316 1233 infra*

1253 1243 1361 1280 scriptis
1395 1242 1437 1272 fui
1451 1242 1569 1282 praesens
1582 1243 1696 1282 quando
1710 1242 1800 1273 dietus
1815 1241 1964 1272 Dominus
1977 1241 2075 1272 Petrus
2096 1241 2237 1279 praemifla
2251 1251 2317 1271 om-

1253 1281 1298 1310 nia
1314 1281 1346 1311 &
1360 1265 1462 1320 singula
1482 1282 1648 1319 innovavit,
1667 1281 1868 1320 confirmavit,
1886 1282 1918 1312 &
1931 1281 2100 1318 Juramenro
2121 1280 2171 1311 suo
2188 1280 2318 1318 vallavit,

1253 1319 1411 1357 tangendo,
1428 1321 1546 1358 propriis
1561 1321 1689 1351 manibus
1703 1321 1772 1358 suis,
1790 1319 1881 1350 saneta
1894 1318 1952 1350 Dei
1961 1318 2127 1359 Evangelia,
2146 1319 2261 1357 quando
2275 1321 2318 1358 ip-

1252 1357 1278 1388 se
1300 1358 1414 1396 propria
1434 1368 1519 1389 manu
1538 1360 1564 1389 se
1579 1359 1746 1398 subscripiir,
1766 1369 1869 1396 meque
1890 1359 2032 1395 requisivit
2051 1360 2084 1389 &
2108 1359 2268 1395 mandavit,
2286 1366 2318 1387 ut

1252 1397 1434 1434 praesenribus
1450 1397 1551 1428 Literis
1570 1407 1617 1428 me
1636 1397 1855 1435 subscriberem,
1872 1397 1905 1428 &
1929 1397 2051 1436 Signum
2076 1406 2175 1427 meum
2193 1405 2318 1434 appone-

1251 1445 1311 1465 rem
1329 1435 1506 1466 consuetum.

1290 1473 1411 1512 Testes,
1430 1476 1479 1513 qui
1494 1474 1596 1505 fuerint
1607 1475 1756 1514 praesentes
1766 1473 1802 1505 ad
1817 1473 1867 1504 ista
1881 1474 1935 1504 una
1946 1483 2082 1511 mecum,

1286 1553 1418 1580 Dominus
1436 1553 1536 1579 Frater
1557 1553 1701 1580 Martinus
1721 1553 1812 1589 Lupi,

1290 1589 1426 1629 Magister
1442 1589 1556 1619 Militiae
1573 1589 1692 1620 Domus
1702 1589 1739 1619 de
1756 1589 1925 1626 Alcantara,
1944 1587 2064 1618 Ordinis
2076 1587 2269 1619 cisterciensis
2283 1605 2293 1626 ,-

1285 1631 1399 1666 Rogerus
1419 1630 1552 1658 Dominus
1570 1628 1601 1658 de
1618 1628 1647 1657 la
1666 1631 1768 1666 Ware,
1878 1644 1881 1646 —

1286 1669 1427 1735 1(ellorlnerius
1444 1666 1532 1706 Gafflo
1549 1667 1581 1696 de
1600 1670 1700 1707 Royos,

1327 1715 1373 1735 ies

1285 1728 1428 1780 Galfriilus
1444 1744 1581 1773 Fernandi
1597 1744 1629 1774 de
1648 1746 1675 1774 V
1676 1742 1788 1783 illodry,

1282 1782 1448 1814 Vexillarius
1461 1781 1554 1819 Major
1569 1783 1690 1813 Domini
1710 1783 1804 1813 Sancii
1814 1804 1823 1819 ,
1842 1780 1903 1810 Filii
1919 1778 1990 1810 dieti
2005 1778 2129 1810 Domini
2145 1779 2250 1821 Regis,

1285 1821 1428 1851 Mathaeus
1448 1822 1601 1859 Fernandz',
1917 1848 1919 1850 .

1284 1860 1472 1890 Cancellaiius
1484 1860 1572 1899 sigilli
1587 1860 1695 1890 Secreti
1710 1858 1780 1889 dieti
1799 1857 1923 1888 Domini
1940 1857 2046 1896 Regis,

1284 1898 1418 1938 Magister
1435 1897 1537 1928 Paulus
1555 1898 1713 1936 Gabrielis,

1286 1936 1369 1967 Civis
1390 1937 1549 1976 ispalensis,

1283 1975 1428 2013 Johanues
1447 1978 1584 2014 Gutterii,

1281 2015 1416 2045 Decanus
1432 2014 1566 2045 Eccleiiae
1581 2014 1760 2054 Segobiensis
1772 2037 1782 2053 ,

1283 2056 1324 2082 Et
1344 2052 1476 2093 Magister
1496 2053 1629 2083 Robertus
1648 2056 1801 2091 Fregandi,

1245 2091 1421 2162 d'gomrms
1446 2091 1571 2122 Domini
1596 2093 1652 2122 mei
1681 2091 1822 2132 Principis
1844 2090 2006 2131 Aquitaniae
2026 2090 2060 2121 &
2083 2089 2200 2121 Walliae
2226 2090 2319 2131 supra*

1266 2142 1275 2161 i
1310 2141 1327 2160 i.
2094 2148 2097 2150 v
2262 2144 2265 2146 ·

1381 2255 1408 2283 δὲ
1419 2260 1513 2303 Super
1538 2258 1707 2290 Donatione
1730 2255 1903 2298 anredffiia,
1930 2254 1966 2288 de
1988 2253 2173 2288 intendendo.

1247 2342 1388 2400 PErrus,
1408 2342 1467 2374 Dei
1485 2343 1590 2382 gratia,
1611 2342 1675 2373 Rex
1693 2341 1826 2373 Castellae
1844 2342 1878 2372 &
1896 2340 1939 2371 L-
1959 2341 2047 2378 ionis,
2065 2339 2318 2379 omnibusJudici-

1261 2396 1267 2399 ·
1303 2383 1370 2419 bus,
1395 2382 1526 2423 Alcaydis
1541 2405 1551 2419 ,
1577 2382 1726 2419 scabinis,
1753 2380 1912 2419 Majoribus
1966 2380 2076 2409 illarum
2097 2380 2130 2410 δε
2152 2379 2320 2419 Locorum,

1250 2418 1440 2458 Consulibus,
1459 2421 1620 2460 caeterisque
1634 2420 1811 2450 Hominibus
1829 2419 1863 2450 &
1879 2418 2021 2456 Vaffallis,
2038 2417 2211 2455 Nobilibus,
2231 2418 2319 2449 Inno-

1249 2459 1368 2497 bilibus,
1387 2461 1420 2490 δε
1432 2459 1559 2498 Plebeis,
1578 2459 1720 2497 utriusque
1732 2457 1820 2487 Sexus
1854 2457 1969 2488 subditis
1986 2457 2031 2487 seu
2050 2456 2209 2487 constitutis
2227 2458 2256 2487 in
2275 2458 2316 2488 lo-

1249 2498 1288 2527 cis
1303 2498 1340 2529 de
1356 2498 1502 2536 Vermeo,
1520 2498 1555 2528 de
1575 2497 1689 2535 Bilbau,
1709 2497 1745 2527 de
1766 2497 1791 2525 le
1810 2480 1877 2534 Qe
1889 2505 1940 2534 yte,
1963 2497 1996 2526 &
2020 2495 2077 2525 aliis
2103 2495 2203 2534 Locis,
2222 2495 2318 2534 Villis,

1248 2535 1372 2575 Castris,
1393 2538 1508 2573 Aldeis,
1532 2539 1565 2567 ὃς
1586 2536 1733 2566 Fortalitiis
1752 2535 1837 2565 torius
1884 2544 1971 2573 errae,
1988 2534 2107 2571 Patriae,
2126 2535 2264 2565 Dominii
2282 2536 2317 2566 de

1249 2574 1331 2606 Visca
1356 2600 1365 2612 ,
1383 2576 1476 2613 Loci,
1497 2575 1526 2605 T
1527 2585 1612 2612 erne,
1631 2574 1748 2610 Patriae,
1766 2574 1799 2604 &
1813 2573 1945 2604 Dominii
1961 2572 1998 2603 de
2015 2571 2120 2603 Castro
2140 2573 2176 2603 de
2193 2574 2317 2605 Ordiali-

1249 2615 1315 2652 bus,
1333 2586 1494 2652 <filiai-um,
1514 2613 1684 2651 Locorum,
1709 2612 1864 2643 Terrarum
1880 2635 1890 2650 ,
1916 2610 2018 2642 Patriae
2033 2635 2042 2650 ,
2068 2612 2102 2642 ὃς
2122 2611 2255 2642 Doniinii
2275 2614 2318 2643 in-

1248 2653 1395 2690 termedii,
1415 2662 1499 2690 prout
1514 2652 1601 2683 didiae
1619 2651 1720 2690 Villae,
1747 2651 1848 2689 Loca,
1867 2650 1975 2689 Terra,
1993 2650 2100 2689 Patria,
2122 2651 2155 2681 &
2180 2650 2317 2683 Dominia

1248 2691 1413 2722 intermedia
1431 2693 1456 2722 se
1473 2691 1629 2722 extendunt
1650 2692 1678 2720 in
1702 2690 1881 2727 longitudine
1899 2701 1913 2720 a
1932 2689 1988 2720 fine
2009 2689 2155 2720 Locorum
2177 2691 2211 2721 &
2232 2689 2318 2721 Villa-

1246 2738 1313 2759 rum
1326 2730 1443 2768 Terrae,
1462 2729 1565 2761 Patriae
1581 2730 1614 2760 &
1637 2729 1772 2760 Dominii
1795 2729 1830 2758 de
1855 2726 1988 2770 Viscaye,
2009 2727 2100 2759 versus
2120 2729 2153 2759 ὃς
2178 2729 2265 2766 usque
2283 2729 2318 2761 ad

1246 2767 1381 2807 Locum,
1397 2769 1535 2800 Terram,
1558 2769 1680 2799 Patriam
1703 2769 1737 2798 ὃς
1756 2766 1932 2798 Dominium
1956 2767 1991 2797 de
2011 2766 2116 2796 Castro
2136 2768 2172 2797 de
2193 2767 2318 2798 Ordiali-

1246 2807 1313 2845 bus,
1332 2809 1366 2839 ὃς
1381 2817 1430 2847 per
1444 2817 1528 2838 unam
1545 2808 1672 2839 Leucam
1695 2807 1725 2836 in
1747 2805 1927 2843 Latitudine,
1945 2815 2008 2843 quz
2031 2805 2181 2843 Latitudo,
2200 2810 2318 2837 durante

1245 2845 1321 2878 dieta
1347 2847 1559 2884 Lonoirudine,
1579 2847 1696 2885 incipiet
1721 2855 1736 2874 a
1764 2843 1857 2882 Mari,
1882 2845 2079 2875 continuando
2098 2844 2201 2875 sursum
2225 2845 2317 2876 versus

1246 2884 1382 2924 Terram,
1401 2873 1527 2916 S‘iilutem
1544 2887 1573 2915 in
1591 2895 1626 2915 eo
1642 2886 1689 2923 qni
1708 2882 1750 2914 est
1764 2885 1898 2913 omnium
1918 2892 1982 2913 vera
2001 2881 2079 2912 salus.

1280 2921 1359 2954 Cum
1381 2923 1467 2963 Nos,
1485 2924 1521 2954 de
1541 2923 1635 2954 nostra
1655 2932 1729 2954 certa
1747 2921 1880 2960 scientia,
1898 2922 1931 2952 δε
1950 2921 2062 2958 speciali
2081 2920 2190 2964 Dorio,
2212 2931 2244 2951 ac
2254 2920 2316 2952 Re-

1243 2961 1288 3001 gi&⁴
1308 2962 1478 2994 Donatione
1496 2963 1528 2993 &
1545 2962 1706 2999 Potestate,
1726 2961 1759 2991 &
1779 2969 1813 2990 ex
1832 2962 1915 2990 certis
1935 2960 1968 2990 ὅ(
1984 2959 2065 2998 justis
2083 2963 2184 2998 cauliS,
2204 2961 2319 2991 conser-

1243 3002 1388 3032 vationem
1405 3002 1536 3032 Pei-sonte
1555 3001 1660 3031 nostrae
1679 3001 1712 3031 &
1731 2998 1893 3029 nostrorum
1909 3022 1918 3038 ‚
1943 3008 1977 3029 ac
1998 2998 2139 3028 honorem
2157 2999 2191 3030 &
2212 2998 2316 3030 statum

1241 3039 1337 3080 Regni
1356 3040 1444 3071 nostri
1464 3040 1719 3077 concernentibus,
1744 3037 1904 3068 dederimus
1923 3046 1977 3074 pro
1998 3036 2112 3075 Nobis,
2128 3036 2318 3076 Haeredibus,

1240 3080 1274 3110 &
1288 3079 1503 3110 Successoribus
1521 3077 1637 3116 nostris,
1666 3077 1803 3108 Domino
1822 3075 1967 3107 Edwardo
1980 3098 1990 3114 ,
2020 3075 2112 3113 Regis
2129 3076 2240 3115 Angliae
2258 3075 2317 3105 Pri-

1242 3119 1410 3158 mogeniro,
1431 3117 1556 3157 Principi
1583 3117 1744 3155 Aquitaniae
1767 3116 1800 3145 ὃς
1817 3114 1947 3152 walliae,
1972 3124 2026 3154 pro
2048 3115 2102 3153 Se,
2126 3114 2316 3151 Hzeredibus,

1241 3157 1275 3188 δε
1301 3157 1516 3188 Succefforibus
1539 3155 1608 3195 suis,
1627 3155 1703 3186 dicia
1732 3153 1812 3184 Loca
1830 3153 1866 3184 de
1887 3152 2035 3192 Vermeo,
2053 3153 2089 3184 de
2106 3153 2219 3191 Bilbau,
2236 3152 2272 3182 de
2288 3153 2315 3182 le

1281 3205 1361 3226 uevte

1245 3195 1394 3265 QTotam
1414 3233 1562 3270 Terram,
1585 3232 1709 3263 Patriam
1724 3255 1734 3271 ,
1761 3231 1794 3262 &
1819 3229 1997 3261 Dominium
2022 3229 2057 3260 de
2083 3228 2219 3268 Viscaye,
2246 3237 2317 3259 cum

1242 3273 1423 3304 Pertinentiis
1443 3273 1494 3303 suis
1514 3272 1664 3310 universis,

1242 3350 1260 3380 d
1284 3312 1415 3380 Lgcum,
1435 3312 1576 3349 Terram,
1596 3309 1719 3342 Patriam
1735 3332 1744 3348 ,
1770 3309 1803 3339 δε
1824 3308 1999 3339 Dominium
2019 3307 2056 3337 de
2081 3305 2184 3336 Castro
2202 3305 2238 3335 de
2256 3305 2315 3336 Or·-

1263 3351 1307 3381 iali
1331 3361 1361 3381 us

1281 3373 1379 3427 Loca}
1398 3386 1521 3419 Terram
1533 3411 1542 3426 ,
1568 3386 1748 3425 &Patriam,
1766 3385 1799 3416 &
1810 3385 1983 3416 Dominium
1992 3381 2313 3422 Intermedium,prout

1243 3427 1366 3466 superius
1387 3428 1591 3464 extenduntur,
2177 3461 2182 3466 ι
2199 3461 2204 3466 .

1281 3466 1319 3497 Et
1332 3468 1429 3497 omnia
1448 3466 1500 3497 alia
1517 3465 1612 3501 Loca,
1629 3463 1728 3501 Villas,
1746 3463 1863 3500 Castra,
1881 3461 2021 3504 Aideyas,
2032 3460 2065 3491 &
2081 3459 2220 3491 Fortalitia
2234 3459 2312 3492 Ter·

1242 3514 1298 3543 rae,
1324 3504 1442 3543 Patriae,
1469 3505 1501 3534 &
1520 3503 1652 3534 Dominii
1677 3503 1712 3532 de
1734 3501 1837 3531 Castro
1861 3500 1895 3529 de
1914 3499 2090 3535 Ordialibus,
2114 3499 2147 3528 &
2166 3499 2310 3531 dit‘starum

1239 3543 1395 3574 Terrarum
1411 3544 1512 3574 Patriae
1527 3544 1559 3572 &3
1580 3541 1713 3571 Dominii
1726 3538 1903 3575 Intermedii,
1923 3546 2007 3575 prout
2023 3537 2129 3574 plenius
2145 3540 2307 3568 continetur

1238 3583 1267 3611 in
1283 3582 1448 3620 quibusdam
1461 3580 1561 3612 nostris
1576 3579 1741 3611 Parentibus
1758 3578 1875 3615 Literis,
1895 3585 2024 3606 tenorem
2040 3578 2087 3615 qui
2098 3576 2221 3615 sequitur
2229 3587 2308 3608 con⁴

1243 3622 1416 3659 urientibus,

1240 3697 1380 3753 PEtrus,
1400 3697 1457 3728 Dei
1473 3695 1576 3735 gratini,
1596 3695 1659 3725 Rex
1674 3693 1824 3731 Castellae',
1839 3693 1994 3730 omnibus,
2014 3691 2194 3729 praesenribus
2208 3692 2309 3729 pariter

1295 3738 1329 3768 ὃς
1344 3736 1461 3772 futuris,
1477 3735 1510 3765 ad
1525 3743 1598 3772 quos
1612 3734 1758 3771 praesentes
1775 3732 1879 3762 Literae
1900 3732 2093 3769 pervenerint,
2111 3729 2255 3770 Salutem,
2273 3732 2309 3763 ὅς’

1241 3771 1328 3804 fidem
1343 3775 1494 3812 plenariam
1511 3772 1689 3810 praesentibus
1705 3771 1845 3801 ad.iibere.

1281 3812 1378 3851 Cum,
1405 3822 1437 3843 ex
1454 3810 1755 3842 Confoederationibus
1771 3811 1804 3840 ὃς
1826 3808 1980 3847 Alligantiis
2002 3807 2117 3844 Regum
2138 3806 2172 3837 &
2189 3816 2308 3847 magno-

1242 3861 1306 3881 rum
1328 3851 1493 3888 Principum
1510 3873 1519 3888 ,
1543 3849 1627 3887 quieti
1655 3848 1837 3885 Reipublicae
1861 3847 1979 3886 provide
2004 3843 2179 3887 consulatur,
2204 3845 2253 3884 &,
2277 3848 2308 3877 in

1243 3900 1383 3927 magnum
1416 3889 1516 3919 ustitia:
1532 3889 1564 3919 δε
1583 3887 1661 3916 Pacis
1674 3886 1867 3924 Obsequium,
1885 3884 2045 3915 scaiidaloiis
2068 3893 2230 3914 occurratur
2247 3883 2305 3914 Pe-

1241 3930 1349 3967 riculis,
1391 3943 1396 3949 ·
1415 3939 1436 3956 c.
1452 3934 1533 3965 prout
1546 3922 1653 3965 fitpra,
1678 3928 1707 3955 in
1725 3929 1813 3955 Carta
1832 3927 2015 3960 Donarioms,
2032 3922 2110 3961 usque
2128 3922 2185 3953 haec
2204 3922 2307 3961 verba,

1245 3970 1298 3997 viz
1303 3990 1309 3998 .

1280 4043 1374 4074 Vobis
1394 4042 1521 4079 idcirco,
1540 4042 1574 4073 ὃ(
1595 4040 1712 4072 cuilibet
1733 4037 1861 4071 vestrum
1879 4061 1888 4075 ,
1913 4036 2040 4080 distriste
2063 4038 2258 4075 praecipimus,
2274 4036 2308 4066 δῦ

1238 4081 1414 4122 injungendo
1430 4080 1615 4118 mandamus,
1631 4089 1764 4118 quatenus
1778 4078 1858 4108 dicio
1873 4077 2008 4107 Domino
2030 4074 2189 4112 Edwardo,
2207 4074 2308 4142 1313ch-

2298 4134 2310 4149 Σ

2356 280 2438 316 1366.

2335 322 2403 345 Em.
2423 329 2448 356 3,

2337 2256 2358 2279 ί*
2379 2262 2428 2290 vr.

2336 2309 2403 2337 5²4-

2339 2348 2416 2377 Ann.
2430 2347 2471 2378 De

2359 2386 2442 2426 1366.

2337 2429 2392 2453 An.
2405 2436 2451 2461 40,

2339 2468 2369 2490 E.
2389 2473 2414 2500 3.

2338 2507 2375 2529 Ex
2390 2505 2451 2537 Ans-¹

2336 2548 2401 2578 togr.
