2561 4251
36 253 166 295 fflnl'D‘.
180 263 227 288 aut
247 251 385 286 Haeiede's
403 251 491 282 nostri
509 250 677 282 haberemus
703 250 870 283 Custodiam
893 251 1093 282 Maneriorum
1118 249 1239 288 supradi-

0 315 2 328 1
62 302 147 338 1377.
181 296 329 364 &Eum-‘u
375 329 426 361 &c

37 339 102 369 Edv·
121 346 147 373 3·
257 340 444 407 {ffig'Reg'e
461 367 535 409 apud
551 367 661 406 Shene,
680 375 780 406 quarto
797 367 841 398 die
859 366 965 398 Martii.

686 444 739 473 Per
751 445 844 472 Breve
858 444 889 472 de
902 445 1020 472 Privato
1035 439 1133 479 sigillo.

583 526 688 533 -QL

486 586 580 632 Super
596 584 776 631 Alligantiis
791 583 948 617 Flandriae.

39 677 164 714 Arm-D·
185 682 320 742 REX,
338 679 498 714 Venerabili
518 678 547 709 in
569 677 688 709 Christo
708 677 798 717 Patri,
816 678 852 717 J.
874 678 972 709 eadem
991 678 1078 717 gratia
1090 703 1099 717 ,
1119 678 1241 717 Epifiopo

59 726 142 759 1377-
266 721 435 760 Herqfora'iae
472 718 607 749 Salutem.

37 763 90 790 An·
104 769 151 794 5¹·
188 772 191 776 ¹
223 761 321 793 Sciatis
333 758 411 797 quod
462 767 514 796 os,
660 796 665 801 .
814 795 819 800 “
858 797 861 800 ¹
914 796 918 800 ῃ

11 818 13 823 .
37 802 66 827 Ε.
87 807 112 834 3.
220 801 268 831 De
281 797 410 828 fidelitate
421 798 454 828 ὃς
470 795 724 833 ςίῑςυιῃΐρεξὶιοηε
737 794 832 826 vestris
847 794 954 831 plenius
967 792 1157 832 confidentes,

9 843 13 863 ¹
35 837 141 870 tranm-
147 844 171 864 ¹·
222 839 264 868 Ex
284 844 359 867 certa
379 836 491 866 scientia
514 833 628 872 nostra,
645 835 678 865 &
703 833 740 863 de
760 833 930 862 avis-amento
945 833 977 862 &
993 832 1097 862 ass'ensu
1114 830 1241 862 Concilii

10 899 11 902 η
37 879 102 910 13-3·
115 883 152 902 m·
184 876 292 912 nostri,
312 874 523 913 assignavimus,
540 872 745 908 ordinavimus,
764 871 796 900 &
818 869 1015 900 constituimus
1038 880 1091 900 vos
1111 870 1242 900 nostrum

8 923 12 938 l
36 914 63 940 ⁶·
183 923 285 946 verum
299 914 332 945 δε
347 913 506 950 legitimum
521 912 741 940 Procuratorem
756 909 789 938 &
804 908 957 938 Nuucium
973 908 1137 945 specialem,

222 952 329 983 Dantes
345 953 378 982 &
393 950 616 980 Committentes
637 949 736 985 vobis,
754 947 872 977 Terrore
893 947 1090 984 Praesentium,
1109 946 1243 976 Audiori-

181 1000 284 1030 tatem,
304 989 495 1024 Potestatem,
513 989 547 1017 ὃς
563 985 733 1016 Mandatum
746 985 861 1022 speciale
876 985 910 1014 ad
926 985 1118 1022 Loquendum
1128 985 1243 1016 &Tra-

181 1030 319 1061 &andum
334 1038 386 1065 pro
402 1027 501 1063 nobis,
518 1026 551 1055 <Sc
565 1025 682 1054 nomine
697 1024 813 1061 nostro,
832 1033 919 1060 cum,
941 1023 1044 1054 Nobili
1069 1024 1101 1054 ὃς
1125 1023 1240 1054 Potenti

182 1069 273 1106 Viro,
292 1069 393 1096 Comite
405 1064 560 1102 Flana'riae,
578 1063 614 1092 de
628 1064 761 1092 omnibus
786 1062 887 1100 Bonis,
908 1061 1025 1100 Firmis,
1045 1063 1078 1092 &
1102 1064 1240 1100 perpetuis

181 1106 352 1144 Alligantiis,
371 1104 404 1134 ὃς
420 1103 562 1133 Amorum
576 1103 609 1132 ὃς
624 1101 823 1131 Amicitiarum
837 1099 1160 1139 Confoederationibus,

220 1145 298 1182 Quae
314 1153 366 1180 pro
379 1141 478 1171 Nobis
491 1142 522 1171 δε
536 1140 659 1170 Honore
671 1139 772 1169 nostro
785 1139 864 1169 utiles
885 1142 918 1169 <Sc
939 1140 1098 1169 necessariae
1121 1140 1241 1178 fuerint,

180 1183 315 1214 securiori
336 1182 369 1212 δε
390 1179 500 1210 meliori
523 1178 633 1216 modo,
649 1187 709 1217 quo
732 1176 791 1207 fieri
809 1178 928 1215 poterit,
943 1179 1020 1216 juxta
1032 1178 1241 1209 Discretionem

181 1221 302 1253 vestram

217 1259 293 1290 Inter
311 1245 401 1296 ⁷Nos,
421 1258 454 1289 &
474 1255 630 1292 Haeredes,
648 1254 682 1285 &
702 1253 881 1285 Succeffores
904 1254 1031 1293 nostros,
1049 1265 1082 1286 ac
1105 1255 1242 1293 Regnum

181 1299 311 1330 nostrum
330 1297 439 1335 Angliae
454 1304 488 1325 ex
501 1305 553 1325 una
567 1303 642 1332 parte
678 1293 711 1323 &
731 1293 819 1330 ipsum
842 1292 1012 1331 Comitem,
1032 1294 1065 1324 &
1089 1293 1243 1330 Haeredes,

172 1340 214 1372 ,δε
227 1336 405 1367 Successores
419 1335 498 1371 suos,
515 1343 548 1362 ac
564 1333 619 1370 ejus
633 1317 741 1361 (lentes
763 1332 796 1362 ὃς
816 1331 949 1361 Subditos
963 1331 1137 1369 Civitatum,
1158 1331 1243 1362 Villa-

179 1385 264 1414 rum,
283 1376 315 1405 δε
332 1373 435 1404 Terrae
446 1372 502 1403 suae
518 1371 670 1408 Flandriae,
688 1379 722 1400 ex
737 1369 819 1400 altera
832 1379 925 1407 parte,
943 1370 1092 1408 faciendis,

219 1413 257 1444 Et
275 1413 310 1443 ad
332 1412 400 1443 Nos
419 1412 452 1442 &
477 1409 643 1441 Concilium
664 1408 793 1438 nostrum
813 1407 890 1445 super
903 1409 1037 1438 omnibus
1051 1409 1119 1445 hiis,
1137 1418 1200 1446 quae
1213 1409 1241 1438 in

182 1453 235 1483 hac
257 1460 335 1489 parte
359 1451 468 1480 Locuta
491 1449 525 1479 &
547 1447 680 1478 Traerata
699 1447 820 1484 fuerint,
836 1445 968 1476 distinete
984 1447 1018 1477 ὃς
1031 1448 1125 1484 aperte
1139 1446 1242 1478 certifi-

183 1490 305 1522 candum
315 1513 324 1527 ,
340 1490 373 1520 &
389 1488 495 1525 plenius
509 1485 730 1516 informandum.

221 1530 255 1560 In
272 1529 368 1566 cujus,
384 1527 445 1556 &c.

259 1567 326 1598 Dat.
339 1566 368 1595 in
381 1564 486 1595 Palatio
497 1562 596 1594 nostro
611 1560 736 1592 Westm.
751 1560 908 1592 undecimo
922 1561 967 1592 die
982 1561 1089 1593 Martii.

241 1649 301 1683 EX
315 1648 406 1680 eidem
426 1649 560 1680 Salutem.

181 1656 237 1710 R
278 1690 391 1727 Sciatis,
407 1687 466 1722 &a
482 1686 521 1726 us
530 1697 560 1716 ue
573 1687 611 1717 ibi
625 1686 739 1724 speciale
745 1684 800 1725 ,&
815 1693 877 1715 tunc
885 1685 941 1724 sic,
951 1685 985 1716 ad
1005 1686 1239 1724 Loquendum&

177 1728 394 1764 Tractandum,
413 1737 465 1764 pro
517 1728 597 1763 obis,
616 1727 650 1756 δε
665 1726 781 1756 nomine
795 1724 913 1761 nostrO,
929 1734 996 1754 cum
1006 1724 1240 1756 GentibusCivi-

178 1775 267 1798 tatum
284 1768 317 1798 ὃς
333 1765 482 1802 Villarutn,
500 1775 533 1795 ae
545 1765 602 1794 aliis
618 1764 741 1794 Subditis
755 1762 856 1792 Terrae
873 1762 1026 1801 Flandriae,
1045 1764 1081 1793 de
1104 1764 1240 1793 omnibus

178 1805 281 1842 Bonis,
299 1804 416 1841 Firmis,
435 1804 468 1834 δε
486 1802 629 1840 Perpetuis
645 1802 815 1840 Allignntiis,
835 1802 867 1831 &
883 1801 1025 1831 Amorum
1042 1804 1074 1833 &
1093 1802 1239 1832 Amicitia-

178 1855 243 1875 rum
258 1842 575 1880 Confoederationibus,
595 1851 659 1879 quae
672 1850 724 1878 pro
743 1839 838 1870 Nobis
852 1841 885 1870 &
899 1840 1023 1870 Honore
1037 1839 1135 1870 nostro
1159 1841 1238 1870 utiles

179 1883 213 1914 &
232 1882 390 1912 necessaria:
404 1880 522 1917 fuerint,
538 1880 670 1910 securiori
684 1880 717 1910 ὃς
732 1878 843 1908 meliori
858 1880 965 1917 modo,
984 1889 1042 1917 quo
1057 1878 1115 1910 fieri
1125 1881 1238 1917 poterit,

179 1923 254 1959 quta
270 1919 480 1950 Discretionem
497 1918 618 1949 vestram
630 1941 640 1957 ,

214 1959 290 1989 Inter
313 1958 398 1995 Nos,
416 1959 449 1989 δε
471 1956 624 1995 Haeredes,
642 1957 676 1988 δε
696 1955 874 1986 Successores
893 1954 1024 1994 nostrOS,
1042 1965 1075 1986 ac
1101 1956 1237 1993 Regnum

177 1997 309 2029 nostrum
325 1997 435 2035 Angliae
449 2004 482 2025 ex
498 2005 553 2025 una
568 2004 661 2033 parte,
679 1995 712 2025 &
728 1994 794 2031 ipsas
809 1993 917 2024 Gentes
931 1993 1106 2032 Civitatum,
1125 1998 1159 2027 ὃς
1175 1994 1239 2026 Vil-

178 2037 288 2073 larum,
307 2046 339 2065 ae
353 2036 474 2065 aliorum
487 2033 670 2064 Subditorum
686 2032 772 2062 dietae
791 2032 893 2063 Terrae
914 2033 938 2063 F
939 2032 1070 2072 landriae,
1086 2035 1119 2065 &
1138 2044 1238 2066 eorum

177 2074 376 2111 Succeii'ores,
395 2082 428 2104 ex
441 2072 526 2103 altera
538 2081 631 2110 parte,
651 2070 801 2109 faciendis,

216 2113 254 2145 Et
267 2113 302 2144 ad
314 2112 400 2152 Nos,
417 2109 476 2146 &a
493 2112 624 2151 utsupra.

31 2196 137 2225 Ibidem·
174 2198 319 2257 >REX,
335 2196 515 2235 Venerabili,
535 2197 564 2226 in
577 2194 695 2240 Christo
710 2192 800 2234 Patri,
818 2195 854 2242 J.
870 2195 968 2226 eadem
990 2197 1093 2236 gratia,
1111 2198 1239 2238 Episcopo

246 2236 464 2284 'Herefora'enffi
482 2236 516 2267 ὃς
539 2233 680 2273 Magistro
698 2232 828 2273 Johanm
849 2235 881 2264 de
901 2234 1012 2274 Shepeye
1035 2236 1148 2276 Legum
1171 2237 1240 2268 Do—

177 2277 252 2347 &gei
255 2277 413 2353 193ῑὶαὲιὲΞέ
418 2299 492 2345 'Nos
498 2338 508 2353 ‚

213 2354 263 2385 De
284 2353 416 2397 fidexitate
436 2354 471 2383 &
494 2351 748 2389 circumspefflone
768 2350 865 2381 vestris
878 2376 887 2389 ‚
921 2350 982 2386 &a
1006 2359 1037 2381 ut
1052 2352 1139 2397 [upra
1160 2353 1240 2395 usque

177 2392 234 2432 ibi,
249 2392 448 2424 constituimus
462 2400 534 2429 vos,
550 2390 588 2426 (ἐφ’
600 2398 665 2420 tunc
674 2391 732 2431 fic,
747 2389 858 2421 nostros
874 2399 955 2421 veros
967 2391 1000 2422 &
1017 2392 1159 2428 leg1t1mos
1168 2393 1241 2423 Pro-

178 2441 364 2500 cu;atssr;{ges
385 2469 418 2499 δε
439 2466 667 2499 committentes
688 2467 789 2506 vobis,
809 2466 869 2502 (γε.
893 2474 925 2497 ut
939 2466 1025 2507 ficpra
1041 2471 1070 2498 in
1079 2472 1168 2507 primo
1182 2472 1240 2500 Pa-

172 2512 244 2538 tenti
253 2533 262 2546 ,
278 2512 390 2537 mutatis
405 2506 551 2536 mutandis.

212 2547 281 2579 Dat.
295 2549 325 2578 in
338 2547 443 2578 Palatio
457 2545 557 2576 nostro
573 2543 702 2576 Westm.
719 2544 874 2576 undecimo
889 2545 935 2576 die
950 2545 1059 2583 Aprilis.

31 2470 52 2490 θ
72 2473 139 2499 VII.

35 2519 97 2545 14¹·

907 2624 960 2651 Per
980 2621 1133 2653 Concilium.

179 2702 297 2758 REX
317 2701 421 2733 eisdem
440 2701 572 2733 Salutem.

276 2741 390 2778 Sciatis,
409 2739 470 2775 &c.
483 2748 515 2770 ut
524 2740 607 2808 fh‘fsa
619 2739 698 2779 usque
713 2739 766 2778 ibi,
786 2739 957 2771 Mandatum
973 2736 1236 2783 speciale,·&tunc

170 2777 227 2819 fic,
245 2779 278 2809 ad
294 2778 487 2816 Loquendum
502 2779 535 2809 ὃς
584 2778 747 2808 metandum
764 2789 815 2816 pro
831 2779 949 2817 Nobis,
968 2780 1000 2809 ὃς
1024 2777 1058 2808 N
1061 2788 1158 2808 omme
1181 2788 1236 2808 no-

175 2816 252 2853 stro,
271 2827 340 2847 cum
355 2816 497 2847 Gentibus
509 2816 668 2846 Civitatum
681 2818 715 2847 &
731 2815 871 2847 Villarum
881 2839 891 2854 ‚
908 2827 941 2847 ac
955 2817 1011 2847 aliis
1025 2816 1150 2847 Subditis
1162 2816 1238 2846 Ter—

172 2864 214 2923 ‘riae
228 2855 384 2894 Flandriae‚
402 2854 462 2890 &c.
485 2861 516 2883 ut
531 2853 633 2893 fiepra,
653 2856 683 2884 in
704 2855 828 2885 secundo
849 2854 975 2894 Patenti,
992 2856 1105 2886 mutatis
1125 2863 1237 2886 mutan-

194 2903 223 2923 is.

210 2931 279 2963 Dat.
292 2933 322 2964 in
336 2931 443 2963 Palatio
456 2930 558 2962 nostro
571 2930 699 2962 Westm.
716 2931 874 2963 undecimo
887 2932 932 2963 die
948 2932 1060 2971 Aprilis.

903 3012 957 3040 Per
976 3009 1129 3042 Concilium.

534 3139 594 3170 Pro
613 3138 688 3183 Rege
707 3137 870 3168 Navarrae.

27 3243 104 3275 Ann-
120 3219 1234 3297 1)·ΚΕΞΟἈΕΞΞ,Ῑὲἕῗᾶῗῗιὲἲέἶὲἔῧῗέεῗ’ςέῑῖἓὲῗιἷῗῗέἓῗνῖξᾶὲέἒὲἱῖῗᾶἷῗί

55 3291 140 3322 ¹377·
172 3295 362 3328 Conductum
384 3297 488 3336 Regis,
506 3296 651 3326 Nobilem
673 3297 707 3327 ὃς
726 3296 879 3328 Potentem
902 3297 1083 3337 Principem,
1101 3300 1236 3330 Karolum

29 3324 81 3349 An.
95 3331 140 3357 5¹·
173 3337 269 3372 Regem
294 3338 441 3365 Navarrae
455 3359 464 3373 ,
483 3334 627 3366 veniendo
641 3357 650 3373 ,
670 3343 740 3365 cum
761 3335 922 3366 Trescentis
942 3337 1067 3366 Personis
1081 3361 1090 3374 ,
1110 3338 1235 3369 Armatis

27 3363 64 3404 E..
77 3370 101 3396 3·
172 3375 219 3403 vel
232 3383 293 3404 non
310 3374 448 3412 Armatis,
469 3375 498 3403 in
511 3371 658 3403 Comitiva
671 3372 735 3410 sua,
754 3382 804 3409 per
822 3373 997 3404 Dominium
1012 3376 1044 3406 &
1060 3375 1234 3407 Potestatem

25 3397 90 3426 ¹⁶⁸¹·
105 3408 142 3426 m·
173 3411 281 3450 Regis,
298 3417 357 3442 tarn
372 3422 421 3449 per
432 3412 572 3450 Terram,
591 3413 677 3449 quarn
693 3420 741 3450 per
757 3410 860 3449 Mare,
876 3411 936 3441 Die
954 3413 988 3442 &
1010 3412 1130 3451 Nocte,
1148 3415 1234 3453 usque

30 3444 57 3470 7·
172 3449 337 3488 Chirburgh
350 3451 379 3479 in
394 3450 595 3488 Normannia,
613 3450 647 3480 ὃς
659 3450 694 3480 ad
708 3449 901 3486 quascumque
914 3450 977 3480 alias
992 3450 1086 3481 Partes
1106 3452 1156 3482 sibi
1176 3454 1236 3491 pla-

170 3489 278 3525 cuerit,
297 3488 406 3518 ibidem
425 3487 583 3526 morando,
600 3488 633 3518 &
656 3488 756 3518 exinde
780 3487 813 3517 ad
837 3489 950 3525 propria
964 3489 1128 3528 redeundo,
1145 3501 1178 3521 ac
1193 3491 1234 3521 E-

171 3537 259 3566 quos,
277 3526 431 3564 Hernesia,
449 3527 482 3557 δε
496 3525 575 3556 Bona
588 3526 633 3557 sua
646 3536 846 3564 quaecumque.

208 3564 299 3596 Teste
314 3565 396 3604 Rege
411 3564 485 3603 apud
500 3563 809 3603 Westmonasterium,
826 3564 1002 3595 duodecimo
1015 3565 1061 3596 die
1078 3565 1187 3598 Martii.

904 3644 958 3671 Per
978 3641 1133 3674 Concilium.

211 3719 360 3759 Confimiles
383 3723 490 3751 Literae
506 3743 516 3758 ,
536 3727 587 3758 pro
608 3714 694 3750 eodem
721 3721 791 3757 Rege
806 3741 816 3758 ,
834 3721 921 3748 Datae
942 3719 1016 3757 apud
1035 3717 1235 3759 Wstmonaste-

176 3761 260 3797 rium,
279 3758 404 3800 tricqfimo
420 3759 463 3789 die
477 3757 595 3797 Aprilis.

904 3834 960 3863 Per
978 3833 1131 3864 Concilium.

228 4106 302 4135 Tom.
320 4105 379 4133 111.
399 4105 432 4133 Ρ.
451 4106 509 4134 ΙΙΙ.

749 165 850 207 ΕΤ
917 165 1188 206 ACTA
1254 163 1736 206 PUBLICA.

2293 177 2340 217 57

2067 291 2082 293 ⁷
2360 277 2484 310 Anni).

1473 378 1475 380 q
1514 338 1572 368 Pro
1592 335 1750 369 Cardinali
1766 334 1801 368 de
1819 337 1925 369 Sanffo
1947 336 2108 370 Martiali.
2359 326 2471 394 52773‘

1338 417 1397 449 EX
1431 419 1539 450 dilectis
1555 421 1587 450 &
1602 420 1728 450 fidelibus
1743 419 1794 450 suis

1282 423 1337 478 R
1356 444 1462 495 mo’nd,
1475 457 1636 495 Justiciario
1678 461 1773 487 Fratri
1795 445 1942 488 lszllielmo
1961 461 2035 493 Tanv
2057 459 2147 489 Priori
2170 459 2264 489 Sancti
2285 457 2340 496 Jo—
2356 465 2386 487 E.
2409 471 2432 496 3.

1283 496 1383 526 hannis
1398 495 1551 535 Jerusalem
1570 499 1599 525 in
1620 482 1777 535 H'ibernia,
1794 496 1988 535 Cancellario,
2007 497 2058 527 suis
2078 497 2245 536 Hibernite,
2260 496 2339 527 Salu-
2355 500 2491 534 Claufifr.

1284 541 1353 565 tem.
2357 542 2384 565 Ε.
2425 548 2472 565 ,ιη

1321 572 1365 602 Ex
1384 580 1460 610 parte
1473 595 1483 610 ,
1506 571 1669 602 Reverendi
1688 573 1717 602 in
1738 571 1856 602 Christo
1881 573 1967 604 Patris
1981 597 1991 612 ,
2016 574 2169 604 Cardinalis
2193 575 2223 603 de
2242 574 2341 604 Saucia
2364 548 2416 612 13.3

1285 610 1422 640 Martiali
1435 610 1531 640 Nobis
1544 610 1584 640 est
1599 610 1740 640 humiliter
1755 611 1935 650 supplicatum
1953 622 1982 643 ut
1992 637 2002 650 ,

1323 648 1402 679 Cum
1426 649 1504 679 idem
1526 648 1679 678 Cardinalis
1700 652 1840 686 quendam
1862 652 2013 679 Gerardum
2034 653 2150 688 Droem,
2169 649 2343 681 Procurato-

1285 697 1347 718 rem
1362 688 1442 727 ipsrus
1457 686 1628 725 Cardinalis,
1645 686 1679 716 ad
1692 689 1790 717 onmia
1806 687 1942 718 Redditus
1957 690 1989 720 ὅ(
2010 688 2153 727 Proficua,
2172 689 2207 718 de
2229 689 2343 726 quibus-

1286 735 1411 763 cumque
1422 725 1566 756 Beneficiis
1581 726 1614 756 ὃς
1626 724 1844 755 Poffesfionibus
1861 725 2003 763 suis,infra
2018 727 2189 757 Potestatem
2204 726 2342 764 nostram,

1285 764 1494 801 provenientia,
1513 763 1741 801 Recipiendum,
1761 764 1947 802 Levandum,
1966 766 1998 795 δε
2015 765 2238 804 Colligendum,
2257 766 2289 796 ὃ(
2310 766 2340 795 in

1286 801 1346 832 usus
1360 802 1439 839 ipfius
1453 801 1608 831 Cardinalis
1622 802 1846 832 convertendum
1855 825 1864 839 ,
1883 802 2007 840 legitime
2021 803 2191 841 deputaiset,

1323 839 1362 870 Et
1381 840 1455 869 idem
1478 840 1616 869 Gerardus
1635 840 1812 878 quamplures
1834 839 2020 870 Pecuniarum
2038 841 2187 880 Summas,
2206 841 2241 871 de
2255 841 2342 872 Bonis

1286 878 1318 909 &
1334 877 1501 908 Redditibus
1515 878 1597 916 iplius
1611 878 1783 915 CardinaliS,
1802 880 1904 908 virtute
1917 878 2064 909 Potestatis
2080 880 2127 909 fibi
2143 882 2171 910 in
2187 881 2239 910 hac
2262 888 2340 918 parte

1285 917 1442 954 attributae,
1461 917 1595 948 levaverit
1618 919 1650 948 &
1673 918 1824 954 receperit,
1842 918 1873 946 δε
1891 927 1960 946 cum
1975 918 2077 947 eisdem
2091 918 2215 947 Summis
2228 918 2261 947 ad
2277 929 2340 956 par-

1286 963 1326 984 tes
1340 955 1506 992 Hiberniae,
1525 955 1616 985 eidem
1640 954 1782 985 Cardiuali
1805 955 1871 984 inde
1891 955 1983 993 aliquo
1998 955 2088 986 modo
2102 956 2253 987 satisfacere
2268 967 2340 987 con-

1286 994 1441 1032 tradicens,
1457 993 1601 1032 diffugerit
1611 1017 1619 1031 ,
1639 994 1672 1024 &
1686 993 1793 1023 ibidem
1809 1000 1950 1030 moratur,

1323 1032 1451 1062 Velimus
1471 1032 1563 1062 eidem
1585 1032 1740 1070 Cardinali,
1758 1032 1786 1061 in
1807 1032 1858 1062 hac
1879 1040 1968 1070 parte,
1986 1032 2021 1062 de
2042 1031 2184 1063 Remedio
2208 1041 2340 1070 congruo

1284 1071 1405 1110 gratiose
1420 1070 1582 1109 providere,

1324 1109 1393 1140 Nos
1406 1110 1620 1149 (supplicationi
1635 1109 1708 1147 suae,
1724 1108 1759 1139 de
1771 1109 1856 1148 gratia
1880 1107 1974 1139 nostra
1996 1109 2122 1148 speciali,
2137 1109 2190 1139 hac
2209 1111 2274 1140 vice
2293 1119 2341 1139 an-

1285 1151 1413 1185 nuentes)
1434 1150 1517 1179 vobis
1543 1148 1707 1179 mandamus
1727 1148 1807 1186 qubd
1830 1147 1919 1184 ipsum
1935 1149 2085 1177 Gerardum
2101 1148 2133 1177 ad
2147 1148 2340 1178 rationabilem

1286 1185 1470 1224 Compotum
1487 1187 1579 1217 eidem
1596 1185 1753 1224 Cardinali,
1774 1187 1819 1216 seu
1835 1185 2032 1224 procuratori,
2051 1196 2096 1216 aut
2117 1186 2270 1217 Attornato
2290 1187 2340 1217 suo

1286 1225 1315 1253 in
1329 1225 1381 1255 hac
1397 1234 1488 1262 parte,
1508 1226 1543 1255 de
1555 1225 1683 1255 Denariis
1697 1225 1779 1262 ipsius
1799 1224 1971 1263 cardinalis,
1990 1235 2038 1262 per
2060 1225 2149 1262 ipsum
2172 1226 2340 1263 Gerardum,

1286 1261 1357 1293 infra
1378 1262 1550 1294 Potestatem
1573 1264 1715 1301 nostram,
1734 1272 1764 1293 ut
1786 1263 1955 1301 praedictum
1974 1263 2014 1292 est
2030 1286 2040 1301 ,
2058 1265 2194 1303 perceptis
2207 1286 2216 1301 ,
2233 1264 2284 1294 viis
2305 1266 2340 1295 &

1288 1301 1381 1332 modis
1397 1302 1496 1339 quibus
1508 1303 1544 1332 de
1557 1302 1618 1340 jure
1632 1303 1771 1339 poteritis,
1789 1311 1857 1332 com
1867 1301 1981 1339 vellatis,

1324 1339 1378 1377 Et,
1398 1341 1417 1370 si
1430 1340 1505 1370 idem
1522 1342 1659 1370 Gerardus
1675 1340 1836 1377 hujusmodi
1880 1348 2033 1377 ompotum
2057 1339 2085 1369 in
2109 1339 2161 1370 hac
2177 1347 2254 1377 parte
2276 1339 2340 1370 red-

1286 1377 1370 1415 dere,
1388 1378 1432 1408 seu
1454 1379 1544 1416 ipsum
1564 1379 1631 1409 inde
1654 1379 1743 1408 modo
1767 1378 1865 1408 debito
1886 1379 2042 1415 acquietare
2063 1378 2228 1408 recusaverit
2242 1401 2251 1416 ,
2269 1387 2340 1410 tunc

1285 1416 1373 1454 ipsum
1391 1418 1557 1453 Gerar-dum,
1574 1427 1669 1447 coram
1686 1416 1784 1446 Nobis
1800 1417 1833 1447 ὃ(
1850 1416 1986 1446 Concilio
2007 1416 2123 1454 nostro,
2139 1418 2167 1446 in
2190 1416 2343 1455 Angliam,

1285 1463 1320 1484 ex
1332 1455 1408 1484 causa
1425 1455 1573 1492 praedifia,
1591 1455 1665 1485 salvo
1680 1456 1712 1485 ὃς
1727 1455 1820 1484 secure
1831 1455 2001 1492 ,sumptibus
2016 1455 2096 1492 ipsius
2110 1455 2340 1493 Cardinalis,ve-

1283 1493 1345 1522 nire
1359 1492 1478 1530 faciatis,
1495 1493 1528 1523 ad
1544 1494 1705 1523 faciendum
1721 1492 1799 1530 quod
1813 1502 1861 1530 per
1874 1493 1983 1523 dictum
1991 1492 2159 1524 Concilium
2174 1493 2303 1525 nostrum
2310 1495 2341 1524 in

1284 1531 1337 1561 hac
1353 1541 1429 1567 parte
1443 1532 1595 1570 contigerit
1610 1531 1748 1561 ordinari:

1322 1569 1391 1599 Nos
1406 1571 1476 1599 vero
1486 1593 1494 1606 ,
1512 1571 1539 1598 in
1554 1569 1726 1600 Cancellaria
1741 1568 1833 1597 nostra
1848 1568 1976 1607 Angliae,
1992 1567 2028 1598 de
2044 1577 2107 1599 toto
2131 1569 2208 1599 faeio
2227 1569 2342 1608 vestro,

1284 1607 1362 1646 quod
1376 1607 1408 1637 ad
1426 1608 1542 1645 praesens
1558 1607 1729 1638 Mandatum
1747 1606 1876 1636 nostrum
1901 1608 2030 1637 duxeritis
2048 1607 2227 1645 faciendum,
2242 1607 2341 1638 distin-

1284 1648 1332 1690 Cte
1346 1647 1378 1677 &
1393 1648 1504 1684 aperte,
1521 1646 1571 1676 sub
1584 1646 1682 1686 Sigillis
1695 1644 2012 1683 vestris,certifi·cantec4
2031 1645 2089 1676 hoc
2104 1645 2193 1676 Breve
2205 1647 2286 1676 nobis
2295 1657 2339 1677 re-

1286 1693 1438 1715 mittentes.

1321 1722 1409 1753 Teste
1423 1722 1509 1761 Rege
1523 1721 1596 1762 apud
1610 1721 1918 1760 Wcstmonasterium,
1937 1721 2112 1753 duodecimo
2129 1722 2176 1753 die
2191 1722 2300 1752 Martii.

1828 419 1933 458 Jacobo
1946 419 1969 450 le
1992 420 2105 450 Botiller
2122 420 2234 451 Comiti
2253 418 2340 450 d’Or-
2355 423 2407 450 An.
2425 432 2471 458 5¹-

2009 1800 2063 1828 Per
2082 1798 2237 1830 Concilium.

1284 1921 1311 1948 ᾖ
1336 1924 1386 1956 De
1401 1920 1623 1969 Temporalibus
1637 1922 1828 1968 Epifiopatus
1849 1922 2003 1970 erntom‘ae
2014 1949 2024 1965 ‚
2049 1920 2200 1955 Richardo
2212 1925 2345 1971 Princ1Pi
2365 1929 2378 1945 ⁸*
2390 1931 2458 1957 VII.

1666 1971 1794 2014 Walliae‚
1821 1968 1960 2012 conccffis.
2365 1977 2426 2003 142.

1287 2054 1405 2115 REX
1423 2060 1573 2108 omnibus,
1591 2058 1625 2091 ad
1642 2069 1731 2099 qum,
1750 2059 1811 2092 &c.
1831 2054 1964 2090 Salutem.
2360 2052 2437 2083 Arm.
2448 2053 2489 2084 D.

1384 2098 1481 2129 Sclatls
1501 2099 1596 2137 quod,
2382 2101 2467 2131 ¹377-

1319 2134 1398 2165 Cum
1413 2147 1502 2175 nuper
1517 2137 1755 2174 concesserimus,
1773 2136 1879 2167 dileeto
1893 2136 1966 2166 Filio
1981 2134 2095 2173 nostro,
2112 2134 2246 2165 Richardo
2260 2137 2345 2165 Prin·
2359 2136 2437 2167 ΑΜ
2445 2141 2468 2160 ¹-

1285 2176 1330 2212 cipi
1350 2175 1458 2205 lValliae
1474 2177 1605 2214 Qatuor
1619 2176 1700 2206 Milia
1715 2176 1880 2206 Marcarum
1894 2174 2116 2214 Sterlingorum,
2134 2184 2188 2212 pro
2200 2174 2343 2206 Sustenta-
2361 2175 2390 2198 Ε·
2407 2180 2435 2206 3-

1284 2214 1364 2252 tione
1378 2214 1422 2244 sua
1438 2214 1594 2245 Annuatim
1610 2215 1852 2253 percipiendarum
2358 2213 2474 2243 Pat.5·1.

1325 2251 1524 2283 Conceffimus
1544 2253 1577 2284 &
1601 2253 1809 2291 Assignavimus
1827 2237 1919 2282 eidem
1941 2251 2068 2289 Principi
2088 2249 2259 2281 Custodiam
2278 2261 2344 2282 orn-
2361 2252 2388 2275 Ε·
2411 2257 2435 2284 3-
2452 2257 2489 2275 m·

1286 2290 1366 2320 nium
1382 2290 1602 2329 Temporalium
1617 2290 1800 2331 Episcopatus
1816 2291 2003 2329 Wyutoniae,
2022 2292 2050 2320 in
2067 2289 2160 2320 Manu
2175 2291 2272 2321 nostra
2284 2300 2346 2321 cer·
2364 2295 2411 2323 30·

1286 2329 1319 2359 tis
1334 2329 1369 2359 de
1383 2330 1468 2360 causis
1483 2330 1678 2369 existentium,

1326 2368 1404 2407 Quae
1425 2369 1458 2399 ad
1480 2368 1563 2399 Mille
1579 2392 1588 2407 ,
1611 2369 1781 2408 Nongentas
1794 2391 1804 2406 ‚
1831 2368 2041 2407 Qaterviginti
2065 2367 2098 2397 δε
2125 2366 2207 2396 Ouo
2229 2366 2345 2405 Libras,

1289 2406 1518 2444 Qatuordecim
1540 2408 1652 2438 Solidos
1667 2431 1676 2446 ,
1695 2408 1750 2438 Sex
1772 2407 1910 2437 Denarios
1925 2429 1934 2444 ,
1953 2407 1986 2436 ὅ(
2008 2406 2114 2437 Unum
2136 2406 2266 2435 Obolum
2309 2407 2344 2436 &

1286 2444 1402 2476 Decem
1418 2447 1451 2478 &
1466 2446 1587 2477 Novem
1603 2446 1749 2486 Qarteria
1764 2446 1927 2476 Avenarum
1941 2455 1998 2475 non
2013 2445 2271 2481 appreciata,exten
2293 2455 2346 2474 un-

1287 2492 1333 2514 tur
1347 2494 1396 2522 per
1411 2485 1543 2524 Annum,
1562 2495 1646 2523 prout
1662 2495 1710 2522 per
1725 2485 1872 2515 Extremam
1882 2507 1892 2522 ,
1909 2484 1975 2514 inde
1990 2484 2105 2521 factam,
2127 2483 2160 2513 &
2175 2484 2203 2513 in
2223 2484 2344 2514 Scacca-

1287 2523 1332 2552 rio
1346 2522 1446 2553 nostro
1459 2532 1644 2561 retornatam‚
1660 2523 1701 2554 est
1716 2532 1917 2561 compertum,

1326 2561 1514 2599 Habendam,
1532 2573 1599 2593 cum
1610 2563 1745 2592 omnibus
1760 2561 1936 2592 Pertinentiis
1951 2560 2099 2598 suis,iturta
2115 2560 2264 2591 Extentam
2272 2570 2344 2599 prae-

1287 2598 1410 2637 dieram,
1429 2601 1457 2630 in
1478 2609 1586 2638 partem
1608 2600 1807 2631 Satisfaffionis

1286 2638 1474 2675 pradictarum
1486 2662 1495 2677 ,
1513 2640 1569 2668 una
1584 2649 1651 2669 cum
1667 2638 1796 2669 Exitibus
1809 2639 1841 2669 &

1286 2685 1418 2713 ternpore
1433 2678 1532 2715 primae
1547 2678 1684 2715 captionis
1697 2677 1839 2707 dictorum
1854 2677 2072 2714 Temporalium
2092 2679 2120 2706 in
2141 2676 2267 2708 Manum
2288 2687 2345 2708 no-

1286 2714 1389 2752 stram,
1410 2715 1543 2753 quamdiu
1558 2726 1589 2746 ea
1601 2717 1629 2745 in
1645 2715 1737 2745 Manu
1753 2715 1847 2745 nostra
1861 2717 2010 2754 contigerit
2022 2725 2181 2753 remanere,

1322 2753 1362 2783 Ita
1383 2754 1463 2791 quod
1485 2754 1561 2785 idem
1583 2754 1717 2792 Princeps
1737 2753 1851 2792 Castra,
1871 2753 2015 2791 Maneria,
2033 2753 2166 2791 Domos,
2186 2755 2219 2784 &
2241 2752 2345 2783 AEdifi-

1284 2792 1345 2829 cia,
1362 2801 1394 2822 ac
1412 2791 1534 2830 Parcos,
1552 2793 1586 2823 ὃ(
1608 2792 1712 2823 Boscos
1731 2793 1948 2829 Temporalium
1972 2793 2173 2828 praedietorurn
2196 2791 2342 2829 sustineat,

1283 2831 1316 2860 &
1329 2840 1377 2868 ea,
1395 2831 1499 2868 absque
1522 2831 1611 2861 Vasto
1632 2831 1665 2862 &
1686 2831 1908 2867 Destrueiione,
1927 2831 2068 2866 custqdiat
2088 2831 2220 2868 quamdiu
2236 2829 2342 2860 Custo-

1283 2868 1358 2898 diam
1375 2870 1540 2899 eorumdem
1553 2870 1774 2907 Temporalium
1786 2869 1912 2900 habuerit
1926 2868 2118 2907 supradictam.

1321 2906 1354 2937 In
1369 2908 1462 2945 cujus,
1481 2910 1542 2938 &c.

1321 2945 1412 2978 Teste
1427 2946 1507 2986 Rege
1521 2945 1594 2984 apud
1607 2945 1651 2977 W
1652 2944 1915 2983 estmonasterium,
1932 2945 2047 2976 decimo
2063 2947 2163 2984 quinto
2177 2945 2224 2976 die
2233 2945 2341 2977 Martii.

1866 2610 1964 2630 uatuor
1988 2599 2104 2630 Milium
2122 2600 2287 2630 Marcarum
2301 2601 2344 2630 su-

1885 2638 1995 2669 roficuis
2008 2638 2073 2668 inde
2089 2638 2314 2677 quibuscumque
2328 2648 2344 2668 a

1856 3024 1909 3053 Per
1925 3021 2028 3052 Billam
2045 3021 2239 3064 Tisesaurariae.

1367 3174 1415 3205 De
1436 3168 1564 3213 Castris,
1591 3167 1677 3212 infra
1694 3170 1902 3213 Principatum
1921 3166 2049 3208 {Vl-illice,
2077 3162 2254 3197 muniendis.

1285 3257 1419 3315 REX,
1438 3253 1579 3286 carissimo
1596 3252 1667 3284 Filio
1681 3253 1745 3291 suo,
1765 3252 1892 3291 Johanni
1914 3255 1978 3289 Regi
2003 3250 2125 3288 Castellae
2146 3249 2183 3284 dy
2199 3251 2341 3293 Legionis,
2358 3262 2434 3292 Arm.
2448 3259 2489 3292 D·

1363 3296 1442 3326 Duci
1467 3292 1653 3329 Lancastriae‚
1673 3291 1717 3322 vel
1736 3291 1793 3326 eius
1815 3291 1931 3320 Locum
1954 3291 2078 3326 tenenti,
2098 3288 2340 3330 Vicecountlbus,
2377 3309 2464 3341 ¹377-

1281 3345 1315 3366 ac
1329 3333 1501 3369 Senescallis,
1519 3331 1564 3361 seu
1580 3331 1707 3371 Ballivis,
1725 3331 1758 3362 ὃς
1775 3328 1911 3360 Ministris
1927 3328 1978 3359 suis
1992 3327 2216 3366 quibuscumque
2231 3336 2260 3355 in
2277 3335 2338 3363 par·
2353 3344 2406 3367 An.
2429 3349 2473 3373 51-

1281 3375 1355 3404 tibus
1370 3372 1498 3407 Walliae,
1517 3370 1651 3399 Salutem.
1920 3406 1924 3410 Ι
1947 3405 1952 3410 ·
2053 3404 2058 3409 ι
2171 3404 2176 3409 η
2323 3402 2336 3407 ..
2354 3383 2384 3406 E.
2408 3387 2433 3411 ζ.

1320 3413 1397 3450 Quia
1413 3420 1465 3449 pro
1481 3417 1561 3438 certo
1576 3407 1728 3438 didicimus
1744 3405 1824 3444 quod
1842 3404 1952 3435 Inimici
1973 3404 2059 3434 nostri
2079 3403 2220 3439 Franciae,
2236 3402 2274 3446 .&
2285 3401 2338 3446 ‚alu
2354 3411 2490 3453 Clmsft·

1282 3450 1333 3480 fibi
1350 3450 1547 3483 Adhaerentes,
1566 3445 1635 3476 Nos
1651 3447 1684 3476 &
1699 3444 1837 3483 Regnum
1852 3442 1981 3473 nostrum
1998 3442 2125 3481 Angliae,
2145 3444 2177 3473 &
2195 3440 2340 3485 Principa-
2359 3460 2389 3482 E.
2409 3464 2436 3491 3-
2455 3464 2490 3482 m·

1282 3497 1344 3519 turn
1358 3488 1488 3523 Walliae,
1505 3483 1647 3514 destruere
1661 3485 1694 3514 ὅ(
1708 3483 1864 3521 subjeetum
1883 3482 2025 3511 Dominio
2040 3482 2089 3511 suo
2102 3490 2153 3517 pro
2174 3480 2280 3510 viribus
2300 3488 2343 3523 at—

1283 3527 1392 3557 trahere
1405 3533 1553 3560 conanteS,
1572 3522 1643 3553 infra
1658 3522 1850 3558 Principatum
1871 3519 2056 3557 praedfflrum,
2075 3528 2150 3563 cum.
2164 3516 2345 3548 multitudine

1283 3565 1414 3595 Navium
1429 3573 1460 3593 ac
1476 3561 1640 3591 Hominum
1653 3561 1687 3590 ad
1704 3560 1790 3589 Arma
1806 3560 1839 3589 ὃς
1861 3558 2044 3588 Armatorum
2054 3581 2063 3595 ,
2079 3557 2215 3594 apphcare
2236 3564 2342 3594 propo-

1283 3613 1370 3640 nunt,
1387 3602 1419 3632 ad
1436 3601 1502 3631 Nos
1518 3600 1550 3629 &
1569 3599 1673 3637 Ligeos
1686 3597 1796 3628 nostros
1811 3596 1874 3634 (nisi
1889 3595 2005 3626 celerius
2020 3598 2053 3627 ὃς
2070 3595 2172 3625 virilius
2187 3596 2225 3624 eis
2248 3592 2342 3637 Manu

1284 3642 1364 3672 Forti
1378 3639 1523 3675 resistatur)
1536 3636 1754 3673 destruendum,
1773 3636 1807 3666 &
1820 3635 1854 3665 ad
1869 3635 1920 3664 alia
1934 3633 2013 3664 Mala
2027 3644 2091 3672 quae
2115 3641 2249 3671 poterunt
2270 3634 2341 3663 inte-

1284 3680 1404 3710 rendum

1321 3719 1391 3748 Nos
1405 3702 1542 3754 (volentes
1558 3713 1676 3744 Malitiae
1690 3713 1836 3743 diciorum
1853 3710 2061 3748 inimicorum,
2080 3709 2216 3740 omnibus
2235 3710 2286 3739 viis
2307 3709 2341 3740 &

1284 3757 1378 3787 modis
1401 3756 1500 3793 quibus
1522 3754 1677 3789 poterimus
1691 3775 1700 3789 ,
1731 3751 1859 3786 obviare)
1881 3749 1993 3787 Vobis,
2025 3749 2145 3792 infui&
2168 3750 2201 3791 <Sc
2222 3747 2343 3788 Ligcan-

1284 3795 1323 3826 tia
1345 3795 1445 3833 quibus
1472 3792 1555 3821 nobis
1576 3789 1734 3827 tenemini,
1771 3788 1963 3826 Mandamus,
1992 3787 2107 3817 firmiter
2135 3786 2317 3824 InJungentes
2333 3811 2343 3823 ,

1284 3834 1366 3872 quod
1387 3832 1475 3862 statim
1488 3853 1498 3868 ,
1531 3829 1593 3859 visis
1614 3827 1790 3866 praesentibus
1806 3851 1816 3866 ,
1845 3827 1978 3857 omnibus
1998 3826 2055 3855 aliis
2076 3824 2283 3863 praetermissis,
2309 3826 2344 3854 ὃς

1284 3879 1463 3910 quacumque
1483 3866 1659 3898 excusatione
1681 3866 1823 3903 cessante,
1842 3866 1937 3895 omnia
1959 3862 2057 3894 Castra
2071 3886 2080 3902 ,
2100 3863 2241 3894 Fortalitia
2257 3886 2267 3901 ,
2284 3862 2346 3893 Vil-

1284 3911 1339 3947 las,
1360 3910 1393 3940 ὃς
1407 3909 1456 3937 alia
1472 3907 1550 3936 Loca
1565 3905 1655 3935 vestra
1669 3905 1797 3942 (praefate
1811 3904 1889 3938 Dur)
1915 3902 1986 3932 infra
2004 3902 2114 3933 dietum
2136 3901 2346 3940 principatum,

1286 3947 1462 3979 Hominibus
1477 3945 1511 3974 ad
1536 3943 1641 3981 Arma,
1660 3943 1795 3979 Armatis,
1813 3943 1845 3972 &
1867 3941 2032 3980 sagittariis,
2050 3951 2083 3970 ac
2104 3938 2296 3977 Victualibus‚
2312 3940 2346 3969 δε

1285 3987 1342 4016 aliis
1357 3984 1532 4019 necessariis,
1547 3980 1717 4012 sufficienter
1744 3981 1862 4017 muniri,
1880 3990 1913 4010 ac
1935 3989 2035 4010 omnes
2055 3978 2212 4016 Homines,
2229 3980 2347 4009 Tenen-

1286 4033 1326 4054 tes
1340 4025 1373 4054 &
1391 4021 1554 4053 Reiidentes
1568 4021 1639 4050 infra
1658 4020 1833 4051 Dominium
1849 4018 1974 4048 vestrum
1989 4017 2095 4048 ibidem
2118 4018 2244 4055 (praefate
2268 4016 2346 4059 Dux)

1286 4064 1489 4101 cujuicumque
1510 4057 1600 4090 Status
1622 4059 1666 4089 seu
1690 4057 1875 4125 Concziiionis
1895 4055 2017 4095 suerint,
2033 4057 2109 4095 juxta
2128 4055 2221 4087 Status
2241 4054 2350 4095 snex·-

2214 4100 2353 4132 gentiani,

2366 3502 2408 3529 ¹5-
