2561 4251
40 204 119 235 Anu.
135 202 175 234 D.

68 242 153 283 1361.

40 284 112 310 Edv.
132 291 158 318 3.

43 321 60 336 ‘
84 322 135 348 VI.

47 367 113 395 330-

106 3037 124 3052 ⁸*
148 3036 200 3063 VI.

109 3083 173 3111 33¹·

110 3222 188 3254 Ann.
203 3221 243 3252 D.

134 3262 216 3300 1361.

111 3304 164 3327 An.
183 3310 226 3336 35.

113 3342 144 3365 Ε,
166 3348 190 3374 3.

113 3379 154 3402 Ex
175 3378 245 3412 Ovig.

114 3417 173 3440 Pesz.
194 3418 246 3442 Ca-

115 3461 177 3479 mer.

193 129 245 175 ψ
680 119 1252 165 coNvENTIO

192 209 308 252 ipsarum
330 207 520 249 Expensarum
540 209 672 251 voragiiie
695 208 817 239 Camera
835 207 928 238 nostra
944 205 1091 244 exhausta,
1116 204 1248 236 Pecuniis

195 250 360 287 respondere
373 259 430 279 non
446 256 568 287 poterat,
587 256 617 277 ut
631 248 752 278 solebat:

234 288 255 307 Ψ
272 290 317 318 Ac
336 290 497 328 propterea,
516 295 569 322 pro
595 285 770 316 Defensione
783 285 816 315 δε
831 284 1060 320 Recuperatione
1074 281 1252 321 hujusmodi,

194 327 230 357 ad
251 335 313 364 tua,
330 334 464 364 tanquam
486 323 603 363 Refugii
623 323 780 361 singularis,
795 322 949 360 confugere
963 321 1109 359 Praelidia,
1125 327 1183 351 tam
1203 329 1254 349 ne—

195 367 340 403 gotiorum
361 364 476 402 gravitas
497 371 634 400 urgeret,
657 363 743 401 quarn
766 360 877 401 praefata
898 361 982 390 nobis
1002 368 1048 390 tua
1070 359 1200 390 Devotio
1220 358 1254 389 &

194 403 284 442 Regia
300 402 461 432 Liberalitas
475 400 604 431 suaderet.

234 442 307 471 Inter
326 449 354 470 te
375 449 469 470 tamen
491 440 541 476 &,
561 437 730 469 carissimum
745 439 772 467 in
795 435 913 467 Christo
926 436 1031 467 Filium
1047 433 1256 471 nostrum,Jo-

197 480 318 510 hannem
343 478 454 517 Regem
476 478 648 508 Francorum
671 476 826 512 Illustrem,
846 475 961 505 durante
980 475 1154 506 Guerrarum
1168 471 1257 503 Diffi-

195 520 262 555 dio,
282 526 328 547 tua
350 517 429 554 super
451 516 551 546 nostris
573 516 606 545 &
619 514 706 545 dietae
722 514 854 546 Eccleliae
868 515 987 553 negotiis
1001 513 1149 552 implorare
1164 511 1258 542 Subfi-

193 558 239 588 dia
253 556 373 586 minime
388 556 548 586 condecens
560 554 713 584 videbatur.

237 594 328 625 Nunc
350 603 461 632 autem,
478 594 589 630 placatis
610 592 742 629 Animis,
760 591 812 628 ὃς,
831 590 894 629 post
909 589 1084 620 Guerrarum
1101 587 1258 619 Diffenfio-

198 645 264 671 ries,
284 633 360 672 quod
381 631 502 667 iocunda
522 632 630 668 semper
654 640 749 660 mente
768 630 931 666 referimus,
949 628 1037 666 Pace,
1057 629 1127 658 sicut
1148 625 1257 657 Christi

199 672 339 703 fidelium
360 671 475 711 Populis
495 669 589 709 optata
610 669 714 699 diutius
727 691 736 706 ,
753 668 807 706 ita,
826 668 893 698 Deo
912 667 1042 704 favente,
1062 665 1152 696 stabili
1174 663 1260 695 Con-

198 712 298 742 cordia
318 709 486 746 reformatis,
503 709 536 738 ad
559 717 605 738 tua
623 708 738 738 fidenter
752 708 920 736 recurrimus
935 705 1042 736 Auxilia
1057 706 1090 736 &
1105 704 1244 741 Favores,

238 749 320 779 Cum
335 750 443 787 itaque,
462 749 533 777 inter
548 746 743 777 Solicitudines
757 746 859 784 varias,
879 745 978 784 quibus
989 742 1157 782 jamdudum
1171 743 1207 773 de
1220 743 1262 779 ip-

201 789 235 819 sis
257 788 341 818 Italiae
360 789 479 826 parribus
498 786 687 823 multipliciter
703 783 915 822 perturbamur,
935 783 978 814 illa
990 783 1131 822 praecipue
1143 781 1263 812 tenuerit

200 829 234 858 &
258 835 349 856 teneat
370 827 509 856 contiuuo
531 833 658 853 mentem
681 823 806 853 nostram
823 846 832 861 ,
850 822 981 861 qualiter,
997 821 1118 858 scilicet,
1137 819 1264 850 nostram

199 866 236 897 ὃς
255 865 376 902 pra-fatte
398 863 529 894 Ecclesiae
547 862 702 892 Civitatem
720 861 944 897 Bononiensem,
963 860 1073 898 ejusque
1086 858 1265 889 Comitatum

199 906 237 936 ὃ(
258 903 430 934 Distrietum
449 926 458 940 ,
482 904 518 933 ab
537 900 631 931 hostili
649 900 821 931 Bernabonis
837 899 872 930 de
891 898 1117 929 vicecomitibus
1129 920 1138 936 ,
1164 896 1266 927 Militis

205 942 422 973 Mediolanenlis
437 965 445 975 ,
473 940 515 970 Im
539 941 687 979 ugnatione
712 937 878 977 defendere,
903 938 936 967 &
956 935 1072 965 Nostris
1090 937 1123 966 ὃς
1142 935 1265 972 ejusdem

204 981 340 1012 Eccleliae
357 980 498 1018 Subditis,
544 978 631 1008 ivibus
650 976 887 1012 Bononiensibus,
910 974 1016 1005 tamdiu
1032 974 1198 1003 innocenter
1211 981 1266 1012 op-

204 1020 316 1060 pressis,
336 1018 487 1049 ministrare
502 1018 639 1057 Qietem
652 1017 684 1046 &
699 1015 807 1045 Statum
821 1014 974 1044 Pacificum
990 1012 1135 1042 valeamus.

244 1059 279 1089 Et
301 1058 334 1087 ad
357 1058 386 1087 id
409 1057 571 1096 condignis,
589 1064 620 1086 ut
639 1063 723 1085 tantae
740 1055 779 1083 rei
800 1053 965 1092 Negotium
979 1051 1104 1090 exigebat
1119 1050 1152 1080 &
1165 1049 1269 1087 exigit,

205 1097 351 1128 intendere
379 1097 532 1126 Favoribus
559 1093 682 1132 praefatae
707 1091 838 1122 Camerae
856 1101 915 1121 non
934 1091 981 1128 sup
1002 1098 1078 1120 etant
1098 1088 1270 1132 Facultates,

206 1135 316 1173 sumpta
333 1134 367 1164 de
386 1134 611 1171 Magnificentiae
627 1141 683 1162 tuae
701 1130 878 1161 Liberalitate
897 1129 1001 1159 fiducia
1014 1151 1024 1165 ,
1051 1128 1135 1166 Regu
1156 1126 1269 1155 Favoris

208 1174 338 1205 Praelidia
352 1173 481 1202 duximus
499 1171 691 1211 imploranda,
709 1178 738 1199 ut
753 1168 888 1206 Nostris,
906 1178 939 1198 ac
955 1167 1048 1203 Tuis,
1065 1166 1098 1196 &
1116 1164 1270 1209 nonnullo-

210 1223 274 1243 rum
300 1213 419 1242 aliorum
446 1211 609 1242 nostrorum
629 1209 662 1239 &
681 1207 767 1238 dietae
791 1206 924 1237 Ecclesiae
944 1205 1082 1235 Filiorum
1098 1227 1107 1241 ,
1133 1214 1162 1234 m
1179 1212 1272 1234 unum

210 1251 338 1282 collestis
356 1249 488 1288 Viribus,
506 1248 666 1285 huiusmodi
685 1245 899 1283 Praesumptoris
919 1243 1080 1274 retundatur
1098 1243 1220 1280 insania,
1238 1242 1272 1272 ὃς

211 1289 396 1328 imposterum
417 1287 549 1319 Audendi
570 1286 666 1316 similia
683 1285 727 1314 via
746 1285 852 1314 caeteris
871 1281 1080 1321 praecludatur3
1117 1280 1208 1320 Qod
1231 1280 1274 1310 in-

213 1328 294 1359 stanti
315 1336 445 1365 tempore
459 1337 494 1356 eo
507 1324 688 1356 verisimiliter
708 1323 812 1353 facilius
831 1322 890 1352 fieri
907 1321 1026 1360 poterit,
1046 1330 1104 1358 quo
1116 1329 1192 1351 circa
1206 1318 1273 1349 Ne-

213 1370 324 1407 gotium
342 1366 430 1405 ipsum
440 1366 498 1403 jam
515 1363 689 1395 felicioribus
702 1362 746 1391 via
761 1360 938 1392 Succeffibus
952 1361 1091 1397 aperitur,

252 1407 352 1443 Nam,
372 1405 442 1435 sicut
464 1403 496 1434 ad
517 1411 592 1433 tuam
613 1402 724 1431 noviter
745 1399 836 1437 potuit
856 1399 985 1430 notitiam
1001 1396 1172 1436 pervenisse,
1189 1405 1276 1434 nuper

216 1445 336 1476 Noitrae
351 1444 382 1474 &
400 1443 522 1481 praefat-ae
537 1440 671 1471 Ecclefiae
684 1438 794 1469 Gentes
812 1438 982 1477 Armigerae,
1002 1438 1031 1466 in
1048 1436 1172 1467 Dextera
1187 1435 1276 1472 illius,

214 1485 295 1520 cuius
317 1483 462 1521 negotium
484 1481 613 1519 agebatur
629 1480 661 1511 ὃς
675 1478 778 1516 agitur,
795 1475 904 1507 Gentes
919 1475 1078 1514 Armigeras
1093 1475 1161 1505 dieti
1176 1473 1278 1504 Berna-

217 1523 317 1560 bonis,
336 1531 425 1568 prope
441 1519 596 1549 Civitatem
615 1516 776 1555 praefatam,
797 1514 935 1545 hostiliter
953 1513 1151 1551 consistentes,
1169 1510 1281 1555 strenua:

218 1561 348 1591 Victoria
368 1557 549 1597 superarunt,
574 1565 689 1596 propter
702 1555 780 1594 quod
796 1553 1012 1592 perfacillimum
1027 1552 1109 1583 fuerit
1123 1550 1282 1587 hujusmod1

220 1600 386 1637 Negotium
401 1596 529 1627 laudabili
545 1596 615 1626 Fine
627 1593 816 1631 concludere,
834 1593 871 1631 si,
889 1600 919 1623 ut
933 1592 991 1622 dici
1003 1592 1086 1629 solet,
1105 1588 1228 1627 suscepta
1244 1589 1283 1618 uti

222 1637 250 1669 V
253 1638 352 1669 ictoriet
367 1635 516 1673 condignis
529 1634 674 1664 favoribus
689 1632 836 1663 valeamus.

261 1677 407 1715 Quocirca
432 1673 615 1704 serenitatem
636 1681 714 1702 tuam
737 1680 869 1709 rogamus
890 1670 1012 1706 attente,
1031 1669 1063 1699 ὃ(
1078 1668 1201 1699 Paternis
1214 1664 1285 1696 affe-

223 1716 317 1746 &ibus
339 1715 539 1750 deprecamur,
557 1711 702 1749 quatinus,
720 1710 761 1739 ob
783 1710 888 1739 divinae
909 1708 1063 1745 Maiestatis
1075 1708 1234 1743 honorem,
1253 1705 1286 1735 ὃς

222 1753 367 1791 nostram,
385 1762 418 1782 ac
440 1750 562 1789 praefatae
584 1749 662 1779 Sedis
683 1748 902 1785 Reverentiam,
922 1746 1020 1776 Nobis
1035 1747 1067 1776 &
1083 1746 1167 1776 dictae
1182 1744 1286 1774 Eccle-

223 1792 286 1831 siae,
305 1801 356 1830 pro
373 1789 547 1820 Defenfione
562 1788 595 1818 &
608 1786 831 1817 Conservau'one
846 1784 976 1816 Civitatis
992 1784 1152 1822 praedfflae,
1169 1783 1236 1813 velis
1244 1805 1258 1825 ,ἢ
1269 1782 1289 1812 si

225 1832 306 1861 bono
325 1829 413 1860 modo
434 1828 538 1865 valeas,
556 1825 659 1863 absque
678 1834 773 1855 tamen
789 1823 889 1854 nostris
907 1823 1075 1861 Sumptibus
1090 1824 1123 1854 &
1140 1821 1291 1859 Expenlis,

223 1872 260 1899 de
284 1870 377 1908 aliquo
401 1867 504 1897 Gentis
525 1866 689 1901 Armiger-ae
711 1862 858 1901 Subsidio,
875 1870 960 1900 prout
979 1862 1100 1900 dignum
1120 1859 1294 1899 Magnitudo

225 1908 316 1946 Regia
341 1907 466 1943 duxerit,
484 1904 646 1938 subvenire,
666 1911 696 1931 ut
708 1926 717 1939 ,
737 1910 837 1940 praeter
856 1900 962 1931 divinae
985 1900 1195 1930 Retributionis
1217 1898 1296 1928 Prae-

228 1948 301 1983 mia,
320 1946 366 1975 hic
387 1953 500 1985 quoque
517 1941 655 1972 Cumulus
672 1941 815 1971 Laudibus
828 1941 881 1970 tuis
895 1938 1030 1975 accedat,
1047 1938 1146 1982 quod,
1163 1946 1295 1975 tanquam

228 1984 437 2016 Benedictionis
453 1983 484 2012 ὃ(
500 1980 608 2011 Gratiae
623 1979 723 2020 Filius,
743 1980 811 2009 ficut
825 1979 853 2008 in
869 1987 924 2009 tuce
938 1976 1041 2008 Matris
1049 1975 1212 2015 jocundaris
1224 1975 1297 2007 Suc-

230 2024 366 2060 ceffibus,
387 2024 423 2052 ita
438 2019 649 2050 Offenlionibus
662 2018 822 2048 oflendaris.

273 2062 318 2092 Ad
339 2062 419 2098 hacc,
437 2060 506 2089 cum
522 2081 530 2095 ,
549 2067 663 2097 propter
683 2056 818 2094 praediCta
841 2054 1031 2093 Expensarum
1051 2064 1136 2085 onera
1150 2077 1161 2093 ,
1179 2054 1299 2093 quibus,

234 2111 265 2132 ut
283 2101 458 2139 put-mittitur
468 2121 476 2135 ,
491 2096 612 2127 Camera
628 2095 721 2126 nostra
735 2095 870 2132 premitur
881 2116 890 2132 ,
905 2094 975 2124 ultra
988 2094 1103 2124 suorum
1118 2093 1296 2123 Reddituum

234 2139 404 2174 Facultates,
425 2138 458 2167 ad
482 2135 591 2166 Nostra
611 2137 644 2167 δε
667 2134 753 2164 dic'tae
768 2132 904 2163 Ecclefiae
919 2131 1072 2170 Membra,
1091 2131 1240 2165 Personas,
1257 2131 1301 2160 vi-

233 2179 335 2209 delicet
353 2200 361 2215 ,
386 2173 612 2211 Eccleliasticas‚
640 2181 669 2203 ut
691 2182 738 2211 pet
759 2181 802 2201 eas
819 2171 980 2208 hujusmodi
1004 2170 1043 2200 Ex
1066 2171 1135 2201 ensis
1158 2169 1299 2209 provideri

234 2217 416 2248 commodius
430 2215 533 2251 valeat,
549 2221 738 2249 recurrentes,
753 2211 824 2240 inter
836 2218 966 2246 caeteras,
979 2211 1036 2240 tam
1077 2209 1300 2248 rimates,quam

235 2255 485 2291 Archiepiscopos,
503 2252 536 2282 ὅτ
552 2251 723 2288 Episcopos,
741 2258 774 2278 ac
790 2248 923 2278 Personas
936 2249 999 2278 alias
1012 2247 1235 2285 Ecclefiasticas,
1255 2247 1300 2276 in-

236 2295 277 2325 fra
296 2295 389 2332 Regni
403 2294 443 2322 tui
459 2291 559 2321 limites
575 2289 772 2324 consistentes,
787 2287 947 2318 duxerimus
961 2294 1041 2317 certo
1056 2287 1147 2317 modo
1159 2286 1195 2316 de
1208 2287 1241 2316 ali
1262 2294 1301 2316 uo

238 2333 383 2364 pecuniali
403 2330 534 2361 Sublidio
548 2327 745 2365 requirendOS,
765 2335 848 2363 prout
864 2335 930 2362 per,
948 2325 1084 2355 dilectum
1100 2325 1221 2362 Filium,
1267 2334 1301 2353 n-

238 2373 382 2411 droynum
405 2369 546 2398 Abbatem
570 2364 739 2396 Monasterii
760 2363 966 2401 Cluniacensis,
992 2362 1193 2394 Matisconenfi
1215 2362 1301 2392 Dioe-

241 2412 320 2447 cese,
335 2410 379 2439 seu
400 2417 448 2446 per
468 2406 552 2436 alium
576 2405 614 2441 (fi
638 2404 733 2433 Abbas
747 2403 802 2442 ipse
817 2402 849 2431 ad
869 2410 946 2432 tuam
961 2410 1081 2438 nequeat
1098 2401 1301 2432 Excellentiam

242 2450 268 2480 se.
290 2449 438 2480 conferre)
457 2454 542 2483 quem
562 2444 618 2482 ipse
632 2442 665 2471 ad
681 2439 1159 2484 tuam.praesentiam'destinandum
1174 2440 1300 2478 duxerit,

242 2488 356 2528 praefata
371 2495 416 2515 tua
429 2484 563 2514 Serenitas
577 2481 678 2520 poterit
692 2481 798 2518 plenius
813 2479 971 2509 informari.

282 2525 351 2555 Hoc
364 2533 476 2561 quoque
492 2522 622 2551 Precibus
637 2519 737 2549 nostris
751 2518 905 2555 adicimus,
924 2517 1002 2555 quod
1013 2539 1023 2554 ,
1038 2525 1091 2555 pro
1103 2517 1172 2548 dieti
1189 2516 1303 2548 Execu-

244 2566 322 2596 tione
341 2562 447 2593 sublitlii
463 2584 472 2599 ,
496 2569 540 2590 tua
564 2558 657 2588 eidem
684 2557 812 2594 Abbati,
837 2555 883 2585 vel
910 2555 968 2586 Cui
990 2555 1046 2624 igse
1065 2555 1304 2586 committendum

245 2604 370 2640 duxerit,
389 2601 425 2631 iic
448 2599 599 2629 efficaciter
620 2596 784 2634 impendere
800 2595 881 2632 velis,
899 2602 981 2632 prout
1015 2604 1030 2624 e
1046 2594 1243 2633 Magnitudine
1257 2594 1304 2624 tua

247 2643 330 2680 plene
352 2638 520 2670 confidimus
535 2659 544 2673 ,
562 2635 670 2665 Auxilia
691 2635 724 2664 ὃς
746 2633 866 2662 Favores
881 2654 890 2669 ,
908 2632 987 2677 quod
1009 2634 1038 2662 in
1059 2633 1116 2663 hoc
1135 2634 1196 2664 voti
1217 2633 1305 2663 nostri

247 2680 378 2711 executio
398 2676 540 2707 defectum
563 2683 607 2704 aut
629 2672 796 2703 dilationem
817 2673 826 2706 (
836 2672 906 2700 cum
921 2671 949 2701 id
963 2670 1063 2707 absque
1079 2679 1184 2710 magno
1196 2671 1304 2708 Nego-

250 2720 355 2750 tiorum
375 2715 587 2746 imminentium
601 2710 759 2750 Dispendio
772 2720 831 2739 non
847 2709 937 2743 foret)
956 2709 1110 2739 nullatenus
1127 2711 1251 2748 patiatur.

286 2756 354 2788 Dat.
371 2755 506 2787 Avinion.
520 2753 558 2782 xii
572 2751 624 2782 kal.
639 2749 780 2788 Augusti,
798 2746 983 2778 pontificatus
998 2746 1088 2777 nostri
1099 2757 1175 2778 anno
1189 2758 1277 2778 nono.

887 2826 916 2855 T
912 2822 1095 2864 ranfittontan.

826 2902 918 2942 sigillo
935 2901 1037 2942 avulsa.

255 3037 333 3072 =JsDe
351 3034 451 3079 Castro
463 3061 472 3076 ,
496 3035 646 3072 Civitate‚
665 3033 700 3068 ὠ
725 3032 832 3063 Patria
851 3030 1009 3062 Piflaviae:
1034 3027 1069 3061 de
1085 3030 1182 3061 ‘Tirrra
1198 3028 1235 3062 de
1249 3029 1316 3062 Bel-

302 3085 420 3124 leville3
450 3086 485 3121 (3-
507 3081 542 3114 de
560 3079 653 3113 feodo
671 3078 707 3111 de
724 3076 860 3111 Thouart
878 3080 970 3125 Regi,
987 3078 1085 3124 juxta
1101 3080 1209 3111 Pacem
1221 3104 1231 3120 ‚
1248 3087 1315 3110 tra·

303 3133 418 3168 ciendis.

296 3221 392 3257 Ehan,
411 3227 459 3257 par
477 3216 502 3246 la
524 3214 619 3245 Grace
635 3213 670 3244 de
685 3212 780 3250 Dieu,
798 3212 866 3252 Roy
879 3212 914 3242 de
928 3212 1033 3242 France
1048 3221 1079 3250 a,
1097 3220 1156 3242 noz
1173 3210 1267 3240 Amez
1283 3210 1316 3240 &

256 3224 285 3295 J
306 3260 426 3296 Feaulz,
440 3254 615 3293 l'Evesques,
631 3253 663 3282 ὅ(
678 3252 715 3281 les
729 3260 817 3281 autres
830 3251 934 3290 Prelas,
950 3252 983 3281 &
996 3251 1021 3280 le
1036 3250 1165 3288 Cleraie,
1180 3258 1238 3279 tant
1251 3248 1320 3279 d’E-

261 3298 338 3338 glises
358 3293 559 3331 Cathedrauls,
577 3301 632 3330 que
651 3299 758 3327 autres,
775 3290 811 3319 les
829 3290 895 3319 Dux¹
911 3313 921 3328 ,
947 3289 1074 3327 Contes,
1097 3288 1253 3324 Vicontes‚
1270 3287 1320 3317 Ba-

263 3347 346 3374 rons,
364 3333 537 3369 Chivaliers,
555 3332 588 3361 &
611 3329 742 3364 Nobles,
760 3328 796 3357 les
816 3328 938 3366 Maires,
953 3327 1059 3365 Jurez,
1077 3326 1216 3362 Consuls,
1239 3325 1320 3356 Uni-

263 3376 397 3411 verfities,
415 3374 448 3403 &
471 3370 609 3401 Habitans
632 3368 670 3397 du
696 3365 825 3408 Chastel,
845 3366 929 3405 Cite,
948 3367 982 3396 &
1002 3365 1072 3396 Paiis
1086 3365 1122 3395 de
1136 3364 1278 3401 Ροίὲὶου,
1295 3365 1320 3394 13

260 3415 353 3444 Terre
375 3413 409 3442 de
430 3408 588 3446 Belleville,
607 3408 640 3438 ὅ(
662 3405 700 3435 du
714 3405 764 3435 Fie
778 3404 813 3434 de
827 3405 975 3443 Tliouart,
990 3404 1023 3434 &
1040 3403 1087 3434 des
1103 3403 1179 3433 Ylles
1191 3402 1320 3440 adjacens

264 3463 280 3482 a
300 3452 408 3488 icelles,
425 3451 457 3480 ἃ
480 3455 550 3478 touz
574 3454 678 3483 autreS,
693 3455 708 3474 a
729 3445 778 3482 qui
798 3443 816 3472 il
834 3452 899 3482 peut
918 3444 950 3472 ὃς
973 3453 1053 3481 porra
1071 3442 1244 3479 appartenir,
1260 3450 1319 3471 noz

262 3490 387 3528 Subgiez
400 3498 435 3518 en
448 3485 659 3523 Temporalite,
676 3492 749 3520 pour
762 3482 840 3512 cause
857 3482 892 3511 de
903 3492 935 3511 ce
950 3492 1003 3518 que
1019 3481 1036 3511 il
1050 3481 1193 3517 tiennent,
1211 3481 1244 3510 ὃ(
1258 3489 1321 3519 ont,

264 3539 293 3560 es
314 3529 362 3558 diz
387 3524 500 3556 Chastel
511 3547 520 3562 ,
538 3522 623 3560 Cite,
640 3524 673 3554 &
688 3520 762 3551 Paiis
776 3520 811 3550 de
827 3520 966 3556 Poffiou,
984 3530 1019 3549 en
1033 3519 1058 3548 la
1071 3519 1164 3548 Terre
1181 3518 1217 3547 de
1232 3517 1321 3549 Belle-

263 3567 346 3604 ville,
364 3567 397 3597 &
413 3574 449 3594 en
464 3563 514 3592 Fie
530 3562 566 3591 de
578 3562 752 3596 Thouart,es
767 3558 836 3589 dites
851 3558 952 3601 Villes,
971 3558 1003 3602 ὃς
1020 3568 1055 3587 en
1069 3565 1160 3587 toutes
1172 3555 1243 3586 leurs
1258 3557 1320 3595 Ap-

266 3596 1091 3676 parfieetgancffigrtrsgsl’DEEiengg?egzguseaaeetnffdfflgejctgcczn.ut
1103 3635 1134 3662 in
1147 3635 1253 3662 Literis
1268 3635 1321 3663 Re-

266 3686 465 3711 nuntiationum
481 3685 521 3714 24
534 3675 665 3704 Ostobris.

306 3719 359 3749 Par
374 3720 398 3749 le
412 3717 473 3756 quel
486 3714 612 3745 Traitstie
627 3721 714 3748 nouS,
729 3720 807 3742 entre
821 3712 858 3741 les
872 3720 962 3742 autres
973 3710 1098 3748 Choes,
1115 3718 1203 3740 avons
1215 3707 1326 3739 Promis

272 3758 305 3787 δε
327 3757 444 3786 Devons
464 3752 579 3791 Bailler,
595 3750 742 3787 Delivter,
758 3752 791 3781 ὃ(
806 3750 952 3780 Delaiffier
965 3760 996 3787 a,
1016 3749 1113 3780 nostre
1129 3748 1169 3779 dit
1185 3747 1283 3785 Frere,
1302 3748 1327 3778 le

270 3795 340 3833 Roy
361 3793 567 3833 d’Angleterre,
582 3799 655 3829 pour
674 3789 693 3818 li
731 3789 763 3818 &
787 3797 856 3826 pour
873 3799 919 3818 ces
939 3788 1027 3818 Hoirs
1047 3789 1080 3818 ὃ(
1100 3784 1294 3823 Succeffeurs,
1312 3796 1328 3817 a

272 3841 342 3863 touz
360 3831 465 3870 Jourz,
484 3832 509 3860 le
528 3827 663 3864 Chastel‚
686 3811 771 3864 dite,
792 3827 825 3856 δε
845 3826 919 3856 Paiis
935 3827 969 3856 de
993 3826 1115 3864 Postou,
1138 3825 1163 3855 la
1182 3823 1273 3867 Terre
1294 3823 1330 3855 de

272 3869 430 3905 Belleville,
446 3870 478 3899 ὃ(
502 3869 528 3897 le
549 3867 597 3897 Fie
612 3866 648 3896 de
659 3865 791 3900 Thoart,
809 3864 841 3893 &
858 3865 895 3894 les
909 3874 998 3895 autres
1011 3864 1098 3894 Villes
1113 3864 1146 3894 &
1162 3861 1330 3900 Chastiaux,

272 3910 308 3940 ὃς
323 3915 385 3938 tout
398 3917 432 3937 ce
447 3916 500 3943 que
513 3916 528 3935 a
542 3905 629 3934 Nous
647 3904 799 3942 appartient
813 3912 847 3931 en
856 3902 927 3932 Paiis
939 3903 974 3933 de
988 3902 1234 3933 Poitou&autres
1241 3899 1330 3930 Lieux

273 3945 429 3982 deffiisdiz,
444 3953 512 3973 avec
534 3944 572 3973 les
589 3943 668 3974 Ylles
683 3941 816 3981 adjacenz
829 3950 845 3971 a
857 3941 958 3980 iceux,
974 3942 1007 3973 &
1021 3941 1093 3973 leurs
1107 3939 1333 3982 Appartenances

273 3987 309 4021 &
324 3981 548 4023 Dependances,

1284 119 1485 172 Nes,
1540 115 1935 173 L1TERAE‚

1319 204 1398 235 Pour
1411 206 1479 243 quoi
1495 204 1601 244 Nous;

2364 199 2440 231 Arm.
2454 200 2503 233 D.
2549 200 2551 205 ’

1326 242 1452 273 Voulans
1473 244 1509 274 les
1527 243 1732 274 Couvenances
1754 245 1788 274 &
1811 242 1988 281 Promesses,
2001 243 2085 281 depar
2107 253 2179 274 nous
2191 242 2236 274 sur
2248 252 2284 273 ce
2299 241 2350 273 fai-
2385 239 2471 280 1361.

1289 289 1362 319 tees,
1377 281 1468 312 Tenir
1485 283 1518 314 &
1533 283 1754 321 Acomplir,par
1771 282 1871 313 Assent
1884 283 1918 313 Sc
1932 281 2061 313 Consent
2072 283 2119 313 des
2132 282 2198 313 Pers
2210 283 2248 314 de
2262 282 2350 313 Fran·
2365 280 2434 308 Edv.
2454 288 2479 314 3-

1291 329 1343 357 ce,
1361 320 1394 350 &
1409 329 1496 351 autres
1508 320 1662 360 desiusdiz,

1330 357 1467 397 Baillons,
1487 359 1656 397 Delivrons,
1671 358 1704 389 &
1729 357 1890 388 Delaissons
1908 368 1942 396 a,
1956 355 2053 387 nostre
2067 357 2108 388 dit
2122 358 2222 398 Frere,
2240 359 2267 389 le
2280 358 2353 399 Roy

1292 395 1488 439 d’Angleterre
1501 420 1510 435 ,
1530 408 1576 437 par
1597 407 1646 428 ces
1666 397 1802 437 presentes
1827 397 1938 428 Lettres
1953 420 1963 432 ,
1986 405 2059 433 pour
2082 396 2154 435 Lui,
2171 399 2205 429 ὃς
2264 408 2297 428 ur
2315 398 2355 428 ses

1295 433 1402 473 Hmrs,
1417 436 1450 466 &
1471 435 1666 474 Successeurs,
1683 435 1709 465 le
1727 435 1768 465 dit
1788 435 1920 474 Chastel,
1940 433 2024 473 Cite,
2040 434 2073 464 &
2095 433 2167 464 Paiis
2180 435 2215 466 de
2253 437 2355 475 oimu,

1295 472 1374 502 Ylles
1394 472 1544 512 adjacenz,
1561 475 1586 504 la
1604 474 1699 505 Terre
1718 474 1755 504 de
1768 473 1923 512 Belleville,
1939 473 1973 504 &
1987 474 2013 504 le
2028 471 2078 502 Fie
2092 472 2128 502 de
2139 471 2268 512 Thoart,
2283 483 2355 506 avec

1296 510 1335 541 les
1356 511 1583 550 Appartenances
1601 513 1635 543 &
1649 512 1698 542 De
1718 512 1855 543 endances
1869 511 2007 549 d’icelles,
2025 512 2059 543 ὅ(
2072 519 2135 541 tout
2147 520 2184 542 ce
2197 521 2253 551 que
2266 513 2356 544 Nous

1295 550 1394 580 avions
1407 560 1443 580 en
1457 557 1519 579 tout
1530 550 1555 580 le
1568 550 1641 580 Paiis
1655 550 1691 581 de
1730 551 1859 589 oitou,&
1873 559 1962 582 autres
1975 550 2067 581 Lieux
2079 548 2234 589 deffusdiz,
2247 560 2284 582 en
2297 551 2358 582 Sai-

1297 589 1356 618 fine
1368 589 1400 619 &
1416 598 1452 618 en
1467 588 1628 628 Propriae,

1336 626 1372 657 Et
1391 627 1510 657 d'icelles
1531 626 1629 668 choses
1649 624 1738 656 Nous
1757 625 1950 657 Dessaisiffons
1971 627 2005 658 &
2019 625 2199 666 Devestons,
2217 627 2251 658 &
2263 627 2361 658 envess

1300 673 1364 696 tons
1383 666 1418 696 &·
1439 665 1581 696 Saisislons
1603 663 1698 694 nostre
1717 665 1758 694 dit
1779 664 1881 703 Frere,
1897 665 1930 695 &
1950 664 1990 695 les
2010 665 2110 697 Trans
2123 675 2221 696 ortons
2235 676 2272 697 en
2287 665 2343 695 Lui

1301 714 1371 734 avec
1396 713 1465 734 touz
1487 704 1525 734 les
1549 703 1618 734 Fiez
1635 724 1645 739 ,
1679 702 1841 746 urisdicions
1853 726 1862 741 ,
1881 702 1928 732 Sei
1946 704 2039 733 nories
2052 727 2062 743 ,
2114 713 2276 744 ommages,
2294 688 2365 734 Vass

1302 742 1393 780 saulz,
1412 743 1445 773 &
1463 742 1633 782 Vassalages,
1682 740 1851 778 beissances,
1868 741 1902 772 &
1943 741 2118 781 ubjeetions,
2135 742 2366 782 Recognoiffan-

1304 791 1351 812 ces
1366 804 1376 819 ,
1395 781 1576 812 Reverences
1627 779 1736 810 Gardes
1751 802 1761 818 ,
1779 778 1955 809 Advoaisons
1969 801 1980 816 ,
1996 777 2187 820 Patronnages
2200 804 2210 820 ,
2228 791 2307 812 mere
2330 781 2366 812 &

1306 821 1393 850 mixte
1413 819 1522 860 Impere
1536 842 1546 858 ,
1572 804 1721 849 firoitures
1736 841 1745 857 ,
1772 816 1901 853 Rentes,
1926 817 2093 855 Revenues,
2117 820 2151 850 &
2171 827 2234 851 tout
2254 830 2290 851 ce
2309 828 2367 858 que

1305 868 1377 888 nous
1391 859 1490 888 avions
1502 858 1535 889 δε
1551 858 1673 896 pooions
1686 857 1764 888 avoir
1780 866 1808 887 es
1822 856 1919 887 choses
1930 855 2105 894 deffusditec,
2121 867 2138 887 a
2150 857 2259 896 Tenir,
2273 858 2367 888 Poffi-

1306 897 1376 934 der,
1399 898 1432 927 &
1453 894 1696 932 Auoir(C’1-·.s·r
1715 903 1918 926 assavom
1939 902 1991 925 EN
2010 894 2216 926 DEMAINE
2233 904 2276 926 ce
2293 904 2369 934 Qut

1309 943 1383 965 EST
1408 943 1459 965 EN
1489 934 1699 965 DEMAINE
1720 956 1731 972 ,
1763 941 1815 964 ET
1841 933 2022 964 aTssNuz
2047 941 2098 963 EN
2125 933 2164 963 Fr
2179 942 2199 964 n:
2221 942 2264 964 ce
2290 942 2367 972 Qut

1309 982 1328 1003 E
1339 982 1351 1002 s
1360 982 1383 1002 T
1401 983 1419 1003 E
1431 982 1453 1003 N
1476 973 1500 1003 F
1510 983 1521 1003 1
1532 973 1569 1010 Ε)
1587 983 1622 1003 au
1635 972 1677 1003 dit
1689 971 1758 1012 Roy
1772 971 1985 1010 d’Angleterre,
2001 972 2036 1003 &
2049 982 2065 1002 a
2074 971 2113 1003 ses
2124 970 2231 1010 Hoirs,
2249 973 2284 1004 &
2296 972 2370 1004 Suc-

1311 1011 1450 1049 cesseurs,
1467 1012 1707 1052 perpetuelment,

1346 1049 1487 1080 Mandans
1500 1051 1533 1081 &
1547 1049 1763 1080 Commandans
1776 1048 2004 1087 estroietement‚
2020 1059 2068 1088 par
2083 1056 2128 1081 ces
2141 1049 2288 1089 praesentes
2301 1049 2374 1081 Let-

1309 1093 1420 1156 3515?
1440 1096 1598 1158 νὲἒὶἱῗζέξ
1618 1087 1891 1163 ἓέῐῗ“ἓῗέει1ἷὲἓὶ”
1903 1087 2068 1157 &333³
2085 1088 2374 1158 fiffisslgffl’ssffioffifl?

1311 1149 1458 1208 Chivalgrs
1472 1187 1482 1201 ,
1500 1164 1634 1196 Vaffaulz
1646 1188 1656 1203 ,
1675 1165 1804 1196 Consulz
1819 1187 1828 1202 ,
1845 1148 1950 1195 lv'iaires
1965 1186 1975 1202 ,
1990 1149 2078 1203 jure’z
2090 1187 2102 1203 ,
2117 1150 2297 1197 Communes
2311 1188 2321 1204 ,
2339 1149 2374 1196 δῖ

1312 1202 1496 1234 Univerlitez
1514 1203 1561 1234 des
1582 1204 1631 1234 diz
1646 1203 1778 1242 Chastel,
1797 1202 1880 1242 Cite,
1902 1203 1935 1233 ὃ(
1950 1202 2022 1233 Paiis
2041 1203 2078 1233 de
2096 1202 2220 1242 Poitou,
2237 1204 2285 1235 des
2303 1204 2376 1235 dites

1314 1240 1415 1286 Ylles,
1433 1242 1525 1272 Terre
1547 1242 1583 1272 de
1603 1242 1759 1281 Belleville,
1784 1243 1818 1274 &
1837 1241 1888 1272 Fie
1905 1241 1942 1272 de
1961 1241 2094 1279 Thoart,
2111 1242 2144 1272 &
2161 1250 2251 1272 autres
2271 1241 2376 1281 Vssles,

1315 1279 1488 1318 Chastiaux,
1505 1281 1539 1312 ὃς
1554 1291 1634 1312 toute
1652 1281 1677 1311 la
1695 1280 1786 1311 Terre
1805 1281 1839 1312 &
1857 1279 1929 1310 Paiis
1948 1279 1983 1309 de
1998 1280 2118 1319 Poitou,
2136 1280 2171 1311 &
2183 1280 2377 1320 Appartenan-

1317 1328 1364 1362 ces
1385 1321 1418 1351 ὅ(
1442 1319 1648 1359 Dependances
1664 1319 1785 1350 d'icelles
1798 1341 1809 1357 ‚
1826 1319 1859 1351 &
1883 1329 1898 1349 a
1920 1328 1990 1349 touz
2009 1327 2098 1349 autres
2110 1341 2120 1357 ,
2140 1328 2156 1349 a
2176 1320 2224 1357 qui
2244 1320 2262 1350 il
2283 1327 2380 1359 appar-

1317 1365 1404 1395 tient,
1424 1357 1458 1388 ὃ(
1479 1369 1494 1388 a
1517 1358 1637 1388 chascun
1657 1358 1751 1389 d'eulz
1762 1379 1773 1396 ,
1790 1367 1826 1388 en
1846 1365 1905 1388 tant
1919 1367 2038 1388 comme
2060 1356 2080 1387 il
2102 1367 2174 1388 nous
2188 1358 2251 1389 sont
2265 1357 2382 1397 Subgez

1320 1396 1596 1440 en'Temp'oralite,
1614 1396 1661 1426 des
1682 1396 1781 1427 choses
1802 1406 1858 1435 que
1872 1395 1892 1426 il
1908 1405 1961 1426 ont
1981 1407 2010 1427 es
2022 1395 2072 1426 diz
2095 1394 2228 1434 Chastel,
2246 1395 2330 1434 Cite,
2348 1397 2384 1428 &

1322 1433 1403 1472 Pais,
1423 1435 1459 1465 de
1479 1434 1604 1474 Poitou,
1622 1434 1717 1473 Ylles,
1733 1435 1824 1466 Terre
1844 1435 1880 1466 de
1900 1433 2055 1472 Belleville,
2073 1434 2106 1465 &
2126 1433 2176 1464 Fie
2197 1434 2234 1465 de
2256 1434 2387 1472 Thoart,

1322 1473 1356 1503 &
1376 1473 1448 1503 leurs
1466 1473 1692 1512 Appartenances
1710 1473 1743 1505 ὃς
1762 1472 1992 1513 Dependances‚
2010 1483 2066 1513 que
2086 1482 2121 1502 au
2143 1472 2184 1503 dit
2207 1472 2276 1514 Roy
2297 1472 2388 1503 d’En-

1342 1511 1439 1542 leterre
1452 1534 1462 1550 ,
1487 1514 1521 1544 &
1541 1523 1558 1543 a
1578 1512 1617 1543 ses
1638 1511 1726 1543 Hoirs
1741 1535 1751 1551 ,
1769 1513 1803 1543 &
1825 1511 2002 1543 Succeffeurs
2015 1533 2026 1550 ‚
2040 1511 2124 1542 d’oirs
2141 1521 2177 1541 en
2193 1520 2276 1542 avant
2292 1511 2387 1542 faciez

1334 1559 1362 1579 es
1380 1549 1558 1589 Homrnages
1599 1551 1714 1581 Feautes
1725 1573 1735 1589 ,
1754 1550 1907 1590 Ligeances
1921 1573 1930 1588 ,
1949 1549 2076 1581 Services
2089 1572 2099 1587 ‚
2117 1547 2297 1581 Reverences
2312 1573 2322 1589 ,
2339 1548 2386 1580 O·

1325 1589 1495 1633 beissances,
1511 1590 1543 1620 &
1563 1573 1838 1633 RecognoiffanceS,
1856 1599 1912 1628 que
1932 1587 2012 1619 Vous
2032 1588 2242 1627 Nousrdeuez,
2256 1589 2290 1620 ὃ(
2311 1589 2392 1619 faites

1327 1626 1446 1658 estoient
1468 1638 1515 1658 aus
1538 1627 1610 1658 Rois
1629 1628 1666 1658 de
1686 1627 1794 1659 France
1817 1636 1877 1659 noz
1901 1626 2052 1658 Ancestres
2065 1649 2075 1666 ,
2104 1627 2138 1658 &
2161 1637 2178 1658 a
2199 1628 2264 1659 eulz
2277 1650 2288 1664 ,
2317 1627 2391 1658 leurs

1327 1664 1460 1696 Commis
1476 1688 1486 1704 ,
1510 1666 1543 1697 &
1566 1666 1700 1703 Deputez
1713 1688 1724 1703 ,
1747 1665 1852 1696 rendez
1865 1689 1875 1706 ‚
1899 1665 1991 1696 faciez
2004 1689 2015 1704 ,
2042 1666 2076 1697 &
2095 1664 2181 1696 Paiez
2202 1666 2240 1696 les
2260 1665 2391 1704 Rentae,

1328 1702 1478 1734 Droitures
1492 1727 1502 1743 ,
1538 1704 1662 1735 Devoirs
1677 1727 1687 1743 ,
1709 1705 1743 1736 &
1764 1713 1856 1735 toutes
1875 1712 1962 1735 autres
1982 1703 2168 1735 Redevancoe
2182 1726 2192 1742 ,
2214 1704 2282 1735 teles
2298 1706 2332 1735 &
2352 1713 2391 1734 en

1328 1742 1354 1772 la
1376 1742 1489 1773 fourme
1510 1743 1544 1775 &
1565 1744 1688 1773 maniere
1706 1752 1762 1781 que
1783 1753 1855 1774 vous
1875 1742 2020 1773 deviez&
2031 1741 2151 1773 estoient
2164 1742 2243 1773 faites
2259 1753 2274 1774 a
2286 1743 2396 1782 Nous,

1330 1791 1369 1812 ou
1383 1791 1398 1811 3
1410 1790 1470 1812 noz
1488 1781 1636 1812 Ancestres
1651 1781 1732 1823 Roys
1745 1781 1782 1811 de
1795 1781 1921 1819 France,
1937 1790 1977 1811 ou
1993 1789 2084 1819 temps
2099 1780 2181 1819 paffe.

1368 1819 1418 1850 De
1431 1829 1524 1851 toutes
1537 1821 1576 1850 les
1588 1820 1692 1860 quelles
1707 1819 1821 1858 choses,
1837 1821 1870 1851 &
1883 1821 1919 1850 de
1931 1819 2053 1850 chascun
2067 1819 2206 1859 d'icelles,
2220 1829 2291 1850 nous
2305 1818 2394 1858 Qir-

1332 1866 1412 1897 tons,
1430 1858 1604 1897 Delivrons,
1621 1860 1654 1890 ὃς
1678 1858 1853 1898 Absolvons,
1872 1868 1920 1897 par
1943 1867 1988 1888 ces
2002 1858 2138 1895 presentes
2152 1857 2277 1895 Lettres,
2294 1867 2310 1887 a
2324 1865 2394 1888 touz

1329 1897 1434 1942 Jours,
1448 1907 1520 1929 vous
1533 1897 1669 1928 dessusdiz
1682 1896 1760 1928 Eves
1775 1907 1838 1935 uec,
1857 1897 1974 1935 Prelaz„
1993 1896 2159 1935 Chapitres,
2177 1897 2210 1927 &
2226 1895 2315 1926 Genz
2327 1895 2398 1926 d’E·

1334 1937 1417 1976 glise,
1435 1936 1472 1967 les
1493 1936 1580 1976 Dux,
1596 1937 1630 1968 &
1650 1945 1739 1967 autres
1755 1908 1873 1966 {Iobles
1887 1958 1896 1973 ,
1915 1934 2018 1965 Barons
2031 1958 2042 1973 ,
2061 1935 2206 1966 Chivalers
2219 1959 2229 1973 ‚
2248 1934 2397 1972 Vaffaulz,

1335 1975 1466 2006 Consulz
1479 1998 1489 2014 ,
1517 1975 1623 2007 Mairoe
1639 1998 1649 2014 ,
1690 1985 1750 2006 ures
1766 1997 1777 2014 ‚
1796 1973 1978 2005 Communes
1992 1995 2003 2012 ,
2020 1974 2054 2005 &
2074 1973 2260 2004 Univerfitez
2281 1973 2329 2003 des
2351 1973 2400 2004 diz

1336 2013 1453 2045 Chastel
1467 2036 1477 2051 ‚
1502 2013 1571 2045 Cite
1584 2036 1595 2052 ,
1619 2015 1651 2045 ὅ(
1697 2015 1745 2045 aiis
1760 2014 1797 2044 de
1816 2012 1921 2044 Poitou
1937 2035 1947 2051 ,
1963 2012 2042 2043 Ylles
2054 2034 2065 2050 ,
2082 2011 2175 2042 Terre
2193 2012 2230 2042 de
2244 2011 2400 2049 Belleville,

1338 2054 1358 2073 ²*
1378 2053 1411 2084 ὅ(
1433 2052 1484 2083 Fie
1502 2053 1538 2083 de
1557 2052 1708 2091 Thouart,
1723 2054 1756 2083 &
1771 2052 1875 2083 deleur
1888 2052 2115 2092 Appartenances
2128 2052 2162 2083 δε
2177 2049 2402 2094 Dependances,
2414 2063 2435 2084 ς
2461 2064 2516 2093 VI*

1338 2092 1372 2123 &
1396 2100 1467 2123 touz
1487 2101 1594 2129 autres,
1611 2101 1628 2121 a
1649 2092 1696 2130 qui
1717 2091 1735 2121 il
1755 2092 1908 2128 appartient
1930 2091 1963 2121 δε
1984 2098 2050 2128 peut
2065 2098 2239 2130 apparremr,
2278 2097 2342 2119 uant
2356 2098 2403 2119 aus
2420 2111 2485 2141 33²·

1340 2131 1455 2169 choses,
1473 2140 1528 2168 que
1541 2140 1611 2161 vous
1624 2138 1708 2160 tenez
1719 2129 1755 2160 de
1771 2140 1841 2159 nous
1854 2129 1888 2160 ὅτ.
1902 2128 1979 2159 soulz
1991 2137 2079 2166 nouS,
2094 2138 2122 2159 es
2136 2128 2185 2158 diz
2200 2126 2264 2158 Cha
2290 2127 2314 2157 el
2323 2150 2333 2164 ,
2348 2126 2401 2158 Ci-

1340 2168 1542 2238 ῗῆοὲῐῗέἓ
1556 2166 2052 2245 sszpfffiifsstnzeffglesseTfiz‘tnfig
2061 2166 2220 2237 ἓῗὲῗὲἒέῗ
2238 2166 2272 2197 &
2293 2165 2317 2196 F
2318 2167 2345 2197 1²
2365 2165 2402 2197 ‘³⁶

1381 2246 1427 2276 En
1445 2230 1575 2284 baillant,
1591 2245 1747 2281 toutefoiz,
1766 2245 1804 2275 les
1816 2245 1865 2275 diz
1911 2244 2032 2275 hastiauz
2045 2245 2079 2276 &
2093 2242 2268 2274 Forteresces
2282 2253 2317 2274 au
2333 2242 2403 2283 Roy

1343 2284 1417 2315 d’An
1439 2285 1550 2323 leterre,
1569 2293 1607 2315 ou
1628 2293 1643 2314 a
1664 2284 1702 2314 ses
1726 2283 1877 2323 Depurez,
1894 2284 1927 2315 ὃς
1952 2292 1987 2312 en
2009 2282 2046 2313 Li
2065 2282 2161 2313 faisant
2175 2282 2212 2313 les
2226 2281 2406 2322 Hommages

1344 2325 1377 2355 &
1399 2323 1429 2354 O
1451 2323 1584 2354 eiffinces
1603 2321 1780 2360 dessusdites,
1798 2322 1869 2352 Sauf
1879 2322 1912 2352 ὃς
1928 2321 2052 2351 Reserve
2067 2329 2121 2352 aux
2135 2320 2251 2360 Eglises,
2268 2322 2302 2352 &
2317 2320 2406 2351 Genz

1342 2362 1500 2401 d’Eglizes‚
1516 2372 1551 2393 ce
1563 2371 1619 2401 que
1630 2372 1645 2391 a
1658 2370 1712 2392 eux
1726 2362 1898 2400 appartient,
1915 2360 1947 2390 &
1962 2370 2018 2398 que
2030 2369 2092 2391 tout
2106 2369 2141 2390 ce
2153 2360 2201 2399 qui
2216 2369 2231 2389 a
2244 2358 2302 2390 este
2315 2369 2407 2390 occu-

1345 2411 1380 2470 ἷζε
1400 2403 1433 2432 &
1455 2400 1495 2431 est
1516 2401 1620 2431 detenu
1642 2399 1681 2431 du
1701 2399 1775 2439 leur,
1799 2409 1872 2438 pour
1893 2398 2028 2429 achoison
2044 2398 2093 2429 des
2112 2396 2255 2436 Guerres,
2277 2398 2336 2429 leur
2353 2397 2408 2429 soit

1377 2439 1451 2470 endu
1464 2440 1497 2470 &
1512 2439 1639 2470 Delivre.

1384 2478 1420 2509 Et
1460 2488 1495 2508 ue
1517 2478 1554 2508 les
1575 2477 1645 2508 dites
1666 2476 1768 2516 Villae,
1793 2475 1969 2515 Chasteaux,
1987 2476 2071 2515 Cite,
2090 2476 2124 2508 &
2147 2474 2222 2507 Paiis
2241 2474 2277 2506 de
2285 2474 2411 2514 Poitou;

1346 2516 1442 2549 Ylles,
1488 2526 1548 2546 erre
1568 2516 1604 2546 de
1625 2515 1765 2546 Belleville
1801 2517 1835 2546 &
1858 2515 1905 2545 Fie
1925 2515 1962 2545 de
1981 2515 2113 2553 Thoart,
2131 2515 2164 2545 &
2183 2515 2253 2544 leurs
2268 2514 2409 2552 Apparte-

1347 2565 1449 2585 nances
1471 2554 1752 2598 &rDependanceQ
1766 2538 1870 2584 §eront
1891 2555 1925 2585 &
1947 2553 2129 2584 Demurront
2143 2563 2178 2583 en
2192 2553 2258 2582 teles
2273 2551 2409 2582 Libertez

1348 2595 1382 2625 &
1400 2593 1574 2631 Franchises,
1593 2603 1710 2624 comme
1730 2591 1795 2623 elles
1807 2591 1926 2622 estoient
1939 2602 1986 2631 par
1998 2601 2098 2630 avant,
2115 2601 2152 2621 en
2165 2590 2261 2621 nostre
2275 2589 2362 2621 Main
2374 2590 2410 2621 &

1349 2632 1512 2671 Seignurie,
1531 2631 1557 2662 se
1570 2632 1709 2662 contraire
1722 2640 1758 2660 ne
1771 2630 1833 2661 sont
1848 2640 1899 2660 aux
1914 2630 2010 2660 choses
2019 2629 2200 2661 devantdites.

1386 2669 1545 2708 Mandans,
1559 2670 1751 2707 neantmoins,
1769 2670 1802 2701 ὃ(
1822 2668 2032 2700 είὶῑοίξὶεῐηεηῑ
2043 2667 2276 2706 Commandans,
2292 2667 2326 2698 &
2341 2675 2412 2697 avec

1350 2719 1403 2749 ce,
1421 2709 1446 2740 se
1460 2707 1572 2739 mestier
1586 2708 1626 2739 est
1634 2730 1644 2746 ,
1661 2707 1878 2746 Commettans,
1899 2717 1947 2745 par
1960 2717 2007 2737 ces
2019 2706 2158 2745 presentes
2170 2706 2296 2744 Lettres,
2312 2716 2347 2736 au
2360 2705 2413 2736 Se-

1352 2747 1464 2778 neschal
1477 2746 1513 2777 de
1526 2747 1645 2784 Poitou,
1663 2748 1713 2785 qui
1727 2746 1763 2777 de
1798 2756 1826 2775 ar
1840 2756 1913 2776 nous
1927 2755 1944 2785 y
1958 2755 1972 2775 a
1986 2746 2062 2785 este,
2078 2746 2111 2777 δε
2126 2756 2142 2776 a
2155 2752 2225 2775 touz
2239 2752 2299 2775 noz
2310 2743 2412 2783 Juges,

1353 2788 1387 2818 &
1408 2785 1522 2823 Bailliz,
1537 2786 1570 2817 &
1584 2785 1702 2816 Provoz
1716 2785 1754 2816 du
1796 2785 1843 2815 aiis
1854 2784 1890 2815 de
1901 2784 2007 2815 Poitou
2015 2785 2067 2823 ,&
2081 2783 2203 2815 chescun
2216 2782 2326 2821 d’eulz‚
2343 2792 2382 2812 ou
2395 2791 2414 2812 a

1354 2825 1425 2855 leurs
1446 2825 1663 2863 Lieuxtenants‚
1680 2834 1735 2863 que
1747 2823 1765 2853 il
1778 2823 1986 2863 Contraignent
2000 2823 2157 2854 roidement
2174 2820 2414 2859 touz,Contredi-

1356 2863 1439 2902 sanz,
1458 2862 1668 2900 Desobeissans,
1687 2864 1722 2894 &
1742 2861 1890 2899 Rebelles,
1905 2872 1951 2900 par
1974 2869 2065 2892 toutes
2077 2861 2116 2891 les
2128 2860 2205 2889 voies
2217 2860 2251 2890 &
2266 2867 2416 2889 manneres

1356 2912 1412 2941 que
1434 2902 1545 2933 mestier
1557 2901 1632 2940 sera,
1649 2902 1683 2932 &
1704 2910 1760 2941 que
1772 2911 1787 2931 a
1799 2901 1866 2930 faire
1881 2900 1954 2938 sera,
1971 2909 1986 2929 a
2000 2900 2079 2929 obeir
2092 2897 2296 2937 paifiblement,
2310 2896 2415 2927 ferme-

1357 2948 1454 2979 ment,
1471 2940 1504 2971 ὃς
1525 2942 1711 2971 entierement
1731 2948 1784 2969 aux
1797 2938 1894 2969 choses
1907 2937 2080 2975 deflusdites,
2095 2937 2128 2967 &
2141 2935 2261 2965 chascun
2279 2935 2418 2974 d’icelles,

1358 2979 1453 3023 selonc
1474 2980 1499 3009 la
1517 2979 1636 3009 Teneur
1653 2977 1690 3008 de
1713 2986 1760 3008 ces
1775 2977 1930 3021 presentes,
1946 2985 1982 3006 en
2003 2975 2066 3006 telle
2080 2983 2194 3006 manere
2207 2972 2274 3011 qu’il
2287 2984 2326 3014 ny
2341 2983 2416 3005 con-

1357 3027 1457 3087 webggs
1471 3025 1628 3087 ssgffffiffgst
1642 3025 1892 3091 ggelllgseoghoses,
1908 3052 1942 3083 δε
1963 3052 2083 3083 chascun
2098 3051 2234 3088 d’icelles,
2251 3051 2285 3082 &
2298 3050 2338 3081 ses
2353 3049 2420 3080 De-

1361 3095 1518 3134 pendances
1532 3095 1565 3125 &
1579 3094 1820 3132 Appartenances,
1837 3091 1924 3121 Nous
1935 3091 2057 3121 voulons
2071 3091 2104 3121 &
2115 3090 2323 3121 commandons
2333 3112 2343 3127 ,
2361 3098 2419 3127 que

1361 3143 1430 3165 touz
1449 3142 1506 3163 noz
1519 3132 1621 3162 Feaulz
1633 3131 1665 3162 &
1681 3129 1787 3168 Subgiz
1799 3130 1936 3160 obeissent
1950 3130 1984 3161 &
1998 3128 2143 3159 intendent
2159 3139 2175 3159 a
2187 3137 2247 3158 noz
2261 3128 2310 3158 diz
2322 3126 2421 3158 Senes-

1361 3172 1470 3209 chaux‚
1487 3171 1600 3208 Bailliz,
1614 3169 1698 3208 Juges
1733 3169 1766 3199 &
1782 3167 1910 3206 Prevoz,
1929 3167 1962 3198 &
1976 3178 1991 3198 a
2007 3167 2078 3198 leurs
2093 3167 2243 3205 Deputez,
2260 3167 2295 3198 &
2309 3175 2324 3196 a
2339 3165 2419 3196 ches-

1361 3220 1419 3241 cun
1439 3209 1547 3252 d'eulx3
1572 3208 1643 3239 Sauf
1659 3208 1691 3247 ὃς
1705 3191 1831 3251 Ῐῖεἷετγε
1852 3217 1867 3237 a
1881 3215 1955 3250 nous¹
1963 3205 1988 3236 la
2003 3206 2202 3237 Souverainete
2213 3205 2246 3236 &
2260 3205 2287 3235 le
2294 3204 2420 3238 Dernier

1361 3248 1482 3284 Resort,
1500 3248 1605 3290 iusques
1620 3246 1658 3276 les
1673 3245 1904 3276 Renonciacions
1917 3245 2005 3275 soient
2019 3244 2103 3275 faites.

1400 3286 1446 3316 En
1467 3285 1628 3324 Tesmoign
1648 3283 1684 3314 de
1702 3284 1727 3314 la
1749 3283 1831 3323 quele
1845 3284 1929 3315 chose
1943 3282 2030 3314 Nous
2043 3292 2132 3314 avons
2143 3282 2192 3313 fait
2205 3288 2308 3313 mettre
2321 3279 2419 3312 nostre

1359 3325 1422 3356 Seel
1436 3335 1451 3354 a
1465 3333 1511 3354 ces
1525 3324 1660 3362 presentes
1672 3322 1790 3354 Lettres.

1397 3363 1497 3393 Donn.
1517 3373 1552 3393 au
1574 3361 1639 3392 Bois
1658 3361 1693 3391 de
1713 3360 1856 3392 Vincenn.
1878 3360 1905 3390 le
1924 3360 2000 3391 xxvii
2015 3359 2088 3399 Jour
2104 3358 2141 3390 de
2156 3357 2271 3398 juillet,
2295 3357 2361 3390 l'An
2382 3357 2418 3388 de

1362 3401 1459 3433 Grace
1473 3399 1554 3441 Mill,
1568 3398 1668 3438 CCC,
1678 3399 1811 3431 Soixante
1827 3400 1861 3431 &
1877 3398 1942 3430 Un.

1852 3486 1910 3514 Par
1928 3483 1954 3513 le
1971 3486 2022 3514 Roi
2040 3483 2078 3519 ὠ·
2090 3483 2142 3523 fin
2157 3482 2265 3521 Confi-il.

1966 3571 2008 3599 A.
2025 3572 2119 3608 Royer.

1689 3655 1750 3687 Sub
1769 3655 1869 3687 eadem
1889 3655 1994 3688 Forma
2015 3655 2104 3693 fiunt,

1405 3744 1532 3784 Concefflo
1549 3743 1700 3775 comitatrix
1718 3744 1751 3774 de
1765 3746 1907 3781 Rouergue.

1407 3783 1533 3822 Concessio
1547 3783 1698 3813 Comitatu's
1716 3785 1827 3812 Gaurae.

1409 3822 1536 3861 Concessio
1553 3821 1706 3851 Comitatbs
1723 3821 1755 3850 de
1771 3818 1956 3858 Angoulesme·

1409 3860 1536 3899 Conceffio
1556 3859 1707 3889 Comitatds
1721 3858 1880 3896 d’Agenois.

1409 3898 1534 3937 Conceffio
1551 3897 1701 3927 Comitattis
1715 3897 1748 3926 de
1765 3899 1915 3932 Zantonge.

1409 3936 1534 3975 Conceffio
1551 3935 1700 3965 Comitattis
1716 3937 1855 3965 Limozin.

1412 3974 1537 4015 Conceffio
1553 3973 1704 4011 comitatis
1720 3973 1753 4004 de
1769 3974 1930 4009 Pierregort.

2311 4003 2433 4044 Concefflo

2526 3439 2561 3465 r&
