2561 4251
97 204 175 239 Ann.
185 207 216 238 D

93 289 147 315 Βία.
168 297 194 315 2.

0 1935 9 1950 c
22 1918 88 1953 12}ssst
105 1925 133 1967 sl
148 1924 219 1959 ἦα
235 1946 265 1976 G

84 2125 180 2153 ⁸V11.

86 2163 150 2190 228.

83 2201 161 2232 Anii.
177 2200 215 2231 D.

83 2248 190 2307 23⁷3

82 2321 111 2345 R.
134 2327 158 2346 2.

82 2360 149 2384 Scot.
169 2366 194 2383 2·
230 2361 286 2390 d'E
300 2372 369 2399 cece,
387 2362 420 2392 &
434 2361 482 2392 des
495 2369 585 2391 autres
603 2360 715 2390 Grantz
728 2359 765 2389 de
783 2360 808 2389 sa
828 2359 937 2396 Partie,

82 2398 212 2425 R·²·m·2·
231 2399 449 2439 d'hsterlinges,
472 2399 509 2429 de
530 2398 627 2429 nostre
648 2398 775 2429 Monoie
798 2397 989 2437 d'Engleterre
1001 2420 1010 2435 ,
1030 2407 1081 2435 pur
1095 2397 1121 2427 le
1134 2396 1247 2427 Terme
1259 2397 1295 2427 de

251 124 275 164 Β
284 134 301 164 2

279 207 361 246 Qiae
408 207 436 236 in
452 203 611 235 Sanctitatis
632 201 732 232 vestrae
746 201 905 240 praesentia,
922 207 1040 236 contra,
1059 195 1265 228 Reverendum
1278 195 1309 226 in

120 256 206 287 1379.
245 246 363 278 Christo
374 230 506 280 ²Patrem,
526 243 623 274 Adam
641 242 792 285 Episcopum
807 237 997 276 Menevenftm
1014 236 1126 275 Legum
1141 235 1308 265 Doctorem

246 286 381 316 eximium
394 307 403 320 ,
429 291 518 318 nuper
541 279 752 311 Cancellarium
773 278 903 308 nostrum
918 299 927 314 ,
954 285 1002 313 per
1018 274 1155 313 quosdam
1170 272 1310 304 AEmulos

245 324 325 361 suos,
343 320 458 352 subdola
471 318 704 355 Machinatione,
722 317 856 346 dicuntur
868 314 1028 353 proposita,

282 362 315 392 In
329 361 423 390 lucem
439 357 593 396 prodeant,
610 359 643 388 &
653 381 662 396 ‚
680 354 803 394 effugata
819 353 967 384 Mendacii
979 351 1235 390 Nebula,Veritas
1251 349 1310 381 elu-

262 400 341 430 escat.

239 410 259 433 t
284 436 499 474 Proponebatur
526 443 650 471 namque
680 432 776 469 (Pater
798 431 911 467 Sanite)
935 438 1036 461 contra
1056 428 1169 460 dicium
1190 426 1309 465 Episco-

244 486 331 514 pum,
350 484 381 505 ut
394 476 575 513 accepimus,
593 474 621 502 in
635 471 791 502 Sanciitatis
804 470 905 501 vestrae
921 468 1102 500 Consistorio
1115 491 1125 506 ,
1150 477 1200 506 per
1216 476 1307 505 quen-

244 515 310 544 dam
332 515 453 552 impium
468 536 477 552 ,
502 514 594 542 immo
616 510 756 549 perfidum
771 533 780 548 ,
807 508 955 540 Clericum
975 508 1056 539 suurn
1072 531 1082 546 ,
1110 504 1306 543 Willielmum,

243 553 359 583 Nichol
372 554 518 592 vulgariter
530 558 740 587 nuncupatum,
759 558 808 588 per
821 548 944 578 eundem
959 546 1136 587 Episcopum
1151 545 1184 575 ad
1200 543 1306 575 diversa

242 590 382 623 Beneficia
391 593 449 630 jam
466 598 653 628 promotum,
671 588 751 627 quod
764 587 836 625 ipse,
854 587 924 617 dum
937 585 1122 616 Cancellariae
1142 584 1306 623 fungeretur

243 629 356 660 Officio
372 654 381 668 ,
405 629 527 660 diversos
548 627 678 658 Clericos
700 627 794 665 Regni
815 625 904 656 nostri
921 648 931 665 ,
956 626 1017 655 tam
1038 623 1201 660 Seculares,
1217 623 1305 661 quarn

243 669 416 707 Regula-es,
435 668 592 698 Tirannice
608 666 776 697 incarcerari
791 665 896 696 fecerat
912 687 923 702 ,
945 664 978 694 &
992 663 1058 693 diris
1075 660 1244 693 Carceribus
1255 660 1306 690 de-

241 710 324 738 tineri
340 732 348 746 ,
375 717 389 737 a
412 707 514 744 quibus
534 707 633 736 redimi
662 715 722 735 non
751 712 881 743 poterant
901 702 1047 741 quousque
1069 708 1203 731 caverent
1224 698 1307 739 quod

241 755 397 784 numquam
412 769 421 779 ,
445 754 559 783 propter
580 743 739 783 hujusmodi
760 742 893 781 Injuriam
908 765 918 781 ‚
935 741 1058 779 aliquem
1070 747 1235 780 gravarent,
1250 747 1307 769 nec

239 785 277 815 de
294 785 351 815 hoc
368 786 396 814 iri
412 784 569 815 sanctitatis
582 783 682 814 vestrae
696 781 836 820 praesentia
848 781 1033 819 querelarent:
1234 816 1239 821 θ

281 823 326 853 IT
337 833 354 854 i:
366 832 409 860 M,
427 823 537 853 asseruit
556 822 634 852 idem
655 821 781 852 Mendax
804 819 886 859 quod
900 819 991 850 dietus
1007 816 1147 857 Episcopus
1163 816 1308 853 Clericos,

244 862 373 893 volentes
393 862 427 891 ad
448 861 606 891 Snnc‘iitatis
623 860 724 891 vestrae
742 858 862 890 Cim‘am
876 883 886 897 ,
903 868 957 896 pro
970 857 1053 888 salute
1068 857 1236 887 Animarum
1250 854 1310 899 sua-

242 911 325 938 rum,
343 901 446 969 &daliis
466 901 517 931 suis
530 899 686 938 Negotiis,
704 898 851 930 transitum
866 898 976 936 facere,
995 902 1194 934 procuraverat
1208 903 1308 932 nequi-

241 948 285 971 ter
303 951 339 970 im
365 951 379 970 e
401 951 444 969 iri·

281 951 419 1017 Qgrum
439 965 594 1016 7utrumque
615 976 710 1015 (Pater
733 975 848 1013 Sancte)
867 975 950 1005 omni
973 971 1086 1004 constat
1107 971 1221 1003 destitui
1233 972 1307 1003 veri—

240 1026 304 1050 tate.

284 1057 305 1087 f
309 1057 348 1087 uit
370 1065 491 1094 namque
510 1054 619 1094 semper
631 1078 642 1094 ,
665 1055 698 1086 &
719 1052 760 1084 est
773 1076 783 1092 ,
807 1052 899 1083 dietus
920 1049 1062 1090 Episcopus
1076 1073 1086 1089 ‚
1103 1051 1176 1080 inter
1188 1057 1309 1080 caeteros

241 1094 378 1126 Praelatos
398 1095 493 1134 Regni
510 1094 599 1124 nostri
614 1118 624 1132 ‚
650 1093 736 1124 totius
751 1091 844 1123 Status
857 1089 1047 1122 Ecclesiastici
1061 1088 1226 1119 fortissimus
1243 1087 1306 1117 De-

241 1134 380 1171 fensaror,
399 1143 453 1164 nec
474 1143 601 1171 unquam
622 1132 679 1170 pati
692 1132 784 1171 potuit
798 1130 880 1160 alicui
891 1129 929 1159 de
943 1128 1048 1166 Clero,
1066 1128 1150 1159 etiam
1165 1136 1218 1166 pro
1234 1126 1306 1164 Iuri-

241 1173 292 1203 bus
304 1171 406 1202 nostris
418 1171 631 1209 conservandis,
648 1169 755 1208 aliquid
771 1169 932 1207 Asperitatis
943 1167 1052 1205 inferri,
1235 1205 1240 1210 .

278 1211 334 1248 Et,
351 1211 371 1241 si
392 1210 536 1241 Transitus
559 1209 740 1241 Clericorum
762 1208 797 1239 ad
819 1207 978 1238 Sandiitatis
996 1206 1098 1237 vestrae
1112 1204 1306 1243 praesentiam,

238 1259 288 1288 per
308 1249 398 1286 ipsum
413 1272 422 1288 ‚
449 1249 493 1280 vel
514 1249 581 1279 alios
603 1248 741 1286 quoscum
765 1256 800 1277 ue
814 1269 824 1284 ,
848 1246 998 1284 impeditus
1016 1245 1136 1275 extiterit
1151 1267 1161 1282 ,
1180 1243 1306 1282 poteritis

241 1288 335 1324 (Pater
357 1288 470 1324 Sancte)
492 1297 542 1325 per
564 1296 717 1318 numerum
771 1286 926 1316 lericorum
941 1285 1037 1323 Regni
1052 1282 1157 1321 nostri,
1177 1283 1226 1321 qui
1239 1280 1304 1320 post

238 1327 351 1358 felicem
374 1326 594 1357 Promotionem
614 1324 736 1357 vestram
756 1324 791 1356 ad
812 1324 972 1355 Sandtitatis
985 1322 1085 1354 vestrae
1099 1321 1219 1352 Curiam
1231 1330 1305 1352 con-

237 1365 387 1403 volarunt,
405 1366 558 1397 connicere
571 1364 632 1395 satis
642 1365 727 1395 clare.

274 1404 419 1436 Subdebat
432 1404 527 1442 (Pater
541 1402 730 1435 Sanetiffime)
746 1402 823 1434 idern
838 1402 965 1432 Mendax
978 1399 1060 1439 quod
1082 1399 1175 1430 dictus
1197 1397 1305 1438 Episco-

231 1451 283 1482 pus
308 1443 399 1481 ipsum
420 1444 457 1473 de
476 1442 583 1482 Regno
604 1442 704 1472 nostro
720 1441 832 1473 Banniri
847 1441 970 1478 fecerat,
989 1440 1059 1470 cum
1073 1448 1248 1476 numquam,
1270 1437 1305 1467 ad

236 1482 396 1512 instantiam
426 1482 496 1512 illins
510 1505 520 1521 ,
543 1481 588 1512 seu
617 1480 822 1519 cujuscumque
848 1480 956 1510 alterius
972 1502 982 1517 ,
1006 1478 1141 1509 Bannitus
1159 1477 1279 1507 eXtiterit
1295 1499 1305 1514 ,

237 1521 317 1560 quod
330 1521 442 1552 sciatur:
459 1520 610 1551 adiciendo
627 1519 708 1558 quod
721 1519 811 1558 ipsum
827 1518 953 1556 quodam
974 1517 1024 1547 suo
1048 1515 1191 1547 Beneficio
1203 1515 1303 1553 spolia-

236 1568 330 1598 verat,
350 1560 429 1598 quod
443 1560 575 1597 revera,a
591 1567 720 1598 tempore
735 1559 836 1597 primae
849 1556 957 1595 adeptae
970 1555 1152 1586 Poffeffionis
1164 1554 1302 1593 ejusdem,

236 1599 271 1630 &
285 1600 422 1629 continue
442 1600 529 1636 citra,
548 1596 670 1635 possedit
691 1598 725 1629 &
744 1598 850 1634 tenuit,
868 1597 901 1627 ὃ(
916 1595 1009 1626 adhuc
1024 1594 1061 1624 de
1075 1593 1202 1633 praesenti
1216 1592 1302 1631 poffi-

236 1637 284 1667 det
299 1637 416 1675 pacifice
431 1638 465 1668 &
479 1638 582 1675 quiete.

274 1675 350 1706 Haec
372 1675 466 1713 (Pater
479 1675 594 1712 Sancte)
617 1685 683 1713 quae
696 1674 882 1715 praemisimus
896 1696 906 1711 ,
922 1682 1030 1703 meram
1045 1671 1079 1702 &
1094 1681 1192 1709 puram
1207 1672 1302 1701 conti-

236 1724 304 1745 nere
317 1716 457 1745 credimus
474 1713 646 1752 Veritatem,
669 1715 702 1745 &
718 1722 882 1752 propterea,
899 1712 949 1742 sub
966 1712 1126 1742 Literarum
1140 1709 1301 1740 nostrarum

236 1752 396 1784 Patentium
418 1752 606 1783 Testimonio
622 1776 631 1791 ,
656 1751 757 1782 vestrae
779 1751 990 1782 transmittimus
1011 1750 1180 1786 sanctitati,
1199 1749 1300 1787 snppli-

235 1801 330 1822 cantes
349 1792 482 1823 attentius
499 1792 630 1829 quatinus
651 1791 779 1821 Mendax
799 1792 925 1819 Precator
948 1788 1104 1826 Impetratis
1126 1797 1217 1818 careat
1230 1812 1239 1825 ,
1265 1789 1298 1818 ὃς

235 1831 317 1869 aliis,
336 1830 429 1861 Poena
447 1830 570 1860 docente
584 1852 594 1868 ,
613 1830 710 1860 sentiat
724 1829 768 1866 se,
787 1828 914 1858 Fidelem
930 1827 1106 1859 Servitotem
1120 1826 1250 1858 nostrum
1265 1828 1298 1858 ὃς

234 1868 382 1907 Probum,
402 1870 530 1906 nequiter
546 1867 718 1899 Diffamass'e
731 1867 894 1897 Praelatum.

273 1908 340 1939 Dat.
366 1909 394 1938 in
419 1907 526 1938 Palatio
552 1906 652 1937 nostro
678 1906 805 1937 Westm.
832 1906 939 1936 octavo
959 1904 1005 1935 die
1028 1903 1192 1942 Februarii,
1213 1904 1300 1935 Anno

270 1949 344 1978 ratiae
374 1946 531 1976 Milleiimo
544 1968 554 1983 ‚
575 1945 804 1976 Trescentesimo
818 1968 828 1984 ,
852 1944 1064 1983 Septuageiimo
1097 1943 1214 1973 Odiavo
1230 1966 1240 1982 ,
1266 1944 1300 1974 δε

235 1984 406 2025 Regnorum
419 1985 585 2016 nostrorum
598 1984 742 2015 Secundo.

367 2116 396 2143 *ἴ
421 2121 515 2165 Super
530 2120 659 2152 Pecunia
675 2119 774 2151 Scotiae
784 2115 932 2163 ftlvenda
948 2116 1165 2162 Aequitantia.

294 2204 324 2274 Eq
342 2204 426 2273 lR01
451 2215 466 2236 a
488 2213 560 2236 touz
578 2213 669 2244 ceux,
686 2205 735 2244 qui
754 2203 842 2235 cestes
861 2202 972 2234 Lettres
983 2209 1100 2234 verront
1116 2211 1156 2233 ou
1178 2210 1296 2241 orront,

269 2253 462 2314 Savbisstzv’ous
486 2282 587 2313 faisons
606 2292 662 2320 que
675 2282 766 2313 Nous
786 2291 876 2312 avons
889 2291 924 2312 eri
940 2279 1119 2320 Accomptee
1133 2280 1166 2311 &
1181 2279 1294 2311 Resceu

230 2320 283 2359 de,
301 2322 460 2352 Tresnoble
482 2323 515 2353 ὅς
538 2321 666 2352 Puiffant
688 2320 793 2352 Prince
806 2344 816 2359 ,
838 2319 938 2350 Robert
962 2319 1059 2350 nostre
1080 2320 1165 2349 chere
1179 2318 1297 2358 Cousyn

957 2360 1067 2397 Qatre
1080 2358 1177 2388 Milies
1192 2357 1296 2389 Marcz

230 2437 310 2469 Seint
333 2439 422 2474 Johan
441 2439 467 2468 le
488 2436 625 2476 Baptistre
640 2460 650 2476 ‚
673 2437 783 2468 darrein
800 2437 894 2474 palie,
913 2446 948 2466 en
963 2435 1149 2474 Deduffion,
1165 2435 1296 2475 Rebate,

231 2476 264 2507 &
282 2476 373 2508 Partie
386 2477 421 2507 de
436 2477 584 2507 Paiement
597 2477 633 2507 de-
647 2475 718 2507 Vi'nt
733 2477 766 2507 ὃς
783 2475 841 2506 Oet
856 2474 952 2505 Milles
966 2474 1089 2513 Mara,

270 2514 314 2545 Le
336 2525 428 2553 queux
444 2526 515 2545 nous
530 2516 592 2545 sont
606 2515 762 2546 clerement
778 2514 852 2545 duez
867 2513 941 2545 dela
955 2514 1078 2544 Somme
1091 2513 1127 2544 de
1140 2512 1296 2552 Cynquant

228 2553 262 2584 &
275 2553 325 2592 Sys
339 2554 435 2584 Milles
450 2554 553 2584 Marcz
565 2553 781 2593 d’Esterlinges,

269 2592 325 2622 Les
347 2593 450 2630 quelles
470 2592 566 2622 nostre
586 2592 627 2622 dit
649 2591 766 2631 Cousyn
781 2616 789 2628 ‚
809 2592 841 2622 &
855 2600 945 2622 autres
960 2591 1087 2628 Prelatz,
1105 2589 1241 2629 Coumz,
1261 2591 1295 2621 &

229 2629 346 2661 Nobles
368 2630 403 2661 de
426 2630 561 2660 Roialme
579 2630 718 2661 d'Escoce
739 2630 826 2660 Nous
839 2639 891 2660 ont
907 2631 1051 2661 Accordes
1065 2631 1098 2661 &
1112 2629 1233 2670 Promys
1246 2640 1295 2666 ap-

227 2668 850 2738 ffisssgeggfdfflssffgtffifssg’fiffgffljffdg
866 2668 1256 2745 {rssjssseqffbissufffffffiisse
1270 2668 1294 2699 ¹³

269 2746 320 2777 De
333 2747 357 2776 la
374 2745 465 2783 quelle
477 2745 616 2783 Somme,
636 2731 796 2785 de’Qiatre
814 2743 911 2774 Milles
927 2730 1025 2776 Mares
1037 2768 1048 2783 ,
1065 2745 1152 2776 Nous
1167 2730 1244 2776 nous
1254 2754 1296 2776 te-

230 2795 304 2815 noris
320 2795 372 2822 pur
385 2786 448 2815 bien
462 2783 610 2815 Contentz
624 2784 658 2815 &
673 2784 773 2821 Paiez‚
792 2783 826 2814 &
840 2794 875 2814 en
892 2783 1020 2822 Quitons
1035 2806 1045 2821 ,
1064 2783 1218 2814 Delivrons
1232 2808 1241 2822 ,
1261 2786 1295 2815 &

231 2823 375 2854 Absolons
390 2822 491 2853 nostre
512 2821 554 2854 dit
572 2822 689 2861 Cousyn
700 2845 709 2860 ,
734 2823 768 2853 ὃ(
783 2821 821 2852 les
836 2831 926 2852 autres
940 2821 1014 2853 iffint
1030 2822 1167 2859 obliges,
1185 2823 1218 2853 &
1234 2823 1297 2853 lour

230 2861 340 2901 Heirs,
365 2871 381 2891 a
406 2870 477 2892 touz
495 2860 581 2900 Jours
594 2885 604 2900 ,
629 2861 666 2892 de
686 2861 792 2892 mesme
814 2860 839 2891 la
861 2860 982 2891 Somme
1010 2861 1046 2892 de
1068 2861 1178 2900 Qatre
1199 2861 1298 2892 Milles

232 2899 357 2938 Marcz,
375 2899 450 2931 iffint
464 2910 479 2929 a
491 2910 562 2931 nous
577 2901 676 2938 paiez,
694 2909 813 2931 comme
827 2898 868 2930 dit
884 2898 942 2938 est,

271 2938 326 2977 Et,
343 2949 390 2976 par
411 2939 438 2969 le
458 2939 581 2969 Tenour
601 2939 637 2969 de
658 2948 719 2969 noz
732 2938 864 2969 Presentz
878 2938 1007 2976 Lettres,
1025 2947 1097 2969 nous
1111 2937 1210 2968 faisons
1224 2937 1298 2969 Pac-

232 2977 301 3007 cion
317 2980 350 3007 &
365 2976 517 3007 Covenant
532 2977 674 3016 expresse,
692 2979 726 3009 &
741 2987 777 3008 en
791 2978 868 3007 bone
880 2978 949 3016 foy,
967 2977 1003 3007 de
1014 2978 1152 3015 jammays
1166 2976 1298 3007 Deman-

232 3015 283 3045 der
307 3025 323 3045 a
344 3015 407 3045 Eux
422 3039 432 3053 ,
457 3026 493 3046 ne
512 3026 527 3045 a
547 3017 609 3046 lour
629 3016 714 3046 Heirs
727 3039 736 3054 ,
755 3016 863 3054 enJug
883 3025 999 3053 emerit,
1017 3026 1054 3046 ne
1068 3015 1185 3053 dehors,
1202 3015 1226 3045 la
1239 3016 1297 3046 dite

231 3053 356 3084 Somme
370 3054 406 3083 de
416 3055 525 3093 Qatre
540 3054 636 3085 Milles
650 3054 773 3094 Marcz,
790 3065 846 3093 que
887 3057 948 3086 aiez
962 3064 1034 3086 nous
1046 3054 1109 3085 sont
1124 3063 1174 3092 par
1187 3054 1211 3084 la
1220 3053 1298 3086 Cau-

233 3092 260 3124 se
275 3093 309 3122 &
323 3093 430 3123 sicome
441 3092 533 3123 deffus
547 3093 588 3123 est
601 3094 652 3124 dit.

234 3136 235 3139 ’
273 3130 353 3173 Dori.
370 3141 417 3168 par
437 3131 670 3169 Tesmoignance
688 3131 724 3162 de
744 3131 842 3163 nostre
857 3131 952 3164 Grant
965 3131 1044 3172 Seal,
1062 3142 1078 3163 a
1091 3131 1187 3163 nostre
1201 3132 1298 3172 Paleys

232 3169 269 3200 de
282 3169 408 3201 NVestrn.
428 3169 455 3201 le
470 3171 525 3202 xiv.
542 3172 607 3209 jour
620 3171 657 3202 de
669 3171 799 3202 Feverer.

927 3251 981 3279 Per
994 3249 1076 3289 ipfiaem
1089 3250 1192 3285 Regem.

236 3387 296 3421 Pro
323 3386 482 3420 cardinali
506 3385 683 3432 Albianenst
699 3416 709 3431 ,
737 3388 827 3434 fiipcr
855 3391 1013 3421 Decammt
1032 3391 1067 3427 &-
1085 3385 1248 3421 Praebendis
1270 3392 1300 3420 in

223 3449 226 3451 ·
269 3437 407 3468 Manum
425 3439 511 3484 Regis
521 3437 649 3482 βψω,
675 3449 744 3471 cum
763 3450 819 3470 non
825 3438 867 3481 fit
888 3437 1014 3471 Rebellis
1040 3435 1161 3472 Urbano
1179 3440 1269 3483 Papae.

89 3541 215 3573 Amal).
239 3531 297 3586 R
307 3529 372 3561 EX
398 3531 582 3562 Thesaurario
592 3555 602 3570 ,
620 3534 654 3564 &
668 3532 823 3563 Baronibus
838 3532 889 3562 suis
902 3533 937 3563 de
953 3534 1121 3570 Scaccario,
1137 3531 1270 3561 Salutem.

132 3590 194 3646 }729..

90 3661 118 3683 R.
140 3666 166 3683 2.

88 3695 176 3731 Claus.
196 3705 222 3724 2.

89 3737 118 3760 R.
129 3743 154 3761 2.
169 3743 207 3762 m.

338 3569 491 3613 Enparre,
508 3570 683 3601 Venerabilis
697 3572 799 3608 Patris,
819 3571 976 3602 Cardinalis
990 3570 1173 3610 Albanenfis,

276 3605 390 3637 Decani
405 3608 540 3639 Ecclefiae
553 3608 726 3640 Cathedralis
742 3610 874 3640 Eborum
884 3634 893 3646 ,
912 3611 944 3641 ὃς
960 3610 1150 3641 Praebendarii
1170 3607 1305 3639 Praeben-

240 3645 284 3674 dae
298 3645 335 3675 de
352 3646 492 3677 Suthcave
513 3648 542 3677 in
557 3648 656 3678 eadem
674 3648 798 3678 Ecclefia
833 3658 866 3679 ac
883 3648 1074 3679 Praebendarii
1089 3646 1254 3677 Praebendae
1269 3647 1305 3678 de

242 3683 344 3713 Siitton
360 3685 393 3716 &
408 3685 469 3716 Buk
490 3686 594 3724 ngham
609 3688 638 3716 in
653 3686 778 3717 Ecclesia
793 3672 956 3718 dathedrali
972 3685 1180 3724 Lincolniensi,

280 3721 378 3752 Nobis
389 3723 429 3753 est
443 3734 463 3754 o
491 3724 588 3754 ensum
602 3725 700 3762 quod,

281 3758 362 3790 Cum
379 3771 484 3800 nuper,
504 3764 534 3792 iri
549 3762 739 3793 Parliamento
753 3763 869 3802 nostro,
890 3773 971 3795 tento
987 3763 1061 3802 apud
1073 3761 1285 3794 Gloucestriam
1294 3786 1303 3801 ,

244 3794 280 3824 de
303 3798 408 3840 assensu
430 3799 634 3839 Praelatorum,
658 3801 817 3832 Procerum
832 3826 841 3839 ,
866 3803 898 3832 &
921 3802 1091 3842 Magnamm
1107 3800 1202 3839 Regni
1216 3801 1305 3830 nostri

246 3833 376 3874 Anghae,
394 3840 475 3868 nobis
490 3840 597 3869 ibidem
613 3839 812 3877 affistentiurri,
831 3842 927 3870 omnia
943 3841 1038 3880 Bona,
1058 3840 1190 3876 Fructus,
1210 3839 1244 3868 ὃ(
1265 3839 1306 3869 Ε-

246 3873 423 3915 molumenta
443 3887 691 3916 quorumcumque
712 3878 920 3909 Beneficiorum
935 3904 944 3916 ,
964 3891 1027 3919 quae
1043 3880 1112 3910 certi
1125 3877 1305 3916 Cardinales,

245 3909 380 3954 Domino
393 3914 501 3944 Urbano
521 3919 603 3954 Papae
618 3920 699 3947 Sexto
711 3940 720 3955 ,
741 3917 877 3947 malitiose
894 3918 1075 3948 Rebellantes
1089 3917 1122 3947 ὅτ
1135 3915 1306 3946 Inobedien-

243 3954 301 3984 tes,
315 3951 480 3985 OPunebant
495 3955 522 3982 iri
540 3955 657 3994 Anglia,
675 3966 728 3993 pro
743 3966 843 3986 eorum
859 3956 1032 3987 Rebellione
1052 3958 1085 3987 &
1111 3954 1307 3985 inobedientia

242 3985 419 4031 iiujusmodi,
435 3990 545 4022 arestari
559 3996 791 4034 praeceperimus,
810 3996 844 4027 ὃ(
859 3994 1048 4033 postmodum
1060 3994 1141 4026 seisiri
1156 3993 1306 4025 fecerimus

239 4033 272 4056 m
287 4024 413 4058 Manum
426 4028 570 4069 nostram,

696 108 1500 162 coNvENTtoNEffi

1558 110 1965 164 LITERAE‚

1385 194 1422 226 Et
1441 194 1507 227 licet
1527 196 1620 228 dictus
1641 197 1798 228 Cardinalis
1812 197 1977 241 Albanenfii·
1993 202 2022 232 in
2043 202 2114 234 Fide
2127 203 2162 236 ὃς
2175 204 2351 238 obedientia
2362 207 2413 238 de-
2431 205 2507 239 Anu.
2516 203 2556 244 D.

1346 234 1426 273 bitis,
1445 244 1531 272 penes
1553 236 1702 273 praefatum
1718 236 1886 268 Dominum
1903 239 2034 270 nostrum
2054 245 2098 271 Pa

1345 272 1409 303 liter
1429 273 1585 310 persteterit
1604 275 1763 306 immobilis
1779 299 1790 314 ,
1811 276 1846 306 &
1859 277 1984 314 persistat
1997 288 2051 315 pro
2063 281 2087 310 F
2089 245 2413 316 igcgmcztilisseffggucsofincff:
2428 256 2488 315 1352.3
2494 256 2540 317 {9

1346 321 1418 342 nuus
1433 313 1467 343 &
1485 312 1603 358 assiduus
1618 312 1806 358 Defensator,
1821 315 1959 354 nobisque
1974 316 2008 346 &
2022 317 2128 358 Regno
2141 321 2240 353 nostro
2255 324 2411 355 amicabilis

1345 349 1456 388 semper
1468 351 1551 383 fiierit
1563 353 1597 384 &
1611 351 1714 390 fidehs,
2086 368 2091 374 ⁴

1366 427 1371 433 ·
1385 388 1505 420 Fructus
1526 398 1623 421 tamen
1638 414 1648 430 ,
1672 390 1834 423 Proventus
1847 416 1857 430 ,
1873 393 1908 423 ὃς
1923 391 2126 426 Emolumenta
2138 397 2282 431 diciorum
2298 400 2410 432 Benefi-

1345 437 1460 472 ciorum
1482 429 1596 460 suorum
1610 452 1621 468 ,
1640 430 1710 461 ficut
1729 432 1764 463 &
1777 429 1952 463 vRebellium
1971 431 2190 474 praedidiorum',
2206 448 2286 477 capta
2299 440 2362 471 sunt
2375 441 2410 471 ὃ(

1344 466 1428 497 seisita
1442 477 1472 496 in
1488 467 1613 499 Manum
1624 469 1770 508 nostram,

1384 504 1479 549 Unde
1492 507 1575 551 nobis
1588 508 1775 547 supplicatum
1788 507 1848 547 est,
1866 516 1913 547 ut,
1928 507 1964 539 ad
1979 508 2135 540 Honorem
2151 510 2226 552 Dei,
2243 516 2278 546 &
2289 526 2344 555 pro
2358 517 2410 550 sal-

1341 551 1459 612 vatliinne
1469 544 1582 583 Jurium
1593 545 1857 579 Ecclesiasticorum
1865 571 1876 586 ,
1890 548 1940 578 fibi
1952 548 2104 586 dignemur
2118 549 2280 593 subvenire,

1420 593 1470 620 os,

1384 621 1443 652 Pro
1457 631 1494 652 eo
1508 621 1588 661 quod
1609 621 1651 668 de·
1667 622 1838 655 Constantia
1859 626 1893 656 &
1906 625 2095 666 obedientia,
2111 627 2192 658 dieto
2206 627 2340 662 Domino
2351 643 2408 664 no-

1344 658 1404 706 stro
1419 659 1518 699 Papae,
1537 671 1570 692 ac
1584 660 1717 692 Amicitia
1741 664 1775 694 δε
1796 662 1944 694 Fidelitate
1976 665 2076 703 nobis,
2094 676 2143 703 per
2155 667 2326 706 praedictum
2338 675 2408 701 Car..

1344 698 1462 768 ggteadlem
1477 699 1664 770 Albafenseifn
1678 700 1848 732 sufficienter
1857 688 1992 741 ostensis,
2011 704 2111 743 nobis,
2129 715 2179 744 per
2190 706 2409 742 Testimonium

1422 748 1539 776 ignum,
1568 748 1617 770 atis
1639 750 1646 770 ι
1669 748 1716 771 uet

1384 775 1521 808 Volentes
1538 779 1629 816 ipsum
1649 750 1709 810 qac
1723 763 1924 818 ’quaecumque
1945 778 1994 810 sibi
2012 781 2203 820 pertinuerunt
2250 785 2281 815 in
2304 784 2410 827 Regno

1344 815 1444 846 nostro
1459 817 1614 861 praedicto,
1632 802 1811 849 ffivorabssius
1825 818 1971 856 petraciari
1980 841 1988 855 ,
2217 808 2227 823 ³

1383 854 1564 900 Omnimoda
1578 856 1715 895 fruetus,
1732 856 1910 896 Proventus,
1928 858 1962 889 &
1977 857 2181 889 Emolumenta
2194 859 2340 894 diciorum
2354 863 2410 895 Be-

1345 894 1515 925 nefiCiorum
1537 895 1620 933 ipsius
1640 895 1797 925 cardinalis
1816 895 1982 937 Albanenfis
1995 920 2005 936 ,
2021 898 2113 935 prius,
2130 907 2161 929 ut
2174 902 2353 936 praemittitur
2368 903 2411 933 A-

1345 932 1442 977 restata
1457 935 1502 965 vel
1515 933 1550 964 ad
1565 943 1637 972 opus
1649 932 1780 965 nostrum
1794 944 1940 974 percepta,
1959 935 2204 977 Dearestavimus,
2222 939 2274 977 &,
2290 939 2411 973 Terrore

1346 972 1530 1003 Praeientium
1546 997 1556 1011 ,
1577 972 1778 1004 Dearestamus
1789 997 1800 1011 ,
1823 984 1855 1004 m
1869 975 1987 1013 praefato
2001 975 2145 1006 Cardinali
2160 976 2316 1018 Albanenfi
2327 1001 2338 1019 ,
2363 981 2410 1012 vel

1345 1011 1529 1056 Procuratori
1544 1013 1612 1056 suo,
1626 1011 1684 1050 ejus
1699 1013 1834 1051 nornine,
1848 1013 2058 1053 RestituenteS,
2073 1023 2104 1045 ut
2117 1015 2159 1046 est
2171 1015 2289 1047 ustum:

1383 1050 1421 1080 Et
1434 1051 1503 1081 ideo
1517 1050 1600 1081 vobis
1615 1050 1784 1082 mandamus
1798 1052 1879 1089 qued
1894 1052 1983 1090 ipsum
1999 1053 2018 1073 ²*
2034 1053 2155 1084 Cardina
2166 1066 2207 1084 em
2220 1055 2356 1087 Albanen
2367 1067 2407 1086 em

1344 1090 1442 1120 omnia
1457 1089 1595 1128 FruCtus,
1614 1089 1775 1121 Proventus
1789 1113 1799 1128 ,
1816 1091 1850 1121 &
1863 1090 2068 1122 Emolumenta
2081 1115 2091 1131 ,
2116 1092 2153 1124 de
2168 1093 2250 1125 dietis
2262 1094 2339 1126 Bene
2360 1097 2410 1127 ciis

1343 1128 1395 1159 suis
1411 1128 1610 1173 Provenientia
1631 1129 1665 1159 &
1685 1128 1862 1160 Proventura
1873 1151 1886 1175 2
1912 1139 1962 1168 per
1979 1129 2006 1160 se
2019 1153 2030 1169 ‚
2055 1131 2101 1162 vel
2114 1130 2317 1165 Procuratores
2329 1134 2410 1173 suos,

1343 1167 1447 1205 absque
1474 1165 1687 1212 Impedimento
1711 1167 1757 1198 vel
1779 1168 1961 1206 impetitione
1981 1178 2162 1209 quacumque
2175 1194 2186 1210 ,
2231 1173 2356 1211 ercipere
2375 1174 2409 1205 δε

1343 1206 1448 1237 habere
1463 1207 1645 1245 permittatiS,
1663 1216 1696 1237 ac
1712 1206 1930 1245 Procuratores,
1948 1207 2118 1247 Firmarios,
2137 1209 2194 1241 five
2242 1220 2411 1249 ccupatores

1343 1246 1512 1276 eorumdem
1541 1245 1698 1276 Fructuum
1712 1268 1721 1283 ‚
1745 1245 1943 1277 Proventuum
1956 1271 1966 1284 ,
1990 1248 2025 1278 &
2046 1246 2321 1281 Emolumentorum
2340 1251 2409 1282 inde

1343 1293 1410 1322 erga
1426 1283 1495 1314 Nos
1510 1285 1653 1315 exonerari
1668 1284 1701 1315 ὃς
1717 1285 1826 1322 quietos
1841 1285 1899 1315 effe
1914 1285 2030 1317 faciatis.

1380 1322 1470 1354 Teste
1484 1323 1568 1362 Rege
1581 1323 1656 1362 apud
1668 1322 1979 1364 Westmonasterium,
1997 1324 2137 1357 vicesimo
2148 1325 2195 1356 die
2209 1325 2364 1357 Februarii.

2427 1061 2447 1081 ⁴*
2466 1063 2534 1094 νη.

2430 1111 2496 1141 2092

1346 1401 1466 1459 REX
1483 1400 1736 1441 Procuratoribus,
1754 1401 1913 1441 Firmanis,
1931 1401 1988 1433 sive
2000 1401 2234 1441 Occupatoribus
2248 1426 2259 1443 ,
2276 1403 2409 1435 Decana-
2427 1406 2491 1438 1bil.

1423 1439 1468 1471 tsis
1482 1440 1616 1472 Ecclesiae
1631 1439 1806 1471 Cathedralis
1821 1440 1952 1471 Eborum
1960 1464 1971 1480 ,
1988 1442 2022 1472 ὃς
2037 1441 2204 1473 Praebendae
2216 1442 2254 1474 de
2267 1442 2409 1476 Southca-

1341 1489 1379 1511 ve
1393 1479 1423 1509 in
1438 1479 1535 1510 eadem
1552 1479 1697 1519 Ecclesia,
1713 1479 1847 1511 Salutem.

1379 1517 1424 1549 Ex
1440 1526 1535 1557 parte,
1553 1517 1729 1550 Venerabilis
1740 1518 1846 1557 Patris,
1865 1518 2019 1548 Cardinalis
2035 1517 2219 1561 Albanenfis,

1378 1556 1661 1588 DecaniDecanatsis
1673 1557 1800 1596 praediffi
1806 1568 1857 1597 ,ac
1870 1557 2060 1588 Praebendarii
2073 1558 2218 1596 praedieiae
2225 1556 2406 1598 Praebendae,

1379 1596 1478 1627 Nobis
1496 1595 1537 1627 est
1550 1595 1695 1627 ostensum
1709 1619 1719 1635 ,
1743 1595 1802 1632 &a
1822 1598 1900 1637 usque
1920 1595 2111 1628 Restituentes
2125 1605 2157 1628 ut
2168 1596 2210 1628 est
2221 1596 2348 1638 justum,
2365 1598 2406 1634 &-

1341 1635 1506 1714 tmEtsticdee
1518 1673 1603 1718 vobis
1614 1673 1779 1718 mandamus
1793 1673 1874 1718 qubd
1889 1674 1982 1705 eidem
2002 1673 2145 1704 cardinali
2166 1673 2339 1715 Albanenfi,
2356 1675 2405 1707 vel

1341 1713 1579 1744 procuratoribus
1595 1714 1664 1751 suis,
1683 1713 1718 1743 de
1733 1713 1867 1743 omnibus
1880 1712 2052 1751 Fructubus,
2070 1712 2271 1744 Proventubus
2284 1738 2294 1752 ,
2313 1715 2348 1746 &
2364 1713 2406 1745 E-

1342 1752 1526 1783 molumentis
1561 1751 1598 1781 de
1609 1752 1691 1782 dictis
1703 1751 1850 1783 Beneficiis
1865 1751 1918 1782 suis
1930 1751 2167 1783 provenientibus
2187 1752 2222 1784 &
2243 1751 2405 1785 Proventu-

1340 1794 1393 1829 ris,
1410 1792 1520 1828 integre
1534 1774 1755 1828 hespondeatis,
1771 1799 1802 1821 ut
1816 1789 1939 1829 debetis,

1377 1829 1519 1860 Volumus
1534 1831 1613 1860 enim
1630 1840 1683 1860 vos
1698 1830 1766 1860 inde
1781 1838 1845 1868 erga
1857 1839 1911 1860 nos
1924 1830 2077 1860 exonerari.

1377 1868 1469 1900 Teste
1485 1868 1568 1908 Rege
1580 1868 1656 1906 apud
1669 1868 1959 1900 Westmonasterium
1968 1892 1978 1908 ,
1996 1867 2134 1899 vicesimo
2147 1865 2194 1898 die
2209 1866 2363 1899 Febniarii.

1343 1945 1460 2003 REX
1480 1945 1716 1978 procuratoribus
1729 1969 1739 1984 ,
1762 1944 1905 1977 Firmariis
1919 1969 1931 1990 ,
1953 1945 2010 1976 five
2023 1944 2110 1976 Occu
2146 1944 2404 1990 toribus-Praeben-
2423 1947 2488 1979 ibid.

1362 2024 1366 2028 Ι
1420 1985 1465 2016 dae
1479 1984 1515 2016 de
1530 1986 1634 2016 Sutton
1648 1986 1682 2017 &
1697 1984 1884 2025 Bukyngham
1897 2008 1907 2024 ,
1925 1994 1953 2014 in
1967 1984 2092 2015 Ecclesia
2135 1983 2267 2016 athedrali
2285 1983 2404 2015 Lincol-

1339 2024 1427 2108 ‘tl-eigs?
1434 2024 1724 2108 paff‘iigiteirlnenerabilis
1739 2062 1843 2108 Patris,
1861 2061 2017 2093 Cardinalis
2029 2060 2215 2104 Albane-affl,
2232 2060 2405 2094 Praebenda-

1339 2112 1372 2132 rii
1387 2102 1557 2134 Praebendae
1568 2102 1715 2141 praedictae
1724 2124 1734 2141 ,
1750 2103 1832 2133 nobis
1846 2101 1888 2132 est
1900 2101 2042 2133 ostensum
2051 2126 2061 2140 ,
2079 2099 2142 2135 &c-

1374 2178 1540 2211 Confirnilia
1554 2179 1652 2211 Brevia
1667 2178 1739 2211 fiunt
1751 2189 1806 2217 pro
1819 2177 1962 2209 cardinali
1977 2177 2178 2220 Medeolanenfi
2190 2202 2200 2216 ,
2218 2177 2404 2209 Archidiam-

1338 2231 1371 2249 no
1394 2218 1521 2290 Μ’(Ιεῖμ
1532 2244 1542 2258 ,
1567 2220 1601 2250 &
1618 2219 1821 2250 Praebendario
1841 2216 2008 2249 Praebendae
2027 2217 2064 2248 de
2078 2217 2279 2257 Yatemynstre
2298 2218 2329 2248 in
2345 2216 2403 2249 Ec-

1336 2258 1418 2298 clesia
1431 2258 1485 2290 Lat
1509 2258 1594 2289 edrali
1608 2258 1716 2290 Sarum.

1367 2397 1415 2428 De
1432 2395 1578 2437 Gallicis,
1604 2392 1648 2427 ad
1662 2395 1810 2427 Dominia
1833 2396 1921 2442 Regis
1939 2391 2155 2427 Invadendum
2169 2390 2363 2441 parantibus.

1336 2480 1469 2539 REX,
1487 2480 1594 2511 dilecto
1609 2481 1643 2512 &
1656 2479 1732 2511 fideli
1746 2479 1813 2517 suo,
1831 2478 1981 2510 Willielmo
1995 2478 2028 2509 de
2042 2482 2142 2510 Monte
2154 2480 2266 2517 Acrato,
2283 2477 2399 2509 Comiti
2418 2486 2495 2519 Anu,
2510 2486 2552 2518 D,

1406 2520 1507 2550 Sarum
1520 2542 1530 2558 ‚
1558 2518 1715 2558 Capitaneo
1735 2518 1820 2551 Villae
1835 2518 1940 2550 nostrae
1956 2517 2058 2550 Calesii
2071 2540 2082 2557 ,
2099 2519 2134 2550 &
2149 2518 2208 2556 ejus
2224 2517 2344 2549 Lomm
2357 2525 2399 2549 te·
2439 2535 2526 2567 1379·

1335 2558 1584 2635 ”essssiztisffffigff'
2418 2569 2471 2593 ²¹²²·
2487 2576 2514 2593 ²·

1375 2636 1457 2666 Cum
1478 2619 1592 2666 Inimic’i
1613 2633 1700 2665 nostri
1722 2634 1850 2665 Franciae
1864 2657 1874 2673 ,
1899 2633 1933 2664 &
1946 2632 2074 2671 aliunde,
2092 2631 2128 2664 ad
2140 2632 2227 2672 Nos,
2245 2632 2399 2673 Regnum,
2418 2609 2506 2671 2422,
2521 2642 2553 2670 ⁸:

1338 2675 1371 2706 ὃς
1395 2674 1534 2705 Dominia
1554 2673 1649 2705 nostra
1670 2673 1868 2704 Invadendum
1916 2673 1949 2704 ὃς
1968 2671 2115 2710 Populum
2133 2671 2266 2703 nostrum
2279 2682 2313 2703 ac
2327 2671 2399 2703 Lin-
2421 2677 2544 2710 R.2.m.'

1336 2723 1421 2754 guam
1437 2713 1622 2752 Anglicanam
1634 2712 1686 2743 suis
1700 2713 1806 2743 viribus
1820 2696 2054 2749 minuendum,
2071 2711 2098 2742 se
2112 2719 2229 2750 parent,

1376 2752 1526 2791 Qiodque
1560 2752 1631 2783 lutee
1645 2751 1731 2788 Ligei
1747 2749 1836 2781 nostri
1849 2751 1884 2781 ad
1900 2751 2008 2787 Arma,
2026 2749 2153 2788 Armati,
2171 2759 2205 2780 ac
2217 2749 2372 2788 Sagittarii,

1375 2792 1452 2822 Non
1467 2801 1525 2822 con
1538 2790 1643 2822 iderata
1656 2789 1815 2821 necessitate
1828 2789 1987 2829 hujusmodi
2001 2788 2186 2827 Hominum,
2206 2788 2404 2826 Armatorum,

1337 2830 1371 2860 &
1386 2831 1612 2869 Sagittariorum,
1630 2840 1684 2868 pro
1699 2828 1866 2860 Munitione
1878 2828 1990 2869 Regni,
2009 2827 2165 2867 Dominii,
2183 2827 2218 2858 δε
2232 2826 2336 2865 Populi
2348 2835 2403 2856 no—

1336 2868 1459 2899 strorum
1473 2869 1694 2907 praedie'torum,
2212 2890 2215 2893 -

1375 2908 1421 2937 Ad
1436 2917 1524 2945 partes
1538 2907 1715 2945 Forinsecas‚
1733 2906 1790 2938 aliis
1803 2906 1833 2935 in
1848 2904 1969 2936 Guerris
1983 2905 2037 2935 suis
2051 2903 2228 2940 deservituri,
2245 2902 2280 2932 ad
2294 2901 2401 2933 Villam

1338 2946 1504 2984 praedicttarn
1524 2946 1690 2977 accesserint
1709 2945 1846 2976 transituri
1859 2968 1870 2983 ,
1895 2946 1929 2976 ὃς
1951 2943 2040 2974 indies
2051 2941 2188 2973 accedere
2205 2940 2352 2973 intendant
2365 2949 2401 2972 ex

1338 2986 1392 3016 hac
1408 2986 1505 3025 causa,
1523 2994 1554 3016 ut
1568 2985 1746 3023 accepimus,

1374 3023 1520 3094 §gigntes
1539 3062 1648 3131 alitffluos
1670 3059 1806 3092 Subditos
1827 3060 1873 3090 seu
1888 3058 1998 3096 Ligeos
2018 3056 2130 3088 nostros
2137 3057 2300 3101 aliquibus,
2317 3066 2403 3095 quam

1338 3111 1393 3139 pro
1416 3102 1520 3141 guerris
1540 3111 1580 3131 no
1607 3102 1641 3131 ris
1657 3097 1858 3142 manutenet-id.
1874 3097 1908 3127 &
1925 3095 2065 3135 populum
2085 3096 2245 3140 regium&
2261 3095 2403 3140 Dominia

1339 3139 1434 3170 nostra
1457 3140 1590 3177 praedicsta
1612 3148 1679 3170 cum
1699 3138 1756 3179 Dei
1769 3137 1910 3176 adjutorio
1922 3134 2098 3179 defendenti,
2111 3145 2141 3164 in
2156 3134 2317 3178 hujusmodi
2332 3133 2403 3164 Par·

1339 3179 1413 3222 tibus
1431 3178 1587 3210 Forinsecis
1602 3201 1612 3216 ,
1635 3175 1793 3215 hujulmodi
1815 3174 1951 3206 Periculis
1970 3173 2170 3212 iminentibus,
2187 3172 2342 3212 aliqualiter
2353 3172 2405 3203 de-

1340 3217 1720 3338 Ῐῖξίὲἶέἓῖνὲῗιὲῖέἓὶἒέὃ
1727 3263 1833 3337 :imnes
1855 3253 1897 3321 &¹
1910 3251 2031 3335 singulos
2050 3249 2212 3334 hujusmodi
2231 3249 2404 3288 Homines,

1378 3334 1442 3378 Qii
1461 3334 1495 3364 ad
1520 3333 1623 3363 Villam
1647 3331 1812 3376 praedid‘cam
1826 3329 1995 3375 ⁸accesserint
2007 3353 2018 3373 ,
2043 3330 2084 3373 &⁸
2094 3326 2183 3375 indies
2196 3325 2351 3371 accedere,
2367 3325 2403 3357 δε

1341 3373 1443 3403 exinde
1457 3373 1495 3416 ad
1506 3381 1595 3416 partes
1609 3371 1632 3402 F
1633 3371 1784 3409 orinsecas‚
1798 3370 1855 3400 aliis
1870 3379 1900 3399 in
1912 3368 2032 3398 Guerris
2045 3368 2098 3398 suis
2111 3365 2277 3397 deserVitun
2285 3389 2296 3404 ,
2313 3365 2340 3396 se
2352 3374 2402 3403 pa-

1341 3416 1586 3519 ?Klisiatiimnldbis
1606 3448 1754 3488 specialem
1775 3446 1986 3478 Auctoritatem
2007 3444 2041 3476 &
2063 3441 2272 3475 Licentiamad
2284 3442 2342 3472 hoc
2354 3440 2404 3472 ha-

1367 3498 1476 3529 uerint,

1382 3527 1590 3566 Arestandum,
2020 3561 2025 3566 ·
2261 3557 2266 3563 ¹

1382 3567 1420 3598 Et
1443 3567 1515 3605 ipsos
1534 3566 1654 3604 Nobis,
1678 3565 1708 3594 in
1728 3563 1848 3594 Guerris
1865 3560 1968 3592 nostris
1987 3559 2094 3591 ibidem
2108 3581 2118 3598 ,
2141 3557 2179 3590 ad
2194 3556 2283 3590 Vadia
2295 3553 2406 3593 nostra,

1345 3606 1546 3636 rationabiliter
1560 3603 1708 3641 solvenda,
1725 3602 1910 3632 deservituros
1924 3600 1957 3636 (si
1975 3609 2027 3630 vos
2042 3607 2146 3629 eorum
2160 3595 2281 3637 Servitfo
2297 3592 2405 3637 ibidem

1345 3647 1463 3675 nomine
1482 3643 1583 3675 nostro
1603 3641 1787 3681 indigneritis)
1807 3650 1856 3677 per
1878 3638 2155 3676 Manucaptionem,
2174 3633 2221 3666 vel
2234 3632 2292 3663 allis
2303 3641 2355 3662 vus
2371 3632 2406 3663 &

1346 3683 1455 3721 modis,
1473 3682 1682 3713 rationabilibus
1694 3680 1728 3711 δε
1743 3678 1884 3716 honestis,
1904 3675 2166 3718 Compellenduni‚
2348 3710 2354 3715 .

1385 3721 1440 3760 Et,
1459 3722 1479 3752 si
1494 3721 1582 3752 taliter
1597 3720 1697 3750 Nobis
1714 3719 1822 3748 ibidem
1841 3716 1979 3747 deservire
1998 3714 2183 3745 recusaverint
2196 3709 2232 3740 &
2246 3708 2407 3753 noluerint,

1346 3761 1392 3792 vel
1413 3770 1466 3790 vos
1486 3769 1589 3791 eorum
1609 3758 1730 3789 Servitio
1750 3756 1857 3786 ibidem
1878 3755 2001 3784 nomine
2020 3751 2120 3795 nostro
2137 3757 2200 3792 ¹non
2214 3746 2408 3792 indigueritis,

1345 3809 1415 3830 tunc
1428 3798 1463 3829 ad
1475 3809 1543 3837 eos,
1560 3808 1628 3828 cum
1645 3797 1730 3835 Equis
1736 3819 1746 3834 ,
1766 3794 1884 3831 Rebus,
1901 3790 2092 3836 &uHernefiis
2104 3788 2174 3824 suiS,
2192 3789 2290 3817 coram
2304 3786 2408 3817 Nobis

1346 3839 1380 3869 ἃ
1395 3837 1532 3868 Concilio
1548 3836 1648 3866 nostro
1663 3837 1692 3866 in
1709 3833 1842 3873 Angliam
1856 3830 2091 3864 Remittendum‚
2122 3864 2127 3869 .
2152 3864 2157 3870 ¹
2386 3863 2393 3869 ι

1385 3876 1455 3906 Nos
1477 3877 1511 3907 &
1532 3874 1642 3905 dictum
1663 3874 1833 3904 Concilium
1852 3870 1982 3901 nostrum
1996 3867 2033 3897 de
2046 3864 2211 3908 nominibus
2224 3873 2346 3902 eorum,
2362 3862 2408 3893 di-

1348 3915 1451 3945 stinste
1466 3916 1501 3946 ὃς
1513 3915 1608 3951 aperte
1617 3935 1626 3951 ,
1642 3913 1692 3943 sub
1706 3911 1805 3948 Sigillo
1819 3909 1913 3940 vestro
1918 3929 1929 3950 ,
1946 3906 1981 3935 de
1995 3912 2127 3941 tempore
2144 3913 2174 3932 in
2188 3911 2299 3941 tempus
2311 3926 2322 3941 ,
2338 3909 2410 3933 cum

1347 3953 1534 3991 Transcripto
1547 3951 1706 3989 hujusmodi
1722 3950 1835 3985 Brevis,
1853 3942 2057 3989 certificando,
2093 3982 2098 3987 ι
2182 3981 2187 3987 .
2201 3981 2207 3987 ⁵
2319 3979 2325 3985 ι

1387 3991 1424 4022 Et
1439 3991 1505 4022 idee
1521 3991 1603 4021 vobis
1619 3989 1784 4020 mandamus
1798 3984 1878 4024 quod
1897 3991 1973 4013 circa
1993 3980 2140 4012 Praemissa
2160 3980 2305 4021 diligenter
2316 3985 2411 4010 interi·
2439 4006 2442 4013 ,

1347 4029 1417 4062 datis
1426 4053 1436 4069 2
1452 4031 1485 4062 ὃς
1500 4039 1533 4061 ea
1546 4029 1652 4061 faciatis
1665 4028 1700 4060 &
1714 4024 1846 4064 expleatis
1860 4021 1998 4054 iri-forma
2014 4020 2159 4060 praedicta.
2331 4061 2334 4065 ι
2349 4051 2412 4085 Da-
