2561 4251
19 207 111 277 {¹26¹}
141 228 253 272 'super
266 231 368 270 quibus
382 237 469 267 cum,
488 227 595 272 diiecto
612 227 646 258 se
662 227 750 258 Fiden
766 226 882 267 nostro,
902 228 1010 260 Nobili
1024 231 1104 269 viro,
1122 231 1202 261 wii.

17 271 48 317 ᾗ.
69 295 81 323 3
127 265 242 307 lielrno,
261 278 338 300 nunc
360 267 448 298 Duce
468 265 634 304 Jullacensl‚
654 274 753 306 utpote
773 267 810 297 ab
829 268 932 298 eodem
954 269 1100 308 quondam
1117 269 1201 301 Mar-

87 305 94 312 “
124 306 229 338 chione
248 307 357 337 causam
381 306 519 342 habente,
540 304 582 334 est
603 304 719 336 finaliter
742 304 981 345 concordatum,
1000 307 1089 338 taliter
1122 309 1200 347 uod,

125 354 180 381 pro
202 346 339 375 omnibus
360 343 522 382 hujusmodi
543 343 695 382 Arreragiis
717 344 814 375 &aliis
845 345 1075 384 quibuscumque
1139 348 1200 378 ebi—

125 383 159 413 tis
174 407 183 422 ,
206 393 270 422 quae
290 382 365 413 idem
397 382 544 419 quondam
568 380 705 412 Marchio
732 383 897 419 Juliacensis
909 407 920 422 ,
943 392 990 415 aut
1009 386 1099 423 quivis
1113 387 1199 423 alius,

133 423 215 455 causa
224 422 280 459 sui,
297 432 312 452 a
325 421 423 452 Nobis
436 421 480 451 vel
494 420 665 451 Haeredibus
679 420 779 451 nostris
792 423 902 461 exigere
916 422 963 453 seu
982 423 1130 455 vendicare
1146 435 1200 461 po-

132 462 194 493 terit
215 460 315 498 quovis
330 459 437 497 modo,
456 459 551 489 eidem
564 458 743 502 WillielmO,
761 470 838 490 nunc
851 460 1092 499 DuciJuliacensi
1105 485 1114 500 ,
1130 462 1201 492 No-

131 497 305 569 {siem-gnua
320 497 487 529 Marcarum
502 497 713 534 sterlingorum
728 498 835 530 solvere
848 499 986 530 debemus
998 500 1031 531 &
1047 500 1201 532 satisfacere

154 549 169 569 e
183 547 210 567 ei
241 546 288 567 em

170 559 368 606 Promittimus
389 584 418 605 er
438 585 475 613 ο,
498 572 684 611 bonafide,
708 583 761 611 pro
778 574 879 606 Nobis
904 577 938 608 &
960 575 1132 609 Haeredibus
1149 588 1202 608 no-

137 613 215 651 stris,
232 614 338 644 solvere
357 624 416 652 prae
429 622 475 644 ato
493 612 657 642 Willielmo
680 611 778 650 Duci‚
799 615 855 651 ejus
875 613 1062 654 Haeredibus‚
1085 625 1132 647 aut
1150 626 1201 646 eo-

135 662 200 683 rum
208 661 289 682 certo
298 652 467 689 Attornato,
487 650 598 689 singulis
613 650 703 681 Annis
716 651 750 681 ad
764 651 946 684 scaccarium
955 654 1100 692 nostrum,
1118 654 1203 684 Mille

134 691 252 721 Marcas
268 691 472 731 Sterlingorum
487 712 497 728 ,
509 689 553 720 'ad
572 688 653 720 Festa
671 688 786 720 Paschae
801 692 835 722 &
853 691 950 722 Saneti
969 692 1135 729 Michaelis,
1153 701 1202 729 per

136 729 258 766 aequales
278 729 444 766 Portiones,
460 728 603 767 quousque
620 727 717 763 ,eidem
741 728 901 760 Willielmo
915 730 1015 768 Duci‚
1029 739 1075 761 aut
1090 730 1203 760 causam

138 768 174 799 ab
193 778 229 798 eo
247 767 412 798 habentibus
419 790 429 806 ,
451 766 488 797 de
508 765 627 797 Summa
648 768 754 807 integra
776 767 917 798 dietarum
938 767 1064 800 Novem
1082 767 1201 799 Milium

137 805 305 836 Marcamm
318 805 522 845 Sterlingorum
540 806 624 836 fuerit
637 805 752 843 integre*
761 805 940 839 satisfactum.

175 845 214 875 Et
228 866 239 882 ,
265 844 284 874 fi
316 844 352 875 de
375 843 499 874 Summa
521 843 706 882 hujusmodi,
735 843 791 888 sic,
814 843 1030 882 ut.praefertur‚
1047 843 1205 875 Annuatim

137 882 288 920 solvenda,
305 883 336 914 in
355 883 436 913 Parte
455 883 500 913 vel
523 883 553 912 in
572 881 672 919 Toto,
692 881 758 911 alibi
782 882 999 914 convenientius
1022 883 1055 913 &
1070 892 1206 913 commo-

138 920 201 951 dius
222 921 348 952 eundem
370 921 490 952 Ducem
509 920 640 959 assignare
663 920 820 956 poterimus
838 921 868 950 in
885 919 1027 959 futurum,
1046 920 1115 951 Nos
1131 920 1207 950 Affi-

138 960 305 999 gnationern
325 954 511 999 hujusmodi,
525 958 545 988 si
566 957 722 990 commode
744 958 803 988 fieri
819 960 938 1000 poterit,
960 959 1108 992 liberaliter
1120 958 1207 990 facie-

141 1008 213 1029 mUS.

215 1036 248 1067 In
264 1038 344 1067 cu'us
351 1060 360 1075 ,
376 1038 437 1069 &c.

179 1074 248 1106 Dat.
266 1076 294 1105 su
335 1074 435 1114 Magni
450 1074 537 1112 Sigilli
554 1072 644 1104 nostri
661 1073 847 1105 Testimonio
861 1098 870 1113 ,
895 1074 969 1113 apud
992 1073 1133 1107 Palatium
1154 1084 1208 1105 no-

143 1114 232 1146 strum
252 1112 515 1152 westmonasterii,
534 1113 651 1144 decimo
670 1113 754 1144 tertio
771 1113 817 1144 die
831 1114 920 1154 Junii.

832 1193 886 1221 Per
902 1191 986 1231 ipsum
998 1193 1105 1229 Regem.

372 1315 400 1341 *ἓ
420 1292 468 1348 De
489 1317 641 1361 Homagio
652 1317 762 1354 ,Ducis
785 1313 981 1361 Juliacensis.

8 1329 17 1345 ¹
41 1326 91 1352 VI.

0 1374 134 1436 15301171113·
147 1402 328 1466 NOUS
354 1401 486 1432 William
501 1424 511 1439 ,
531 1409 579 1440 par
605 1400 630 1431 la
652 1399 749 1444 Gracc
773 1400 809 1431 de
831 1400 908 1432 Dieu
949 1400 1020 1446 Duc
1045 1401 1082 1432 de
1101 1400 1211 1445 Julers,

2 1461 5 1470 i
24 1440 107 1480 1366-
242 1441 341 1473 Conte
351 1441 387 1471 de
402 1440 616 1477 Fauquemont,
634 1440 668 1470 ὃς
683 1439 817 1478 Seigneur
832 1439 868 1469 de
884 1424 1143 1478 Nionymestavorr
1159 1441 1211 1469 fai-

7 1486 52 1510 dn.
66 1489 113 1515 40·
145 1484 209 1514 sons
224 1491 239 1511 a
253 1489 340 1518 touz,
358 1479 466 1517 presens
477 1479 510 1509 ὅτ.
525 1488 540 1508 a
554 1479 633 1507 venir
643 1501 652 1514 ,
664 1488 720 1515 que
732 1477 862 1515 nous,de
877 1477 973 1508 nostre
986 1479 1108 1509 certaine
1122 1478 1211 1508 scien-

6 1525 32 1548 Ε.
57 1528 82 1555 3·
147 1531 181 1553 ce
196 1522 229 1552 &
242 1519 357 1549 franche
371 1517 501 1553 volente,
518 1525 607 1546 avons
622 1515 669 1546 fait
682 1515 818 1554 Homage
836 1516 907 1555 Lige
920 1526 951 1554 a,
965 1516 1114 1547 Excellent
1129 1515 1212 1546 Prin-

5 1564 41 1592 Εκ,
56 1556 127 1591 orig.
147 1570 198 1598 ce,
216 1557 311 1589 nostre
331 1556 460 1586 treschier
478 1555 614 1591 Seigneur
629 1554 662 1584 &
681 1552 807 1591 Coufin,
828 1553 958 1585 Monsire
972 1554 1106 1593 Edwart,·
1122 1565 1170 1593 par
1187 1555 1211 1584 la

6 1602 71 1626 Penes
82 1598 134 1621 Cu·
145 1607 227 1638 grace
247 1595 283 1626 de
302 1595 394 1632 Dieu,
413 1592 483 1630 Roy
503 1591 713 1630 d’Engleterre,
731 1592 776 1623 Sei
798 1603 866 1623 neur
887 1593 1024 1624 d’Irlande
1044 1594 1076 1624 &
1090 1593 1212 1632 d'Aqui-

5 1645 62 1663 mer.
146 1639 257 1676 migne,
274 1635 307 1665 &
325 1633 381 1663 Lui
393 1641 482 1662 avons
496 1631 544 1661 fait
557 1630 704 1662 Serement
718 1630 754 1661 de
793 1631 869 1662 ealte.

184 1676 221 1706 Et
233 1674 433 1707 Promettons,
451 1679 500 1708 par
512 1669 605 1700 nostre
620 1668 696 1708 Foy,
715 1669 877 1708 Serement,
893 1671 927 1702 &
940 1669 1068 1702 Honour
1081 1670 1117 1701 de
1130 1669 1210 1701 Che-

147 1713 266 1749 valerie,
283 1721 338 1750 que
355 1709 443 1740 Nous
464 1719 478 1738 a
500 1708 554 1738 Lui
569 1708 601 1739 &
617 1707 662 1737 sez
676 1707 779 1746 Horis,
797 1708 880 1747 Roys
893 1708 1101 1748 d'Engleterre,
1117 1709 1211 1740 Servi-

148 1763 230 1788 rons,
247 1751 282 1780 de
303 1749 365 1779 Pais
386 1750 420 1780 &
432 1747 471 1777 de
484 1747 729 1784 Guerre,=envers
746 1755 807 1777 tous
822 1747 993 1785 Hommez,
1010 1748 1045 1778 de
1061 1756 1123 1778 tout
1142 1758 1210 1778 nos—

148 1802 191 1824 tre
211 1790 318 1826 Pooir,
336 1788 370 1818 &
388 1797 404 1817 a
422 1795 493 1816 touz
515 1786 559 1816 lez
582 1785 643 1815 foiz
656 1795 711 1824 que
725 1794 803 1816 nouz
817 1787 910 1817 serons
920 1786 962 1817 sur
976 1797 1011 1818 ce
1025 1787 1061 1818 de
1076 1787 1135 1817 leur
1150 1795 1211 1826 part

148 1827 320 1868 requisssur
334 1827 405 1856 leurs
416 1824 508 1862 Frais,
524 1824 652 1862 Despens
665 1824 699 1854 &
714 1823 872 1864 Damagez.

184 1868 227 1898 En
242 1865 452 1903 Tesmoignage
465 1863 512 1893 des
526 1864 609 1901 quelz
622 1862 721 1894 choses
729 1863 817 1894 Nous
827 1873 916 1894 avons
930 1864 981 1894 fait
995 1872 1097 1894 mettre
1112 1862 1210 1894 nostre

149 1907 214 1939 Seel
226 1917 242 1936 a
255 1912 309 1936 ces·
317 1902 461 1934 Presentes
472 1901 591 1932 Lettres.

190 1946 299 1976 Donne
317 1952 333 1973 a
354 1940 498 1977 Londres,
521 1940 546 1982 le
565 1948 597 1979 ις
615 1942 681 1981 jour
695 1940 731 1973 de
753 1940 867 1982 Jungn,
881 1940 950 1972 l'An
971 1940 1006 1972 de
1020 1939 1115 1973 Grace
1137 1939 1212 1979 Mil,

151 1984 304 2017 Troiscens
312 2004 322 2020 ,
333 1978 373 2012 ’δε
387 1979 511 2012 Soisante
526 1980 572 2011 lix.

236 2057 314 2090 Dor.
374 2070 376 2073 ·

188 2136 360 2171 Irrotulatur
381 2142 410 2168 in
430 2137 504 2177 dorsb
525 2136 615 2177 Claus.v
632 2137 808 2169 Cancellariae
828 2140 907 2177 Regis
929 2138 966 2169 E.
987 2139 1098 2177 Tertii,
1119 2136 1215 2178 inens&

151 2178 253 2218 Junii,
271 2180 359 2208 Anno
371 2180 456 2215 Regni
464 2177 509 2216 fici
522 2176 745 2216 <Qcaa'mgefimo.

196 2304 291 2348 Super
318 2298 564 2334 conventionibus
591 2312 660 2334 cum
679 2311 771 2348 nuper
789 2299 970 2335 Marchione
987 2302 1166 2349 Juliacensz.

7 2391 85 2423 Ἀηῃ.
101 2386 376 2445 D.WIllielmus,
401 2387 459 2418 Dei
482 2386 588 2428 gratia,
615 2386 685 2417 Dux
706 2387 885 2426 Juliacenfis‚
903 2386 1014 2419 Comes
1031 2387 1212 2419 Valkenbur—

22 2429 120 2469 1366-
235 2426 339 2465 gensis,
358 2429 391 2459 &
404 2426 551 2457 Dominus
565 2424 771 2466 inMonyoie,
788 2425 935 2457 Universis
950 2428 983 2458 ὃς
999 2427 1124 2467 singulis,
1140 2436 1213 2466 prae-

11 2473 61 2496 An.
77 2479 125 2506 40·
150 2464 238 2495 sentes
253 2465 369 2495 Litteras
382 2465 563 2503 inspedfflris,
581 2464 715 2496 Salutem.

10 2511 38 2535 Ε.
60 2517 86 2545 3.
187 2503 285 2541 Crim,
299 2502 495 2534 Illustriffimus
517 2503 664 2541 Princeps,
682 2503 828 2534 Dominus
848 2502 1018 2542 Edwardus,
1037 2503 1096 2534 Dei
1108 2503 1213 2543 gratia,

14 2549 52 2572 Ex
66 2547 137 2582 orig,
147 2543 214 2574 Rex
238 2542 369 2581 Angli-ae,
385 2541 533 2572 Dominus
551 2541 703 2572 Hiberniae
723 2543 757 2573 &
772 2542 948 2582 Aquitaniae,
967 2542 1131 2573 Cariffimus
1147 2542 1214 2572 Do-

148 2582 241 2612 minus
258 2581 290 2611 &
312 2580 541 2620 Consanguineus
561 2579 673 2619 noster,
692 2590 724 2611 ac
738 2580 868 2612 nonnulli
882 2581 926 2610 alii
940 2581 1051 2612 Praelati
1065 2583 1098 2613 δε
1114 2580 1147 2611 N
1150 2582 1214 2610 obi-

144 2621 182 2651 les
195 2619 292 2658 Regni
305 2620 343 2649 sui
357 2619 486 2658 fuissent,
504 2629 553 2657 per
566 2629 667 2650 eorum
680 2618 810 2650 Patentes
826 2620 961 2658 Litteras,
979 2620 1107 2659 Obligati
1123 2619 1210 2650 Incli-

144 2669 177 2690 to
196 2657 330 2688 Domino
343 2658 375 2689 &
393 2658 467 2689 Patri
478 2658 593 2695 nostro,
611 2657 697 2688 bonae
712 2659 880 2695 memoriae,
898 2658 1044 2697 quondam
1061 2657 1212 2690 Mareliio·

142 2699 174 2729 ni
188 2696 349 2735 juliacensi,
366 2698 399 2727 &
412 2697 462 2727 suis
477 2696 665 2735 Haeredibus,
684 2697 713 2726 in
729 2696 842 2727 diversis
856 2697 1048 2728 Pecuniarum
1064 2697 1207 2734 Summis,

144 2735 297 2767 annualiter
317 2735 520 2772 persolvendis,
538 2736 571 2766 &
585 2734 727 2766 nonnullis
742 2735 799 2765 aliis
814 2735 924 2774 Paetis,
942 2735 1214 2772 Conventionibus,

149 2776 184 2806 ὃς
192 2773 413 2804 Conditionibus
422 2773 541 2810 ,eisdem
554 2773 733 2804 observandis
747 2775 780 2804 δε
790 2773 911 2813 legaliter
923 2774 1125 2812 adimplendis,
1134 2781 1218 2812 prout

146 2814 175 2843 in
190 2811 330 2850 ipsorum,
348 2812 428 2849 super
446 2811 504 2842 hoc
521 2811 682 2849 confectis,
699 2812 811 2842 Litteris
824 2813 933 2850 plenius
949 2813 1129 2849 continetur,

190 2851 252 2890 Qi
272 2850 388 2890 quidem
412 2849 555 2880 Dominus
569 2871 579 2887 ,
603 2849 686 2880 Pater
705 2849 800 2879 noster
812 2872 822 2887 ,
840 2850 899 2889 ipso
919 2850 1060 2887 superstite
1074 2872 1084 2888 ,
1100 2849 1219 2881 diversas

146 2889 335 2920 Pecuniarum
356 2888 493 2927 summas,
512 2888 662 2918 occasione
681 2887 903 2925 Obligationum
916 2888 1094 2927 hujusmodi,
1114 2899 1130 2919 a
1146 2898 1217 2927 prae-

145 2928 203 2960 fato
225 2926 362 2957 Domino
382 2926 482 2957 nostro
504 2925 588 2962 Rege
609 2925 708 2957 habuit
728 2927 762 2957 &
779 2927 902 2965 recepit,
920 2927 953 2958 ὃς
968 2927 1103 2958 nonnulla
1115 2938 1150 2958 ex
1165 2927 1217 2958 Pa-

147 2967 220 3006 etis,
239 2965 477 3004 Conditionibus,
494 2965 527 2996 ὃς
541 2964 791 2996 Conventionibus
806 2965 970 3004 hujusmodi
986 2967 1099 2997 fuerunt
1113 2966 1163 2997 fibi
1178 2967 1218 2997 le-

154 3005 251 3044 galiter
267 3004 424 3042 adimpleta.

189 3043 350 3074 Nonnullae
379 3045 449 3075 vero
468 3044 653 3081 pecuniarum
674 3042 804 3074 Summae
823 3042 917 3074 adhuc
938 3043 1039 3074 restant
1057 3043 1218 3084 solvendae,

152 3083 188 3115 &
211 3091 245 3112 ex
267 3081 692 3122 Conventionibus,Pa<5tis,&
708 3081 930 3113 Conditionibus
948 3083 1107 3121 hujusmodi
1127 3083 1220 3122 aliqua

152 3130 297 3151 remanent
312 3121 508 3160 adimplenda,

193 3158 232 3189 Su
253 3169 284 3188 ei·
310 3160 411 3197 quibus
436 3160 572 3191 omnibus
598 3160 632 3191 &
657 3159 768 3198 singulis
787 3159 902 3191 Debitis
915 3183 926 3198 ,
950 3160 1219 3200 conventionibus,

155 3196 226 3227 Con
247 3198 395 3235 itionibus,
410 3198 443 3227 &
466 3197 559 3229 Paetis
574 3198 737 3238 praemiffis,
754 3208 824 3229 curn
858 3199 957 3229 raefato
973 3198 1106 3231 Domino
1120 3201 1220 3231 nostro

155 3236 238 3274 Rege
256 3235 291 3266 ad
314 3236 425 3274 plenam
441 3234 605 3267 devenimus
623 3236 821 3268 Concordiam
833 3209 867 3270 gc
879 3238 1011 3277 finalem,

196 3273 265 3304 Nos
289 3274 297 3303 i
319 3275 387 3311 itur,
403 3273 575 3305 Willielmus
598 3274 667 3305 Dux
684 3275 832 3314 praefatus,
850 3276 977 3316 praediffi
988 3277 1136 3316 quondam
1152 3277 1220 3308 Do-

159 3313 230 3343 mini
253 3323 293 3342 no
321 3314 344 3343 ri
363 3312 540 3343 Marchionis
556 3312 717 3351 Juliacensis
738 3314 823 3345 Filius
838 3337 847 3352 ,
865 3315 965 3345 Haeres
986 3317 1144 3347 universalis
1159 3340 1168 3356 ,
1187 3319 1221 3348 &

157 3350 310 3381 Succeffor
327 3351 482 3390 legitimus,
500 3360 600 3381 omnes
619 3352 652 3382 &
672 3352 786 3390 singulas
806 3352 1026 3392 obligationum
1046 3355 1164 3386 Litteras
1178 3356 1222 3386 su-

159 3388 297 3427 pradidkas
311 3411 322 3428 ,
348 3399 397 3429 per
414 3390 561 3429 praefiatum
582 3389 750 3420 Dominum
773 3390 901 3421 nostrum
920 3392 1035 3432 Regem
1050 3416 1060 3432 ,
1084 3395 1118 3425 ὃς
1138 3394 1223 3432 quos-

159 3436 289 3465 cumque
307 3427 374 3458 alios
393 3427 476 3459 causa
496 3428 552 3467 sui,
570 3428 687 3466 praefato
708 3428 842 3459 Domino
862 3429 937 3460 Patri
958 3430 1074 3470 nostro,
1090 3432 1140 3462 sub
1155 3443 1222 3471 qua-

160 3475 286 3504 cumque
300 3466 394 3498 forma
405 3467 450 3498 vel
463 3466 635 3507 expreffione
649 3467 819 3506 verborum,
836 3469 981 3499 retroactis
995 3472 1170 3510 temporibus
1183 3471 1222 3502 fa-

160 3505 237 3542 etas,
255 3504 292 3535 de
306 3503 402 3535 nostra
414 3513 489 3535 certa
501 3505 632 3544 scientia,
652 3515 728 3536 mera
742 3507 775 3538 &
788 3506 938 3544 spontanea
952 3508 1111 3546 voluntate,
1129 3510 1222 3539 eidem

164 3542 300 3573 Domino
314 3542 412 3573 nostro
427 3542 520 3582 Regi,
539 3554 567 3573 re
581 3544 614 3575 &
630 3544 738 3582 verbo,
753 3546 786 3576 &
803 3553 886 3582 prout
899 3546 993 3577 utilius
1006 3547 1039 3578 &
1055 3548 1153 3577 melius
1165 3547 1224 3578 fieri

163 3582 282 3620 poterit,
297 3591 408 3612 exnunc
421 3580 603 3612 effeetualiter
618 3581 806 3614 Restituimus
820 3584 853 3615 &
868 3585 953 3614 etiam
968 3584 1152 3624 Liberamus,
1170 3587 1224 3617 eas-

159 3630 218 3657 que
240 3629 341 3651 omnes
361 3620 395 3651 &
419 3619 552 3663 singulaS,
569 3621 603 3650 &
621 3620 700 3658 alias,
716 3622 734 3651 si
758 3632 823 3660 quae
840 3624 1015 3662 apparuerint
1036 3624 1065 3652 in
1081 3624 1226 3663 futurum,

162 3656 377 3697 Dampnamus,
397 3657 560 3696 Cassamus,
578 3659 611 3688 ὃς
632 3659 660 3688 in
681 3659 796 3697 Judicio
817 3661 851 3692 &
871 3670 946 3692 eXtra
966 3661 1104 3700 judicium
1126 3663 1227 3694 nullius

161 3697 218 3729 esse
233 3697 364 3729 volumus
377 3696 570 3735 imposterum
585 3696 711 3727 Roboris
723 3706 769 3728 aut
785 3697 904 3730 Valoris.

200 3735 237 3766 Et
255 3735 364 3774 insuper
379 3736 524 3773 praefatum
540 3733 706 3764 Dominum
717 3735 846 3765 nostrum
866 3738 995 3777 Regem,
1012 3739 1070 3776 ejus
1082 3738 1230 3778 Haeredes,

165 3771 355 3812 Executores,
370 3775 404 3804 &
418 3773 550 3804 Posteros
562 3773 701 3813 quoscum
722 3783 775 3812 ue,
792 3774 961 3813 Quitarnus‚
980 3777 1175 3816 Absolvimus,
1194 3779 1228 3808 ὃς
1255 3802 1259 3805 .

164 3815 304 3850 perpetuo
324 3813 507 3851 LiberamuS,
523 3822 576 3852 pro
585 3811 702 3849 Nobis,
750 3812 887 3844 aeredibus
900 3815 933 3843 ὃς
948 3815 1161 3846 Succefforibus
1175 3827 1231 3847 no-

167 3848 295 3892 striste
314 3852 447 3881 omnibus
462 3850 621 3888 &singulis
634 3850 881 3890 obligationibus,
901 3851 1155 3893 Promiffionibus,
1175 3855 1231 3885 Sti-

171 3887 374 3928 palationibus,
392 3890 486 3920 eidem
502 3889 646 3928 quondam
662 3888 796 3919 Domino
810 3888 886 3921 Patri
901 3890 1017 3930 nostro,
1031 3901 1077 3922 aut
1090 3894 1147 3931 ejus
1159 3893 1231 3924 Hae-

171 3924 301 3963 redibus,
319 3936 368 3965 per
387 3929 536 3966 praefatum
558 3928 724 3959 Dominum
745 3927 875 3959 nostrum
889 3929 1018 3969 Regem,
1035 3939 1082 3961 aut
1097 3932 1233 3970 quascun-

170 3974 228 4003 que
242 3962 374 3994 Personas
385 3966 448 3997 alias
458 3967 541 3998 causa
553 3967 592 3998 sui
606 3976 731 4004 unquam
746 3966 841 4003 fastis,

207 4001 341 4032 Necnon
359 4003 395 4034 de
416 4006 548 4036 omnibus
566 4006 599 4036 &
614 4005 727 4044 singulis
739 4005 943 4043 Petitionibus‚
963 4005 1235 4049 Vendicationibus,

173 4040 365 4111 Αᾶῖὶἕὲίὸῗῗι,
391 4042 423 4110 {c
441 4042 599 4111 Bemaudis
640 4044 757 4076 realibus
771 4066 780 4083 ,
799 4045 1005 4083 personalibus,
1023 4055 1107 4085 atque
1126 4050 1236 4086 mixtis,

677 142 812 182 ET·
874 143 1136 186 ACTA
1221 145 1719 196 PUBLICA.

2237 172 2311 214 113

1241 241 1305 276 quae
1319 234 1417 276 Nobis
1431 236 1462 266 ὅ(
1479 236 1648 268 Haeredibus
1662 239 1780 278 nostris,
1797 242 1946 274 occasione
1957 243 2184 284 praemifforum,
2197 255 2244 276 aut
2259 246 2307 277 ali·
2326 243 2401 273 Am]-
2416 243 2454 273 ἶ)ψ

1242 281 1320 307 cujus
1334 273 1474 316 ipsorum,
1494 285 1674 315 competere,
1695 287 1826 314 poterunt
1842 284 1942 319 quovis
1959 284 2063 321 modo,
2352 283 2438 320 13⁶⁶-

1278 311 1297 329 ⁴*
1309 309 1347 340 Et
1363 311 1465 354 eisdem
1479 322 1592 344 exnunc
1606 314 1820 347 Renunciamus
1835 321 1947 356 penitus
1962 322 1995 350 ὅ(
2011 322 2152 360 omnino,
2324 319 2392 348 ΕΜ·
2415 331 2440 356 3·

1261 347 1496 392 'promit-tentes,
1516 353 1592 396 bona
1614 353 1685 391 fide,
1703 365 1756 392 pro
1778 356 1876 387 Nobis
1895 359 1927 388 ὃς
1945 359 2116 390 Haeredibus
2130 359 2232 391 nostris
2246 360 2307 392 Re·
2364 364 2375 374 ⁶
2387 361 2437 386 Vl.

1239 395 1282 424 gi,
1301 395 1347 416 aut
1368 397 1426 424 ejus
1445 387 1635 435 Haeredibus,
1653 392 1774 435 aliquam
1787 396 1967 426 occafionem
1984 399 2077 428 facere
2093 408 2147 429 nec
2162 400 2245 429 etiam
2261 401 2306 430 in·
2324 397 2389 433 503·

1241 433 1363 462 tentare,
1379 434 1424 456 aut
1443 427 1557 457 eosdem
1572 439 1600 459 in
1614 431 1731 468 Judicio
1746 441 1793 463 aut
1807 443 1880 465 extra
1890 434 2038 473 Judicium
2051 438 2225 476 convenire,
2244 449 2310 469 mo-

1242 462 1355 507 lestare,
1372 472 1501 504 gravare,
1520 469 1725 511 neeimpetere
1739 473 1840 510 quovis
1854 474 1944 503 modo
1957 484 1964 503 ε

1279 501 1366 531 Salvis
1386 510 1481 547 tamen
1501 504 1596 535 Nobis
1616 507 1650 536 &
1670 507 1841 541 Haeredibus
1862 511 1964 542 nostris
1984 513 2064 542 certis
2079 513 2309 553 Obligationibus

1242 541 1276 586 ξς
1296 540 1533 583 promissionibus
1554 543 1589 573 de
1603 543 1688 575 Mille
1704 545 1811 578 Marcis
1826 548 1954 589 Annuis,
1973 560 2026 589 pro
2042 549 2143 581 Homa
2165 554 2192 583 io
2206 553 2311 592 Ligio,

1243 579 1304 608 bibi
1324 588 1380 623 per¹
1392 578 1457 609 Nos
1471 579 1577 623 .f²²&⁰³
1597 592 1630 612 ac
1651 585 1735 613 etiam
1759 586 1795 616 de
1817 586 1939 618 Novem
1965 588 2096 620 Millibus
2151 593 2238 628 arcis,
2278 603 2311 622 ro

1243 616 1393 655 Arreragiis
1406 627 1455 661 per
1469 618 1560 655 ipsum
1575 621 1720 658 quondam
1734 621 1869 655 Domino
1883 627 1958 658 Patri
1971 628 2068 657 nostro
2082 629 2184 659 debitis
2200 640 2205 658 :
2264 641 2312 661 ec—

1243 664 1302 683 non
1326 655 1361 699 de
1383 655 1467 685 Mille
1490 658 1524 687 ὃ(
1545 657 1763 702 Qiadringentis
1785 663 1876 693 Libris
1899 664 2101 704 Sterlingorum
2116 667 2224 698 Annuis
2278 680 2311 700 ro

1243 691 1413 723 Redditibus
1425 695 1470 737 ¹&
1493 694 1630 727 Proficuis
1651 698 1806 730 Terrarum
1825 701 1861 730 de
1881 702 1981 734 Virson
1996 706 2029 736 δε
2045 704 2080 735 de
2094 705 2188 746 Lury,
2206 679 2311 738 &Re-

1246 739 1313 774 gno,
1330 731 1456 776 Franciae
1475 733 1708 777 corilistentibus,
1723 737 1774 767 sub
1797 748 1871 769 certa
1894 740 2000 779 forma,
2020 753 2098 773 nunc
2117 744 2212 783 tarde,
2232 746 2315 775 Lon-

1245 766 1341 798 doniae
1359 771 1443 813 nobis
1462 772 1541 802 fac‘tis
1558 774 1591 803 &
1613 774 1770 814 conceffiS3
1793 787 1910 816 quarum
1933 781 2025 817 vigori
2045 791 2089 813 aut
2111 782 2228 814 effeEtui
2251 794 2312 814 non

1246 806 1479 852 Renunciamus,
1497 820 1588 848 neque
1610 811 1788 855 Renunciare
1809 816 1942 846 volumus
1963 821 2063 856 quovis
2085 821 2190 860 niodo,
2209 822 2254 852 sed
2273 824 2312 853 eis

1248 854 1292 876 uti
1306 847 1341 889 βε
1355 855 1444 890 7ιιπιιιῑι
1456 870 1466 885 ,
1491 856 1576 887 prout
1596 850 1679 894 nobis
1701 852 1844 884 videbitur
1864 856 1993 892 expedire
2009 880 2018 895 ,
2044 859 2189 895 praemiffis
2212 860 2315 892 nostris

1250 884 1479 928 Qitationibus,
1498 886 1747 929 Absolunonibus,
1765 892 1798 922 ὃς
1813 892 2106 935 Renunciationibus,
2125 907 2185 927 non
2198 898 2314 930 obstan-

1250 923 1325 952 tibus
1335 924 1567 964 quibuscumque.

1288 960 1418 999 Datum,
1434 963 1484 993 sub
1499 963 1586 994 nostri
1603 964 1690 1004 Sigilli
1706 967 1910 1008 Testimonio,
1931 971 2066 1003 London.
2082 974 2198 1004 decimo
2211 976 2314 1013 quinto

1248 1000 1305 1078 (ἑξ-1
1306 1000 1538 1070 11itigeg‘si'sssgunii,
1554 1003 1642 1034 Anno
1656 1004 1780 1038 Domini
1795 1006 1964 1048 Millelimo,
1982 1011 2215 1050 Trecenteiimo,
2231 1013 2315 1044 Sexa-

1288 1116 1366 1148 Dor.

1289 1195 1461 1241 Irrotulatur
1480 1202 1510 1228 in
1530 1196 1618 1245 Dprsb
1639 1199 1727 1239 Claus.
1748 1202 1925 1234 Cancellariae
1946 1206 2025 1243 Regis
2038 1208 2064 1235 Ε
2076 1229 2082 1236 .
2095 1208 2200 1246 Tertii,
2220 1205 2313 1246 Mense

1252 1232 1358 1272 Junn,
1376 1238 1462 1266 Anno
1476 1238 1615 1277 Regmfia'
1627 1239 1848 1281 Qadragefimo.
1865 1255 1900 1274 m.
1921 1253 1966 1274 12-

1469 1365 1520 1396 De
1546 1367 1722 1399 Coronatore
1744 1371 1776 1399 in
1798 1371 1897 1401 Scotia
1927 1367 2096 1412 Constituto.

1253 1444 1543 1500 REX'Qun‘iverfis
1555 1450 1588 1480 δε
1605 1450 1715 1495 fiiigulis
1729 1452 1972 1492 vicecomitibus,
1994 1454 2167 1495 Maioribus,
2186 1457 2313 1496 Ballivis,
2330 1457 2406 1488 Ann.
2424 1458 2466 1489 D.

1328 1485 1486 1529 Ministris,
1506 1488 1538 1517 &
1553 1489 1609 1518 aliis
1624 1489 1765 1521 Fidelibus
1779 1492 1846 1529 suis,
1864 1493 1897 1522 ad
1912 1503 1997 1531 quOS,
2015 1494 2074 1524 &c
2090 1495 2225 1526 Salutem.
2357 1498 2444 1535 1366.

1281 1522 1391 1568 ‘Sciatis
1410 1525 1492 1569 quod
1514 1525 1600 1563 Nos,
1619 1527 1654 1558 de
1671 1528 1801 1560 fidelitate
1815 1531 1847 1560 δε
1862 1531 2115 1569 εἰτωπιῷεᾶίοηε
2126 1556 2134 1571 ,
2153 1535 2246 1565 dilefti
2260 1545 2314 1565 no—
2329 1540 2380 1564 An.
2400 1547 2449 1571 40.

1257 1561 1317 1598 bis,
1333 1562 1484 1594 Willielmi
1503 1563 1548 1595 del
1570 1565 1690 1605 Vikers,
1708 1568 1817 1605 plenius
1837 1569 2030 1606 confidentes,
2049 1569 2258 1603 Constituimus
2277 1574 2319 1611 ip·
2333 1579 2363 1601 E.
2383 1584 2405 1610 3.

1254 1599 1315 1644 sum
1338 1599 1552 1646 Coronatorem
1571 1604 1700 1635 nostrum
1719 1606 1748 1635 in
1763 1605 1909 1638 Comitatu
1924 1608 1959 1638 de
1974 1607 2183 1649 Rokesburgh,
2202 1612 2229 1640 in
2246 1611 2316 1642 Sco-
2331 1618 2398 1640 Scot.
2416 1622 2464 1647 40·

1255 1647 1308 1674 tia,
1324 1640 1460 1677 quamdiu
1474 1642 1558 1672 nobis
1573 1643 1724 1682 placuerit,
2332 1656 2361 1679 Ε.
2385 1661 2410 1686 3.

1293 1676 1403 1723 Dantes
1421 1680 1446 1709 ei
1463 1680 1591 1725 plenam,
1609 1682 1726 1713 Tenore
1740 1681 1944 1721 Praestntium,
1963 1683 2135 1715 Potestatem
2148 1687 2271 1717 faciendi
2286 1689 2323 1718 &a
2333 1699 2369 1716 m.
2386 1698 2414 1725 5.

1254 1717 1405 1761 exercendi
1423 1728 1520 1749 omnia
1540 1720 1574 1750 δε
1595 1720 1716 1760 singula,
1734 1731 1799 1761 quae
1819 1723 1853 1753 ad
1874 1723 2017 1754 Officium
2033 1723 2221 1755 Coronatoiis
2237 1727 2322 1763 perti-

1256 1763 1325 1785 nent
1340 1765 1368 1784 in
1383 1755 1532 1788 Comitatu
1549 1758 1689 1797 praedicto
1705 1771 1711 1789 2

1294 1793 1330 1824 Et
1345 1794 1411 1838 ideo
1429 1797 1512 1826 vobis
1532 1796 1709 1828 Mandamus
1722 1799 1802 1838 quod
1811 1800 1903 1830 eidem
1912 1800 2091 1839 Willielmo,
2108 1809 2241 1840 tanquam
2257 1802 2322 1833 Co-

1257 1841 1381 1862 ronatori
1394 1833 1492 1864 nostro
1509 1834 1634 1874 ibidem,
1650 1838 1678 1866 in
1693 1839 1843 1876 omnibus,
1865 1849 1929 1876 quae
1942 1839 1976 1869 ad
1990 1839 2134 1871 Officium
2147 1842 2320 1882 praedietum

1255 1873 1412 1911 pertinent,
1429 1871 1609 1904 Intendentes
1622 1875 1675 1905 litis
1689 1876 1722 1906 &
1736 1875 1962 1914 Respondentes.

1291 1909 1324 1941 In
1340 1911 1432 1949 cujus,
1450 1912 1511 1941 δερ.

1330 1948 1421 1982 Teste
1437 1949 1520 1990 Rege
1536 1951 1609 1989 apud
1630 1952 1920 1987 Westmonasterium
1929 1977 1939 1994 ,
1955 1956 2093 1987 vicesimo
2105 1957 2151 1988 die
2163 1957 2252 1996 Junii.

1962 2036 2016 2064 Per
2034 2033 2187 2065 Concilium.

1255 2162 1349 2206 Super
1375 2162 1474 2193 Partu
1501 2162 1613 2207 Reginae
1640 2161 1792 2202 Franciae,
1815 2171 1871 2206 pro
1888 2160 2032 2203 Nuncio,
2058 2159 2094 2193 de
2110 2163 2196 2194 Dono
2220 2163 2320 2208 Regis.

1255 2244 1428 2299 EDward,
1442 2254 1490 2285 par
1504 2245 1529 2275 la
1544 2254 1626 2285 grace
1639 2245 1675 2276 de
1689 2245 1766 2276 Dieu
1776 2269 1784 2284 ,
1799 2245 1861 2276 Roi
1873 2245 1946 2276 d'En
1967 2246 2080 2285 leterre,
2096 2246 2232 2286 Seigneur
2247 2245 2317 2276 d'Ir-
2330 2255 2407 2285 Ann,
2424 2255 2464 2286 D·

1316 2285 1398 2315 lande
1412 2285 1672 2324 &d’Aquitaigne,
1690 2295 1717 2314 as
1728 2284 1881 2323 Tresorer,
1900 2285 1932 2315 &
1980 2286 2181 2324 hamberlains,
2199 2286 2235 2315 de
2251 2295 2316 2315 nos-
2355 2294 2439 2333 1366,

1256 2331 1298 2353 tre
1313 2322 1485 2362 Eschequer,
1503 2323 1596 2353 Saluz.

1295 2361 1383 2392 Nous
1402 2371 1474 2392 vous
1497 2360 1654 2392 Mandoms
1673 2371 1728 2399 que
1745 2372 1761 2392 a
1775 2371 1814 2392 un
1830 2360 1945 2400 Esquier
1959 2361 2054 2392 nostre
2069 2362 2151 2393 Frere
2165 2363 2190 2393 le
2207 2362 2265 2392 Roi
2282 2362 2317 2392 de
2335 2376 2363 2399 Ε,
2394 2382 2417 2407 3-

1258 2400 1377 2438 France,
1385 2401 1414 2438 qi
1433 2409 1548 2439 apporta
1561 2399 1725 2431 Novellesa
1741 2400 1950 2438 Nous,nostre
1965 2400 2029 2431 Filz
2043 2401 2069 2431 le
2085 2401 2182 2431 Conte
2196 2401 2231 2431 de
2242 2400 2319 2431 Can-
2336 2415 2372 2437 Ex
2381 2411 2452 2446 orig.

1257 2440 1399 2478 tebrigge,
1419 2438 1580 2469 &anostre
1594 2438 1618 2468 F
1620 2438 1651 2467 ils
1668 2439 1799 2468 Thomas
1813 2461 1822 2477 ,
1844 2438 1890 2469 del
1907 2438 2094 2471 Enfantnient
2115 2440 2211 2471 nostre
2230 2439 2320 2472 Soere

1258 2478 1283 2508 la
1298 2477 1394 2508 Roine
1413 2477 1449 2507 de
1463 2478 1587 2514 France,
1605 2477 1686 2508 facez
1701 2477 1821 2516 liverer,
1842 2477 1910 2508 c’est
1922 2477 2059 2517 affavoir,

1293 2516 1343 2546 De
1356 2515 1451 2546 nostre
1467 2516 1558 2546 Donn
1575 2515 1605 2545 C
1623 2516 1709 2546 nkant
1723 2515 1834 2554 Marcs,

1259 2584 1261 2586 .
1294 2555 1347 2585 Du
1368 2554 1461 2584 Donn
1484 2553 1581 2584 nostre
1621 2554 1694 2584 ilzle
1709 2553 1811 2584 Count
1828 2553 1898 2584 Vitit
1918 2554 2032 2593 Mares,

1295 2593 1333 2624 Et
1347 2593 1385 2623 du
1400 2593 1492 2623 Donn
1507 2593 1603 2622 nostre
1617 2592 1678 2622 Filz
1690 2593 1822 2623 Thomas
1836 2593 1900 2632 Dys
1920 2592 2027 2624 Mares.
2177 2614 2184 2624 2

1298 2631 1400 2662 Donn.
1417 2631 1486 2661 souz
1498 2630 1594 2661 nostre
1607 2631 1692 2661 Prive
1704 2631 1782 2669 Seal,
1802 2643 1817 2662 a
1830 2631 1925 2662 nostre
1940 2630 2057 2662 Manoir
2070 2632 2108 2662 de
2122 2631 2307 2674 Claryngdon
2316 2657 2325 2673 ,

1258 2670 1285 2701 le
1300 2670 1384 2708 xxviij
1396 2669 1468 2709 Jour
1481 2669 1518 2700 de
1527 2669 1605 2710 Juyn
1618 2669 1686 2701 l'An
1700 2669 1737 2701 de
1750 2670 1846 2702 nostre
1859 2669 1962 2710 Regae
1976 2671 2183 2710 Qarantisme.

2331 2336 2383 2360 Aa.
2399 2344 2447 2369 40.

1413 2799 1508 2843 Super
1536 2795 1743 2842 Redemptione
1767 2799 1891 2830 Comitis
1913 2795 1949 2830 de
1975 2796 2185 2839 Tankgtrviile.

1266 2880 1392 2935 REX
1411 2883 1616 2921 Thesaurario,
1634 2882 1666 2912 δί
1684 2881 1852 2912 Camerariis
1866 2881 1933 2920 suis,
1952 2882 2087 2912 Salutem.
2345 2885 2419 2915 Aiin.
2434 2884 2465 2913 D

1383 2921 1514 2953 Liberate
1529 2945 1538 2960 ‚
1562 2922 1597 2951 de
1619 2920 1767 2950 Thesauro
1791 2921 1890 2950 nostro
1905 2944 1914 2958 ,
1936 2920 2042 2951 dileeto
2060 2922 2093 2952 &
2115 2921 2190 2951 fideli
2211 2920 2327 2960 nostre,
2366 2924 2448 2961 1366,

1263 2959 1400 2990 Domino
1414 2961 1451 2990 de
1467 2959 1641 2999 Caupeyne,
1659 2959 1695 2989 de
1716 2958 1864 2996 Vasconia,
1883 2960 1926 2989 vel
1939 2960 2027 2990 Petro
2040 2959 2076 2990 de
2092 2960 2116 2990 la
2130 2960 2236 2997 Crote,
2257 2961 2326 2998 ejus-
2343 2967 2394 2989 Aa,
2412 2972 2459 2997 40·

1262 2999 1331 3029 dem
1349 2998 1476 3029 Domini
1496 2999 1664 3034 Artornato,
1681 2996 1807 3027 Centum
1824 2998 1939 3035 Libras,
1955 2999 1985 3027 in
2006 2997 2120 3028 Partem
2135 2999 2324 3029 iatisfafflonis
2342 3006 2369 3028 Ε.
2391 3011 2415 3036 3.

1262 3037 1332 3067 illius
1347 3038 1493 3076 Summae,
1511 3038 1539 3066 in
1555 3047 1610 3074 qua
1626 3035 1718 3066 eidem
1734 3036 1870 3066 Domino
1884 3036 1920 3066 de
1938 3036 2037 3075 Caupe
2058 3046 2110 3075 ne,
2128 3047 2180 3076 pro
2198 3038 2322 3067 Redem<
2345 3039 2456 3066 Liberat.

1260 3077 1339 3107 tione
1360 3077 1487 3108 Comitis
1507 3075 1543 3106 de
1556 3074 1755 3113 Tankerville,
1775 3074 1922 3105 Prisonarii
1934 3075 1990 3113 sui,
2048 3075 2111 3106 obis
2126 3076 2251 3114 venditi,
2265 3074 2328 3106 Te-
2347 3087 2392 3111 40.
2414 3082 2481 3112 Eas

1262 3125 1372 3146 nemur.

1300 3154 1390 3185 Teste
1404 3153 1488 3194 Rege
1502 3151 1575 3191 apud
1591 3150 1899 3190 Westmonasterium,
1919 3152 2014 3190 primo
2029 3152 2076 3183 die
2086 3152 2163 3190 Julii.
2349 3126 2384 3143 m.
2402 3125 2430 3150 4¹

1449 3277 1579 3324 *Super
1600 3281 1731 3324 captione
1759 3279 1866 3324 Nuper
1894 3281 1979 3324 Regis
1994 3279 2135 3310 Francia,
2350 3267 2441 3339 ³0³1..

1266 3366 1513 3425 PErsolvuntur,
1534 3364 1599 3401 xviij
1623 3363 1669 3394 die
1687 3362 1756 3402 Julii
1800 3363 1886 3408 Petro
1905 3362 1942 3393 de
1963 3362 2086 3406 Troye,
2096 3361 2183 3390 Fratri
2201 3359 2332 3390 Bernardi
2352 3343 2482 3411 Annas),

1280 3423 1286 3425 ἡ
1323 3405 1359 3435 de
1379 3401 1550 3446 Troye,*de
1567 3401 1733 3446 Elemosyna
1754 3387 1840 3442 Regis
1854 3412 1883 3431 in
1901 3402 2061 3444 Auxilium,
2080 3410 2107 3428 iii
2123 3399 2234 3442 Partem
2249 3399 2333 3429 Solu·
2355 3393 2407 3449 Ala),
2442 3405 2469 3449 ο·

1266 3445 1352 3475 tionis
1373 3442 1526 3486 Rewalrdi,
1544 3441 1631 3471 debiti
1651 3440 1805 3478 Bernardo,
1826 3439 2039 3484 pro'Captione
2057 3437 2213 3475 joliannis,
2238 3447 2329 3477 nuper
2354 3465 2385 3487 E.
2410 3433 2438 3486 j

1268 3482 1358 3522 Regis
1371 3482 1514 3519 Francrae,
1533 3489 1581 3520 per
1595 3479 1777 3519 Praeceptum
1792 3477 1933 3516 Concrlu,
1952 3476 2021 3508 RL.
2041 3475 2070 3506 S.
2356 3480 2486 3529 Pellaei»,

2350 3547 2386 3573 4³
2408 3543 2441 3565 Ε.

1272 3611 1329 3642 Pro
1348 3606 1473 3641 Thoma
1490 3604 1525 3639 de
1549 3602 1732 3648 Wdfflwk,
1752 3604 1842 3649 super
1862 3601 2034 3644 Conceffione
2047 3613 2101 3648 per
2123 3604 2239 3635 Ducem
2262 3604 2335 3635 Au-

1630 3654 1780 3697 rclicnftm
1797 3650 1857 3695 fibi
1875 3652 1977 3697 fabia.

1273 3742 1352 3800 LE
1372 3741 1430 3771 Roi
1451 3750 1483 3777 a,
1500 3747 1559 3768 noz
1579 3739 1676 3769 cheres
1697 3738 1729 3771 &
1752 3738 1854 3776 foialx‚
1869 3738 1962 3776 Johan
1985 3737 2140 3768 Chaundos
2155 3735 2187 3766 ἃ
2202 3736 2333 3768 William
2353 3742 2427 3772 Αῃῃ,
2446 3742 2478 3773 D

1344 3781 1379 3811 de
1392 3780 1486 3815 Seriz‚
1504 3777 1608 3807 Salutz.
1900 3816 1904 3820 Ι
2256 3815 2260 3819 .
2377 3791 2408 3821 ¹3
2414 3784 2459 3811 6¹1,-

1313 3819 1421 3850 Sachez
1447 3827 1502 3856 que
1519 3826 1590 3845 nous
1615 3818 1624 3847 (
1634 3813 1778 3845 confiantz
1797 3826 1831 3845 au
1852 3814 1927 3854 pleni
1950 3815 1986 3844 de
2008 3823 2068 3843 voz
2091 3813 2149 3843 sens
2169 3813 2202 3844 &
2223 3813 2335 3850 loialte)
2352 3825 2402 3847 Aa,
2425 3830 2471 3855 40:

1274 3867 1347 3887 vous
1365 3857 1475 3887 Faisons
1495 3855 1528 3884 ὃς
1557 3853 1722 3890 Ordemns,
1746 3854 1929 3891 jointement,
1955 3856 1987 3883 ὃς
2010 3852 2235 3894 Severilement,
2260 3853 2335 3882 Gar-
2355 3865 2383 3885 Ε,
2409 3868 2431 3893 3,

1276 3896 1355 3926 deins
1374 3896 1406 3926 ὃς
1431 3893 1617 3923 Governours
1637 3892 1674 3921 de
1693 3900 1762 3922 touz
1783 3893 1820 3923 les
1842 3891 1991 3922 Chaitealz
2009 3914 2018 3927 ,
2055 3889 2140 3920 Villes
2162 3891 2193 3920 &
2215 3891 2336 3928 Tei-res,
2356 3897 2421 3928 περ.
2441 3904 2487 3929 40.

1278 3934 1384 3964 Droitz
1399 3955 1409 3970 ,
1429 3932 1473 3961 Sei
1495 3932 1603 3967 nuries,
1626 3930 1659 3960 &
1687 3930 1856 3967 Noblesses,
1883 3939 1991 3967 queux,
2016 3927 2111 3958 nostre
2135 3927 2231 3959 Chere
2260 3929 2337 3967 Fiiz,
2363 3929 2389 3961 22'
2413 3943 2437 3969 3.

1279 3973 1411 4002 Thomas
1433 3970 1468 4000 de
1476 3940 1651 4000 gwodestok
1672 3970 1741 3999 tient
1762 3970 1795 3999 &
1809 3968 1923 4008 poffecic
1936 3968 1974 3998 du
1991 3967 2099 4005 Donn,
2116 3968 2148 3998 &
2166 3968 2196 3997 T
2201 3968 2338 4005 ranspon,
2355 3983 2390 4000 m.
2410 3981 2452 3999 ις,

1280 4012 1314 4041 &
1327 4010 1439 4040 Graunt
1452 4008 1505 4046 dc,
1523 4007 1618 4040 nostre
1634 4007 1710 4039 Ame
1726 4007 1808 4039 Frere
1818 4030 1827 4044 ,
1843 4007 1868 4036 le
1884 4006 1952 4037 Duc
1965 4005 2123 4045 d’Orliens,
2139 4016 2175 4037 en
2190 4006 2338 4038 Poitou&

1284 4048 1463 4087 Xaintonge,
1818 4082 1840 4110 p
2311 4080 2332 4111 F

2329 4089 2347 4112 it
