2561 4251
788 198 894 239 ET
978 193 1242 240 ACTA
1324 193 1803 237 PUBLICA.

13 278 147 358 ΑΒΞῚς-Ρ·
161 288 409 357 ῗοηῑίἑῖἕεητὶὺυε,
436 285 586 318 necessaria
610 286 729 324 fuerint,
762 286 847 315 etiam
871 284 891 315 fi
914 282 1084 315 Mandatum
1108 284 1222 320 exigant

40 331 52 351 1
116 339 126 349 ·
191 328 233 358 eci
260 337 276 356 e

13 362 81 389 Ην·
98 364 126 396 3-
171 337 190 367 p
200 348 306 402 Vobis',
324 373 392 394 cum
412 363 568 394 Punitionis
580 364 613 394 &
625 362 803 393 Cohertionis
817 361 921 391 debitae
936 360 1085 398 Potestate,
1097 359 1220 398 plenam,

158 412 254 435 tenore
269 402 458 441 praesentium,
480 402 663 432 concedimus
677 401 710 432 ὃς
732 401 940 431 committimus
962 399 1153 435 Facultatem,
1168 397 1220 427 do-

160 451 214 473 nec
229 440 301 471 aliud
317 440 384 470 inde
399 440 558 471 duxerimus
572 439 817 476 demandandum,
1200 474 1204 478 Ι

194 479 233 509 Et
255 479 321 508 ideo
344 479 427 509 vobis
451 479 615 509 mandamus
630 477 725 516 quod,
741 478 816 507 circa
831 475 972 514 praemissa
994 475 1138 508 facienda,
1158 473 1220 504 dili-

158 526 271 555 genter,
288 516 418 555 solerter,
436 518 470 548 &
485 517 600 547 fideliter
611 515 766 546 intendatis.

197 555 307 585 Damus
318 563 410 585 autem
424 556 558 585 omnibus
573 555 595 585 F
597 555 712 584 idelibus
725 553 842 591 nostris,
861 553 919 583 tam
937 552 1115 590 Nobilibus,
1132 551 1219 589 quam

160 591 355 631 Popularibus,
374 593 443 624 dieti
458 592 605 631 DucatstS,
618 601 713 623 tenore
727 591 914 630 praesentium,
930 592 960 622 in
975 591 1126 628 mandatis,
1140 588 1221 628 quod

159 632 240 663 vobis
254 632 397 662 intendant
410 633 443 663 ὃς
458 639 567 670 pareant
582 633 612 661 in
628 630 783 668 praemiisis.

194 669 229 701 In
247 671 338 708 cujus,
356 671 416 701 &c.

231 708 299 739 Dat.
316 708 390 747 apud
405 706 708 746 Westmonasterium,
726 708 820 745 primo
838 707 884 738 die
901 706 980 745 Julii.

397 837 490 881 Super
512 837 646 880 Captione
669 833 822 868 Wllielmi
846 831 989 877 Douglas.

12 922 90 956 Ann.
103 920 143 952 D·
227 917 292 950 EX
312 919 449 950 Firmariis
464 918 667 950 Custumarum
683 919 715 948 &
737 916 944 954 Subsidiorum,
962 914 1045 944 nobis
1064 915 1094 944 in
1115 913 1226 952 singulis

39 970 122 1002 1351.
242 958 381 989 Portubus
393 958 488 995 Regni
505 957 589 987 nostri
612 956 725 992 Angliae
745 956 923 992 debitorum,
943 955 975 985 &
998 963 1101 983 eorum
1117 953 1223 983 Manu-

11 1008 65 1030 Αιι.
76 1011 89 1028 z
94 1009 122 1035 5.
158 997 334 1036 captoribus,
349 996 393 1027 seu
408 996 572 1027 eorumdem
585 994 824 1031 Manucaptorum
846 993 1018 1029 Attornatis,
1033 991 1165 1022 Salutem.

11 1044 40 1068 Ε.
62 1050 87 1077 3.
193 1033 275 1065 Ci'im
297 1045 384 1073 nuper
420 1045 473 1072 pro
496 1034 573 1063 bono
595 1033 627 1063 &
651 1034 771 1070 gratuito
795 1032 932 1069 Servitio,
948 1030 1173 1069 quod‚diie<5tus
1188 1030 1221 1060 &

11 1078 98 1114 claus.
157 1072 244 1103 fidelis
259 1073 369 1112 noster,
387 1057 527 1103 Robertus
541 1071 665 1101 Bertram
680 1072 763 1101 nobis
778 1070 925 1108 impendit,
945 1070 978 1100 ὃς
991 1077 1098 1113 extunc·
1108 1070 1222 1113 impen-

14 1126 59 1152 ²5·
77 1121 103 1142 Ε.
115 1123 140 1151 3.
161 1112 256 1150 deret,
273 1123 305 1142 ac
319 1113 400 1142 etiam
414 1120 466 1148 pro
479 1120 514 1140 eo
527 1109 603 1148 quod
625 1109 700 1139 idem
723 1109 864 1139 Robertus
885 1107 996 1145 Corpus
1015 1107 1168 1137 Willielmi
1190 1108 1227 1138 de

15 1166 52 1185 m.
73 1155 116 1181 18.
162 1150 308 1188 Douglas,
333 1149 447 1180 Inimici
471 1148 575 1185 nostri,
596 1158 643 1186 per
657 1147 743 1187 ipsum
763 1148 782 1167 '¹²
802 1147 983 1184 Robertum,
999 1146 1034 1176 de
1051 1145 1178 1184 Guerra,
1195 1147 1226 1177 in

12 1195 93 1229 ·.V.7
103 1202 147 1229 ¹4·
162 1188 258 1227 Bello,
274 1188 345 1226 apud
361 1186 540 1217 Dunelmuin
556 1187 668 1223 habito,
685 1187 757 1223 capti
767 1209 777 1224 ,
796 1186 877 1215 nobis
890 1193 1027 1222 gratanter
1043 1184 1169 1215 liberavit

199 1226 445 1264 Concefferimus,
463 1236 516 1263 pro
531 1225 646 1263 Nobis,
665 1225 698 1255 &
719 1224 888 1254 Haeredibus
910 1223 1026 1261 nostris,
1044 1224 1138 1253 eidem
1194 1233 1228 1253 o—

163 1265 244 1297 berto
260 1264 404 1295 Ducentas
422 1264 551 1302 Marcas,
569 1263 758 1301 percipiendas
780 1263 932 1292 Annuatim
956 1262 1024 1299 sibi,
1042 1262 1074 1292 &
1097 1261 1229 1292 Haeredi-

161 1305 213 1337 bus
227 1304 278 1334 suis
299 1303 452 1342 (videlicet)
473 1301 598 1332 Centum
618 1301 731 1331 Marcas
752 1301 787 1331 de
809 1300 935 1331 Exitibus
954 1300 1156 1330 Cultumarum
1175 1310 1228 1330 no-

161 1342 276 1374 strarum
291 1343 320 1372 in
337 1341 422 1372 Portu
437 1340 473 1371 de
487 1338 649 1377 Kingeston
663 1339 740 1378 super
756 1339 825 1370 Hull
835 1363 844 1377 ,
864 1340 896 1369 &
910 1339 1034 1369 Centum
1058 1338 1169 1368 Marcas
1185 1349 1230 1369 re-

161 1382 248 1412 fiduas
269 1380 304 1410 de
326 1379 451 1411 Exitibus
472 1378 677 1409 Custumarum
700 1378 857 1408 nostrarum
879 1379 907 1407 in
924 1377 1020 1407 'Portu
1035 1376 1120 1407 Novi
1135 1376 1228 1407 Castri

160 1420 238 1458 super
253 1420 384 1459 Tynam,
400 1428 449 1455 per
466 1417 567 1447 Manus
585 1416 784 1447 Colle&orum
800 1416 961 1446 earumdem
982 1414 1183 1445 Custumarum
1200 1417 1229 1445 in

163 1458 302 1490 Portubus
318 1456 476 1494 praedietis,
498 1457 546 1495 qui
563 1465 614 1493 pro
631 1464 758 1492 tempore
778 1454 900 1491 fuerint,
918 1454 951 1484 ad
971 1453 1047 1484 Festa
1065 1453 1179 1484 Paschae
1197 1454 1230 1484 ὃς

163 1498 262 1528 Sancti
277 1494 442 1532 Michaelis,
461 1504 509 1532 per
523 1493 638 1533 aequales
653 1494 815 1529 Portiones,
833 1492 879 1522 vel
892 1492 1033 1530 quousque
1056 1492 1149 1522 eidem
1169 1493 1231 1522 Ro-

163 1537 245 1567 berto
260 1534 295 1563 de
311 1533 449 1565 Ducentis
465 1532 598 1562 Marcatis
614 1532 712 1562 Terrae
728 1531 772 1561 vel
796 1530 938 1561 Redditus
961 1541 1009 1568 per
1032 1531 1166 1568 Annum,
1182 1531 1233 1561 fibi

165 1576 199 1606 &
216 1572 387 1604 Haeredibua
405 1571 456 1601 suis
477 1570 642 1604 Habendis,
668 1571 696 1599 in
716 1568 783 1599 loco
807 1571 998 1607 competenti,
1016 1579 1062 1606 per
1086 1569 1170 1607 Nos,
1188 1570 1233 1599 vel

165 1611 301 1644 Haeredes
317 1609 441 1647 nostros,
457 1609 538 1639 fuerit
553 1607 694 1646 provisum
704 1631 713 1645 ,
727 1616 808 1649 prout
829 1608 858 1638 in
880 1608 978 1638 Literis
998 1608 1097 1638 nostris
1111 1607 1235 1638 Patenti-

164 1653 234 1686 bus,
252 1648 318 1679 inde
334 1647 489 1686 confectis,
509 1647 617 1684 plenius
632 1647 801 1684 continetur,

203 1689 296 1720 Vobis
311 1687 475 1716 mandamus
491 1685 566 1724 quod
583 1686 697 1723 praefato
712 1684 842 1715 Roberto
864 1684 1081 1724 Quinquaginta
1106 1685 1236 1724 Marcas,

165 1726 202 1758 de
216 1726 343 1757 Exitibus
365 1723 568 1755 Custumarum
591 1723 749 1754 nostrarum
766 1725 795 1753 in
818 1723 906 1753 Portu
921 1723 956 1754 de
978 1723 1147 1764 Kyngeston
1159 1724 1236 1762 super

165 1765 251 1803 Hull‚
267 1765 301 1795 &
316 1763 532 1802 Quinquaginta
550 1761 664 1792 Marcas
677 1762 713 1792 de
729 1761 853 1792 Exitibus
867 1762 1070 1792 Custumarum
1081 1762 1237 1794 nostrarum

165 1805 197 1835 in
210 1804 290 1834 dieto
304 1802 391 1832 Portu
406 1801 491 1832 Novi
505 1799 598 1831 Castri
612 1800 693 1838 super
707 1800 893 1840 Tynam,pro
907 1801 1029 1831 termino
1038 1800 1153 1832 Paschae
1168 1812 1237 1840 pro-

166 1843 249 1874 xirnt)
273 1842 431 1880 praeterito,
445 1840 516 1870 solvi
540 1839 572 1870 &
598 1839 699 1870 habere
718 1839 824 1870 faciatis
842 1848 919 1877 Juxta
939 1848 1066 1870 tenorem
1083 1840 1239 1871 Literarum

168 1880 325 1913 nostrarum
340 1878 553 1917 praedi&arum,

212 1919 392 1957 Recipientes
412 1929 425 1948 a
447 1917 562 1955 praefato
583 1916 715 1947 Roberto
738 1916 841 1947 Literas
860 1916 918 1947 suas
940 1916 1163 1955 Acquietantiae‚
1182 1915 1243 1947 Re-

171 1958 335 1996 ceptionem
348 1956 487 1986 dictarum
503 1954 629 1986 Centum
646 1954 810 1985 Marcarum
833 1954 1024 1992 testificantes,

212 1995 249 2026 Et
266 1995 331 2027 Nos
345 1995 427 2024 vobis
441 1994 516 2033 inde,
534 1994 562 2023 in
576 1993 727 2031 Compoto
738 1993 842 2032 vestro,
856 1993 891 2023 ad
906 1993 1089 2024 Scaccarium
1103 1993 1243 2033 nostrum,

173 2033 301 2066 debitam
318 2033 525 2064 Allocationem
534 2032 637 2062 habere
652 2033 794 2062 faciemus.

247 2072 336 2104 Teste
353 2072 438 2108 Rege
456 2070 529 2108 apud
547 2070 589 2100 W
591 2070 850 2110 estmonasterium,
870 2070 986 2102 decimo
1003 2071 1050 2103 die
1061 2070 1139 2110 Julii.

180 2204 230 2238 De
252 2202 522 2250 Exemplificatione
547 2201 749 2245 Conceffionis,
781 2211 872 2247 nuper
906 2201 1035 2248 Ifizbellae
1058 2204 1139 2237 Filiae
1163 2206 1249 2250 Regis

411 2254 447 2290 (ῥ’
473 2251 549 2284 Filio
573 2253 699 2284 Domini
721 2250 758 2284 de
782 2248 904 2283 Lebreto
921 2252 1019 2297 [πέλε.

33 2348 110 2383 Ann.
122 2346 164 2378 D.
246 2340 310 2373 EX
331 2342 493 2379 Omnibus,
512 2342 545 2373 ad
564 2352 633 2381 quos
651 2343 714 2374 &c.
748 2341 882 2373 Salutem.

53 2396 103 2429 135
112 2396 137 2417 χ,
282 2380 402 2412 Constat
416 2382 514 2426 nobis,
534 2392 581 2419 per
599 2381 801 2419 inspectionem
818 2379 989 2410 Rotulorum
1004 2379 1190 2411 Cancellariae
1202 2391 1254 2411 no-

32 2431 85 2456 An.
102 2435 146 2462 25.
183 2419 261 2489 strae),
280 2419 359 2459 quod
375 2429 428 2450 nos
456 2420 561 2451 Literas
578 2419 682 2450 nostras
697 2419 824 2451 Parentes
841 2429 928 2456 nuper
941 2419 1002 2450 fieri
1015 2419 1134 2450 fecimus
1147 2421 1177 2450 in
1190 2420 1254 2451 haec

34 2468 102 2502 ΕΞ.
182 2469 231 2490 ver
252 2469 285 2498 a,

33 2507 92 2533 rae.
101 2512 147 2539 25.

36 2545 68 2570 E.
93 2551 118 2578 3,
140 2547 166 2578 p.
225 2534 393 2574 Edwardus,
412 2533 471 2570 ἀι.
490 2542 521 2565 ut
529 2536 616 2576 fiaepra
631 2536 664 2567 de
675 2535 757 2567 Datd
780 2545 792 2566 1
812 2537 904 2575 Maii,
922 2535 955 2566 de
969 2534 1052 2566 verbo
1076 2539 1104 2566 in
1124 2534 1253 2575 verbum,

39 2588 109 2609 anm.
121 2589 167 2607 20.
187 2573 342 2605 reiterando
357 2581 445 2603 totam
459 2577 604 2613 Literam,
624 2574 661 2609 ῤ’
678 2583 741 2605 tunc
747 2574 806 2615 fic,

224 2612 293 2643 Nos
313 2622 405 2643 autem
427 2621 552 2643 tenorem
577 2614 730 2644 Literarum
753 2613 965 2652 praedictarum,
989 2613 1024 2644 ad
1048 2613 1256 2651 requisitionem

186 2650 388 2690 praedictorum
398 2674 408 2689 ,
428 2650 558 2682 Bernardi
573 2652 635 2682 Filii
649 2652 719 2683 dieti
734 2651 856 2683 Domini
870 2651 907 2682 de
922 2651 1046 2683 Lebreto
1068 2653 1102 2684 &
1116 2651 1255 2692 Isabessae,

187 2690 314 2720 duximus
330 2689 606 2727 exemplificandum.

223 2726 255 2758 In
274 2728 353 2765 cujus
387 2729 449 2758 &c.

257 2765 345 2796 Teste
362 2751 446 2804 {Rege
464 2766 537 2805 apud
557 2767 864 2808 Westmonasterium,
881 2767 1058 2799 duodecimo
1073 2768 1120 2799 die
1133 2767 1208 2807 julii.

436 2892 492 2926 Pro
517 2892 603 2924 Duce
626 2894 780 2925 Bavarriae
802 2892 838 2925 de
861 2893 1022 2929 condam.

41 2982 118 3014 Arm,
131 2982 174 3013 D,
259 2976 325 3010 EX
342 2977 403 3008 δίε.
439 2976 575 3008 Salutem.

65 3031 154 3062 1351,
297 3016 397 3046 Sciatis
416 3015 514 3060 quod,
535 3055 540 3060 ·

41 3064 94 3089 An.
111 3069 155 3097 ²5·
228 3054 308 3098 Cum
323 3053 438 3085 Illustris
451 3053 632 3084 Guillielmus
655 3053 724 3085 Dux
746 3054 895 3094 Bavarriae,
914 3054 1144 3095 Consanguineus
1165 3059 1261 3090 noster

44 3103 73 3127 E.
86 3109 108 3136 3,
192 3092 349 3124 carissimus
355 3116 365 3132 ,
383 3092 417 3123 ad
434 3092 571 3130 Regnum
587 3092 716 3124 nostrum
733 3094 865 3133 Angliae,
881 3104 914 3124 ex
929 3096 1010 3126 certis
1024 3097 1126 3136 causis,
1145 3097 1176 3129 sit
1191 3108 1262 3129 ven-

45 3139 153 3213 ξγξγξ,
192 3139 317 3208 turffigs,
333 3169 457 3200 volentes
472 3168 618 3201 Securitati
634 3170 715 3208 ipsius
731 3170 843 3210 Ducis,
861 3171 894 3202 δε
915 3171 1034 3204 aliorum
1058 3175 1088 3204 in
1111 3173 1262 3206 Comitiva

46 3222 74 3249 3.
194 3206 240 3238 sua
256 3217 437 3238 venturorum
449 3231 458 3246 ,
477 3208 641 3247 providere,

231 3245 405 3283 Suscepimus
428 3246 517 3290 ipsum
544 3246 677 3286 Ducem,
696 3246 853 3285 Homines,
871 3248 983 3289 Equos,
1002 3250 1134 3282 Hernesia
1153 3253 1186 3283 &
1202 3252 1263 3284 Res

196 3283 242 3315 sua
258 3294 460 3329 quaecumque,
479 3295 508 3314 in
524 3286 664 3329 veniendo
680 3287 707 3315 in
724 3287 812 3323 ipsum
830 3286 968 3323 Regnum
985 3289 1111 3319 nostrum
1130 3291 1261 3330 Angliae,

172 3354 179 3367 Ι
195 3322 230 3352 ad
243 3333 295 3353 nos
308 3324 483 3368 ubicumque
497 3322 632 3366 fuerimus
649 3324 829 3363 transeundo,
849 3327 990 3357 morando
1005 3329 1038 3358 ὃ(
1053 3328 1214 3368 redeundo,
1231 3331 1261 3360 in

197 3359 409 3391 Proted‘nonem
425 3363 457 3393 ἃ
475 3361 675 3392 Defensionem
698 3363 822 3393 nostram
843 3364 1006 3403 specialem,
1025 3376 1137 3397 necnon
1160 3368 1190 3398 in
1212 3368 1262 3398 sal-

197 3408 268 3428 vum
283 3401 314 3429 &
326 3400 451 3430 securum
468 3399 656 3430 Conductum
673 3400 818 3439 nostrum,

236 3436 273 3466 Et
287 3437 355 3481 ‚ideo
371 3439 451 3468 vobis
467 3439 640 3476 injungimus
655 3440 687 3469 &
704 3439 870 3470 mandamus
887 3441 964 3476 quod
989 3441 1092 3471 eisdem
1103 3466 1111 3480 ,
1132 3443 1212 3475 Duci
1229 3446 1262 3476 &

198 3473 374 3505 Hominibus
387 3477 602 3515 suis,veniendo
617 3478 646 3506 in
662 3477 749 3514 ipsum
767 3477 900 3517 Regnum
915 3479 1053 3518 nostrum,
1062 3480 1096 3510 ad
1113 3492 1163 3511 nos
1178 3483 1265 3514 trans-

198 3512 311 3558 eundo,
330 3515 484 3553 morando,
501 3516 533 3547 &
550 3516 652 3546 exinde
669 3516 826 3555 redeundo,
845 3515 905 3551 &a
918 3525 1000 3555 prout
1016 3521 1044 3548 in
1054 3518 1187 3559 fimilibus
1211 3525 1263 3551 Li-

200 3558 268 3581 tern·
284 3551 316 3580 de
334 3552 478 3582 conducite.

270 3588 360 3621 Teste
375 3588 456 3628 Rege
469 3590 541 3628 apud
559 3592 865 3633 Westmonasterium,
880 3594 996 3626 decimo
1009 3594 1116 3627 ostavo
1130 3596 1176 3627 die
1187 3597 1266 3637 Julii.

200 3724 249 3757 De
272 3720 417 3768 diffusiori
438 3719 578 3763 Potestase
594 3723 684 3768 sicper
706 3727 783 3759 Pace
798 3726 890 3770 finali
913 3727 1078 3770 vastandi,
1105 3730 1142 3765 (ῤ’
1168 3727 1264 3761 Indu—

401 3774 462 3803 cias
484 3781 552 3802 cum
576 3771 705 3804 Nunciis
726 3775 854 3806 Franciae
875 3775 1051 3820 paciftendi.

50 3877 125 3910 Ann-
140 3877 181 3908 D.
206 3854 289 3909 RE
299 3855 336 3924 ἐξ
346 3855 509 3924 Πηίνὲτῆξ,
527 3854 792 3923 Ρῑεεΐεηὲεἷςχῖὶίῐεῑεε
807 3859 984 3898 inspecturis,
1002 3860 1136 3892 Salutem.

49 3926 155 3992 ‘41'1352155
238 3931 286 3962 De
304 3902 433 3964 fidgliutlart'e
445 3903 764 3972 assccitrciiqanrqqpefflgsnzj
782 3933 951 3967 dilectorum
969 3937 1004 3968 &
1017 3936 1141 3968 fidelium
1158 3937 1270 3971 nostro-

47 3997 83 4022 Ξ.
96 3978 127 4030 ι3.
156 3976 163 3984 ,
199 3980 281 4009 ‘um'

28 4086 31 4096 Ι
53 4031 115 4105 ἔξω·
127 4042 154 4060 m
243 4044 382 4076 Wllielmi
398 4047 517 4087 Epifiopi
536 4048 736 4087 Norwycenfis,

246 4083 385 4116 Wallklmi
403 4088 512 4117 comitis
529 4088 764 4127 Huntynga'oniae,

2279 207 2333 251 69

2341 283 2417 315 Ann.
2432 285 2472 318 D.

2363 334 2373 353 1
2383 333 2429 364 35¹
2439 347 2448 354 .

2340 364 2398 390 Edv

2342 403 2360 420 ἤ
2372 386 2422 437 VJ7
2430 385 2472 438 s5.

1297 280 1316 299 ²*
1335 279 1514 310 Barholomaei
1532 279 1564 309 de
1582 279 1760 318 Burgherslh,
1775 283 1926 311 Camerarii
1938 280 2035 322 nostri,

1294 321 1335 347 Et
1350 318 1459 349 Roberti
1478 320 1510 348 de
1527 319 1627 358 Herle,
1646 319 1768 358 Militis,
1788 323 1928 358 capitanei
1947 320 2024 352 leae
2043 320 2139 362 nostrae
2157 321 2270 364 calesti,

1293 393 1419 425 Plenarie
1434 393 1603 426 confidentes
1610 418 1619 434 ,
1639 394 1731 440 Ipsos,

1294 432 1448 471 Tanquam
1463 433 1601 463 Conscios
1615 434 1723 465 Mentis
1736 433 1838 464 nostrae
1850 432 1929 472 super
1942 434 2019 466 fafito
2033 435 2150 468 Guerioe
2163 439 2233 469 inter
2249 438 2320 470 Nos

1257 471 1290 501 &
1312 471 1509 502 Adversarium
1529 471 1653 501 nostrum
1678 473 1820 510 Franciae,
1845 472 2114 513 Reformationeque
2137 475 2219 508 Pacis
2245 477 2323 516 super

1259 510 1334 548 hoc,
1352 510 1385 540 &
1399 510 1434 540 de
1452 510 1605 540 intentione
1619 510 1712 541 nostra
1726 511 1835 548 plenius
1848 512 2032 551 informatos,

1295 549 1494 590 Trac’catores²
1518 548 1654 591 ActoreS,
1680 548 1825 587 Factores,
1854 549 2077 590 Reformatores,
2106 551 2257 593 Nuncios,
2274 554 2321 586 seu

1261 586 1483 625 Ambassatores,
1504 586 1537 617 &
1552 586 1714 616 amicabiles
1728 586 1956 627 Compositores,

1298 624 1386 668 Super
1400 625 1516 663 agendis
1530 625 1601 655 inter
1618 624 1701 662 Nos,
1719 623 1860 661 Regnum
1874 627 2013 666 nostrum,
2028 638 2062 658 ac
2074 627 2184 666 Terras,
2203 629 2322 670 Fideles,

1261 662 1429 702 Adjutores,
1447 664 1479 694 &
1500 663 1679 693 Adhaerentes
1702 663 1825 699 nostros,
1843 674 1876 693 ex
1898 666 1953 696 una
1970 674 2063 705 parte,
2082 667 2115 697 &
2135 667 2244 698 dictum
2263 670 2326 700 Ad-

1262 702 1413 732 versarium
1432 701 1558 732 nostrum
1581 701 1723 740 Franciae,
1740 710 1774 731 ac
1798 700 1898 733 Terras
1919 714 1983 743 quas
2004 713 2095 743 tenet,
2113 705 2277 746 Adjutores,
2293 708 2327 739 &

1263 739 1463 779 Adhaereiites,
1479 750 1514 770 ex
1527 739 1611 770 altera
1619 763 1629 778 ,

1303 779 1449 816 Facimus,
1466 778 1679 814 constituimus,
1694 777 1743 815 &,
1761 785 1858 808 tenore
1872 780 2055 820 praesentium,
2071 782 2253 822 deputamus,

1301 816 1408 847 Dantes
1428 818 1461 847 &
1487 816 1676 847 concedentes
1693 816 1798 846 eisdem
1814 817 2045 858 Trarfhitoribus,
2063 820 2107 851 seu
2131 822 2271 861 Nunciis,
2295 823 2329 854 &

1265 855 1516 886 Ambaffiatoribus
1538 854 1655 893 nostris,
1679 854 1803 893 TribuS,
1831 863 1875 885 aut
1900 855 2018 887 Duobus
2043 868 2077 889 ex
2102 860 2157 898 eis,
2175 861 2330 898 plenariam

1264 893 1453 930 Potestatem,
1485 892 1712 930 Auetoritatem‚
1743 894 1775 923 &
1802 893 1970 925 Mandatum
1996 896 2111 934 speciale
2135 899 2271 930 tradiandi
2295 899 2330 930 &

1264 931 1458 962 concordandi
1476 941 1546 961 cum
1565 931 1646 961 dieto
1667 932 1831 961 Adveriario
1851 931 1966 971 nostro,
1983 934 2026 965 seu
2044 935 2102 972 ejus
2119 935 2270 976 Gentibus,
2284 946 2333 969 aut

1264 971 1410 1039 Nugciis,
1435 969 1471 1000 de
1497 969 1569 1000 Pace
1594 968 1668 1000 finali
1693 969 1727 1000 &
1753 970 1925 1001 Concordia
1949 973 2020 1003 inter
2044 983 2094 1003 nos
2110 974 2270 1006 adinvicem
2289 978 2333 1006 in-

1264 1019 1317 1040 eun
1341 1020 1367 1047 i,

1303 1047 1338 1078 Et
1351 1048 1499 1085 Treugas,
1516 1047 1571 1078 sive
1587 1046 1794 1085 Abstinentias,
1809 1047 1860 1078 sub
1873 1047 1920 1085 spe
1936 1047 2016 1079 Pacis
2031 1050 2064 1080 &
2081 1049 2258 1082 Concordiae
2284 1051 2336 1082 sub

1265 1085 1380 1125 Modis,
1400 1085 1511 1124 Pastis,
1528 1086 1562 1116 &
1579 1085 1820 1124 Conditionibus,
1839 1087 1941 1124 quibus
1961 1087 2007 1117 Eis
2014 1111 2024 1127 ,
2042 1088 2165 1128 Tribus,
2182 1098 2228 1121 aut
2251 1074 2337 1121 Duo-

1265 1126 1315 1155 bus
1331 1134 1364 1156 ex
1380 1126 1435 1162 eis,
1452 1125 1607 1163 videbitur,
1625 1124 1746 1155 faciendi

1302 1163 1410 1193 Pacem
1427 1163 1582 1201 hujusmodi
1599 1147 1786 1201 reformandi,

1304 1201 1393 1240 Ipsam
1403 1225 1412 1240 ,
1430 1201 1463 1232 ὃς
1477 1202 1621 1239 Treugas,
1641 1201 1696 1231 sive
1711 1201 1899 1232 Abstinentias
1911 1202 2080 1242 hujusmodi,
2097 1204 2229 1243 capiendi
2244 1205 2277 1236 ὃς
2292 1203 2339 1236 fir-

1267 1241 1383 1278 mandi,
1400 1239 1587 1279 transigendi,
1606 1239 1820 1279 concordandi,
1838 1241 2013 1280 paciscendi,

1304 1278 1342 1309 Et
1365 1288 1431 1309 cum
1452 1277 1516 1316 Eis,
1534 1279 1700 1309 nominibus
1716 1279 1815 1317 quibus
1837 1279 1930 1318 supra,
1949 1279 2051 1318 Pacta,
2070 1279 2287 1320 Promiffiones,
2304 1282 2338 1313 δί

1268 1316 1484 1347 Conventiones
1497 1318 1575 1354 super
1591 1318 1642 1347 hiis
1658 1316 1796 1356 faciendi,
1816 1327 1885 1347 curn
1900 1320 1940 1348 eis
1954 1319 2041 1349 tribus
2055 1327 2100 1349 aut
2121 1320 2231 1350 duobus
2253 1329 2288 1350 ex
2303 1322 2343 1351 eis

1269 1356 1423 1393 recipiendi
1446 1357 1481 1386 ab
1503 1357 1542 1386 eis
1566 1355 1691 1393 Literas,
1709 1355 1786 1395 super
1809 1355 1861 1386 hiis
1882 1358 2097 1395 concedendas,
2115 1358 2290 1389 efficaciores
2309 1359 2344 1389 &-

1268 1394 1414 1425 validiores
1430 1404 1493 1432 quae
1510 1402 1639 1432 poterunt
1653 1393 1712 1423 fieri
1722 1417 1731 1432 ,
1749 1394 1782 1425 &
1800 1404 1864 1432 quae
1878 1396 1917 1425 eis
1930 1395 2039 1426 Tribus
2052 1405 2098 1426 aut
2119 1396 2245 1427 Duobus
2259 1407 2294 1428 ex
2306 1399 2346 1428 eis

1269 1432 1438 1464 videbuntur
1454 1432 1658 1470 concedendae,

1305 1471 1421 1509 Jurandi
1435 1472 1463 1500 in
1479 1471 1615 1501 Animam
1631 1469 1755 1500 nostram
1770 1470 1807 1501 de
1820 1471 1946 1501 tenendis
1959 1470 2048 1502 Pactis
2082 1472 2270 1512 Concordia,
2289 1474 2345 1505 five

1272 1508 1365 1547 Pace,
1384 1509 1523 1549 Treugis,
1541 1509 1596 1538 sive
1611 1508 1811 1547 Abstinentiis,
1829 1508 1972 1540 Promissis
1984 1511 2017 1541 &
2039 1494 2288 1542 Conventionibus
2300 1512 2344 1543 su-

1272 1547 1421 1586 pradiffis,
1441 1547 1608 1585 firmiterque
1630 1547 1663 1577 &
1686 1547 1882 1577 inviolabiliter
1908 1548 2087 1579 observandis
2108 1551 2140 1580 δε
2163 1549 2347 1581 effectualiter

1273 1586 1475 1624 adimplendis,
1494 1587 1527 1617 &
1551 1585 1701 1623 praestandi
1723 1586 1868 1624 quodlibet
1889 1586 1997 1616 alterius
2020 1588 2131 1624 generis
2149 1588 2347 1627 juramentum

1277 1625 1352 1663 quod
1371 1624 1490 1663 postulat
1506 1624 1590 1654 Ordo
1602 1625 1695 1663 Juris,

1312 1663 1347 1694 Et
1363 1665 1461 1694 omnia
1473 1663 1524 1694 alia
1537 1663 1571 1693 &
1588 1663 1691 1702 singula
1708 1661 1839 1700 faciendi,
1857 1672 1920 1701 quae
1938 1664 2015 1694 circa
2031 1663 2279 1695 Reformationem
2294 1664 2349 1696 Pan

1276 1703 1317 1733 cis
1332 1701 1506 1740 huiusmodi,
1524 1701 1633 1740 ejusque
1648 1702 1681 1733 &
1696 1701 1836 1732 didtarum
1851 1702 2034 1739 Treugarum
2055 1702 2279 1734 observationem
2302 1705 2348 1734 in-

1277 1740 1438 1771 violabilem
1448 1764 1457 1779 ,
1474 1750 1589 1771 necnon
1605 1741 1637 1771 &
1654 1750 1718 1778 quae
1733 1741 1808 1770 circa
1824 1741 1922 1769 omnia
1936 1740 1986 1770 alia
2002 1741 2034 1771 &
2055 1741 2161 1778 singula
2176 1741 2351 1782 supr-adinstat,

1276 1780 1309 1810 &
1326 1779 1527 1817 Dependentia
1541 1788 1574 1809 ex
1590 1778 1713 1816 eisdem,
1732 1778 1883 1810 neceffaria
1899 1777 2000 1809 fuerint
2026 1779 2060 1810 &
2084 1780 2169 1810 etiam
2193 1790 2353 1820 oportuna,

1278 1818 1311 1849 &
1328 1829 1391 1856 quae
1416 1829 1468 1849 nos
1489 1818 1661 1855 faceremus,
1681 1817 1714 1848 &
1728 1817 1821 1848 facere
1837 1817 1995 1855 poffemus,
2014 1818 2034 1848 fi
2047 1818 2192 1856 praesentes
2213 1819 2353 1859 essemus,

1279 1856 1345 1887 licet
1369 1855 1481 1894 Maiora
1500 1856 1551 1887 sint
1573 1857 1660 1894 quarn
1679 1866 1711 1887 ea
1726 1866 1789 1896 quae
1802 1855 1924 1894 superius
1938 1855 1999 1887 sunt
2020 1856 2159 1895 expressa,
2178 1857 2212 1888 &
2228 1856 2352 1889 Manda-

1283 1904 1346 1926 tum
1363 1897 1476 1932 exigant
1492 1895 1628 1933 speciale,

1318 1933 1516 1964 promittentes
1532 1934 1607 1963 bona
1622 1932 1692 1972 side,
1712 1933 1746 1964 ὃ(
1761 1933 1811 1964 sub
1825 1932 2013 1970 Obligati0ne
2021 1933 2164 1965 Bonorum
2180 1934 2355 1975 nostrorum,
2376 1936 2380 1938 ’

1283 1971 1442 2002 Mobilium
1457 1973 1489 2003 &
1504 1971 1722 2010 Immobilium,
1740 1971 1924 2002 Praesentium
1946 1974 1979 2004 &
2003 1972 2185 2011 Futurorum,
2214 1983 2266 2012 pro
2287 1975 2357 2006 No-

1282 2012 1342 2049 bis,
1361 2010 1548 2047 Haeredibus,
1568 2011 1600 2041 &
1617 2010 1829 2041 Succefforibus
1843 2010 1956 2048 nostris,
1977 2011 2092 2048 Angli-ae
2114 2012 2261 2051 Regibus,
2276 2013 2356 2054 quod

1284 2051 1351 2088 quic
1373 2049 1419 2080 uid
1436 2060 1483 2087 per
1495 2049 1589 2080 ditftos
1604 2048 1801 2087 Traeiatores,
1820 2048 1903 2087 Tres,
1918 2049 2035 2080 Duosve
2047 2060 2080 2080 ex
2096 2051 2145 2089 eis,
2164 2051 2281 2082 Factum
2296 2053 2357 2083 fue-

1285 2090 1337 2126 rit,
1387 2088 1590 2125 oncordatum,
1615 2087 1821 2125 Transatstum,
1845 2086 2046 2126 Pacificatum,
2066 2088 2256 2128 Promissum,
2275 2089 2359 2121 Con-

1284 2135 1418 2163 ventum‚
1433 2126 1579 2166 Juratum,
1597 2134 1642 2156 aut
1658 2125 1722 2156 alias
1738 2124 1922 2157 Procuratum
1945 2127 1975 2156 in
1998 2127 2158 2166 praemiffis,
2178 2129 2211 2159 &
2232 2128 2359 2168 quolibet

1288 2164 1516 2203 praemistorum,
1540 2165 1715 2202 tenebimus,
1737 2164 1970 2203 adimplebimus,
1988 2166 2022 2196 &
2041 2166 2264 2206 observabimus,
2283 2177 2361 2199 tene-

1288 2205 1385 2243 rique,
1402 2203 1568 2241 adimpleri,
1584 2204 1618 2234 &
1636 2202 1775 2232 observari
1794 2203 1987 2233 inviolabiliter
2012 2204 2045 2234 &
2063 2203 2246 2236 effectualiter
2273 2207 2361 2237 facie-

1288 2253 1368 2280 muS,
1393 2252 1446 2272 nec
1473 2242 1702 2279 procurabimus,
1728 2248 1773 2271 aut
1795 2242 2004 2279 permittemus,
2027 2242 2084 2272 ullo
2110 2251 2254 2283 tempore,
2298 2246 2359 2276 uic-

1290 2289 1376 2350 qqam
1393 2281 1422 2310 in
1438 2281 1611 2311 contrarium
1630 2278 1688 2310 fieri
1705 2278 1751 2309 seu
1771 2281 1926 2317 attemptari
1941 2280 2033 2318 aliquo
2053 2279 2193 2320 Ingenio,
2217 2282 2262 2313 vel
2310 2293 2359 2314 au-

1292 2328 1319 2351 te
1331 2331 1344 2350 a

1330 2344 1385 2396 E't,
1402 2357 1436 2388 ad
1456 2358 1594 2395 majorem
1614 2356 1804 2394 securitatem,
1828 2365 1875 2394 per
1903 2355 2020 2388 Litteras
2044 2356 2170 2396 nostras,
2192 2358 2242 2390 sub
2266 2359 2364 2391 nostro

1293 2395 1407 2436 Magno
1426 2396 1528 2434 Sigillo
1553 2395 1696 2438 sigillatas,
1711 2394 1959 2434 confirmabimus,
1985 2396 2005 2426 si
2023 2406 2095 2434 opus
2112 2396 2212 2436 fuerit,
2229 2398 2262 2429 &
2283 2398 2362 2437 super

1291 2436 1350 2466 hoc
1365 2435 1498 2466 fuerimus
1511 2435 1640 2472 requisiti.

1332 2474 1366 2505 ln
1382 2475 1476 2512 cujus,
1493 2474 1555 2503 &c.

1369 2511 1440 2543 Dat.
1453 2512 1526 2552 apud
1539 2511 1658 2542 Turrim
1675 2510 1810 2542 London.
1825 2510 1964 2543 vicesimo
1980 2511 2056 2543 sexto
2071 2511 2118 2544 die
2128 2512 2206 2551 Julii.

1294 2641 1344 2674 De
1369 2636 1523 2679 Induciis‚
1548 2648 1567 2668 a
1587 2635 1730 2682 pradifbis
1755 2635 2026 2680 Ambaffiatoribus
2045 2648 2099 2683 per
2122 2637 2274 2673 modicum
2289 2650 2366 2674 tem.

1420 2697 1477 2732 pus
1499 2696 1590 2732 nuper
1612 2688 1706 2728 initis,
1727 2695 1782 2731 per
1808 2686 1923 2732 aliquot
1948 2688 2022 2719 Dies
2038 2686 2244 2734 prorogandis.

1300 2772 1424 2829 REX
1443 2771 1609 2810 Univerfis,
1626 2771 1661 2802 ad
1679 2780 1751 2810 quos
1769 2771 1832 2803 &c.
1869 2770 2003 2803 Salutem.
2389 2770 2463 2802 Ann.
2480 2769 2520 2802 D.

1399 2812 1496 2843 Sciatis
1515 2811 1596 2849 quod
1606 2833 1616 2849 ,
2410 2818 2495 2850 135¹·

1338 2850 1436 2889 Cum,
1453 2850 1551 2881 dilecti
1568 2850 1600 2880 &
1615 2848 1707 2880 fideles
1720 2847 1826 2889 nostri,
2389 2855 2440 2877 An.
2458 2857 2502 2884 ²5·

1337 2889 1513 2922 Venerabilis
1527 2888 1622 2926 Pater,
2385 2891 2416 2914 Ε.
2434 2896 2459 2923 3.

2388 2926 2451 2953 Ibid.
2463 2934 2502 2953 m.

1338 2966 1499 2998 W'illielmus
1519 2963 1701 3006 Norwicenfis
1719 2966 1774 3004 Epi
1787 2973 1876 3003 copus,
2388 2973 2414 3000 3.

1337 3006 1498 3037 Wllielmus
1513 3009 1603 3035 comes
1621 3006 1752 3043 Huntyng
1771 3008 1857 3042 oniae,

1339 3047 1381 3074 Et
1400 3043 1617 3074 Bartholomaeus
1636 3043 1666 3072 de
1683 3042 1863 3081 Burgherssh,

1340 3122 1425 3161 Qios
1452 3131 1554 3159 nuper,
1578 3120 1636 3151 una
1659 3129 1742 3157 curn,
1768 3118 1875 3150 dileeto
1901 3119 1934 3150 &
1960 3117 2035 3150 fideli
2053 3119 2167 3160 nostro,
2185 3120 2318 3152 Roberto
2335 3121 2371 3151 de

1301 3160 1406 3198 Herle,
1424 3158 1581 3198 Capitaneo
1600 3158 1685 3190 Villae
1702 3157 1806 3189 nostrae
1825 3157 1944 3195 Calesii,
1970 3158 2004 3188 ad
2025 3158 2220 3190 TraEtandum
2239 3161 2271 3191 δε
2291 3159 2371 3189 Con-

1301 3199 1494 3236 cordandum,
1514 3208 1581 3228 cum
1599 3197 1744 3235 Nunciis,
1762 3196 1806 3227 seu
1826 3196 1983 3234 Deputatis‚
2003 3197 2161 3228 Adversarii
2181 3198 2268 3228 nostri
2284 3197 2306 3227 F
2308 3208 2369 3228 ran-

1302 3240 1371 3276 ciae,
1396 3237 1431 3268 de
1457 3236 1530 3267 Pace
1554 3235 1645 3273 finali,
1663 3245 1695 3265 ac
1714 3236 1750 3265 de
1767 3236 1909 3274 Treugis,
1929 3235 1983 3265 five
2000 3235 2189 3274 Sufferentiis,
2216 3238 2285 3266 inter
2304 3236 2370 3266 Nos

1300 3278 1334 3308 ὃς
1352 3277 1442 3316 ipsum
1469 3275 1666 3306 Adversarium
1692 3273 1819 3304 nostrum
1845 3274 1988 3312 ineundis,
2013 3274 2047 3305 ad
2064 3283 2152 3312 partes
2168 3274 2267 3305 Caleiii
2285 3273 2370 3304 desti-

1300 3325 1428 3346 navimus

1341 3354 1359 3373 ²¹²
1379 3337 1454 3383 Initis
1472 3352 1552 3382 certis
1569 3351 1708 3388 Treugis,
1727 3359 1777 3388 per
1798 3350 1948 3381 modicum
1967 3358 2076 3388 tempus
2091 3350 2239 3386 duraturis,
2257 3350 2291 3381 ad
2309 3362 2371 3391 nos,

1300 3391 1335 3422 ad
1356 3402 1402 3430 ea,
1423 3401 1486 3429 quae
1508 3391 1578 3419 inter
1600 3389 1670 3426 ipsos
1691 3390 1723 3419 &
1747 3388 1900 3427 Nuncios,
1919 3398 1952 3419 ex
1975 3398 2049 3426 parte
2069 3389 2196 3426 praedicii
2213 3389 2367 3422 Adversarii

1300 3430 1389 3460 nostri
1406 3431 1440 3460 ad
1454 3430 1511 3459 hoc
1530 3428 1701 3466 Deputatos,
1720 3427 1780 3457 sunt
1795 3427 1945 3465 Tractata,
1965 3427 2047 3456 nobis
2062 3426 2238 3458 referendum
2261 3429 2290 3458 in
2307 3430 2367 3460 An.

1301 3469 1390 3506 gliam
1407 3467 1551 3536 vegerint,
1569 3467 1601 3497 δε
1616 3465 1650 3496 ad
1664 3466 1751 3496 dietas
1766 3474 1855 3503 partes
1870 3464 1987 3503 Calesii,
2005 3474 2039 3494 ex
2055 3465 2136 3496 causa
2156 3466 2220 3504 illa,
2237 3466 2298 3498 sunt
2318 3479 2366 3500 ce·

1300 3508 1392 3538 leriter
1410 3517 1438 3536 re
1459 3507 1520 3535 ituri

1336 3546 1418 3582 Nos,
1434 3545 1469 3574 de
1489 3528 1617 3574 fidelitate
1632 3541 1810 3573 &industria
1824 3541 1930 3579 praefati
1944 3539 2067 3571 Roberti
2081 3541 2255 3576 confidentes
2275 3546 2314 3583 (in
2321 3555 2370 3576 ca·

1301 3584 1330 3615 su
1344 3593 1401 3622 quo
1418 3583 1544 3621 praefati,
1563 3581 1732 3620 Episcopus,
1752 3579 1875 3617 Comes,
1895 3579 1928 3609 ὃς
1953 3578 2190 3620 Bartholomaeus,
2207 3583 2284 3621 super
2305 3582 2369 3615 Pas-

1300 3623 1377 3660 sagio
1390 3621 1454 3660 su0‚
1473 3631 1521 3658 per
1536 3621 1612 3650 venti
1628 3619 1869 3660 contrarietatem,
1886 3625 1931 3647 aut
1945 3617 2000 3647 alio
2014 3617 2076 3649 casu
2091 3619 2222 3659 fortuito,
2241 3631 2298 3659 quo
2311 3623 2367 3652 rni-

1302 3671 1369 3699 nuS,
1387 3662 1459 3690 citra
1473 3660 1571 3690 Finem
1587 3658 1768 3698 Treugaruin
1783 3655 1999 3699 praedictarum,
2016 3657 2052 3687 ad
2066 3657 2174 3689 dictam
2192 3660 2294 3690 Villam
2312 3658 2369 3691 Ca-

1303 3699 1359 3730 lesii
1375 3699 1471 3729 venire
1492 3705 1639 3736 poterunt,
1658 3694 1789 3736 impediti
1809 3693 1922 3730 fuerint)
1951 3695 2045 3725 eidem
2069 3695 2196 3727 Roberto
2214 3698 2247 3728 ad
2267 3707 2369 3736 proro-

1304 3736 1447 3775 gandum,
1465 3737 1583 3765 nomine
1602 3732 1715 3775 nostro,
1733 3731 1821 3761 distas
1837 3732 1983 3771 Treugas,
2009 3733 2047 3764 sic
2068 3735 2164 3772 initas,
2190 3744 2235 3766 aut
2251 3737 2330 3775 alias,
2350 3737 2371 3768 fi

1303 3775 1413 3806 necesse
1430 3775 1531 3810 fuerit,
1546 3772 1582 3802 de
1601 3780 1677 3800 novo
1696 3769 1865 3813 ineundum,
1883 3780 1932 3808 per
1950 3771 2048 3811 Ocsto,
2076 3773 2206 3812 Decem,
2225 3774 2269 3804 vel
2288 3774 2372 3807 Duo-

1302 3815 1398 3844 decim
1418 3813 1497 3849 Dies,
1516 3811 1581 3840 ultra
1601 3809 1777 3852 'ferminum
1795 3808 1933 3839 dictarum
1952 3810 2128 3850 Treugarum
2146 3812 2297 3852 duraturas,
2315 3815 2373 3852 ple-

1305 3863 1391 3891 nam,
1419 3859 1514 3882 tenore
1537 3846 1731 3885 praesentium,
1754 3846 1939 3879 concedimus
1964 3850 1997 3879 &
2022 3850 2230 3882 committimus
2248 3850 2372 3883 Potesta-

1303 3899 1383 3929 tem,

1342 3928 1542 3959 Promittentes
1557 3922 1626 3954 Nos
1640 3922 1750 3953 Rarum
1767 3923 1801 3954 &
1818 3923 1939 3955 Gratum
1954 3925 2098 3956 habituros
2111 3926 2248 3965 quicquid
2263 3937 2314 3967 per
2330 3928 2373 3960 di-

1309 3968 1388 3999 &um
1408 3966 1567 4032 Robertgcm
1582 3962 1690 3992 Actum
1704 3962 1748 3993 vel
1763 3962 1886 3993 Gestum
1901 3963 1983 3993 fuerit
1998 3965 2026 3993 in
2043 3964 2197 4002 praemissis.

1345 4005 1380 4036 In
1398 4004 1475 4033 cu'us
1545 4010 1569 4031 c.

1379 4013 1447 4073 DatJ.
1466 4025 1541 4079 a’pud
1559 4037 1679 4071 Turrim
1698 4038 1832 4070 London.
1848 4038 1985 4071 vicesimo
2003 4039 2124 4079 septimo
2139 4040 2184 4072 die
2197 4041 2275 4081 Julii.

1758 4125 1806 4165 13

2387 3368 2517 3405 *v.716.
