2561 4251
3 226 5 231 ⁸
23 237 61 258 in.
75 225 118 256 D.

28 266 92 305 367.

23 309 53 332 ἵν.
74 313 99 339 3.

31 342 83 370 VI.

22 389 58 415 '3-

0 3269 32 3290 ⁸'
48 3272 101 3300 VI.

10 3319 77 3346 574·

687 147 801 191 ET
884 147 1150 189 ACTA
1231 144 1713 188 PUBLICA.

172 241 191 261 *¹
211 240 251 274 Et
265 241 336 272 ahos
369 238 544 276 uoscumque
559 235 609 267 sibi
632 236 662 266 in
684 234 829 275 praemiffis
849 233 1032 272 Affistentes,
1059 233 1201 271 Adjuvan-

137 288 178 312 tes
211 282 256 312 seu
274 280 362 310 Confi
373 280 467 314 iantes‚

174 304 375 358 I'nsequamini,
391 317 425 347 δε
440 324 504 353 εος,
523 314 699 352 ubicumque
714 313 785 344 infra
806 314 944 353 Regnum
967 310 1098 354 nostrum
1117 311 1197 341 inve-

138 358 192 389 niri
205 356 372 396 contigerit,
390 355 446 385 five
459 354 534 384 infra
551 353 725 391 Libertates,
745 353 801 383 sive
820 362 896 383 eiitta
912 375 922 390 ,
947 350 1068 382 arestctis
1092 350 1125 380 &
1150 359 1198 380 ca-

159 405 217 426 latls

137 407 157 434 p
175 419 305 471 Et'Eos,
322 433 377 463 un'a
392 440 463 462 cum
477 431 560 462 dietis
572 429 828 467 Praejudicialibus,
850 429 936 467 usque
958 427 1103 457 Prisonam
1124 435 1197 463 prae-

139 472 246 503 dictam
261 471 385 509 ducatis,
402 472 436 502 ὃς
450 479 498 500 eos
513 469 595 500 dieto
611 467 734 498 Custodi
749 468 869 498 liberetis
883 465 1082 497 custodiendos
1095 466 1125 494 in
1139 465 1198 494 for-

141 520 189 541 ma
224 510 347 540 raedicta.

180 520 329 578 Upniverfis
343 548 452 586 insuper
466 547 499 578 &
515 545 631 582 fingulis
646 544 890 582 vicecomitibus,
918 542 1074 581 Maioribus
1088 565 1098 580 ,
1120 540 1200 572 Balli-

142 587 201 624 vis,
220 586 380 624 Ministris‚
399 587 432 616 δε
447 584 588 615 Fidelibus
603 582 719 620 nostris,
743 584 800 612 tarn
824 583 894 612 infra
916 577 1087 618 Libertates',
1113 582 1200 618 quam

142 633 235 662 eXtra,
255 633 354 655 tenore
367 624 544 663 ptaesentium
554 645 563 659 ‚
581 622 680 651 damus
693 621 810 652 firmiter
824 623 852 651 in
868 621 1038 659 Praeceptis,
1053 620 1132 657 quod
1147 627 1202 647 vo-

145 664 203 701 bis,
222 664 255 694 &
270 663 386 693 cuilibet
402 660 532 692 vestrum
547 662 575 690 in
591 660 767 690 Executione
783 659 995 690 Praemiffomm
1009 680 1019 695 ,
1039 664 1149 695 pareant
1167 656 1201 685 δε

145 702 310 739 intendant,
329 709 395 731 cum
410 710 460 738 per
473 709 540 737 VOS,
557 699 602 729 seu
616 699 737 738 aliquem
751 697 877 729 vestrum
892 721 902 737 ,
918 698 1020 728 fuerint
1044 696 1122 733 super
1144 693 1201 723 hoc

146 740 311 778 praemuniti
327 747 361 769 ex
376 747 453 776 parte
465 737 569 775 nostra,

183 778 216 809 In
233 779 323 815 cujus,
338 777 398 807 ἃς.

145 855 166 883 b
182 855 189 861 ι
221 815 312 846 Teste
328 814 412 854 Rege
427 814 500 853 apud
513 811 803 846 Westmonasterium
830 836 840 851 ,
865 812 977 849 ‚ottavo
998 809 1045 840 die
1072 809 1204 849 Septem-

168 865 212 885 ns.

823 890 876 919 Per
894 886 1046 919 Concilium.

202 1023 251 1055 De
267 1023 487 1067 Attemptatis,
514 1028 618 1051 contra
641 1018 776 1064 Treugas
795 1020 915 1059 Sciam,
940 1013 1151 1061 reformandis.

153 1106 210 1161 R
220 1105 304 1143 EX,
322 1106 429 1136 dileetis
443 1106 476 1136 δε
493 1103 620 1134 fidelibus
634 1102 701 1141 suis,
719 1099 856 1133 Gilberto
868 1102 904 1133 de
924 1099 1124 1138 Umframvill,
1144 1099 1207 1130 Co-

231 1145 293 1174 miti
315 1145 351 1174 de
373 1144 491 1183 Anegos
506 1166 516 1181 ,
545 1143 678 1172 Henrico
707 1140 742 1171 de
764 1141 853 1180 Percy
881 1141 906 1170 le
930 1141 1011 1170 Picre
1035 1162 1045 1177 ,
1073 1139 1205 1169 Henrico

148 1181 188 1212 de
201 1180 273 1212 Pete
307 1182 333 1212 le
358 1181 438 1220 Fitz,
463 1182 550 1212 Petro
570 1181 605 1210 de
626 1178 742 1217 Mauley
756 1202 766 1217 ,
792 1179 920 1209 Thomce
942 1178 1021 1218 Gray
1036 1201 1045 1215 ,
1078 1177 1207 1207 Ricatdo

149 1219 276 1258 Tempel
292 1230 324 1256 e,
342 1220 465 1258 Rogero
486 1220 522 1249 de
545 1219 739 1259 Widryngton
756 1240 766 1255 ,
792 1218 824 1248 &
858 1217 1000 1256 Magistro
1023 1216 1148 1255 Johanni
1172 1213 1208 1246 de

148 1257 251 1289 Bolton
274 1258 440 1289 Camerario
455 1254 539 1289 Villae
551 1257 688 1288 Berewici
703 1255 782 1295 supet
797 1255 958 1295 Twedam,
981 1256 1116 1286 Salutem.

184 1297 283 1328 Sciatis
299 1297 377 1336 quod
387 1321 397 1336 ,

190 1335 270 1366 Cum
293 1335 534 1375 affignaverimus,
560 1333 758 1365 Venerabilem
788 1332 922 1370 Patrem,
947 1332 1121 1371 Episcopum
1144 1330 1208 1360 Du-

150 1374 349 1414 nolmensem,
367 1376 401 1406 &
417 1396 426 1412 ,
445 1373 564 1403 dilectos
578 1373 611 1403 &
626 1372 718 1402 fideles
741 1371 868 1409 nostros,
894 1371 1044 1400 Thomam
1065 1370 1101 1400 de
1129 1369 1207 1399 Bello

151 1412 227 1443 Cam
248 1423 267 1442 ο
281 1411 430 1443 Comitem
444 1409 603 1448 Watwici,
619 1409 852 1447 Radulphum'de
871 1409 987 1447 Nevill,
1005 1410 1038 1439 ὃς
1052 1418 1118 1446 νος,
1137 1418 1208 1447 prae-

150 1452 199 1520 {ati
227 1452 338 1495 ’enrice
353 1452 386 1483 <Sc
402 1450 527 1481 Henrice
540 1472 549 1488 ,
573 1449 608 1480 ad
630 1447 866 1486 supervidendum
889 1447 990 1478 statum
1012 1445 1210 1477 Marchiarum

173 1498 259 1520 cotiae

188 1527 227 1558 Et
236 1513 270 1558 ad
284 1526 479 1558 Traetandum
492 1527 525 1557 δέ
541 1524 787 1555 Concordandum
828 1534 860 1554 ro
881 1523 981 1554 Nobis
995 1546 1004 1562 ,
1031 1521 1064 1554 δεῖ
1092 1524 1210 1554 nomine

151 1566 250 1597 nostro
259 1588 269 1604 ,
287 1572 355 1596 cum
369 1559 466 1595 David
479 1565 514 1594 de
529 1563 615 1601 Bruys
628 1563 664 1593 de
677 1563 773 1594 Scotia
782 1586 791 1600 ,
831 1570 902 1592 ratre
914 1562 1013 1592 nostro
1022 1583 1031 1599 ,
1051 1563 1083 1592 &
1103 1562 1210 1592 Genti-

151 1606 205 1635 bus
219 1604 325 1635 Scotiae
339 1602 463 1634 Subditis
477 1603 543 1641 suis,
565 1602 600 1632 de
614 1600 741 1639 Injuriis,
759 1601 959 1640 Darnpnis,&
976 1601 1210 1639 Gravaminibus,

152 1653 203 1682 per
219 1641 327 1673 Gentes
337 1642 478 1679 utriusque
493 1640 589 1681 Regni
604 1639 715 1678 Angliae
734 1640 767 1670 &
791 1638 896 1670 Scotiae
916 1639 998 1670 Datis
1013 1662 1022 1677 ,
1049 1639 1141 1670 Factis
1177 1640 1210 1670 ὃς

151 1681 333 1720 Attemptatis
349 1685 450 1711 contra
466 1679 589 1709 formam
603 1678 795 1717 Treugarum,
812 1687 902 1715 nuper
914 1678 988 1709 inter
1001 1677 1067 1708 Nos
1081 1680 1114 1709 δὲ
1162 1688 1212 1707 en-

151 1728 193 1751 tes
206 1718 332 1757 Scotiae,
347 1718 420 1756 apud
436 1717 612 1749 Berewicum
628 1717 706 1756 super
721 1716 882 1754 Twedam,
900 1718 982 1746 tertio
995 1716 1040 1747 die
1056 1716 1212 1754 Octobris,

150 1754 241 1802 Anno
257 1756 366 1787 Gratiae
381 1756 546 1795 Milesrmo,
563 1755 797 1793 Trecentesimo,
817 1755 1062 1795 Qinquagefimo
1076 1755 1211 1794 septimo,

151 1804 284 1827 mitarum

188 1834 227 1865 Et
246 1820 402 1865 ad’omnia
425 1843 475 1871 per
494 1832 563 1864 Nos
584 1833 618 1865 ὅτε
638 1832 773 1863 Subditos
795 1831 905 1862 nostros
926 1855 935 1871 ,
962 1838 1061 1862 contra
1090 1831 1212 1862 formam

149 1871 332 1912 Treugarum
345 1872 559 1911 praedictarum,
586 1871 691 1910 Facta,
717 1871 807 1909 Data,
833 1871 866 1901 &
888 1870 1064 1910 Attemptata
1079 1893 1089 1909 ,
1113 1870 1212 1901 debite

149 1910 198 1942 Re
218 1913 301 1950 arari,
319 1909 352 1941 ὃ(
366 1907 548 1949 Reformari,
567 1911 602 1942 &
615 1909 729 1950 Corrigi
743 1909 925 1947 iaciendum,

215 1957 225 1980 t
239 1950 274 1980 ad
289 1945 448 1980 consimiles
462 1948 664 1986 Reparationes
680 1949 713 1979 δε
729 1946 933 1978 correctiones
945 1946 981 1977 de
994 1945 1213 1986 Injuriis,Dam-

151 1989 229 2028 pnis,
249 1988 282 2019 &
299 1983 535 2024 Gravaminibus,
553 1986 669 2024 Nobis,
689 1987 723 2017 &
737 1985 896 2024 Gentibus,
910 1986 944 2017 &
959 1985 1082 2016 Subditis
1100 1985 1212 2025 nostris,

149 2034 200 2066 per
214 2027 324 2057 dietum
339 2025 455 2064 David,
474 2025 601 2064 Gentes,
619 2025 651 2056 δε
665 2024 801 2055 Subditos
815 2025 894 2062 suOS,
919 2023 1019 2062 Datis,
1040 2023 1151 2062 Fastis,
1177 2025 1211 2055 &

149 2065 348 2105 Attemptatis,
369 2073 470 2096 contra
481 2064 606 2094 formam
620 2064 760 2094 dictarum
773 2061 956 2100 Treugarum
965 2085 975 2100 ,
991 2073 1006 2093 a
1019 2071 1097 2100 parte
1111 2063 1213 2102 praedi-

149 2103 192 2134 &i
207 2103 305 2134 David
319 2103 476 2141 petendum
492 2102 526 2133 δε
541 2100 750 2140 recipiendum,

165 2181 171 2187 ι
188 2141 279 2185 Εῑουε
293 2143 322 2172 in
338 2141 439 2172 Literis
453 2140 554 2171 nostris
568 2138 750 2178 Patentibus,
768 2138 836 2170 inde
856 2139 1127 2179 confeffls,plenius
1141 2147 1214 2170 con-

149 2187 268 2211 tinetur:

187 2219 234 2250 Ac
247 2220 317 2250 inter
331 2218 502 2259 praediCtum
516 2218 667 2250 Comitem
682 2219 716 2250 &
727 2228 796 2256 vos,
813 2217 921 2256 praefati
936 2217 1064 2249 Henrice
1079 2215 1112 2249 Sc
1127 2217 1213 2249 Hen-

148 2257 223 2296 rice,
242 2267 294 2296 pro
310 2266 386 2297 parte
400 2260 435 2291 «Sc
448 2260 566 2289 nomine
581 2257 701 2297 nostris,
725 2258 759 2288 &
781 2257 915 2295 quosdam
938 2257 1072 2289 Praelatos
1094 2257 1127 2288 &
1146 2258 1214 2287 alios

146 2291 275 2327 Nobiles
290 2296 326 2326 de
341 2296 453 2335 Scotia,
473 2307 526 2334 pro
540 2299 619 2337 parte
632 2297 665 2328 &
684 2297 803 2327 nomine
817 2295 945 2335 praedicti
964 2295 1079 2334 David,
1099 2296 1133 2326 &
1147 2295 1210 2327 Re-

170 2335 200 2365 ni
216 2334 339 2373 Scotiae,
357 2335 431 2373 apud
446 2335 678 2366 Morehoussawe
693 2337 721 2366 in
745 2334 863 2373 Scotia,
888 2335 982 2372 primo
1004 2334 1049 2365 die
1079 2333 1211 2374 Septem-

169 2374 222 2412 ris,
238 2374 371 2412 proximo
386 2375 545 2412 praeterito,
563 2375 765 2405 convenientes
780 2373 884 2404 ibidem
923 2373 956 2403 δε
972 2374 1058 2404 etiam
1079 2372 1212 2410 postmo-

145 2411 219 2456 dum
232 2422 248 2443 a
268 2412 306 2456 ud
320 2412 502 2450 Roxbrugh,
528 2411 699 2444 Tractatum
722 2412 805 2442 fuerit
828 2412 861 2442 sc
884 2396 1104 2443 Concordatum
1122 2411 1205 2451 quod

150 2446 254 2481 Articu
265 2460 292 2488 i,
307 2451 337 2480 in
351 2450 471 2489 quadam
488 2451 654 2489 [ndenturQ
669 2453 741 2482 inter
756 2450 827 2488 ipsos
840 2450 1080 2488 Tractatoresstx
1093 2458 1208 2490 utraque

149 2496 246 2527 parte,
261 2488 352 2526 faeta,
372 2491 516 2528 contenti,
537 2489 703 2522 firmiter&
717 2488 927 2526 inviolabiliter,
948 2489 1020 2519 'uxta
1035 2489 1161 2519 formam
1181 2499 1211 2519 e-

150 2527 258 2564 iusdem
272 2526 450 2566 Indenturae',
467 2527 668 2566 observentur,
687 2536 769 2567 prout
787 2528 816 2556 in
830 2527 928 2557 eadem
942 2498 1094 2558 indentur&
1114 2528 1215 2565 (cujus

153 2564 322 2609 Tenotem,
348 2565 396 2596 sub
419 2576 522 2606 magno
540 2566 640 2604 Sigillo
664 2566 780 2604 nostro,
805 2566 836 2595 in
855 2565 948 2596 forma
970 2564 1110 2604 Patentis,
1133 2567 1217 2597 vobis

153 2604 312 2641 mittimus)
332 2604 439 2643 plenius
455 2606 636 2643 continetur,

191 2642 277 2681 Nos,
296 2652 344 2679 ea,
363 2653 428 2681 quae
443 2644 481 2675 sic
493 2654 544 2682 per
557 2644 738 2675 Traditatores
754 2642 906 2683 praedifflns
924 2643 1065 2676 Tractata,
1079 2644 1112 2674 δε
1130 2642 1212 2673 Con-

154 2680 267 2711 cordata
284 2680 421 2720 existunt,
436 2691 570 2721 quatenus
585 2683 619 2713 ad
635 2681 705 2712 Nos
718 2684 857 2720 pertinet,
882 2681 1009 2712 volentes
1029 2683 1059 2712 in
1080 2683 1217 2712 omnibus

154 2719 312 2761 observari,
330 2719 528 2758 affignavimus
543 2726 609 2758 vos,
630 2720 745 2758 Septem
756 2743 765 2758 ,
784 2723 818 2753 &
833 2721 887 2751 Sex
902 2719 1027 2750 vestrum
1037 2743 1046 2758 ,
1062 2720 1096 2750 ad
1119 2721 1217 2750 omnia

155 2755 376 2800 &stingulaQin
391 2757 466 2788 dicta
482 2757 633 2788 Indentura
648 2765 798 2797 contenta,
824 2759 854 2788 in
878 2757 1026 2788 Comitatu
1049 2757 1217 2788 Northum-

156 2795 240 2832 briae,
259 2795 293 2825 &
308 2795 392 2833 alibi,
408 2797 437 2825 in
452 2796 600 2827 Dominiis
613 2796 731 2833 nostris,
758 2798 788 2826 in
812 2796 943 2826 Marchia
965 2796 1072 2827 Scotiae
1087 2819 1096 2834 ,
1124 2795 1218 2827 versus

152 2841 244 2876 partes
258 2832 476 2872 Occidentales,
494 2834 566 2864 infra
580 2834 754 2871 Libertates,
770 2836 804 2865 ὃ(
820 2843 912 2872 extra,
939 2833 1178 2873 Custodiendum,

196 2870 236 2902 ht
248 2871 282 2900 ad
302 2873 400 2902 omnia
419 2872 452 2902 &
477 2872 579 2912 fingula
595 2895 605 2910 ,
629 2880 729 2902 contra
752 2871 877 2902 formam
898 2873 1020 2910 ejusdem
1042 2872 1218 2911 Indenturae,

153 2917 205 2948 per
222 2909 356 2940 Subditos
366 2910 481 2941 nostros
494 2911 684 2950 Attemptata3
702 2911 736 2941 δε
751 2920 815 2948 quae
836 2910 920 2949 usque
942 2911 976 2941 ad
998 2911 1114 2942 Festum
1136 2911 1219 2942 Puri-

153 2946 293 2991 ficationis
307 2948 395 2978 beatae
412 2948 517 2980 Mariae
532 2950 667 2988 proximo
682 2948 808 2979 futurum
828 2951 983 2988 attemptari
997 2951 1220 2989 contigerit,de—

154 2986 231 3055 gite,
246 2987 325 3025 juxta
340 2986 465 3017 formam
483 2987 569 3019 dietae
588 2987 769 3025 Indenturae,
788 2987 1002 3019 reformandum
1017 2989 1051 3019 ὃς
1071 2990 1216 3029 corrigen-

180 3034 230 3055 um

194 3048 243 3094 Et²
258 3062 293 3094 ad
314 3063 471 3095 consimiles
494 3062 726 3096 Reformationes
750 3065 784 3096 δε
810 3064 1012 3096 Correctiones
1033 3075 1048 3096 a
1078 3066 1219 3103 praedieto

156 3099 321 3146 David‚,&
336 3102 459 3132 Subditis
474 3102 538 3141 suis,
558 3103 594 3135 de
612 3103 778 3143 Perpetratis
788 3103 822 3134 ὃ(
837 3103 1035 3142 Attemptatis,
1051 3103 1085 3134 &
1097 3104 1133 3135 de
1147 3104 1215 3136 Per—

157 3139 299 3178 petrandis
312 3141 345 3171 &
360 3139 582 3180 Attemptandis,
601 3152 651 3181 per
664 3151 731 3179 e05,
755 3150 854 3173 contra
875 3142 996 3172 formam
1025 3138 1148 3180 ejusdem
1169 3143 1220 3174 In-

155 3177 306 3246 genturae,
322 3178 407 3217 usque
423 3179 458 3209 ad
472 3179 589 3211 Festum
610 3180 780 3219 praedietum
792 3203 803 3219 ,
826 3180 985 3211 Petendum
1005 3181 1039 3212 ὃς
1062 3180 1218 3220 Recipien-

177 3225 227 3246 um

195 3253 216 3273 *
229 3239 274 3284 'Et
287 3253 322 3285 ad
335 3255 431 3284 omnia
444 3253 496 3285 alia
511 3255 545 3286 &
558 3256 661 3295 fingula
672 3279 682 3294 ,
699 3264 763 3297 quae
777 3265 829 3295 pro
844 3257 1039 3288 Articulorum
1055 3280 1065 3296 ,
1090 3259 1118 3289 in
1140 3260 1217 3291 dieta

157 3291 311 3324 Indentura
323 3298 546 3332 contentorum,
563 3293 786 3326 Conservatione
799 3296 949 3327 necess'aria
962 3296 1081 3336 fuerint,
1100 3297 1124 3327 F
1124 3300 1219 3330 acien-

157 3331 229 3362 dum
245 3331 279 3361 &
293 3330 518 3370 Exequendum3

161 3406 167 3413 ⁶
196 3367 235 3399 Et
247 3368 314 3412 ideo
332 3370 413 3400 vobis
431 3371 598 3401 mandamus
611 3371 692 3410 quod
706 3372 779 3402 circa
792 3371 934 3409 praemiffa
948 3373 1045 3403 omnia
1058 3373 1092 3405 &
1109 3374 1215 3414 singula

158 3406 323 3445 intendatis,
341 3408 375 3440 ὃς
390 3416 422 3439 ea
433 3408 555 3448 faciatis,
574 3410 608 3440 δε
623 3411 802 3450 exequamini
817 3411 846 3440 in
859 3409 950 3440 forma
966 3411 1114 3450 praedi&a;

195 3444 310 3489 Damus
328 3451 425 3490 autem
448 3447 578 3478 universis
597 3448 630 3478 δε
654 3448 764 3488 singulis
784 3445 1012 3480 vicecomitibus
1038 3448 1218 3492 Castellanis‚

161 3480 338 3521 MaloribuS,
356 3483 481 3527 Ballivls,
500 3482 656 3526 Ministris,
673 3488 707 3519 &
721 3487 778 3518 aliis
795 3486 935 3517 Fidelibus
956 3487 1058 3518 nostris
1068 3498 1094 3527 ,¹
1105 3489 1136 3519 in
1154 3489 1217 3522 Co-

159 3520 582 3569 mitatuxpraed16t0‚·&alibi,
601 3525 636 3562 in,
649 3525 798 3556 Dominiis
819 3524 921 3555 nostris
945 3521 1089 3557 Marchiae
1113 3529 1217 3566 praedi-

158 3561 232 3600 ἀπε,
249 3568 309 3604 tam
324 3559 395 3590 infra
409 3561 578 3606 Libertates,
592 3564 678 3601 quam
698 3572 775 3594 extra
790 3587 799 3601 ,
822 3561 943 3594 Tenore
963 3564 1141 3603 praesentium
1159 3590 1169 3606 ,
1187 3569 1217 3598 in

158 3597 313 3637 mandam,
329 3598 409 3637 quod
427 3600 527 3637 vobis,
544 3601 573 3631 in
588 3600 740 3633 Praemiffis
754 3601 890 3632 faciendis
908 3603 942 3633 &
962 3603 1151 3643 exequendis,
1169 3604 1217 3636 In-

132 3660 134 3665 ‚
159 3638 307 3670 tendentes
321 3638 390 3675 sint,
408 3635 612 3678 consulentes,
631 3639 820 3678 Auxiliantes,
840 3641 874 3671 &
898 3639 1129 3681 Respondentes,
1143 3652 1217 3682 quo-

160 3678 235 3721 tiens
250 3677 285 3707 δε
303 3681 392 3721 prout.
401 3685 450 3714 per
464 3686 531 3714 vos,
551 3676 686 3717 Septem,
704 3679 751 3710 vel
765 3678 820 3708 Sex
832 3676 977 3718 vestrum,
992 3680 1072 3719 super
1086 3680 1142 3712 hoc
1155 3681 1217 3713 fue-

161 3722 219 3745 rint
233 3720 394 3753 praemuniti
406 3724 440 3744 ex
453 3723 531 3754 parte
544 3715 648 3746 nostra.

160 3761 163 3764 ·
198 3751 231 3783 In
246 3755 347 3792 cujus,
371 3754 433 3789 &o
458 3753 542 3793 usque
560 3753 594 3784 ad
620 3754 730 3785 dietum
760 3753 874 3784 Festum
901 3753 1108 3788 Purificationis
1130 3758 1220 3791 beatae

164 3788 268 3822 Mariae
281 3792 431 3823 duraturas.

199 3826 289 3861 Teste
304 3829 387 3869 Rege
400 3830 474 3870 apud
486 3829 787 3870 Westmonasterium‚
804 3829 942 3863 vicesimo
955 3831 1002 3863 die
1019 3832 1201 3872 Septembris.

616 3910 669 3939 Per
685 3905 769 3948 ipfimz
789 3908 886 3947 Regem
903 3906 942 3944 &
960 3908 1112 3941 Concilium<

188 4078 254 4112 me
270 4080 296 4110 1.
315 4080 356 4110 Π.
373 4079 406 4110 Ρ,
424 4082 465 4115 11,

2230 155 2306 197 130

2320 225 2396 255 Ann.
2415 226 2433 255 .’,,

2345 266 2414 303 1367

1574 318 1632 349 Pro
1657 317 1769 348 Comite
1795 314 1830 347 de
1854 316 1967 348 Marri
2319 304 2386 329 Edu.
2406 314 2432 339 3.

1463 423 1467 429 .
1510 399 1532 429 al
1617 424 1622 428 .

1241 400 1330 456 RE
1341 400 1459 469 {2135
1463 399 1724 477 qfoduifiissepimus
1737 440 1764 469 in
1785 436 2000 469 protectionem
2027 436 2061 468 δε
2087 428 2298 467 'Defensionern
2315 430 2368 458 An.
2386 436 2435 467 4ss

1241 477 1383 514 nostram,
1399 487 1512 507 necnon
1535 478 1563 506 in
1588 477 1695 507 salvum
1719 479 1751 507 ὅ(
1773 477 1900 507 securum
1929 475 2120 506 Conductum
2143 474 2271 504 nostrum
2290 494 2301 510 ,
2319 475 2339 497 E
2368 479 2392 506 3·

1242 513 1392 546 Thomam
1409 514 1559 544 Comitem
1573 515 1608 545 de
1623 514 1702 544 Mart
1717 516 1747 544 in
1762 516 1874 554 Scotia‚
1890 515 2030 545 veniendo
2047 515 2161 552 peregre
2185 513 2214 542 in
2238 510 2296 540 Re·
2317 511 2385 537 Stat.
2402 511 2449 544 μ’·

1242 560 1331 590 gnum
1346 553 1475 584 nostrum
1495 552 1623 590 Angli-ae,
1637 554 1670 583 ὃς
1692 553 1757 583 alibi
1783 554 1854 584 infra
1876 553 2052 583 Dominium
2073 551 2105 582 δὲ
2129 550 2300 580 Potestatem
2318 551 2347 573 E·
2371 555 2397 582 3.

1243 592 1356 629 nostra,
1372 593 1430 622 tam
1444 600 1492 628 per
1505 590 1643 628 Terram,
1661 601 1745 628 quam
1761 601 1809 628 per
1829 591 1929 628 Mare,
1946 600 2015 621 cum
2029 590 2136 628 Viginti
2147 589 2301 626 Equitibus
2317 594 2354 612 m·
2371 595 2400 620 4·

1243 630 1279 660 de
1292 629 1438 660 Comitiva
1451 630 1510 666 sua,
1531 628 1636 658 ibidem
1650 630 1842 667 morando,&
1859 629 1960 659 exinde
1971 651 1980 666 ‚
1999 628 2090 658 versus
2105 637 2191 665 partes
2198 625 2302 655 Trans-

1245 670 1378 704 marinas,
1397 668 1482 705 usque
1495 668 1633 697 Sanctum
1646 666 1804 704 jacobum,
1823 668 1855 697 ὃς
1875 668 1924 697 alia
1950 668 2029 696 Loca
2047 666 2151 696 Sanita
2164 688 2173 703 ,
2199 663 2301 694 transe-

1246 707 1341 744 undo,
1360 707 1392 736 &
1409 706 1524 743 abinde,
1543 715 1592 743 per
1611 705 1749 743 Regnum
1771 706 1804 736 &
1825 698 2001 736 Potestatem
2026 704 2123 735 nostra
2152 702 2304 742 praedicfiba,

1245 744 1337 775 versus
1357 752 1443 781 partes
1462 744 1586 779 Scotiae,
1605 743 1768 780 redeundo,

1284 782 1321 812 Et
1335 783 1401 812 ideo
1423 783 1505 812 vobis
1523 782 1686 812 mandamus
1705 781 1785 820 quod
1810 781 1902 811 eidem
1937 780 2065 819 Comiti,
2087 788 2134 810 aut
2157 779 2306 819 Equitibus

1245 820 1403 857 praedietis,
1423 819 1564 850 veniendo
1577 822 1689 858 peregri:
1698 821 1727 848 in
1739 819 1872 858 Regnum
1886 820 1919 849 &
1934 818 2106 849 potestatem
2124 819 2217 849 nostra
2234 827 2306 854 prae-

1246 857 1338 896 dieta,
1356 858 1462 888 ibidem
1482 858 1638 895 morando,
1657 858 1690 887 &
1703 857 1823 895 exinde,
1848 857 1943 887 versus
1965 866 2054 895 partes
2080 856 2307 892 TransmarinaS,

1247 896 1332 936 usque
1349 897 1485 927 Sanctum
1500 896 1662 934 Jacobum,
1680 896 1713 926 &
1730 895 1782 926 alia
1798 895 1879 926 Loca
1896 895 1997 925 Sanfflr
2017 894 2196 932 transeundo,
2210 896 2243 926 &
2258 895 2308 923 at>-

1249 935 1332 973 inde,
1350 945 1399 974 pet
1417 934 1557 973 Regnum
1573 935 1606 965 ὃ(
1625 933 1798 964 Potestatem
1818 933 1912 963 nostra
1928 934 2078 971 praediCta,
2097 933 2189 963 versus
2214 933 2310 963 Partes

1251 974 1375 1012 Scotiae,
1393 973 1535 1003 redeundo
1554 971 1612 1007 dvc.
1632 979 1663 1000 ut
1680 976 1708 1001 in
1717 971 1848 1011 fimilibus
1867 972 1899 1001 de
1912 972 2048 1001 ConduHu
2067 973 2181 1000 Literis.

1287 1012 1321 1042 In
1335 1014 1428 1051 cujus,
1451 1012 1535 1050 usque
1553 1012 1587 1042 ad
1612 1010 1725 1041 Festum
1748 1010 1862 1041 Paschae
1886 1011 2020 1047 proximo
2047 1009 2170 1039 futurum
2197 1007 2312 1038 duratu-

1249 1060 1299 1081 ras.

1251 1128 1271 1158 b
1288 1087 1378 1134 Teste
1404 1088 1486 1129 Rege
1512 1088 1585 1128 apud
1610 1086 1899 1119 Westmonasterium
1914 1109 1924 1125 ,
1948 1086 2084 1117 vicesimo
2110 1086 2156 1117 die
2182 1084 2311 1123 Septem-

1273 1138 1316 1159 ris⁶

1297 1253 1345 1284 De
1372 1250 1560 1294 Restitutione
1584 1250 1806 1296 Temporalium
1833 1249 2027 1295 Eptssopams
2052 1248 2265 1295 l‘Vyntonierfis.

1255 1335 1398 1391 REX,
1416 1335 1522 1366 dile&o
1539 1335 1607 1373 sibi,
1624 1336 1750 1374 johanni
1766 1334 1800 1364 de
1816 1335 1975 1372 Evessiam,
1996 1334 2136 1364 Escaetori
2151 1333 2199 1363 suo
2216 1333 2243 1362 in
2253 1326 2315 1362 Co·
2333 1333 2408 1364 Ann,
2423 1332 2462 1365 D.

1252 1410 1260 1440 l
1330 1376 1469 1405 mitatibus
1485 1374 1727 1413 Suthamptoniae,
1746 1373 1899 1412 Wilteliae,
1916 1374 2059 1411 Oxoniae,
2086 1374 2118 1404 ὅτ.
2133 1372 2241 1410 sserksi,
2265 1371 2314 1401 Sa-
2354 1372 2437 1413 1367.

1263 1419 1339 1443 sstem
2329 1416 2381 1439 Aa.
2423 1423 2444 1441 ι,

1290 1437 1370 1493 Ciiin
1390 1450 1535 1481 Dominus
1547 1451 1681 1482 Summus
1696 1450 1838 1489 Pontifex,
1846 1460 1936 1488 nuper
1951 1457 2065 1481 vacante
2081 1448 2259 1481 EcclesiaW
2280 1458 2313 1478 n·
2330 1454 2351 1476 Ε
2383 1423 2415 1486 ςῗ

1253 1490 1392 1530 tomenli,
1412 1499 1460 1527 per
1478 1489 1627 1528 Mortem,
1644 1492 1729 1520 bonae
1746 1490 1908 1527 memoriae,
1926 1488 2097 1526 Willielmi,
2127 1489 2218 1518 ultimi
2271 1488 2314 1525 pi·
2330 1493 2387 1516 Par.
2415 1497 2460 1523 41.

1255 1528 1332 1569 {copi
1352 1528 1409 1558 loci
1428 1527 1576 1566 praedicti,
1594 1529 1685 1558 eidem
1702 1527 1852 1564 Ecclesiae,
1869 1528 1905 1557 de
1931 1527 2102 1557 Reverendo
2125 1527 2214 1564 Viro,
2237 1526 2315 1555 Wil-
2330 1531 2358 1553 Ε.
2383 1536 2408 1562 3.

1251 1565 1351 1608 lielmo
1365 1566 1401 1596 de
1420 1566 1586 1605 Wykeharn
1601 1589 1611 1604 ,
1635 1566 1848 1596 Archidiacono
1874 1565 2035 1595 Lincolniae
2049 1587 2057 1602 ,
2083 1565 2252 1602 providerit,
2282 1566 2316 1595 &
2329 1571 2354 1602 p.
2378 1574 2403 1591 ι.

1252 1604 1343 1640 ipsum
1357 1606 1387 1634 in
1405 1603 1576 1642 Episcopum
1594 1603 1834 1644 Wyntoniensem
1851 1602 2007 1642 praefecerit
2028 1604 2060 1633 ὃς
2091 1601 2245 1639 Pastorem,
2263 1602 2314 1633 sic-
2332 1613 2368 1631 m.
2387 1611 2430 1633 19.

1252 1651 1285 1710 gt
1302 1652 1351 1711 pier
1368 1643 1478 1712 &iteras
1496 1643 1613 1711 {ullatas
1624 1643 1709 1711 sikpsius
1722 1642 1847 1672 Domini
1870 1641 1984 1672 Summi
2002 1640 2164 1678 Pontificis,
2182 1641 2264 1670 nobis
2272 1642 2316 1670 in-

1273 1691 1289 1710 e
1330 1691 1366 1711 ire
1399 1691 1425 1712 as
1463 1692 1503 1712 no
1526 1692 1546 1711 1s
1564 1691 1621 1712 con
1648 1690 1674 1711 at

1296 1719 1382 1758 Nos,
1401 1705 1453 1757 pri)
1471 1730 1507 1750 eo
1531 1720 1608 1759 quod
1635 1703 1786 1758 praedietus
1812 1717 1967 1756 Episcopus
1990 1717 2126 1747 omnibus
2150 1717 2184 1748 «Sc
2211 1716 2321 1756 singulis

1252 1759 1362 1794 verbis,
1381 1759 1480 1789 Nobis
1493 1760 1526 1790 δε
1545 1757 1674 1788 Coronae
1692 1758 1797 1788 nostrae
1817 1755 2065 1795 praejudicialibus,
2082 1757 2110 1785 in
2128 1756 2209 1786 dictis
2236 1755 2314 1786 Lite-

1255 1797 1291 1826 ris
1309 1796 1419 1827 Bullatis
1437 1798 1591 1835 contentis,
1610 1806 1708 1827 coram
1722 1797 1804 1826 nobis
1822 1796 1939 1835 sponte,
1955 1794 2062 1832 palam,
2081 1795 2114 1825 &
2133 1793 2256 1832 expresse
2272 1803 2317 1824 re-

1255 1837 1418 1872 nunciavit,
1438 1836 1470 1866 &
1487 1836 1594 1865 Gratiae
1608 1835 1712 1865 nostrae
1726 1835 1868 1864 humiliter
1883 1834 1909 1864 se
1931 1833 2072 1870 submisit,
2099 1833 2226 1863 volentes
2248 1841 2318 1863 cum

1255 1873 1360 1903 eodem
1376 1873 1521 1913 Episcopo
1533 1883 1617 1912 agere
1630 1875 1767 1912 gratiose,
1786 1873 1913 1911 cepimus
1936 1871 2110 1901 Fidelitatem
2137 1871 2220 1908 ipfius
2245 1869 2318 1910 Epi·

1253 1912 1384 1950 scopi,&
1395 1912 1473 1942 Tem
1496 1913 1578 1942 oralia
1594 1911 1777 1951 Episcopatus
1794 1910 2014 1951 praeditfti,cum
2030 1909 2316 1947 Pertinentiis,prout

1257 1953 1344 1980 moris
1355 1950 1414 1989 est,
1433 1961 1463 1980 re
1491 1952 1605 1980 ituimus
1620 1950 1730 1987 eidem,
2154 1981 2157 1983 ,

1291 1988 1330 2020 Et
1344 1989 1409 2020 ideo
1421 1990 1472 2019 tibi
1490 1990 1668 2027 praecipimus
1681 1988 1759 2026 quod
1775 1989 1867 2019 eidem
1881 1985 2028 2025 Episcopo
2041 1987 2139 2016 omnia
2151 1984 2313 2023 Tempora-

1253 2027 1289 2059 lia
1310 2026 1494 2067 Episcopatus
1513 2027 1657 2065 praedicti,
1675 2037 1742 2057 cum
1758 2026 1954 2064 Pertinentiis,
1971 2025 2001 2054 in
2017 2024 2120 2055 Balliva
2134 2033 2198 2063 tua,
2216 2025 2315 2055 liberes

1254 2067 1284 2096 in
1296 2064 1390 2096 forma
1401 2065 1542 2103 praedidia.

1294 2104 1384 2136 Teste
1402 2104 1486 2143 Rege
1504 2103 1578 2142 apud
1594 2103 1638 2135 W
1640 2102 1901 2142 estmonasterium,
1918 2101 2093 2133 duodecimo
2110 2101 2156 2133 die
2169 2101 2318 2133 Ofimbris.

1895 2161 1948 2189 Per
1962 2158 2044 2199 ipſscm
2058 2161 2163 2198 Regem.

1256 2237 1426 2273 Consimilis.
1439 2238 1537 2272 Brevia
1551 2239 1710 2311 dirigunssff
1732 2236 1926 2307 Escagtcfribus
1948 2235 2124 2277 subscriptis,
2145 2236 2195 2268 sub
2211 2237 2317 2269 eadem

1695 2286 1755 2316 ata,
1774 2288 1803 2308 vi
1823 2284 1919 2315 eicet,

1293 2353 1423 2397 Johanni
1440 2357 1472 2387 de
1486 2358 1554 2395 Tye,
1572 2355 1715 2386 Escaetori
1727 2356 1756 2384 iri
1776 2350 1970 2385 Comitatibus
1986 2351 2088 2384 Surriae
2112 2353 2145 2384 &
2172 2353 2317 2385 Suffexiaej

1292 2396 1419 2436 Johanni
1437 2397 1469 2425 de
1486 2395 1646 2435 Bekynton,
1671 2393 1811 2424 Escaetoti
1832 2395 1863 2423 in
1879 2392 2071 2423 Comitatibus
2094 2391 2269 2423 Somersetiae
2285 2394 2320 2424 &-

1364 2434 1447 2464 Dots
1457 2435 1512 2464 tiae.

1296 2444 1456 2512 *Johannie
1464 2472 1495 2502 de
1515 2469 1631 2512 Olneye,
1650 2469 1792 2502 Escaetori
1808 2470 1837 2500 in
1852 2468 2044 2500 Comitatibus
2058 2467 2127 2499 Beds
2144 2468 2178 2500 &
2201 2469 2281 2502 Buks.
2335 2465 2355 2487 ²¹⁸
2377 2466 2429 2496 VL

2330 2515 2397 2543 575·

1318 2548 1348 2579 T
1368 2548 1539 2579 Mandatum
1552 2547 1594 2578 est
1610 2546 1767 2585 Militibus,
1786 2546 1894 2577 Liberis
1907 2545 2103 2584 Hominibus,
2131 2546 2165 2576 δε
2186 2547 2321 2577 omnibus

1335 2588 1393 2617 aliis
1410 2587 1591 2617 Tenentibus
1606 2587 1641 2617 de
1656 2586 1826 2625 Episcopatu
1842 2585 1997 2623 praediCtO,
2020 2585 2099 2622 quod
2126 2584 2219 2615 eidem
2244 2585 2321 2615 Wil-

1260 2627 1360 2656 lielmo
1376 2626 1411 2656 de
1427 2624 1592 2665 Wykeham
1603 2647 1612 2662 ,
1630 2632 1762 2663 tanquam
1778 2623 1923 2662 Episcopo
1942 2623 1999 2653 loci
2022 2623 2169 2661 praediffi,
2192 2624 2225 2654 ὅτ
2257 2623 2324 2653 Do-

1262 2666 1345 2694 mino
1360 2664 1426 2701 suo,
1443 2665 1473 2693 in
1490 2665 1641 2700 omnibus,
1658 2673 1721 2702 quae
1737 2663 1770 2693 ad
1786 2662 1986 2702 Episcopatum
2000 2663 2156 2700 pertinent,
2174 2660 2326 2692 Intenden-

1262 2712 1303 2734 tes
1321 2703 1373 2732 sint
1393 2702 1426 2732 &
1442 2701 1665 2741 Respondentes.

1301 2739 1334 2770 In
1349 2741 1438 2779 cujus,
1458 2741 1519 2772 &c.

1338 2778 1426 2809 Teste
1442 2787 1474 2809 ut
1489 2778 1578 2818 iiipra.

1895 2814 1948 2845 Per
1962 2813 2043 2853 ipſson
2057 2816 2162 2852 Regem.

1262 2890 1528 2952 ET-Mandatum
1543 2893 1584 2924 est
1606 2892 1781 2937 Custodibus
1802 2891 2236 2939 Temporalium-Episcopatfis
2253 2897 2326 2936 prae}-

1325 2933 1415 2976 dieti,
1429 2943 1517 2972 nuper
1533 2942 1674 2977 vacantis,
1693 2932 1725 2962 δε
1741 2942 1776 2976 in.
1785 2931 1877 2974 Manu
1895 2931 1985 2975 Regis
1999 2929 2158 2975 existentis,
2184 2931 2264 2970 quod
2285 2941 2324 2961 ei-

1262 2971 1328 3016 dem
1344 2971 1486 3016 Epileopo
1502 2980 1598 3015 omnia
1612 2971 1794 3014 Temporalia
1808 2969 1992 3012 Episcopatus
2006 2969 2153 3013 praediiti,
2173 2978 2241 3013 cum
2258 2968 2326 3000 Per*

1263 3012 1386 3055 tinentiis
1394 3033 1411 3054 ².
1425 3020 1487 3048 quae
1505 3018 1533 3039 in
1548 3008 1686 3053 Custodia
1713 3009 1757 3039 sua
1780 3017 1814 3038 ex
1838 3006 2052 3051 Commiffione
2074 3008 2163 3046 Regis
2181 3007 2325 3052 esistunt,

1263 3049 1381 3093 liberent
1404 3059 1433 3078 in
1449 3051 1544 3092 forma
1559 3047 1708 3094 praedic‘ta·
1729 3047 1804 3076 salvo
1817 3045 1886 3084 Jute
1909 3045 2073 3089 cujussibet:
2091 3046 2150 3077 vult
2166 3055 2243 3076 enim
2261 3045 2326 3076 Rex

1261 3088 1335 3126 ipsos
1351 3085 1490 3117 Custodes
1506 3085 1573 3116 inde
1591 3096 1656 3124 erga
1670 3071 1762 3124 ipsum
1779 3085 1891 3123 Regem
1907 3093 2062 3115 exonerari.

1299 3125 1392 3157 Teste
1410 3134 1441 3156 ut
1461 3125 1549 3163 supra·
1927 3158 1981 3191 Per
1992 3159 2075 3200 iincm
2090 3162 2194 3198 Regem.

1573 3289 1632 3318 Pro
1656 3287 1772 3318 comite
1800 3284 1836 3319 de
1860 3284 2007 3331 Douglas.

1265 3375 1322 3430 R
1334 3373 1359 3404 E
1369 3372 1417 3411 X,
1435 3373 1495 3404 &c
1515 3370 1650 3402 Salutem,

1378 3411 1477 3442 Sciatis
1492 3410 1571 3448 quod
1587 3406 1755 3447 suscepimus
1770 3410 1800 3440 in
1823 3407 2039 3439 Protefflonem
2059 3405 2093 3436 δε
2115 3404 2321 3436 Defensionem
2337 3397 2415 3430 Ann.
2427 3399 2470 3433 D;

1264 3451 1408 3488 nostram,
1426 3459 1542 3480 necnon
1564 3449 1601 3478 in·
1614 3447 1719 3479 salvum
1742 3449 1775 3479 &
1796 3447 1925 3478 securum
1946 3445 2139 3475 Conductum
2160 3443 2292 3474 nostrum
2310 3467 2321 3482 ,
2358 3438 2443 3478 1367-

1261 3489 1455 3520 Willielmum
1468 3487 1619 3518 Comitem
1633 3486 1669 3516 de
1683 3486 1813 3525 Douglas
1826 3485 1861 3514 de
1874 3483 1990 3520 Scottis,
2006 3483 2150 3513 veniendo
2172 3482 2208 3512 de
2229 3482 2318 3513 Parti—
2337 3481 2390 3505 An.
2403 3488 2449 3514 4¹¹

1260 3527 1313 3558 bus
1326 3528 1432 3558 Scotiae
1447 3528 1477 3556 in
1490 3525 1628 3561 Regnum
1642 3524 1772 3555 nostrum
1788 3523 1960 3561 Angliae,&
1975 3520 2040 3551 alibi
2053 3521 2127 3552 infra
2143 3520 2318 3552 Dominium
2336 3519 2367 3542 E.
2389 3525 2414 3553 3-

1260 3566 1294 3596 &
1306 3565 1480 3597 Potestatem
1493 3557 1606 3601 nostra,
1624 3565 1682 3593 tam
1699 3564 1729 3593 in
1742 3561 1850 3597 Terra,
1866 3562 1951 3598 quam
1967 3560 1996 3588 in
2011 3558 2106 3598 Mari,
2132 3569 2201 3590 cum
2215 3558 2318 3598 Vigin-
2333 3558 2400 3582 scot.
2418 3558 2469 3593 413

1261 3605 1330 3638 ti&
1348 3605 1482 3643 Qatuor
1495 3602 1660 3641 Equitibus,
1679 3611 1732 3639 pro
1746 3599 1910 3640 quibusdam
1934 3600 2015 3628 certis
2034 3598 2172 3637 Negotiis
2191 3597 2244 3628 suis
2266 3599 2318 3629 ibi·
2336 3596 2366 3619 Ε·
2388 3601 2415 3628 3·

1260 3645 1327 3675 dem
1342 3641 1534 3682 expediendis,
1553 3640 1661 3670 ibidem
1676 3638 1834 3675 morando,
1853 3636 1887 3668 &
1902 3636 2005 3667 exinde
2019 3636 2055 3667 ad
2070 3638 2199 3675 propria,
2219 3636 2281 3675 vel,
2300 3637 2320 3667 fi
2337 3640 2373 3660 m·
2395 3641 2420 3660 ²-

1260 3682 1397 3720 voluerit,
1408 3680 1491 3748 smmi!
1504 3678 1605 3716 Mare,
1620 3687 1670 3717 per
1684 3677 1860 3708 Dominium
1876 3676 1909 3706 δε
1922 3674 2096 3706 Potestatem
2111 3673 2206 3705 nostra
2219 3675 2321 3713 praedi—

1262 3722 1309 3753 &a
1344 3727 1406 3750 tran
1418 3728 1472 3749 eun
1493 3727 1527 3747 o·

1298 3744 1337 3791 E't
1347 3759 1415 3789 ideo
1429 3756 1512 3787 vobis
1520 3740 1704 3793 ’mandamus,
1717 3752 1777 3789 &a
1788 3759 1870 3792 prout
1884 3755 1913 3782 in
1921 3751 2053 3791 fimilibus
2070 3752 2102 3781 de
2110 3751 2249 3782 Condud't'u
2265 3754 2318 3783 Li-

1263 3807 1338 3830 teris.

1298 3837 1333 3868 In
1348 3835 1444 3873 cujus,
1462 3833 1523 3864 &c
1542 3841 1591 3869 per
1607 3841 1697 3862 unum
1715 3829 1836 3862 Annum
1850 3830 2000 3861 duraturas.

1299 3873 1389 3907 Teste
1401 3872 1484 3911 Rege
1497 3871 1569 3910 apud
1585 3869 1857 3901 Westmonasterim
1870 3869 1985 3899 decimo
1998 3867 2078 3898 sexto
2092 3866 2138 3899 die
2152 3867 2302 3900 Octobris.

1752 4071 1806 4106 32
