2561 4251
170 145 251 186 ¹m

21 216 99 248 Anni
111 216 139 247 D
168 217 193 247 Ie
208 240 218 255 ,
243 227 272 248 es
292 216 364 247 Paiis
385 216 418 246 &
434 210 567 243 Marches
579 209 615 240 de
631 207 798 249 Lymosyn,
818 207 852 238 &
864 214 954 237 autres
968 203 1041 234 Paiis
1053 201 1167 239 illoeqes
1183 198 1232 260 ati-

45 255 128 296 1384.
168 257 286 294 jacentz.
671 289 676 294 .

22 297 73 324 Ric.
93 305 119 322 2.
210 297 252 323 Le
272 297 330 322 Sire
352 292 384 320 de
408 288 557 327 flltqyffi'den
571 311 580 324 ,
601 287 633 317 &
647 289 706 316 Stre
717 285 749 314 de
765 281 962 350 Mongarraut
974 279 1011 310 de
1025 279 1185 318 Peregorg,
1206 285 1235 306 es

165 331 238 364 Paiis
252 333 285 364 &
302 329 434 360 Marches
449 328 486 358 de
500 327 666 363 Peregorg,
685 325 718 355 δε
734 331 823 353 autres
860 321 906 350 aiis
920 319 1035 356 illoeqes
1048 318 1202 355 adjacenrz.

208 373 250 400 Le
272 372 328 398 Sire
348 368 381 396 de
398 370 506 396 Durare
524 367 557 397 ὃς
571 365 621 402 sen
635 366 782 398 Capitayne
797 360 830 388 de
841 362 917 388 Seint
932 357 1092 397 Lynerade,
1109 358 1233 391 Nompar

170 409 202 439 de
218 412 367 443 Caumont,
385 402 423 439 ὠ·
439 403 463 434 le
475 408 608 443 Capitayn
622 403 654 430 de
668 396 776 439 chastel
785 396 898 434 Cuillir,
917 406 945 426 es
962 396 1038 439 Paiis'
1049 395 1083 426 &
1099 393 1234 424 Marcbes

170 448 207 478 de
219 443 402 476 Thoulousan
440 443 618 480 d’Agenoys,
637 440 670 469 ὃῑ
685 447 774 472 autres
787 437 859 466 Paiis
870 435 936 466 illoe
959 446 985 466 es
995 435 1150 472 adjacentz,
1227 470 1233 475 ·

206 487 249 514 Le
271 481 384 521 Capita!
399 467 432 511 aie
453 481 548 518 Bugh,
568 477 606 512 ὠ
622 476 658 506 les
674 479 754 506 Mair
773 474 811 510 ὠ
826 445 980 514 εοηεβαῖίε
994 473 1025 502 de
1040 472 1189 509 Burdeux,
1205 478 1234 508 qt

169 532 222 561 pur
236 521 262 551 le
278 529 370 559 temps
382 520 506 558 serront,
527 528 555 549 es
570 516 643 548 Paiis
657 517 690 547 &
705 514 841 545 Marches
856 514 892 544 de
906 512 1066 550 Burdeloys.

364 647 439 678 ,Pro
457 640 639 690 Oghmundo
661 643 775 674 Barone
788 638 825 672 de
838 638 1017 685 Norwegia.

21 739 98 771 Ann,
115 738 154 770 D,
174 737 230 792 R
241 729 305 762 EX
328 729 480 762 Univerfis
493 730 526 760 &
540 727 653 764 singulis
664 724 908 768 Vicecomitibus,
925 724 986 755 &a
1005 720 1138 766 Salutem.
1177 754 1182 757 ἡ

40 780 122 817 1384,
271 770 368 800 Sciatis
383 769 482 806 quod,
500 767 536 797 de
550 766 650 796 Gratia
665 764 759 794 nostra
774 765 901 802 speci-ali,
919 762 1086 804 suscepimus
1109 769 1139 788 m
1161 757 1234 788 Pro-

18 821 60 846 An
87 818 113 845 8.
170 811 327 842 tectionem
341 808 374 839 ὃ(
391 806 597 839 Defensionem
611 803 720 834 nostras
736 803 881 840 speciales,
899 810 1012 831 necnon
1033 809 1062 828 1n
1076 798 1184 841 salvum
1197 798 1230 828 &

19 860 47 884 R.
66 866 90 883 2.
168 850 297 880 securum
326 846 518 879 Conductum
547 842 676 873 nostrum
691 865 700 880 ,
726 841 869 871 Nobilem
892 841 925 871 &
947 839 1099 869 Potentem
1125 835 1230 880 Virum

18 898 105 922 franc.
120 893 146 921 8,
166 885 355 925 Oghmundum
372 887 503 924 Fynnonis
522 882 649 912 Militem
667 881 699 911 ὃ(
715 879 854 911 Baronem
866 879 902 909 de
916 878 1023 916 Regno
1037 875 1093 905 No
1100 882 1232 914 rwegiae‚

17 937 46 961 R⁴
68 943 82 960 2
115 942 150 960 m.
169 929 204 959 &
219 932 431 965 quemcumque
452 923 539 952 alium
563 928 596 950 ex
616 929 693 958 parte
713 919 794 956 ipsius
801 941 810 957 ‚
828 919 856 947 in
873 917 1010 946 Reonum
1025 914 1156 958 nostrum
1171 914 1234 944 An-

20 980 64 1000 ao.
88 956 94 961 ’
171 966 235 1006 giiae
258 963 399 994 veniendo
413 987 422 1000 ,
448 963 476 991 in
497 971 532 990 eo
551 959 710 995 morando,
727 959 760 988 &
780 956 880 1001 eitinde
895 940 939 985 ad²
944 963 1058 999 propria
1070 951 1233 996 redeundo,

172 1014 242 1036 curn
259 1002 454 1041 Qadraginta
476 998 625 1067 Equitibsus
639 1021 648 1036 ,
668 995 878 1033 Familiaribus,
896 993 1002 1032 Equis,
1020 991 1181 1029 Hernesns,
1198 991 1231 1021 &

226 1041 307 1072 nibus
324 1040 408 1071 Bonis
423 1040 455 1070 &
469 1038 567 1068 Rebus
594 1038 649 1067 uis·

171 1053 242 1112 onlllt
254 1079 321 1110 ideo
336 1079 420 1109 vobis
433 1079 465 1108 &
480 1076 595 1107 cuilibet
608 1060 737 1106 ve'strarn
750 1071 867 1103 firmiter
881 1071 1053 1110 injungimus
1068 1069 1102 1101 &
1119 1067 1233 1098 manda-

171 1131 235 1152 mus
244 1143 253 1156 ,
272 1117 331 1152 &a
350 1124 382 1147 ut
396 1121 425 1145 in
440 1118 544 1146 Literis
558 1115 590 1144 de
603 1113 748 1144 Conduffiu.

210 1157 244 1189 In
259 1157 354 1194 cujus,
372 1155 431 1186 ὅτε.
450 1164 500 1192 per
515 1163 605 1183 unum
623 1153 739 1182 Annum
753 1149 904 1180 duraturas.
1142 1185 1147 1191 ,

247 1194 338 1225 Teste
350 1193 434 1234 Rege
444 1192 519 1232 apud
533 1189 804 1232 Wstmonasterium‚
824 1189 909 1220 tertio
921 1186 967 1218 die
978 1184 1171 1217 Novembris.

851 1267 906 1297 Per
922 1263 1005 1304 ipficm
1019 1265 1125 1301 Regem.

403 1396 461 1428 Pro
478 1389 638 1426 Fratribus
658 1391 806 1436 Qatuor
823 1388 990 1424 Ordinum.

20 1497 48 1529 Α
70 1507 89 1527 n
110 1496 139 1527 D
174 1481 305 1541 REX
332 1478 482 1511 Universis
495 1479 528 1510 &
544 1469 655 1515 singulis
671 1472 915 1514 Vicecomitibus,
935 1477 997 1507 δίε.
1017 1475 1155 1507 Salutem.

51 1508 102 1566 ⁹¹.ss
143 1520 149 1527 ‘
270 1520 460 1551 Intelleximus
476 1517 591 1556 qualiter
607 1516 707 1553 aliquae
723 1513 872 1553 Personae,
889 1515 924 1545 de
938 1515 1043 1554 Regno
1059 1514 1176 1552 nostro,
1190 1522 1237 1548 per

19 1546 133 1604 A1'54‘
171 1560 382 1598 instigationem
406 1556 528 1595 Maligni
547 1553 668 1593 Spiritus
683 1577 693 1592 ,
718 1563 751 1584 ac
775 1563 825 1591 per
840 1553 982 1584 Malitiam
999 1555 1031 1585 δε
1048 1552 1158 1584 Malam
1175 1551 1238 1582 Vo-

19 1588 72 1642 Ra.
103 1599 108 1603 '
172 1600 325 1635 luntatem,
340 1597 447 1627 faciunt
470 1597 502 1626 ὅ(
525 1595 612 1624 indies
629 1593 722 1623 facere
737 1593 862 1623 nituntur
875 1592 1067 1630 Gravamina,
1084 1591 1238 1629 Dampna,

19 1624 110 1680 Patz'g
173 1639 206 1669 &
229 1636 364 1668 Scandala
377 1659 386 1672 ,
407 1634 516 1664 dileffls
535 1633 617 1662 nobis
639 1633 667 1661 in
681 1629 820 1668 Christo,
840 1630 989 1670 Religiosis
1004 1630 1137 1669 Quatuor
1154 1631 1238 1659 Ordi-

18 1695 39 1719 Β
59 1675 77 1718 2‘
94 1674 140 1728 p‘,
175 1688 239 1706 num
261 1675 477 1704 Mendicantium
492 1695 501 1710 ‚
520 1672 552 1702 ὅτ.
568 1670 719 1711 specialiter
732 1669 869 1700 Fratribus
880 1670 916 1700 de
932 1669 1045 1700 Ordine
1063 1669 1237 1700 Praedicato-

44 1712 49 1717 ’
79 1712 84 1717 ’
151 1712 155 1717 ’
176 1725 241 1746 rum
256 1716 289 1746 &
306 1712 458 1743 Minotum

20 1739 56 1757 m'
82 1740 123 1758 ἰ’
215 1754 353 1784 Dicentes
374 1750 452 1788 quod
469 1734 523 1786 ’ipsi
544 1750 604 1778 sunt
624 1746 697 1777 male
718 1745 826 1776 fundati
841 1769 851 1785 ,
875 1747 909 1778 &
924 1746 1058 1778 facientes
1075 1746 1191 1777 sinistras
1205 1747 1239 1777 &

21 1807 38 1824 ο
60 1807 117 1834 vn
179 1793 264 1823 malas
278 1793 296 1811 ²*
314 1789 557 1827 Interpretationes
571 1786 791 1823 Priviiegiorum
806 1786 839 1815 &
854 1784 1016 1815 Gratiarum
1058 1796 1100 1815 uae
1115 1787 1154 1815 eis
1168 1795 1240 1815 con-

19 1845 75 1882 448
122 1827 130 1835 ‘
181 1831 264 1862 ceffae
278 1830 311 1860 &
326 1828 407 1858 faetae
419 1827 530 1857 fuerunt
546 1835 594 1864 per
615 1826 711 1854 beatos
727 1823 881 1861 Apostolos
895 1846 905 1862 ,
923 1824 1036 1854 Sanetae
1084 1823 1241 1855 ecordatio-

178 1872 239 1907 nis,
259 1870 292 1900 &
309 1877 356 1905 per
373 1866 573 1904 Progenitoret
586 1862 697 1893 nostros
710 1861 857 1900 quondam
873 1862 967 1900 Reges
981 1862 1109 1901 Angliae,

214 1907 370 1938 Moventes
391 1904 529 1945 populum
550 1901 682 1933 nostrum
696 1924 705 1938 ,
731 1902 759 1930 in
774 1909 885 1938 aperr0,
902 1901 935 1931 &
949 1903 978 1931 in
994 1901 1122 1940 secretis,
1141 1910 1242 1932 contra

175 1958 224 1978 eos
247 1946 281 1976 ad
304 1943 518 1975 Destruendum
542 1941 658 1971 Domos
679 1940 823 1970 diastorum
847 1939 992 1977 Fratrum,
1011 1950 1044 1970 ac
1058 1940 1240 1971 dilacerando

173 1984 323 2024 aliquando
338 1982 461 2012 Habitus
475 1989 577 2011 eorum
592 1981 670 2015 super
687 1989 736 2008 eos
746 2002 755 2017 ,
774 1980 806 2008 &
821 1977 928 2016 aliquos
944 1988 1046 2008 eorum
1063 1980 1241 2009 verberando

172 2026 206 2058 &
230 2024 301 2054 male
323 2020 468 2052 tractando
485 2044 494 2056 ,
514 2028 614 2049 contra
629 2017 733 2048 Pacem
750 2016 893 2054 nostram,
913 2018 941 2046 in
955 2016 1088 2048 Dedecus
1102 2019 1135 2048 &
1153 2018 1243 2048 Vere-

173 2063 308 2097 cundiam
320 2061 444 2098 ipsorum
461 2058 588 2089 Fratrum
602 2079 611 2094 ,
638 2058 671 2087 δε
694 2058 722 2085 in
746 2055 877 2085 Honoris
893 2055 950 2086 Dei
965 2058 998 2087 ὅ(
1012 2056 1125 2087 δαηὲὶεε
1140 2057 1243 2087 Eccle-

174 2103 221 2133 siae
248 2101 281 2132 δε
308 2099 476 2129 Animarum
498 2094 658 2134 hujusmodi
684 2094 910 2132 perpetrantium
935 2096 1095 2133 periculum
1116 2097 1243 2126 immen-

175 2143 235 2173 sum

210 2164 265 2210 U’n
277 2179 302 2209 ie
317 2178 470 2209 maximam
484 2175 620 2206 habemus
636 2173 839 2212 displicentiam
849 2197 859 2211 ,

210 2217 267 2248 Per
284 2218 361 2255 quod
376 2215 408 2246 N
412 2226 458 2253 os,

209 2256 346 2287 Volentes
362 2254 442 2293 quod
457 2252 526 2283 dieti
542 2252 649 2282 Fratres
659 2274 668 2289 ,
686 2252 734 2290 qui
749 2250 811 2280 sunt
829 2249 965 2281 Oratores
981 2250 1078 2282 assidui
1091 2261 1145 2290 pro
1159 2252 1240 2284 Statu

173 2296 270 2326 nostro
285 2296 317 2326 &
333 2296 417 2325 totius
432 2291 529 2331 Regni
543 2291 649 2328 nostri,
669 2291 697 2319 in
711 2299 814 2319 eorum
828 2289 905 2319 Statu
921 2292 954 2321 &
977 2287 1121 2321 Gradibus
1142 2291 1241 2322 custo-

172 2335 282 2364 diantur
294 2335 326 2364 ὅ(
342 2332 525 2363 sustententur
535 2354 543 2367 ,
562 2331 594 2361 ὃ(
609 2328 690 2368 quod
704 2327 851 2366 Privilegia
867 2327 910 2358 sua
926 2329 1060 2366 praedicta
1074 2332 1107 2361 &
1131 2329 1240 2361 Gratiae

174 2375 213 2404 eis
229 2373 365 2404 salventur
379 2371 476 2408 illaesa,
947 2406 951 2411 ·

214 2412 390 2445 Suscepimus
411 2410 504 2439 dictos
525 2406 634 2437 Fratres
648 2429 658 2444 ,
681 2406 713 2436 &
731 2405 863 2444 Qatuor
879 2404 1003 2447 Ordines
1017 2406 1187 2446 praedietos,
1205 2410 1239 2441 ὃς

174 2460 275 2480 eorum
293 2450 425 2486 Domos,
445 2447 606 2483 privilegia,
625 2446 657 2476 ὃ(
673 2444 800 2480 Gratiis,
821 2446 858 2475 eis
879 2445 1013 2475 concessa
1031 2448 1063 2477 &
1080 2447 1168 2485 facta,
1189 2447 1240 2478 fic-

176 2498 207 2519 ut
229 2489 397 2525 prrediciuzn
420 2486 476 2524 est,
501 2487 529 2515 in
545 2482 761 2515 protectionem
777 2484 810 2514 ὅ(
833 2482 1040 2515 Defeniionem
1057 2485 1163 2516 nostras
1179 2487 1239 2524 spe-

178 2527 258 2558 ciale-s

213 2549 356 2595 No’ientes
375 2563 455 2602 quod
476 2563 566 2601 aliqua
587 2561 729 2591 Violenria
745 2583 754 2598 ,
782 2559 957 2591 Gravamina
971 2585 980 2598 ,
1006 2561 1140 2600 Dampna
1156 2586 1165 2601 ,
1193 2564 1239 2594 vel

176 2604 315 2635 Scandala
334 2603 371 2631 eis
393 2602 457 2631 fiant
479 2611 526 2640 per
548 2601 655 2637 aliquos
667 2600 853 2629 Subditorum
869 2599 1047 2638 nostrorum,
1067 2611 1165 2632 contra
1183 2602 1239 2633 Le-

176 2650 243 2681 gem
268 2643 302 2672 &
325 2640 479 2670 Rationem
495 2662 504 2676 ,
534 2638 571 2668 set
587 2638 684 2675 quod,
702 2639 742 2667 ob
759 2636 962 2667 Reverentiam
979 2638 1054 2677 Dei,
1073 2640 1158 2670 iidem
1173 2641 1239 2672 Fra-

177 2689 231 2712 tres
243 2679 428 2712 amicabiliter
442 2678 611 2713 tractentur,
629 2685 711 2713 prout
728 2678 846 2712 pertinet
862 2675 895 2705 ad
912 2676 994 2707 Viros
1010 2678 1187 2716 Religioios,

217 2719 353 2750 Volentes
365 2716 462 2755 quod,
482 2716 500 2746 fi
517 2715 601 2752 aliqui
613 2715 788 2743 inveniantur
804 2713 884 2743 dietis
905 2714 1044 2746 Fratribus
1068 2717 1240 2749 violentiam

177 2758 332 2798 facientes,
348 2756 392 2785 vel
416 2763 515 2785 contra
538 2763 587 2783 eos
601 2751 726 2781 indebite
744 2752 900 2789 capientes,
919 2753 999 2789 quod
1013 2763 1080 2785 tunc
1093 2756 1163 2786 dieti
1176 2757 1244 2787 Ma-

175 2797 323 2829 retiatores
336 2795 484 2833 puniantur
497 2793 530 2823 &
543 2790 715 2828 castigentur
727 2814 736 2827 ,
755 2800 784 2820 ut
801 2790 862 2820 Lex
876 2792 1006 2827 requirit:

215 2835 253 2867 Et
266 2834 332 2865 ideo
346 2834 428 2863 vobis
446 2831 617 2862 Mandamus
633 2830 714 2867 quod
729 2828 822 2859 dictos
839 2829 961 2866 Fratres,
982 2831 1013 2859 &c
1033 2832 1166 2870 Qiatuor
1182 2832 1242 2863 Or-

177 2874 254 2904 dines
269 2872 434 2912 praedictos,
455 2869 653 2904 amicabiliter,
672 2877 758 2905 prout
780 2867 814 2897 ad
828 2867 911 2898 Viros
928 2868 1085 2907 Religiolos
1102 2872 1242 2910 pertinet,

178 2912 368 2952 perimeretis,
384 2912 416 2940 &
434 2917 535 2940 eorum
554 2908 686 2943 Domos,
704 2905 816 2948 Gratias
829 2908 861 2937 &
877 2906 1025 2946 Privilegia
1042 2931 1051 2945 ,
1070 2909 1107 2938 eis
1120 2918 1241 2939 conces-

178 2953 222 2989 (a,
243 2950 466 2986 Manuteneatis,
483 2947 656 2985 protegatis,
673 2946 706 2976 &
723 2944 907 2983 Derendatis,
926 2944 985 2980 &a
1004 2953 1036 2976 ut
1048 2950 1077 2976 in
1092 2949 1197 2977 Literis
1209 2949 1241 2979 de

177 2987 400 3020 Protefflonibus.

217 3028 251 3060 In
265 3037 358 3063 cuius,
377 3025 438 3055 &c.
460 3023 593 3061 quamdiu
608 3023 690 3052 nobis
707 3022 842 3058 placuerit
856 3021 1007 3053 duraturas.

251 3065 343 3097 Teste
357 3064 440 3103 Rege
454 3061 528 3101 apud
545 3059 822 3100 Wstmonasterium,
842 3070 942 3099 quarto
957 3062 1002 3092 die
1018 3061 1211 3094 Novembris.

674 3139 727 3167 Per
742 3136 846 3167 Billam
859 3137 890 3168 de
904 3140 1024 3169 Privato
1037 3138 1136 3177 Sigillo.

226 3290 276 3321 De
305 3284 453 3320 Rovardo
469 3311 479 3327 ‚
511 3285 619 3317 Patriae
638 3281 783 3363 Ι-Ἱιτὲἅνὶι
802 3285 839 3320 (θ’
866 3285 900 3316 V
902 3284 954 3316 ills
969 3283 1005 3317 de
1025 3282 1192 3326 Gandauo,

635 3336 799 3374 consituto.

26 3425 103 3456 Arm,
118 3426 158 3457 D.
183 3418 315 3477 REX
341 3418 462 3450 Diletsto
482 3417 514 3448 ὃ(
537 3417 626 3449 Fideli
649 3415 746 3446 nostro
762 3438 772 3454 ,
796 3415 925 3454 Johanni
946 3415 1117 3456 Bourghcher
1131 3440 1141 3455 ‚
1159 3414 1240 3447 Salu-
1276 3412 1293 3451 J

27 3465 140 3531 ,41113324‘
217 3467 506 3527 Critenmhodiernidie
527 3494 694 3525 ΡΑτκῐΑ
722 3492 976 3531 FLANDRIAE,

28 3544 57 3567 R.
82 3551 108 3568 ι.
218 3535 387 3573 QUAEDE
409 3534 979 3564 NonrstnSUPER10R17·ATE
1006 3538 1237 3568 TENETUR,

27 3580 114 3605 franc.
132 3579 157 3606 8.
180 3581 209 3603 ur
229 3574 264 3603 ad
298 3579 504 3602 NOSTRAM
537 3570 755 3603 CORONAM
791 3578 840 3600 ET
872 3569 1030 3601 REGN'U
1044 3578 1070 3601 M
1100 3570 1237 3600 Fnan-

27 3619 56 3642 R.
67 3626 91 3644 2.
104 3627 141 3645 m.
180 3619 256 3641 c1AE
280 3621 330 3642 RE
341 3621 414 3641 SOR
425 3618 555 3639 Tizan
566 3619 578 3639 s
594 3633 603 3648 ,
629 3621 692 3648 quse
713 3610 797 3639 etiam
814 3609 907 3638 multis
921 3609 1005 3637 bonis
1021 3608 1101 3638 Villis
1115 3608 1148 3638 δε
1162 3607 1238 3637 Ter-

36 3661 63 3679 2.
181 3650 297 3687 ritoriis‚
314 3660 346 3679 ac
360 3648 554 3688 populorum,
573 3649 631 3678 tam
648 3648 824 3683 Nobilium,
843 3649 931 3684 quam
943 3647 1079 3684 aliorum,
1099 3655 1237 3676 nurnero-

180 3686 254 3716 {itate
266 3687 376 3718 dudum
390 3687 496 3724 fulgere
509 3686 613 3716 solebat
628 3687 743 3723 insignis
758 3685 830 3715 adeo
840 3708 849 3722 ,

217 3724 269 3753 Per
290 3727 403 3755 obitum
426 3726 458 3755 ὃς
479 3724 623 3754 decessum
640 3749 648 3760 ,
673 3725 759 3754 bonae
774 3724 937 3760 memori-ae,
956 3722 1120 3760 quondam,
1139 3721 1235 3751 dilecti

179 3760 386 3800 consanguinei
407 3762 519 3800 nostri,
545 3763 678 3792 Ludovici
702 3760 876 3801 Namurenfis
888 3786 898 3798 ,
923 3760 1050 3791 Comitis
1070 3759 1208 3790 Flandriae
1223 3782 1234 3797 ‚

178 3799 304 3830 defuncti
325 3802 414 3836 (cujus
431 3801 535 3831 Anima
551 3802 580 3830 in
595 3800 669 3831 Pace
682 3800 844 3838 requiescat)
862 3799 892 3829 lit
909 3799 943 3829 ad
958 3799 1075 3837 praesens
1094 3798 1233 3829 Comitali

178 3837 392 3868 Gubernatione
405 3838 549 3876 destituta,

215 3874 284 3904 Nec
298 3876 440 3905 evidenter
454 3885 567 3914 apparet
584 3876 662 3913 quod
677 3898 686 3914 ,
716 3874 780 3913 post
802 3875 883 3912 ipsius
905 3876 1037 3913 obitum,
1057 3874 1118 3905 suus
1129 3873 1232 3904 Haeres

178 3913 313 3943 haetenus
325 3913 351 3942 se
364 3914 494 3949 optulerit
509 3915 553 3945 vel
568 3914 671 3944 offerat
685 3938 693 3948 ,
718 3914 896 3951 Homagium
914 3915 994 3943 nobis
1009 3913 1126 3949 exinde,
1147 3922 1231 3949 prout

173 3950 237 3989 Juri
258 3952 419 3988 convenit,
441 3961 573 3989 tanquam
595 3952 645 3982 suo
667 3951 802 3982 Domino
824 3953 856 3982 &
880 3951 1004 3989 Principi
1019 3952 1170 3988 superiori,
1190 3951 1231 3980 fa-

174 3990 285 4025 ἂυϊυς,
305 3989 352 4025 qui
369 3988 459 4018 sumus
473 4013 482 4025 ,
507 3990 540 4019 &
562 3990 670 4026 semper
685 3991 805 4025 fuimus,
825 3991 856 4019 ἃ
872 3991 992 4026 erimus,
1009 3990 1096 4027 parati
1109 3989 1143 4018 ad
1157 3990 1230 4018 reci-

174 4026 310 4065 piendum
326 4025 417 4064 ipsum
436 4026 592 4058 Haeredem
611 4028 646 4059 ad
665 4027 826 4066 hujusmodi
839 4026 1004 4059 Comitatus
1016 4028 1146 4059 debitum
1161 4027 1230 4058 Ho-

625 110 1435 165 coNVENTloNEQ

1491 111 1880 166 LtTERAE‚

1269 197 1411 265 magum,
1429 206 1498 228 cum
1515 198 1609 229 debita
1622 198 1842 231 Praeservatione
1855 194 2022 231 nostrorum
2034 199 2146 240 jurium
2159 198 2192 231 &
2207 198 2339 236 suorum,
2354 197 2428 268 Αῐιιςἓξ
2441 197 2485 228 D.

1349 245 1369 265 0
1382 245 1437 273 que
1445 259 1455 274 ,
2374 245 2387 265 1
2452 259 2459 267 ·

1310 271 1530 304 Coniiderantes
1546 283 1660 313 magnas
1671 285 1704 305 ac
1720 284 1819 314 graves
1833 275 2062 314 Controversias,
2081 278 2115 308 &
2130 277 2268 314 Guerras,
2286 274 2339 305 ΑΙ4
2354 245 2407 304 Ric3.
2422 246 2451 303 ἒ.

1273 313 1458 351 tercationes,
1479 312 1621 352 Duritias,
1641 313 1858 345 Destrufflones
1873 337 1882 350 ,
1907 314 1941 344 &
1955 313 2168 346 Devastationes
2180 315 2319 346 Villarurn
2329 333 2339 352 ,

1273 348 1453 393 &palorum
1468 376 1478 390 ,
1503 354 1536 383 ὃς
1558 352 1673 383 Rerum
1695 353 1818 391 ejusdem
1841 352 1960 390 Patriae,
1977 353 2082 383 cotidie
2099 355 2203 392 (proch
2221 354 2306 384 dolor
2314 352 2335 390 Ξ)

1273 389 1472 420 invalescentes
1480 413 1489 427 ,

1311 426 1348 457 Et
1363 430 1508 466 praecipue
1524 428 1582 458 dira
1597 428 1774 460 Guerrarum
1790 429 2070 461 &Destrucstionum
2078 429 2250 461 Discrimina
2264 439 2338 461 con-

1273 472 1322 508 tra*
1329 465 1435 497 Villam
1451 467 1578 498 nostram
1592 467 1828 507 Gandavensem,
1846 478 1932 506 quarn
1946 467 2104 498 affectuose
2116 469 2337 507 diligimus,per

1273 508 1356 545 ipnus
1370 504 1506 536 AEmulos
1522 515 1690 545 praeparata,
1708 509 1765 546 ejus
1777 508 1894 539 obviare
1915 506 2079 546 Dispendiis
2098 516 2132 538 ac
2145 506 2337 539 Incommoda

1276 546 1399 610 resecare
1412 544 1535 575 corditer
1549 545 1729 584 affeetantes,

1341 592 1374 612 os
1383 605 1392 620 ,

1312 618 1362 649 De
1373 621 1451 658 cujus
1464 619 1626 665 Probitate,
1644 621 1799 662 Legalitate
1813 646 1822 661 ,
1839 622 2106 662 Circumspeiiione
2121 646 2130 662 ‚
2156 622 2189 653 &
2203 620 2340 654 Industria

1274 656 1359 697 plene
1374 659 1564 698 confidimus,

1322 696 1583 729 REWARDUM
1615 707 1668 729 ΕΤ
1701 708 1895 732 FIDELEM
1931 708 2140 731 NOSTRUM
2175 699 2340 731 PRAEco-

1276 743 1299 765 N
1311 745 1329 766 Ε
1339 745 1366 766 Μ
1391 737 1511 775 ejusdem
1532 737 1631 768 Patriae
1647 737 1785 768 Flandriae
1801 761 1811 776 ,
1833 739 1865 777 δε
1881 739 2021 777 praecipue
2033 738 2117 770 diCtae
2137 739 2218 769 Villae
2232 737 2341 769 nostrae

1275 773 1468 806 Gandavensis
1483 799 1492 814 ,
1515 776 1694 808 Auctoritate
1714 776 1813 807 nostra
1831 776 1925 816 Regi-a
1943 777 2077 814 superiori
2092 800 2101 814 ,
2118 777 2177 808 ΤΑ
2187 786 2209 807 Ν
2220 785 2269 815 Q]
2281 784 2338 807 ΑΜ

1278 821 1414 845 IPSIUS
1441 814 1618 846 PATRIAE
1641 815 1878 846 FLANDRIAE
1906 815 2118 846 PR1NcEPs
2146 816 2178 846 &
2202 815 2337 846 Domi-

1277 858 1333 895 Nb
1345 861 1357 882 s
1382 853 1401 883 S
1410 863 1432 884 U
1444 862 1461 883 Ρ
1473 863 1489 884 E
1500 863 1521 884 R
1531 863 1542 883 1
1551 864 1571 884 o
1582 864 1602 885 R
1611 880 1621 893 ,
1640 853 1863 893 Constituimus,
1882 853 2037 892 creamus,
2057 853 2235 892 Deptltamus
2278 854 2338 884 Or-

1275 890 1420 930 dinamus,
1440 893 1473 923 &
1489 892 1619 924 Facimus
1635 902 1683 929 per
1698 893 1851 924 Praesentes
1883 895 1911 922 in
1925 893 2059 923 omnibus
2073 893 2106 923 δε
2122 892 2231 931 singulis
2243 878 2340 923 Gauiis

1276 929 1310 973 ὃς
1335 929 1470 970 Negotiis
1483 954 1492 970 ,
1518 932 1603 962 dist-e
1628 931 1730 962 Patriae
1751 933 1784 963 ὃς
1808 916 1892 962 Viliae
1908 931 2118 969 Gandavensis,
2136 931 2286 968 diligenter
2298 931 2340 961 fa-

1276 968 1383 1000 ciendo
1404 971 1422 988 ²⁸
1443 979 1472 1000 ut
1486 970 1519 999 ad
1534 970 1640 1000 dietam
1656 972 1793 1007 pertinere
1805 970 1960 1001 dinoscitur
1974 969 2246 1008 Communitatem3

1278 1044 1284 1050 ⁶
1317 1005 1424 1038 Dantes
1446 1009 1479 1039 ὃς
1502 1007 1692 1039 Conferentes
1712 1009 1794 1039 vobis
1808 1032 1818 1046 ,
1842 1018 1975 1046 tanquam
2002 1007 2027 1039 V
2037 1018 2097 1039 lei:
2109 1018 2121 1039 s
2147 1017 2168 1038 N
2179 1018 2198 1039 o
2208 1017 2221 1039 s
2231 1016 2254 1038 τ
2264 1016 2288 1038 R
2299 1018 2320 1038 Α
2330 1017 2342 1039 s

1275 1052 1305 1073 in
1327 1045 1381 1076 hac
1401 1055 1477 1084 parte
1499 1056 1521 1076 G
1532 1056 1550 1078 E
1562 1056 1585 1077 R
1595 1056 1613 1077 E
1625 1055 1678 1076 ΝΤ
1688 1056 1699 1077 1
1716 1069 1725 1085 ,
1752 1048 1863 1085 plenam
1879 1047 2052 1078 Potestatem
2067 1071 2076 1085 ‚
2096 1047 2270 1078 Libertatem
2281 1069 2291 1085 ,
2305 1048 2340 1078 &

1276 1082 1503 1123 Auetoriratem,
1522 1087 1656 1125 integram
1669 1095 1701 1116 ac
1714 1086 1854 1123 securam,
1871 1085 1977 1116 dietam
1993 1086 2114 1116 Patriam
2130 1109 2139 1124 ,
2156 1086 2189 1117 &
2204 1085 2342 1124 specialis-

1277 1120 1348 1153 fime
1372 1123 1478 1154 dic‘tam
1502 1123 1604 1155 Villam
1624 1124 1750 1155 nostram
1773 1123 1991 1155 Gandavensem
2005 1147 2016 1163 ,
2039 1134 2108 1155 curn
2129 1125 2340 1156 Territorio&

1276 1158 1456 1192 Pertinentiis
1469 1163 1607 1201 ejusdem,
1625 1163 1674 1194 sub
1691 1162 1831 1201 Legibus,
1852 1161 2111 1194 Consuetudinibus
2123 1185 2135 1205 ²
2155 1162 2339 1203 &Judiciis,

1277 1198 1415 1231 haetenus
1429 1202 1535 1231 ibidem
1553 1202 1653 1233 usitatis
1663 1226 1672 1240 ,
1694 1202 1843 1240 Regendi,

1315 1238 1434 1269 Ballivos
1467 1241 1621 1278 Scabinos,
1641 1240 1818 1278 jurisperitos
1833 1263 1841 1279 ‚
1858 1241 1891 1272 δε
1913 1240 2108 1279 quoscumque
2125 1240 2195 1271 alios
2210 1239 2341 1279 Justicia-

1277 1277 1334 1321 rios
1350 1302 1359 1316 ,
1386 1263 1550 1310 Officiarios
1565 1304 1574 1317 ,
1602 1281 1636 1311 &
1659 1278 1818 1309 Servientes
1839 1281 1931 1317 inibi,
1959 1280 2009 1310 sub
2023 1281 2123 1317 vobis,
2145 1280 2178 1311 &
2194 1280 2298 1317 ubique
2310 1280 2342 1309 in

1276 1315 1352 1346 dieta
1368 1316 1459 1348 Patria
1474 1318 1496 1348 F
1498 1318 1610 1348 landriae
1623 1340 1633 1356 ,
1658 1318 1691 1348 ὃ(
1708 1318 1735 1347 in
1753 1317 1904 1348 Universis
1919 1318 2064 1349 Dominiis
2078 1317 2344 1355 FeodalibusJuris-

1276 1353 1450 1386 dictionibus
1463 1358 1605 1395 ejusdem,
1620 1358 1696 1394 juxta
1712 1355 1940 1387 Consuetudines
1956 1357 1989 1388 &
2005 1356 2211 1395 Dispositiones
2230 1354 2346 1394 cujussi-

1277 1393 1325 1423 bet
1348 1393 1430 1425 Villae
1443 1419 1452 1433 ,
1477 1395 1654 1426 Castellaniae
1669 1419 1678 1433 ,
1703 1396 1737 1425 δε
1759 1394 1911 1425 Territorii
1934 1395 2077 1433 praedi&ae
2096 1395 2198 1426 Patriae
2220 1394 2346 1432 (servatis

1277 1432 1385 1470 semper
1406 1435 1575 1464 eorumdem
1598 1434 1753 1472 Privilegiis
1767 1458 1777 1471 ,
1802 1433 1942 1473 Legibus,
1961 1434 1994 1464 &
2009 1434 2209 1469 Libertatibus)
2224 1432 2346 1464 Consti-

1277 1472 1391 1510 tuendi,
1411 1472 1590 1510 Ordinandi,
1610 1474 1642 1504 ὃς
1657 1472 1838 1511 Deputandi,
1855 1472 2025 1510 eosdemque
2040 1473 2210 1504 Revocandi
2228 1472 2262 1504 &
2284 1471 2347 1502 Re-

1277 1508 1478 1549 substituendi,
1496 1522 1564 1542 cum
1575 1511 1744 1549 juramentis
1759 1511 1792 1541 &
1807 1511 2055 1549 Solempniratibus
2071 1513 2099 1541 in
2113 1512 2212 1542 talibus
2227 1510 2346 1541 consue-

1277 1549 1326 1586 tis,
1342 1551 1446 1579 totiens
1462 1553 1591 1588 quotiens
1606 1550 1688 1580 vobis
1702 1550 1844 1580 videbitur
1860 1550 2046 1580 neceffarium
2060 1550 2105 1580 seu
2118 1558 2316 1588 oportunum,

1315 1587 1459 1627 Homagia
1481 1589 1513 1618 &
1531 1590 1599 1628 Jura
1618 1589 1748 1619 Feodalia
1763 1611 1773 1626 ,
1791 1598 1858 1619 cum
1871 1588 1937 1618 Oris
1952 1588 2078 1627 Osculo,
2096 1590 2214 1620 nomine
2229 1587 2346 1627 nostro,

1279 1635 1294 1655 a
1310 1626 1553 1666 quibuscumque,
1571 1626 1766 1665 Temporibus
1778 1628 1943 1665 oportunis,
1960 1626 2147 1666 Recipiendi,

1319 1664 1357 1695 Er
1380 1667 1478 1696 omnia
1502 1668 1533 1696 δε
1557 1666 1664 1702 singula
1686 1666 1819 1696 Faciendi
1839 1666 1871 1696 ὃ(
1887 1665 2065 1696 Excercendi
2080 1676 2145 1704 quae
2160 1665 2346 1696 verisimiliter

1280 1702 1406 1745 speciant
1421 1704 1455 1734 ad
1473 1704 1636 1742 Praemissa,
1652 1704 1764 1742 donec,
1783 1714 1831 1742 per
1842 1703 1949 1742 justum
1973 1706 2005 1735 &
2027 1706 2172 1742 proprium
2186 1704 2347 1735 Haeredem

1281 1742 1409 1780 praedicti
1422 1742 1568 1781 quondam
1582 1742 1707 1774 Comitis
1719 1766 1728 1782 ,
1749 1741 1782 1772 Ν
1792 1751 1858 1773 OBI
1871 1751 1902 1781 s,
1920 1752 1950 1772 ut
1970 1741 1994 1772 P
2005 1751 2079 1772 ΜΝ
2089 1752 2125 1773 c1
2135 1752 2173 1773 Pr
2197 1752 2214 1773 E
2227 1750 2249 1772 T
2272 1742 2349 1773 Do-

1283 1789 1390 1811 MINO
1416 1781 1661 1812 SUPERmRt
1675 1804 1684 1820 ,
1706 1782 1954 1812 HOMAGIUM
1979 1789 2000 1810 1..
2013 1789 2146 1812 EGALE
2167 1789 2347 1813 ι-ἈετυΜ

1281 1821 1314 1852 &
1341 1828 1610 1852 PRAEsTiTuM
1635 1828 1821 1857 FUER1T‚
1840 1828 1869 1850 ut
1884 1818 1925 1849 est
1940 1820 2042 1849 moris:

1324 1857 1373 1896 Et,
1393 1860 1455 1897 quia
1478 1859 1596 1890 firmiter
1616 1869 1745 1890 tenemus
1765 1857 1845 1896 quod
1867 1868 1934 1896 VOS,
1953 1858 2074 1888 accinsti
2090 1857 2197 1889 Gladio
2208 1857 2348 1897 Justitiae,

1283 1898 1312 1927 in
1326 1897 1436 1928 laudem
1453 1898 1601 1929 Bonorum
1615 1900 1647 1929 &
1662 1897 1827 1928 Vindietam
1843 1896 2081 1935 Maletac'rorum,
2099 1897 2296 1927 Commissum
2319 1897 2348 1926 in

1284 1936 1336 1966 hac
1360 1945 1436 1974 parte
1459 1939 1540 1968 vobis
1554 1962 1564 1975 ,
1589 1936 1731 1967 Officium
1755 1935 1937 1966 excercebitis
1951 1960 1960 1973 ,
1978 1946 2032 1966 nec
2049 1937 2081 1966 ad
2097 1936 2240 1972 deXtram,
2258 1945 2351 1974 neque

1284 1975 1317 2005 ad
1334 1975 1488 2013 sinistram,
1509 1976 1729 2014 quomodolibet
1749 1975 1919 2006 declinando
1933 1997 1943 2012 ,
1962 1975 2043 2004 vobis
2059 1974 2093 2004 ad
2111 1974 2254 2004 Praemissa
2271 1975 2304 2005 &
2317 1984 2350 2005 ea

1283 2016 1424 2083 tangenAEia
1445 2016 1520 2046 vices
1544 2014 1652 2045 nostras
1667 2014 1875 2046 committimus
1889 2013 2035 2052 quousque
2051 2023 2094 2044 eas
2108 2013 2271 2044 duxerimus
2288 2012 2350 2043 Re-

1283 2063 1375 2084 vocan
1398 2062 1438 2083 as·

1321 2077 1490 2122 Mandaiites
1511 2093 1648 2123 omnibus
1667 2093 1701 2124 &
1722 2091 1847 2130 fingulis,
1867 2101 1938 2129 quos
1950 2088 2071 2129 'praesens
2083 2091 2174 2127 tangit
2188 2090 2221 2120 &
2233 2099 2350 2127 tangere

1282 2130 1367 2201 gpifit
1390 2133 1538 2200 nejgonum
1552 2156 1562 2170 ,
1587 2132 1715 2170 quatinus
1731 2132 1759 2162 in
1776 2130 1925 2162 Proeinissis
1940 2132 2022 2161 vobis
2036 2129 2180 2160 Obediant
2197 2128 2349 2160 efficaciter

1307 2179 1315 2185 ’
1348 2179 1414 2200 nten
1436 2177 1490 2201 ant.

2358 977 2375 994 ⁶
2387 978 2456 1006 vn.

2357 1024 2425 1052 449·

1317 2247 1385 2279 Dat,
1404 2248 1477 2287 apud
1502 2247 1639 2280 Palatium
1662 2248 1792 2280 nostrum
1817 2247 1923 2287 llistm.
1950 2248 2000 2279 sub
2023 2245 2127 2288 Magni
2147 2245 2239 2285 Sigilli
2255 2244 2349 2277 nostri

1280 2285 1486 2325 Testimonio,
1501 2288 1740 2335 decimo'oc'tavo
1755 2288 1802 2319 die
1817 2287 2006 2318 Novembris.

1764 2366 1817 2395 Per
1828 2364 1910 2405 'Pfi‘m
1926 2366 2023 2402 Regem
2038 2361 2075 2399 ὠ
2092 2360 2244 2394 Concilium.

1457 2512 1515 2544 Pro
1537 2508 1685 2544 Rewardo
1694 2507 1889 2555 fitpradic70‚
1913 2507 1948 2541 de
1970 2505 2164 2541 Intendendo.

1283 2607 1338 2661 R
1351 2603 1414 2635 EX
1442 2604 1593 2635 Universis
1614 2604 1647 2635 &
1670 2602 1780 2641 singulis
1804 2602 1950 2639 Episcopis
1965 2625 1974 2640 ,
1993 2600 2168 2638 Batonibus,
2186 2598 2345 2639 Militibus,
2362 2603 2438 2634 Ann.
2453 2603 2495 2635 D.

1361 2644 1545 2681 capitaneis,
1571 2641 1758 2678 Castcilnnis,
1783 2638 1957 2671 Curiodibus
1980 2637 2169 2677 Castrorum,
2188 2638 2344 2677 Villarum,
2391 2643 2477 2683 1384,

1281 2681 1507 2719 Fortalitiotum,
1527 2683 1560 2713 ὅ(
1575 2682 1696 2711 aliorum
1714 2680 1861 2709 Locorum
1912 2689 1944 2709 ac
1965 2679 2100 2708 omnibus
2114 2678 2170 2707 aliis
2188 2677 2296 2708 Amicis
2312 2685 2345 2708 ac
2363 2686 2414 2710 An.
2433 2685 2460 2710 ὅ.

1281 2720 1404 2752 Subditis
1426 2720 1527 2751 nostris
1540 2743 1550 2759 ‚
1577 2718 1691 2750 ubilibet
1714 2719 1742 2748 in
1765 2718 1854 2748 Terra
1874 2702 2012 2748 Flandriae
2033 2716 2210 2754 constitutis,
2226 2715 2260 2746 ad
2273 2726 2345 2756 quos
2359 2725 2388 2748 R.
2410 2730 2436 2747 2.

1282 2760 1342 2789 &c
1361 2761 1493 2790 Salutem.
2358 2763 2445 2787 Franc.
2467 2757 2495 2785 8.

1318 2799 1415 2834 Cum,
1435 2809 1484 2836 per
1502 2797 1604 2828 Literas
1618 2796 1725 2827 nostras
1741 2795 1888 2833 Parentes,
1907 2793 2162 2832 Constituerimus,
2179 2792 2346 2831 Deputave-
2361 2802 2388 2825 R.
2408 2807 2434 2824 2.
2451 2806 2487 2824 m.

1281 2838 1382 2875 timus,
1399 2838 1430 2867 ὃ(
1454 2836 1689 2867 Ordinaverimus
1702 2858 1712 2873 ,
1738 2833 1888 2864 Dilet‘tum
1909 2833 1942 2864 ὃ(
1965 2832 2094 2863 Fidelem
2117 2831 2249 2862 nostrum
2262 2855 2272 2871 ‚
2289 2832 2348 2870 Jo-
2367 2845 2410 2872 ¹5·

1281 2875 1399 2904 hannem
1415 2875 1569 2912 Burghcher
1589 2875 1756 2904 Rewardum
1775 2873 1807 2903 &
1825 2872 1949 2902 Fidelem
1965 2871 2094 2902 nostrum
2109 2873 2259 2912 Praeconenq
2274 2880 2347 2909 ejus-

1280 2913 1347 2943 dem
1363 2913 1462 2943 Patriae
1479 2914 1501 2944 F
1503 2913 1633 2950 landriae,
1652 2913 1685 2943 &
1700 2913 1842 2950 principue
1859 2911 1885 2940 V
1889 2911 1942 2940 111oe
1957 2909 2061 2939 nostrae
2075 2908 2267 2951 Gandaveniis
2279 2932 2298 2952 ,⁶
2311 2909 2340 2939 in

1280 2953 1415 2982 omnibus
1433 2953 1466 2983 &
1490 2951 1604 2987 singulis
1621 2950 1718 2981 Causis
1740 2950 1774 2980 δε
1797 2950 1955 2987 Negotiis,
1980 2947 2067 2976 ditstae
2085 2946 2186 2976 Patriae
2206 2946 2239 2976 &
2261 2946 2346 2977 Villae

1282 2990 1475 3020 Gandaveniis
1490 3013 1500 3028 ,
1524 2990 1670 3028 diligenter
1690 2987 1822 3019 faciendo
1842 2996 1872 3018 ut
1891 2986 1928 3018 ad
1939 2985 2024 3016 di&ae
2039 2984 2140 3015 Terrae
2153 2985 2291 3022 pertinere
2302 2984 2345 3016 di-

1281 3029 1405 3059 noscitur
1420 3028 1686 3065 Communitatem,

1321 3067 1427 3097 Dantes
1440 3066 1472 3097 &
1486 3066 1675 3096 Conferentes
1689 3063 1780 3094 eidem
1792 3063 1918 3101 Johanni
1932 3084 1942 3099 ‚
1957 3070 2091 3100 tanquam
2121 3060 2221 3091 VIcE
2232 3071 2245 3092 s
2276 3071 2298 3092 N
2310 3072 2347 3093 0-

1283 3114 1295 3135 s
1308 3114 1330 3134 τ
1340 3115 1361 3135 R
1374 3115 1393 3135 A
1403 3116 1414 3135 s
1440 3107 1468 3134 in
1483 3105 1535 3134 hac
1552 3113 1629 3142 parte
1648 3103 1678 3134 G
1689 3112 1706 3132 Ε
1718 3111 1739 3131 R
1750 3111 1767 3131 E
1778 3108 1800 3131 N
1812 3109 1834 3130 T
1843 3111 1872 3139 r,
1891 3102 2002 3139 plenam
2023 3098 2197 3130 Potestatem
2213 3123 2223 3138 ,
2243 3099 2346 3131 Liber-

1280 3151 1386 3182 tatem,
1403 3144 1434 3174 &
1457 3143 1662 3174 Auctoritatem
1678 3165 1688 3178 ,
1712 3141 1848 3178 integram
1871 3150 1903 3170 ac
1925 3139 2068 3177 securam,
2086 3138 2192 3168 dictam
2205 3139 2344 3178 Patriam,

1281 3183 1315 3212 ὃς
1330 3181 1520 3219 specialissime
1539 3181 1644 3211 dietam
1669 3177 1772 3208 Villam
1789 3178 1915 3208 nostram
1933 3177 2168 3215 Gandavensem,
2187 3184 2256 3207 curn
2268 3178 2344 3208 Ter-

1279 3222 1381 3250 ritorio
1395 3220 1427 3250 &
1444 3218 1622 3250 Pertinentiis
1637 3218 1757 3256 ejusdem
1768 3240 1777 3255 ,
1795 3217 1844 3247 sub
1858 3216 1999 3256 Legibus,
2018 3214 2294 3255 Consuetudinibus,
2308 3217 2342 3249 &

1278 3258 1413 3297 judiciis,
1430 3258 1562 3288 hadienus
1577 3257 1682 3287 ibidem
1698 3257 1812 3293 usitatis,
1831 3255 1978 3294 Regendi,

1320 3296 1457 3333 Baiiivos,
1474 3296 1629 3333 Scabinos,
1644 3295 1840 3334 Jurisperitos,
1861 3294 1894 3324 &
1915 3293 2111 3331 quoscumque
2133 3292 2201 3323 alios
2210 3292 2343 3332 Justicia-

1280 3337 1353 3373 rios,
1373 3334 1554 3372 Officiai-ios,
1573 3336 1605 3366 ὅ(
1621 3335 1780 3365 Servientes
1795 3333 1881 3371 inibi,
1899 3332 1949 3362 sub
1962 3332 2066 3362 eodem
2076 3331 2265 3375 johanne,&
2280 3333 2343 3362 ubi-

1281 3384 1337 3412 que
1359 3375 1387 3403 in
1410 3374 1486 3404 dic‘ia
1506 3373 1597 3404 Patria
1621 3373 1758 3404 Flandriae
1771 3394 1781 3410 ,
1807 3372 1839 3402 δε
1861 3371 1993 3402 universis
2014 3369 2161 3400 Dominiis
2178 3370 2343 3401 Feodalibus

1297 3412 1523 3442 urisdiffionibus
1535 3412 1656 3450 ejusdem
1666 3434 1674 3449 ,
1688 3413 1766 3450 juxta
1779 3409 2003 3440 Consuetudines
2018 3409 2052 3438 &
2066 3408 2270 3446 Dispositiones
2290 3419 2342 3440 cu·

1276 3451 1389 3488 jussibet
1401 3450 1499 3488 Vilice,
1520 3449 1714 3486 Castellaniie,
1733 3450 1766 3480 &
1779 3448 1929 3478 Tei-titoni
1939 3470 1948 3484 ,
1966 3447 2068 3477 Patriae
2081 3446 2226 3484 praeditstae
2239 3448 2342 3483 (serva-

1278 3491 1311 3519 tis
1327 3490 1434 3527 semper
1449 3489 1618 3519 eorumdem
1635 3487 1807 3526 privilegiis,
1826 3486 1949 3525 Legibus
1963 3509 1973 3524 ,
1991 3486 2024 3517 ὃς
2040 3485 2241 3523 Libertatibus)
2259 3486 2344 3516 Con-

1279 3528 1428 3566 stituendi,
1445 3527 1618 3565 Ordinandi,
1637 3527 1671 3557 &
1686 3525 1868 3563 Deputandi‚
2269 3560 2274 3566 .

1317 3565 1499 3604 Eosdemque
1520 3565 1694 3596 Revocandi
1715 3566 1747 3595 δε
1772 3562 2018 3600 Resubstituendi,
2037 3571 2104 3593 cum
2117 3561 2287 3600 juramentis
2301 3561 2336 3592 &

1278 3604 1528 3643 Solempnitatibus
1543 3628 1552 3641 ,
1574 3605 1604 3633 in
1624 3603 1722 3633 talibus
1742 3602 1879 3631 consuetis
1893 3625 1903 3640 ,
1929 3603 2031 3632 totiens
2045 3602 2174 3639 quotiens
2185 3598 2277 3629 eidem
2286 3598 2341 3637 Jo-

1277 3643 1362 3673 hanni
1378 3644 1519 3673 videbitur
1535 3642 1717 3672 necessarium
1732 3640 1778 3671 seu
1793 3650 1968 3677 oportunum
1978 3663 1988 3678 ,

1312 3682 1456 3721 Homagia
1471 3680 1585 3719 &Jura
1601 3679 1747 3717 Feodalia,
1764 3688 1833 3709 cum
1856 3678 1924 3708 Oris
1945 3677 2071 3714 Osculo,
2090 3677 2208 3720 nomine
2219 3673 2338 3713 nostro,

1274 3730 1290 3749 a
1304 3720 1544 3757 quibuscumque,
1562 3719 1738 3756 temporibus
1749 3718 1913 3754 oportunis,
1934 3714 2123 3755 Recipiend1‚
2210 3751 2215 3756 ι
2272 3751 2276 3756 .
2291 3751 2296 3756 ’

1311 3758 1347 3788 Et
1366 3760 1465 3789 omnia
1486 3759 1519 3789 ὃς
1542 3758 1580 3788 fin
1602 3758 1645 3787 ula
1667 3756 1800 3787 Faciendi
1823 3754 2063 3790 &Excercendi,
2080 3761 2143 3795 quae
2157 3750 2342 3781 verisimihter

1274 3796 1397 3834 speetant
1415 3797 1449 3826 ad
1469 3796 1576 3826 Praemi
1602 3806 1616 3825 a
1631 3818 1641 3832 ,
1659 3795 1771 3832 donec,
1790 3803 1840 3831 per
1852 3793 1959 3831 justum
1973 3793 2006 3823 &
2020 3798 2166 3828 proprium
2182 3788 2340 3820 Haeredem

1273 3835 1395 3872 ejusdem
1411 3834 1512 3865 Terrae
1527 3834 1673 3871 quondam
1687 3831 1826 3869 Comitis,
1846 3831 1970 3868 Noms,
1990 3837 2020 3860 ut
2038 3827 2195 3857 ancim
2213 3828 2246 3858 ὃς
2266 3827 2337 3857 Do-

1273 3881 1364 3902 MtNo
1389 3872 1584 3903 SUPERIORI
1598 3894 1608 3909 ‚
1633 3871 1838 3901 HoMAGmM
1860 3876 1995 3900 LEGALE
2024 3866 2169 3908 Fac-rum
2187 3866 2334 3909 &1²1³AE-

1272 3919 1404 3941 §TITUM
1428 3917 1578 3948 manfr,
1596 3918 1627 3940 ut
1646 3911 1666 3929 *²
1683 3911 1726 3940 est
1747 3909 1835 3939 moris
1848 3930 1858 3945 ,
1876 3914 1960 3944 prout
1974 3907 2004 3934 in
2020 3903 2122 3947 Literis
2137 3903 2240 3934 nostris
2253 3913 2330 3944 *prae-
2349 3915 2365 3932 ιι
2386 3915 2454 3943 vn.

1270 3949 1351 3979 diffis
1368 3950 1475 3986 plenius
1488 3949 1667 3986 continetur,
1944 3981 1950 3987 .
2007 3980 2012 3985 ,
2038 3980 2043 3985 ,
2347 3962 2414 3990 450,

1306 3987 1397 4017 Vobis
1412 4009 1421 4025 ,
1443 3986 1593 4017 distriffius
1616 3997 1674 4023 quo
1696 3985 1860 4025 poffumus,
1875 3981 1992 4024 firmiter
2005 3989 2083 4016 inJun
2100 3980 2196 4025 «endo,
2216 3979 2334 4023 manda-

1269 4033 1333 4055 mus
1353 4025 1434 4063 quod
1457 4024 1576 4065 praefato
1595 4023 1727 4062 Johanm·
1738 4046 1751 4062 ‚
1773 4023 1804 4052 in
1815 4017 1966 4051 Praemiffis
1981 4018 2013 4049 &
2027 4028 2087 4057 quo
2097 4020 2155 4050 ibet
2168 4018 2335 4049 Praemiffo-

2272 4065 2335 4087 rum
