<?xml version="1.0" encoding="UTF-8"?>
<!DOCTYPE html PUBLIC "-//W3C//DTD XHTML 1.0 Transitional//EN"
    "http://www.w3.org/TR/xhtml1/DTD/xhtml1-transitional.dtd">
<html xmlns="http://www.w3.org/1999/xhtml" xml:lang="en" lang="en">
 <head>
  <title>
</title>
<meta http-equiv="Content-Type" content="text/html;charset=utf-8" />
  <meta name='ocr-system' content='tesseract 3.04.00' />
  <meta name='ocr-capabilities' content='ocr_page ocr_carea ocr_par ocr_line ocrx_word'/>
</head>
<body>
  <div class='ocr_page' id='page_1' title='image "./fderaconventione03ryme/fderaconventione03ryme_0077.png"; bbox 0 0 2561 4251; ppageno 0'>
   <div class='ocr_carea' id='block_1_1' title="bbox 10 310 145 346">
    <p class='ocr_par' dir='ltr' id='par_1_1' title="bbox 10 310 145 346">
     <span class='ocr_line' id='line_1_1' title="bbox 10 310 145 346; baseline -0.007 -3"><span class='ocrx_word' id='word_1_1' title='bbox 10 313 87 345; x_wconf 80' lang='lat' dir='ltr'><strong>Ann.</strong></span> <span class='ocrx_word' id='word_1_2' title='bbox 103 310 145 346; x_wconf 87' lang='lat' dir='ltr'><strong>D.</strong></span> 
     </span>
    </p>
   </div>
   <div class='ocr_carea' id='block_1_2' title="bbox 12 350 117 419">
    <p class='ocr_par' dir='ltr' id='par_1_2' title="bbox 12 350 117 419">
     <span class='ocr_line' id='line_1_2' title="bbox 12 350 117 419; baseline -0.01 0"><span class='ocrx_word' id='word_1_3' title='bbox 12 350 117 419; x_wconf 56' lang='lat'><strong>22⁴⁸:</strong></span> 
     </span>
    </p>
   </div>
   <div class='ocr_carea' id='block_1_3' title="bbox 14 597 143 626">
    <p class='ocr_par' dir='ltr' id='par_1_3' title="bbox 14 597 143 626">
     <span class='ocr_line' id='line_1_3' title="bbox 14 597 143 626; baseline -0.008 -3"><span class='ocrx_word' id='word_1_4' title='bbox 14 597 143 626; x_wconf 75' lang='lat' dir='ltr'><strong>·v.620.</strong></span> 
     </span>
    </p>
   </div>
   <div class='ocr_carea' id='block_1_4' title="bbox 14 680 143 761">
    <p class='ocr_par' dir='ltr' id='par_1_4' title="bbox 14 680 143 761">
     <span class='ocr_line' id='line_1_4' title="bbox 14 680 143 715; baseline -0.047 0"><span class='ocrx_word' id='word_1_5' title='bbox 14 681 89 715; x_wconf 86' lang='lat' dir='ltr'><strong>Ann.</strong></span> <span class='ocrx_word' id='word_1_6' title='bbox 102 680 143 711; x_wconf 92' lang='lat' dir='ltr'><strong>D.</strong></span> 
     </span>
     <span class='ocr_line' id='line_1_5' title="bbox 32 720 118 761; baseline -0.012 -11"><span class='ocrx_word' id='word_1_7' title='bbox 32 720 118 761; x_wconf 83' lang='lat'><strong>1348.</strong></span> 
     </span>
    </p>
   </div>
   <div class='ocr_carea' id='block_1_5' title="bbox 9 763 140 951">
    <p class='ocr_par' dir='ltr' id='par_1_5' title="bbox 9 763 140 951">
     <span class='ocr_line' id='line_1_6' title="bbox 9 763 124 788; baseline 0 0"><span class='ocrx_word' id='word_1_8' title='bbox 9 763 62 788; x_wconf 71' lang='lat' dir='ltr'><strong>An.</strong></span> <span class='ocrx_word' id='word_1_9' title='bbox 80 769 124 788; x_wconf 89' lang='lat'><strong>22.</strong></span> 
     </span>
     <span class='ocr_line' id='line_1_7' title="bbox 12 802 85 834; baseline 0 -9"><span class='ocrx_word' id='word_1_10' title='bbox 12 802 42 825; x_wconf 83' lang='grc' dir='ltr'><strong>Ε.</strong></span> <span class='ocrx_word' id='word_1_11' title='bbox 59 807 85 834; x_wconf 85' lang='lat'><strong>3.</strong></span> 
     </span>
     <span class='ocr_line' id='line_1_8' title="bbox 11 841 139 864; baseline 0.008 -2"><span class='ocrx_word' id='word_1_12' title='bbox 11 841 76 864; x_wconf 72' lang='lat' dir='ltr'><strong>Scor.</strong></span> <span class='ocrx_word' id='word_1_13' title='bbox 94 845 139 863; x_wconf 84' lang='lat'><strong>22.</strong></span> 
     </span>
     <span class='ocr_line' id='line_1_9' title="bbox 11 877 140 911; baseline 0.008 -11"><span class='ocrx_word' id='word_1_14' title='bbox 11 877 77 911; x_wconf 61' lang='grc' dir='ltr'><strong>Εἲς.</strong></span> <span class='ocrx_word' id='word_1_15' title='bbox 102 884 140 903; x_wconf 87' lang='lat' dir='ltr'><strong>m.</strong></span> 
     </span>
     <span class='ocr_line' id='line_1_10' title="bbox 12 914 79 951; baseline -0.015 -8"><span class='ocrx_word' id='word_1_16' title='bbox 12 919 40 951; x_wconf 88' lang='lat'><strong>7.</strong></span> <span class='ocrx_word' id='word_1_17' title='bbox 52 914 79 942; x_wconf 81' lang='lat' dir='ltr'><strong>d.</strong></span> 
     </span>
    </p>
   </div>
   <div class='ocr_carea' id='block_1_6' title="bbox 0 2920 152 3200">
    <p class='ocr_par' dir='ltr' id='par_1_6' title="bbox 0 2920 152 3200">
     <span class='ocr_line' id='line_1_11' title="bbox 21 2920 152 2953; baseline 0 -1"><span class='ocrx_word' id='word_1_18' title='bbox 21 2921 98 2953; x_wconf 88' lang='lat' dir='ltr'><strong>Ann.</strong></span> <span class='ocrx_word' id='word_1_19' title='bbox 113 2920 152 2952; x_wconf 92' lang='lat' dir='ltr'><strong>D·</strong></span> 
     </span>
     <span class='ocr_line' id='line_1_12' title="bbox 44 2961 127 2999; baseline 0 -9"><span class='ocrx_word' id='word_1_20' title='bbox 44 2961 127 2999; x_wconf 85' lang='lat'><strong>1348.</strong></span> 
     </span>
     <span class='ocr_line' id='line_1_13' title="bbox 22 3002 134 3027; baseline 0 0"><span class='ocrx_word' id='word_1_21' title='bbox 22 3002 76 3027; x_wconf 77' lang='lat' dir='ltr'><strong>An.</strong></span> <span class='ocrx_word' id='word_1_22' title='bbox 90 3009 134 3027; x_wconf 81' lang='lat'><strong>22.</strong></span> 
     </span>
     <span class='ocr_line' id='line_1_14' title="bbox 0 3042 101 3074; baseline -0.01 -7"><span class='ocrx_word' id='word_1_23' title='bbox 0 3058 1 3067; x_wconf 46' lang='lat'>1</span> <span class='ocrx_word' id='word_1_24' title='bbox 25 3042 56 3064; x_wconf 81' lang='grc' dir='ltr'><strong>Ε.</strong></span> <span class='ocrx_word' id='word_1_25' title='bbox 77 3047 101 3074; x_wconf 86' lang='lat'><strong>3.</strong></span> 
     </span>
     <span class='ocr_line' id='line_1_15' title="bbox 0 3076 152 3112; baseline 0.013 -10"><span class='ocrx_word' id='word_1_26' title='bbox 0 3078 1 3090; x_wconf 66' lang='lat'>¹</span> <span class='ocrx_word' id='word_1_27' title='bbox 26 3076 90 3112; x_wconf 86' lang='lat' dir='ltr'><strong>Vasc.</strong></span> <span class='ocrx_word' id='word_1_28' title='bbox 107 3085 152 3104; x_wconf 88' lang='lat'><strong>22.</strong></span> 
     </span>
     <span class='ocr_line' id='line_1_16' title="bbox 0 3119 152 3150; baseline -0.013 -7"><span class='ocrx_word' id='word_1_29' title='bbox 0 3132 3 3143; x_wconf 78' lang='grc' dir='ltr'>ι</span> <span class='ocrx_word' id='word_1_30' title='bbox 31 3119 60 3143; x_wconf 68' lang='grc' dir='ltr'><strong>Ε·</strong></span> <span class='ocrx_word' id='word_1_31' title='bbox 74 3123 98 3150; x_wconf 71' lang='lat'><strong>3.</strong></span> <span class='ocrx_word' id='word_1_32' title='bbox 115 3123 152 3141; x_wconf 81' lang='lat' dir='ltr'><strong>m.</strong></span> 
     </span>
     <span class='ocr_line' id='line_1_17' title="bbox 0 3149 78 3200; baseline 0.013 -22"><span class='ocrx_word' id='word_1_33' title='bbox 0 3149 4 3200; x_wconf 50' lang='grc' dir='ltr'><em>ξ</em></span> <span class='ocrx_word' id='word_1_34' title='bbox 31 3158 78 3189; x_wconf 79' lang='lat'><strong>30.</strong></span> 
     </span>
    </p>
   </div>
   <div class='ocr_carea' id='block_1_7' title="bbox 6 3414 161 3570">
    <p class='ocr_par' dir='ltr' id='par_1_7' title="bbox 6 3414 161 3570">
     <span class='ocr_line' id='line_1_18' title="bbox 6 3414 10 3479; baseline 0 0"><span class='ocrx_word' id='word_1_35' title='bbox 6 3414 10 3479; x_wconf 74' lang='lat' dir='ltr'><strong>l.</strong></span> 
     </span>
     <span class='ocr_line' id='line_1_19' title="bbox 8 3507 161 3570; baseline 0.007 -23"><span class='ocrx_word' id='word_1_36' title='bbox 8 3507 161 3570; x_wconf 42' lang='lat' dir='ltr'><strong>immi.</strong></span> 
     </span>
    </p>
   </div>
   <div class='ocr_carea' id='block_1_8' title="bbox 10 3588 13 3628">
    <p class='ocr_par' dir='ltr' id='par_1_8' title="bbox 10 3588 13 3628">
     <span class='ocr_line' id='line_1_20' title="bbox 10 3588 13 3628; baseline 0 0"><span class='ocrx_word' id='word_1_37' title='bbox 10 3588 13 3628; x_wconf 63' lang='lat' dir='ltr'><strong>l</strong></span> 
     </span>
    </p>
   </div>
   <div class='ocr_carea' id='block_1_9' title="bbox 707 210 1725 257">
    <p class='ocr_par' dir='ltr' id='par_1_9' title="bbox 707 210 1725 257">
     <span class='ocr_line' id='line_1_21' title="bbox 707 210 1725 257; baseline -0.008 0"><span class='ocrx_word' id='word_1_38' title='bbox 707 215 818 257; x_wconf 95' lang='lat' dir='ltr'><strong>ET</strong></span> <span class='ocrx_word' id='word_1_39' title='bbox 903 213 1168 256; x_wconf 90' lang='lat' dir='ltr'>ACTA</span> <span class='ocrx_word' id='word_1_40' title='bbox 1251 210 1725 252; x_wconf 83' lang='lat' dir='ltr'><strong>PUBLICA.</strong></span> 
     </span>
    </p>
   </div>
   <div class='ocr_carea' id='block_1_10' title="bbox 161 301 1164 419">
    <p class='ocr_par' dir='ltr' id='par_1_10' title="bbox 161 301 1164 419">
     <span class='ocr_line' id='line_1_22' title="bbox 161 301 826 350; baseline -0.015 -9"><span class='ocrx_word' id='word_1_41' title='bbox 161 309 265 346; x_wconf 84' lang='lat' dir='ltr'><strong>strum,</strong></span> <span class='ocrx_word' id='word_1_42' title='bbox 280 307 311 350; x_wconf 77' lang='lat' dir='ltr'><strong>in</strong></span> <span class='ocrx_word' id='word_1_43' title='bbox 330 306 383 335; x_wconf 85' lang='lat' dir='ltr'><strong>hac</strong></span> <span class='ocrx_word' id='word_1_44' title='bbox 403 310 481 343; x_wconf 83' lang='lat' dir='ltr'><strong>parte</strong></span> <span class='ocrx_word' id='word_1_45' title='bbox 496 322 506 341; x_wconf 84' lang='lat'><strong>,</strong></span> <span class='ocrx_word' id='word_1_46' title='bbox 538 301 640 333; x_wconf 87' lang='lat' dir='ltr'><strong>fuerint</strong></span> <span class='ocrx_word' id='word_1_47' title='bbox 659 303 826 340; x_wconf 83' lang='lat' dir='ltr'><strong>praemuniti.</strong></span> 
     </span>
     <span class='ocr_line' id='line_1_23' title="bbox 199 343 1164 419; baseline -0.008 -6"><span class='ocrx_word' id='word_1_48' title='bbox 199 343 710 419; x_wconf 40' lang='lat' dir='ltr'><strong>Inffaptiugfiugtzvestmonasterium,</strong></span> <span class='ocrx_word' id='word_1_49' title='bbox 726 361 863 410; x_wconf 66' lang='lat' dir='ltr'><strong>vicesimo</strong></span> <span class='ocrx_word' id='word_1_50' title='bbox 876 385 974 418; x_wconf 89' lang='lat' dir='ltr'><strong>quarto</strong></span> <span class='ocrx_word' id='word_1_51' title='bbox 990 376 1036 407; x_wconf 91' lang='lat' dir='ltr'><strong>die</strong></span> <span class='ocrx_word' id='word_1_52' title='bbox 1053 375 1164 414; x_wconf 85' lang='lat' dir='ltr'>Aprilis.</span> 
     </span>
    </p>
   </div>
   <div class='ocr_carea' id='block_1_11' title="bbox 880 456 1155 497">
    <p class='ocr_par' dir='ltr' id='par_1_11' title="bbox 880 456 1155 497">
     <span class='ocr_line' id='line_1_24' title="bbox 880 456 1155 497; baseline -0.007 -9"><span class='ocrx_word' id='word_1_53' title='bbox 880 460 933 488; x_wconf 85' lang='lat' dir='ltr'><strong>Per</strong></span> <span class='ocrx_word' id='word_1_54' title='bbox 949 456 1032 497; x_wconf 74' lang='lat' dir='ltr'><strong>ipficm</strong></span> <span class='ocrx_word' id='word_1_55' title='bbox 1050 459 1155 495; x_wconf 83' lang='lat' dir='ltr'><em>Regem.</em></span> 
     </span>
    </p>
   </div>
   <div class='ocr_carea' id='block_1_12' title="bbox 256 578 1130 628">
    <p class='ocr_par' dir='ltr' id='par_1_12' title="bbox 256 578 1130 628">
     <span class='ocr_line' id='line_1_25' title="bbox 256 578 1130 628; baseline -0.003 -10"><span class='ocrx_word' id='word_1_56' title='bbox 256 585 277 605; x_wconf 67' lang='lat'><strong>&#39;⁵</strong></span> <span class='ocrx_word' id='word_1_57' title='bbox 298 587 357 618; x_wconf 86' lang='lat' dir='ltr'><strong>Pro</strong></span> <span class='ocrx_word' id='word_1_58' title='bbox 383 583 541 620; x_wconf 80' lang='lat' dir='ltr'><strong>Edwardo</strong></span> <span class='ocrx_word' id='word_1_59' title='bbox 567 582 602 616; x_wconf 85' lang='lat' dir='ltr'><strong>a&#39;e</strong></span> <span class='ocrx_word' id='word_1_60' title='bbox 630 583 773 625; x_wconf 52' lang='lat' dir='ltr'><strong>Ballista,</strong></span> <span class='ocrx_word' id='word_1_61' title='bbox 792 582 884 628; x_wconf 74' lang='lat' dir='ltr'><strong>fhper</strong></span> <span class='ocrx_word' id='word_1_62' title='bbox 903 578 1130 628; x_wconf 79' lang='lat' dir='ltr'><strong>Regalitatibus.</strong></span> 
     </span>
    </p>
   </div>
   <div class='ocr_carea' id='block_1_13' title="bbox 159 670 1235 2352">
    <p class='ocr_par' dir='ltr' id='par_1_13' title="bbox 160 670 1230 790">
     <span class='ocr_line' id='line_1_26' title="bbox 165 670 1215 731; baseline -0.005 -25"><span class='ocrx_word' id='word_1_63' title='bbox 165 673 251 731; x_wconf 81' lang='lat' dir='ltr'><strong>RE</strong></span> <span class='ocrx_word' id='word_1_64' title='bbox 260 672 291 705; x_wconf 89' lang='lat' dir='ltr'>X</span> <span class='ocrx_word' id='word_1_65' title='bbox 310 673 485 705; x_wconf 88' lang='lat' dir='ltr'><strong>Vicecomiti</strong></span> <span class='ocrx_word' id='word_1_66' title='bbox 498 672 534 703; x_wconf 91' lang='lat' dir='ltr'><strong>de</strong></span> <span class='ocrx_word' id='word_1_67' title='bbox 548 670 688 703; x_wconf 91' lang='lat' dir='ltr'><strong>Dumftes</strong></span> <span class='ocrx_word' id='word_1_68' title='bbox 702 671 836 703; x_wconf 85' lang='lat' dir='ltr'>Salutem.</span> <span class='ocrx_word' id='word_1_69' title='bbox 1045 708 1050 713; x_wconf 37' lang='lat'><em>.</em></span> <span class='ocrx_word' id='word_1_70' title='bbox 1210 705 1215 710; x_wconf 46' lang='grc'><strong>,</strong></span> 
     </span>
     <span class='ocr_line' id='line_1_27' title="bbox 262 705 1230 751; baseline -0.008 -9"><span class='ocrx_word' id='word_1_71' title='bbox 262 713 306 743; x_wconf 84' lang='lat' dir='ltr'><strong>Ex</strong></span> <span class='ocrx_word' id='word_1_72' title='bbox 322 721 416 751; x_wconf 84' lang='lat' dir='ltr'><strong>parte,</strong></span> <span class='ocrx_word' id='word_1_73' title='bbox 430 710 577 748; x_wconf 84' lang='lat' dir='ltr'><strong>magnifici</strong></span> <span class='ocrx_word' id='word_1_74' title='bbox 597 711 754 749; x_wconf 89' lang='lat' dir='ltr'><strong>Principis,</strong></span> <span class='ocrx_word' id='word_1_75' title='bbox 773 710 908 741; x_wconf 84' lang='lat' dir='ltr'><strong>Edwatdi</strong></span> <span class='ocrx_word' id='word_1_76' title='bbox 930 709 965 739; x_wconf 94' lang='lat' dir='ltr'><strong>de</strong></span> <span class='ocrx_word' id='word_1_77' title='bbox 986 706 1119 744; x_wconf 82' lang='lat' dir='ltr'><strong>Balliolo,</strong></span> <span class='ocrx_word' id='word_1_78' title='bbox 1138 705 1230 743; x_wconf 83' lang='lat' dir='ltr'><strong>Regis</strong></span> 
     </span>
     <span class='ocr_line' id='line_1_28' title="bbox 160 749 1159 790; baseline -0.001 -10"><span class='ocrx_word' id='word_1_79' title='bbox 160 749 282 789; x_wconf 87' lang='lat' dir='ltr'><strong>Scotiae,</strong></span> <span class='ocrx_word' id='word_1_80' title='bbox 300 752 380 781; x_wconf 89' lang='lat' dir='ltr'><strong>nobis</strong></span> <span class='ocrx_word' id='word_1_81' title='bbox 394 750 436 781; x_wconf 91' lang='lat' dir='ltr'><strong>est</strong></span> <span class='ocrx_word' id='word_1_82' title='bbox 450 750 593 780; x_wconf 89' lang='lat' dir='ltr'><strong>ostensum</strong></span> <span class='ocrx_word' id='word_1_83' title='bbox 609 750 706 788; x_wconf 83' lang='lat' dir='ltr'><strong>quod,</strong></span> <span class='ocrx_word' id='word_1_84' title='bbox 947 783 951 790; x_wconf 54' lang='grc'><strong><em>,</em></strong></span> <span class='ocrx_word' id='word_1_85' title='bbox 1154 781 1159 788; x_wconf 80' lang='lat'><strong>.</strong></span> 
     </span>
    </p>

    <p class='ocr_par' dir='ltr' id='par_1_14' title="bbox 159 779 1232 1012">
     <span class='ocr_line' id='line_1_29' title="bbox 198 779 1232 829; baseline -0.009 -9"><span class='ocrx_word' id='word_1_86' title='bbox 198 789 280 820; x_wconf 86' lang='lat' dir='ltr'>Licet</span> <span class='ocrx_word' id='word_1_87' title='bbox 293 789 488 820; x_wconf 81' lang='lat' dir='ltr'><strong>Anteceffores</strong></span> <span class='ocrx_word' id='word_1_88' title='bbox 501 787 558 826; x_wconf 90' lang='lat' dir='ltr'><strong>sui,</strong></span> <span class='ocrx_word' id='word_1_89' title='bbox 574 795 718 826; x_wconf 89' lang='lat' dir='ltr'><strong>tempore,</strong></span> <span class='ocrx_word' id='word_1_90' title='bbox 733 789 818 818; x_wconf 86' lang='lat' dir='ltr'><strong>bonae</strong></span> <span class='ocrx_word' id='word_1_91' title='bbox 832 794 995 829; x_wconf 78' lang='lat' dir='ltr'><strong>memonae,</strong></span> <span class='ocrx_word' id='word_1_92' title='bbox 1011 781 1161 827; x_wconf 81' lang='lat' dir='ltr'><strong>Alexandri</strong></span> <span class='ocrx_word' id='word_1_93' title='bbox 1169 779 1232 826; x_wconf 76' lang='lat' dir='ltr'><strong>Re-</strong></span> 
     </span>
     <span class='ocr_line' id='line_1_30' title="bbox 159 827 1230 865; baseline -0.007 -8"><span class='ocrx_word' id='word_1_94' title='bbox 159 828 203 864; x_wconf 88' lang='lat' dir='ltr'><strong>gis</strong></span> <span class='ocrx_word' id='word_1_95' title='bbox 217 827 340 865; x_wconf 85' lang='lat' dir='ltr'><strong>Scotiae,</strong></span> <span class='ocrx_word' id='word_1_96' title='bbox 356 828 389 858; x_wconf 91' lang='lat'>&amp;</span> <span class='ocrx_word' id='word_1_97' title='bbox 402 827 498 864; x_wconf 74' lang='lat' dir='ltr'><strong>antea,</strong></span> <span class='ocrx_word' id='word_1_98' title='bbox 514 837 530 857; x_wconf 91' lang='lat' dir='ltr'><strong>a</strong></span> <span class='ocrx_word' id='word_1_99' title='bbox 544 834 672 864; x_wconf 89' lang='lat' dir='ltr'><strong>tempore</strong></span> <span class='ocrx_word' id='word_1_100' title='bbox 688 828 764 865; x_wconf 85' lang='lat' dir='ltr'><strong>cujus</strong></span> <span class='ocrx_word' id='word_1_101' title='bbox 779 833 910 856; x_wconf 86' lang='lat' dir='ltr'><strong>contrarn</strong></span> <span class='ocrx_word' id='word_1_102' title='bbox 935 832 1076 852; x_wconf 83' lang='lat' dir='ltr'><strong>memoria</strong></span> <span class='ocrx_word' id='word_1_103' title='bbox 1097 830 1157 851; x_wconf 87' lang='lat' dir='ltr'><strong>non</strong></span> <span class='ocrx_word' id='word_1_104' title='bbox 1171 830 1230 864; x_wconf 58' lang='lat' dir='ltr'><strong>eiti-</strong></span> 
     </span>
     <span class='ocr_line' id='line_1_31' title="bbox 160 860 1230 904; baseline -0.006 -10"><span class='ocrx_word' id='word_1_105' title='bbox 160 864 223 903; x_wconf 86' lang='lat' dir='ltr'><strong>stit,</strong></span> <span class='ocrx_word' id='word_1_106' title='bbox 241 865 343 896; x_wconf 87' lang='lat' dir='ltr'><strong>habere</strong></span> <span class='ocrx_word' id='word_1_107' title='bbox 358 866 568 903; x_wconf 88' lang='lat' dir='ltr'><strong>consueverint,</strong></span> <span class='ocrx_word' id='word_1_108' title='bbox 587 865 723 902; x_wconf 85' lang='lat' dir='ltr'>Idemque</span> <span class='ocrx_word' id='word_1_109' title='bbox 739 863 801 893; x_wconf 88' lang='lat' dir='ltr'><strong>Rex</strong></span> <span class='ocrx_word' id='word_1_110' title='bbox 813 862 921 900; x_wconf 85' lang='lat' dir='ltr'>semper</span> <span class='ocrx_word' id='word_1_111' title='bbox 937 860 1070 904; x_wconf 57' lang='lat' dir='ltr'><strong>haetenus</strong></span> <span class='ocrx_word' id='word_1_112' title='bbox 1087 860 1230 903; x_wconf 69' lang='lat' dir='ltr'><strong>habuerit,</strong></span> 
     </span>
     <span class='ocr_line' id='line_1_32' title="bbox 159 898 1227 967; baseline -0.007 -33"><span class='ocrx_word' id='word_1_113' title='bbox 159 904 193 934; x_wconf 93' lang='lat'>&amp;</span> <span class='ocrx_word' id='word_1_114' title='bbox 209 904 310 934; x_wconf 87' lang='lat' dir='ltr'><strong>habere</strong></span> <span class='ocrx_word' id='word_1_115' title='bbox 324 903 441 943; x_wconf 89' lang='lat' dir='ltr'><strong>debeat,</strong></span> <span class='ocrx_word' id='word_1_116' title='bbox 460 903 666 941; x_wconf 85' lang='lat' dir='ltr'><strong>Regalitatem,</strong></span> <span class='ocrx_word' id='word_1_117' title='bbox 682 903 716 932; x_wconf 89' lang='lat'>&amp;</span> <span class='ocrx_word' id='word_1_118' title='bbox 733 901 904 931; x_wconf 83' lang='lat' dir='ltr'>Libertatem</span> <span class='ocrx_word' id='word_1_119' title='bbox 919 922 929 937; x_wconf 87' lang='lat'><strong>,</strong></span> <span class='ocrx_word' id='word_1_120' title='bbox 951 898 1227 967; x_wconf 56' lang='lat' dir='ltr'><strong>acdlurisdichonem</strong></span> 
     </span>
     <span class='ocr_line' id='line_1_33' title="bbox 159 934 1230 1012; baseline -0.007 -40"><span class='ocrx_word' id='word_1_121' title='bbox 159 942 301 986; x_wconf 71' lang='lat' dir='ltr'><strong>Regalem</strong></span> <span class='ocrx_word' id='word_1_122' title='bbox 315 943 344 972; x_wconf 89' lang='lat' dir='ltr'><strong>in</strong></span> <span class='ocrx_word' id='word_1_123' title='bbox 357 943 454 1012; x_wconf 69' lang='lat' dir='ltr'><strong>‘sserris</strong></span> <span class='ocrx_word' id='word_1_124' title='bbox 468 942 518 972; x_wconf 90' lang='lat' dir='ltr'><strong>suis</strong></span> <span class='ocrx_word' id='word_1_125' title='bbox 532 941 568 971; x_wconf 90' lang='lat' dir='ltr'><strong>de</strong></span> <span class='ocrx_word' id='word_1_126' title='bbox 583 940 804 971; x_wconf 85' lang='lat' dir='ltr'><strong>Botillkenmore</strong></span> <span class='ocrx_word' id='word_1_127' title='bbox 823 939 857 970; x_wconf 88' lang='lat'>&amp;</span> <span class='ocrx_word' id='word_1_128' title='bbox 875 937 983 968; x_wconf 85' lang='lat' dir='ltr'><strong>Kirkan</strong></span> <span class='ocrx_word' id='word_1_129' title='bbox 1005 947 1060 975; x_wconf 89' lang='lat' dir='ltr'><strong>res,</strong></span> <span class='ocrx_word' id='word_1_130' title='bbox 1078 945 1146 968; x_wconf 92' lang='lat' dir='ltr'><strong>cum</strong></span> <span class='ocrx_word' id='word_1_131' title='bbox 1162 934 1230 965; x_wconf 93' lang='lat' dir='ltr'><strong>Per-</strong></span> 
     </span>
     <span class='ocr_line' id='line_1_34' title="bbox 161 989 456 1011; baseline 0 0"><span class='ocrx_word' id='word_1_132' title='bbox 161 989 282 1011; x_wconf 80' lang='lat' dir='ltr'><strong>tinentns</strong></span> <span class='ocrx_word' id='word_1_133' title='bbox 315 990 344 1010; x_wconf 88' lang='lat' dir='ltr'><strong>m</strong></span> <span class='ocrx_word' id='word_1_134' title='bbox 381 990 456 1011; x_wconf 80' lang='lat' dir='ltr'><strong>cotia</strong></span> 
     </span>
    </p>

    <p class='ocr_par' dir='ltr' id='par_1_15' title="bbox 160 1003 1230 1094">
     <span class='ocr_line' id='line_1_35' title="bbox 199 1003 1230 1057; baseline -0.007 -7"><span class='ocrx_word' id='word_1_135' title='bbox 199 1019 277 1057; x_wconf 80' lang='lat' dir='ltr'><strong>Qae</strong></span> <span class='ocrx_word' id='word_1_136' title='bbox 287 1003 351 1049; x_wconf 72' lang='lat' dir='ltr'><strong>&#39;sunt</strong></span> <span class='ocrx_word' id='word_1_137' title='bbox 365 1020 401 1050; x_wconf 88' lang='lat' dir='ltr'><strong>de</strong></span> <span class='ocrx_word' id='word_1_138' title='bbox 415 1003 586 1049; x_wconf 71' lang='lat' dir='ltr'><strong>Hae²reditate</strong></span> <span class='ocrx_word' id='word_1_139' title='bbox 601 1015 728 1055; x_wconf 67' lang='lat' dir='ltr'><strong>praedicti</strong></span> <span class='ocrx_word' id='word_1_140' title='bbox 743 1014 852 1054; x_wconf 87' lang='lat' dir='ltr'><strong>Regis,</strong></span> <span class='ocrx_word' id='word_1_141' title='bbox 868 1023 897 1046; x_wconf 86' lang='lat' dir='ltr'><strong>ut</strong></span> <span class='ocrx_word' id='word_1_142' title='bbox 912 1013 948 1045; x_wconf 90' lang='lat' dir='ltr'><strong>de</strong></span> <span class='ocrx_word' id='word_1_143' title='bbox 968 1013 1100 1051; x_wconf 77' lang='lat' dir='ltr'><strong>Balliolo,</strong></span> <span class='ocrx_word' id='word_1_144' title='bbox 1117 1012 1150 1044; x_wconf 91' lang='lat'>&amp;</span> <span class='ocrx_word' id='word_1_145' title='bbox 1171 1022 1230 1043; x_wconf 92' lang='lat' dir='ltr'><strong>non</strong></span> 
     </span>
     <span class='ocr_line' id='line_1_36' title="bbox 160 1057 519 1094; baseline -0.006 -6"><span class='ocrx_word' id='word_1_146' title='bbox 160 1066 192 1088; x_wconf 89' lang='lat' dir='ltr'><strong>ut</strong></span> <span class='ocrx_word' id='word_1_147' title='bbox 208 1057 243 1087; x_wconf 93' lang='lat' dir='ltr'><strong>de</strong></span> <span class='ocrx_word' id='word_1_148' title='bbox 259 1057 379 1088; x_wconf 56' lang='lat' dir='ltr'><strong>Corona</strong></span> <span class='ocrx_word' id='word_1_149' title='bbox 392 1057 519 1094; x_wconf 87' lang='lat' dir='ltr'><strong>Scotiae,</strong></span> 
     </span>
    </p>

    <p class='ocr_par' dir='ltr' id='par_1_16' title="bbox 160 1089 1230 1317">
     <span class='ocr_line' id='line_1_37' title="bbox 197 1089 1228 1136; baseline -0.006 -10"><span class='ocrx_word' id='word_1_150' title='bbox 197 1095 311 1136; x_wconf 89' lang='lat' dir='ltr'>Absque</span> <span class='ocrx_word' id='word_1_151' title='bbox 323 1105 359 1126; x_wconf 90' lang='lat' dir='ltr'><strong>eo</strong></span> <span class='ocrx_word' id='word_1_152' title='bbox 371 1094 449 1133; x_wconf 82' lang='lat' dir='ltr'><strong>quod</strong></span> <span class='ocrx_word' id='word_1_153' title='bbox 465 1094 560 1131; x_wconf 84' lang='lat' dir='ltr'><strong>Reges</strong></span> <span class='ocrx_word' id='word_1_154' title='bbox 574 1092 700 1131; x_wconf 85' lang='lat' dir='ltr'><strong>Scotiae,</strong></span> <span class='ocrx_word' id='word_1_155' title='bbox 716 1101 780 1124; x_wconf 88' lang='lat' dir='ltr'><strong>ante</strong></span> <span class='ocrx_word' id='word_1_156' title='bbox 796 1092 859 1122; x_wconf 80' lang='lat' dir='ltr'><strong>haec</strong></span> <span class='ocrx_word' id='word_1_157' title='bbox 876 1100 1019 1129; x_wconf 87' lang='lat' dir='ltr'><strong>tempora,</strong></span> <span class='ocrx_word' id='word_1_158' title='bbox 1034 1098 1081 1121; x_wconf 92' lang='lat' dir='ltr'><strong>aut</strong></span> <span class='ocrx_word' id='word_1_159' title='bbox 1089 1089 1228 1134; x_wconf 80' lang='lat' dir='ltr'><strong>Nos,seu</strong></span> 
     </span>
     <span class='ocr_line' id='line_1_38' title="bbox 160 1128 1229 1172; baseline -0.006 -8"><span class='ocrx_word' id='word_1_160' title='bbox 160 1133 358 1172; x_wconf 77' lang='lat' dir='ltr'>progenitores</span> <span class='ocrx_word' id='word_1_161' title='bbox 378 1132 483 1171; x_wconf 92' lang='lat' dir='ltr'><strong>nostri,</strong></span> <span class='ocrx_word' id='word_1_162' title='bbox 500 1132 570 1162; x_wconf 79' lang='lat' dir='ltr'><strong>dum</strong></span> <span class='ocrx_word' id='word_1_163' title='bbox 582 1132 671 1162; x_wconf 91' lang='lat' dir='ltr'><strong>Terra</strong></span> <span class='ocrx_word' id='word_1_164' title='bbox 692 1132 817 1169; x_wconf 85' lang='lat' dir='ltr'><strong>Scotiae,</strong></span> <span class='ocrx_word' id='word_1_165' title='bbox 842 1139 889 1161; x_wconf 89' lang='lat' dir='ltr'><strong>aut</strong></span> <span class='ocrx_word' id='word_1_166' title='bbox 908 1130 999 1172; x_wconf 77' lang='lat' dir='ltr'><strong>aliqua</strong></span> <span class='ocrx_word' id='word_1_167' title='bbox 1016 1139 1075 1167; x_wconf 87' lang='lat' dir='ltr'><strong>pars</strong></span> <span class='ocrx_word' id='word_1_168' title='bbox 1096 1128 1181 1167; x_wconf 80' lang='lat' dir='ltr'><strong>inde,</strong></span> <span class='ocrx_word' id='word_1_169' title='bbox 1201 1139 1229 1158; x_wconf 91' lang='lat' dir='ltr'><strong>1n</strong></span> 
     </span>
     <span class='ocr_line' id='line_1_39' title="bbox 160 1167 1230 1209; baseline -0.005 -7"><span class='ocrx_word' id='word_1_170' title='bbox 160 1173 287 1203; x_wconf 88' lang='lat' dir='ltr'><strong>manibus</strong></span> <span class='ocrx_word' id='word_1_171' title='bbox 306 1170 404 1201; x_wconf 89' lang='lat' dir='ltr'><strong>nostris</strong></span> <span class='ocrx_word' id='word_1_172' title='bbox 420 1170 523 1209; x_wconf 90' lang='lat' dir='ltr'><strong>fuerat,</strong></span> <span class='ocrx_word' id='word_1_173' title='bbox 542 1171 577 1200; x_wconf 90' lang='lat' dir='ltr'><strong>de</strong></span> <span class='ocrx_word' id='word_1_174' title='bbox 598 1169 817 1207; x_wconf 86' lang='lat' dir='ltr'><strong>Regalitatibus,</strong></span> <span class='ocrx_word' id='word_1_175' title='bbox 835 1168 880 1199; x_wconf 93' lang='lat' dir='ltr'><strong>seu</strong></span> <span class='ocrx_word' id='word_1_176' title='bbox 904 1168 1054 1207; x_wconf 81' lang='lat' dir='ltr'><strong>Regalibus</strong></span> <span class='ocrx_word' id='word_1_177' title='bbox 1078 1167 1230 1198; x_wconf 90' lang='lat' dir='ltr'><strong>Libertati-</strong></span> 
     </span>
     <span class='ocr_line' id='line_1_40' title="bbox 162 1205 1229 1248; baseline -0.004 -8"><span class='ocrx_word' id='word_1_178' title='bbox 162 1213 230 1248; x_wconf 78' lang='lat' dir='ltr'><strong>buS,</strong></span> <span class='ocrx_word' id='word_1_179' title='bbox 249 1211 282 1241; x_wconf 72' lang='grc' dir='ltr'><strong>ὃ(</strong></span> <span class='ocrx_word' id='word_1_180' title='bbox 292 1209 552 1247; x_wconf 67' lang='grc' dir='ltr'><strong>,Ιυτίῑάίόὶ-ἰοηίὺυε,</strong></span> <span class='ocrx_word' id='word_1_181' title='bbox 569 1210 599 1238; x_wconf 89' lang='lat' dir='ltr'><strong>in</strong></span> <span class='ocrx_word' id='word_1_182' title='bbox 613 1209 714 1239; x_wconf 90' lang='lat' dir='ltr'><strong>eisdem</strong></span> <span class='ocrx_word' id='word_1_183' title='bbox 726 1207 840 1246; x_wconf 90' lang='lat' dir='ltr'><strong>Terris,</strong></span> <span class='ocrx_word' id='word_1_184' title='bbox 857 1207 938 1246; x_wconf 89' lang='lat' dir='ltr'><strong>Nos,</strong></span> <span class='ocrx_word' id='word_1_185' title='bbox 958 1215 986 1237; x_wconf 89' lang='lat' dir='ltr'><strong>ut</strong></span> <span class='ocrx_word' id='word_1_186' title='bbox 1001 1206 1036 1236; x_wconf 91' lang='lat' dir='ltr'><strong>de</strong></span> <span class='ocrx_word' id='word_1_187' title='bbox 1051 1206 1119 1245; x_wconf 92' lang='lat' dir='ltr'><strong>Jute</strong></span> <span class='ocrx_word' id='word_1_188' title='bbox 1134 1205 1229 1236; x_wconf 87' lang='lat' dir='ltr'><strong>Coro-</strong></span> 
     </span>
     <span class='ocr_line' id='line_1_41' title="bbox 160 1247 753 1317; baseline -0.003 -38"><span class='ocrx_word' id='word_1_189' title='bbox 160 1248 342 1317; x_wconf 66' lang='lat' dir='ltr'><strong>naeTScotiae,</strong></span> <span class='ocrx_word' id='word_1_190' title='bbox 358 1249 389 1278; x_wconf 89' lang='lat' dir='ltr'><strong>in</strong></span> <span class='ocrx_word' id='word_1_191' title='bbox 401 1248 495 1287; x_wconf 90' lang='lat' dir='ltr'><strong>aliquo</strong></span> <span class='ocrx_word' id='word_1_192' title='bbox 507 1247 753 1285; x_wconf 90' lang='lat' dir='ltr'><strong>intromiserimus,</strong></span> 
     </span>
    </p>

    <p class='ocr_par' dir='ltr' id='par_1_17' title="bbox 233 1294 358 1317">
     <span class='ocr_line' id='line_1_42' title="bbox 233 1294 358 1317; baseline -0.008 0"><span class='ocrx_word' id='word_1_193' title='bbox 233 1297 250 1317; x_wconf 94' lang='lat' dir='ltr'><strong>u</strong></span> <span class='ocrx_word' id='word_1_194' title='bbox 266 1294 358 1317; x_wconf 86' lang='lat' dir='ltr'><strong>tamen</strong></span> 
     </span>
    </p>

    <p class='ocr_par' dir='ltr' id='par_1_18' title="bbox 160 1309 1231 1439">
     <span class='ocr_line' id='line_1_43' title="bbox 198 1309 1231 1363; baseline -0.002 -8"><span class='ocrx_word' id='word_1_195' title='bbox 198 1323 254 1355; x_wconf 89' lang='lat' dir='ltr'><strong>Pto</strong></span> <span class='ocrx_word' id='word_1_196' title='bbox 268 1334 304 1355; x_wconf 91' lang='lat' dir='ltr'><strong>eo</strong></span> <span class='ocrx_word' id='word_1_197' title='bbox 317 1309 397 1363; x_wconf 57' lang='lat' dir='ltr'><strong>qugd</strong></span> <span class='ocrx_word' id='word_1_198' title='bbox 411 1323 496 1355; x_wconf 65' lang='lat' dir='ltr'><strong>didtae</strong></span> <span class='ocrx_word' id='word_1_199' title='bbox 510 1324 611 1355; x_wconf 86' lang='lat' dir='ltr'><strong>Tetrae</strong></span> <span class='ocrx_word' id='word_1_200' title='bbox 624 1323 661 1354; x_wconf 90' lang='lat' dir='ltr'><strong>de</strong></span> <span class='ocrx_word' id='word_1_201' title='bbox 679 1323 899 1354; x_wconf 82' lang='lat' dir='ltr'><strong>Botillkenmore</strong></span> <span class='ocrx_word' id='word_1_202' title='bbox 918 1323 952 1353; x_wconf 70' lang='grc' dir='ltr'><strong>δε</strong></span> <span class='ocrx_word' id='word_1_203' title='bbox 971 1321 1145 1352; x_wconf 87' lang='lat' dir='ltr'><strong>Kirkandres</strong></span> <span class='ocrx_word' id='word_1_204' title='bbox 1160 1321 1231 1353; x_wconf 90' lang='lat' dir='ltr'><strong>infra</strong></span> 
     </span>
     <span class='ocr_line' id='line_1_44' title="bbox 162 1361 1231 1400; baseline -0.004 -6"><span class='ocrx_word' id='word_1_205' title='bbox 162 1362 338 1394; x_wconf 88' lang='lat' dir='ltr'><strong>Dominium</strong></span> <span class='ocrx_word' id='word_1_206' title='bbox 352 1362 481 1393; x_wconf 87' lang='lat' dir='ltr'><strong>nostrum</strong></span> <span class='ocrx_word' id='word_1_207' title='bbox 495 1362 531 1393; x_wconf 93' lang='lat' dir='ltr'><strong>de</strong></span> <span class='ocrx_word' id='word_1_208' title='bbox 549 1362 686 1393; x_wconf 90' lang='lat' dir='ltr'><strong>Dumfres</strong></span> <span class='ocrx_word' id='word_1_209' title='bbox 707 1364 800 1400; x_wconf 87' lang='lat' dir='ltr'><strong>(nobis</strong></span> <span class='ocrx_word' id='word_1_210' title='bbox 821 1372 908 1400; x_wconf 83' lang='lat' dir='ltr'><strong>nuper</strong></span> <span class='ocrx_word' id='word_1_211' title='bbox 920 1372 970 1400; x_wconf 85' lang='lat' dir='ltr'><strong>per</strong></span> <span class='ocrx_word' id='word_1_212' title='bbox 990 1361 1100 1391; x_wconf 65' lang='lat' dir='ltr'><strong>didium</strong></span> <span class='ocrx_word' id='word_1_213' title='bbox 1114 1361 1231 1398; x_wconf 82' lang='lat' dir='ltr'><strong>Regem</strong></span> 
     </span>
     <span class='ocr_line' id='line_1_45' title="bbox 160 1401 725 1439; baseline -0.004 -6"><span class='ocrx_word' id='word_1_214' title='bbox 160 1401 339 1439; x_wconf 76' lang='lat' dir='ltr'><strong>concessum)</strong></span> <span class='ocrx_word' id='word_1_215' title='bbox 360 1401 499 1439; x_wconf 83' lang='lat' dir='ltr'><strong>existunt,</strong></span> <span class='ocrx_word' id='word_1_216' title='bbox 518 1409 548 1432; x_wconf 91' lang='lat' dir='ltr'><strong>ut</strong></span> <span class='ocrx_word' id='word_1_217' title='bbox 563 1401 725 1439; x_wconf 76' lang='lat' dir='ltr'><strong>praetendis,</strong></span> 
     </span>
    </p>

    <p class='ocr_par' dir='ltr' id='par_1_19' title="bbox 162 1437 1231 1585">
     <span class='ocr_line' id='line_1_46' title="bbox 199 1437 1230 1479; baseline -0.004 -9"><span class='ocrx_word' id='word_1_218' title='bbox 199 1439 291 1477; x_wconf 87' lang='lat' dir='ltr'><strong>Ipsum</strong></span> <span class='ocrx_word' id='word_1_219' title='bbox 307 1439 441 1478; x_wconf 82' lang='lat' dir='ltr'><strong>Regem,</strong></span> <span class='ocrx_word' id='word_1_220' title='bbox 458 1449 515 1479; x_wconf 88' lang='lat' dir='ltr'><strong>quo</strong></span> <span class='ocrx_word' id='word_1_221' title='bbox 531 1441 623 1469; x_wconf 81' lang='lat' dir='ltr'><strong>minus</strong></span> <span class='ocrx_word' id='word_1_222' title='bbox 643 1439 800 1477; x_wconf 89' lang='lat' dir='ltr'><strong>hujusmodi</strong></span> <span class='ocrx_word' id='word_1_223' title='bbox 826 1437 1034 1475; x_wconf 81' lang='lat' dir='ltr'><strong>Regalitatem,</strong></span> <span class='ocrx_word' id='word_1_224' title='bbox 1052 1437 1085 1468; x_wconf 90' lang='lat'>&amp;</span> <span class='ocrx_word' id='word_1_225' title='bbox 1108 1437 1230 1474; x_wconf 87' lang='lat' dir='ltr'><strong>Regales</strong></span> 
     </span>
     <span class='ocr_line' id='line_1_47' title="bbox 163 1476 1230 1515; baseline -0.005 -5"><span class='ocrx_word' id='word_1_226' title='bbox 163 1478 335 1510; x_wconf 82' lang='lat' dir='ltr'><strong>Libertatem</strong></span> <span class='ocrx_word' id='word_1_227' title='bbox 349 1479 381 1509; x_wconf 92' lang='lat'>&amp;</span> <span class='ocrx_word' id='word_1_228' title='bbox 392 1477 623 1515; x_wconf 67' lang='lat' dir='ltr'><strong>jurisdictionem</strong></span> <span class='ocrx_word' id='word_1_229' title='bbox 632 1500 641 1515; x_wconf 90' lang='lat'><strong>,</strong></span> <span class='ocrx_word' id='word_1_230' title='bbox 661 1480 690 1508; x_wconf 91' lang='lat' dir='ltr'><strong>in</strong></span> <span class='ocrx_word' id='word_1_231' title='bbox 705 1477 789 1508; x_wconf 66' lang='lat' dir='ltr'><strong>dietis</strong></span> <span class='ocrx_word' id='word_1_232' title='bbox 802 1478 898 1507; x_wconf 86' lang='lat' dir='ltr'><strong>Terris</strong></span> <span class='ocrx_word' id='word_1_233' title='bbox 911 1477 961 1507; x_wconf 86' lang='lat' dir='ltr'><strong>suis</strong></span> <span class='ocrx_word' id='word_1_234' title='bbox 974 1476 1075 1506; x_wconf 85' lang='lat' dir='ltr'><strong>habete</strong></span> <span class='ocrx_word' id='word_1_235' title='bbox 1090 1476 1123 1506; x_wconf 91' lang='lat'>&amp;</span> <span class='ocrx_word' id='word_1_236' title='bbox 1133 1486 1230 1506; x_wconf 83' lang='lat' dir='ltr'><strong>excer-</strong></span> 
     </span>
     <span class='ocr_line' id='line_1_48' title="bbox 162 1515 1231 1585; baseline -0.002 -39"><span class='ocrx_word' id='word_1_237' title='bbox 162 1526 228 1585; x_wconf 47' lang='lat' dir='ltr'><strong>¹{ere</strong></span> <span class='ocrx_word' id='word_1_238' title='bbox 241 1517 344 1584; x_wconf 71' lang='lat' dir='ltr'><strong>valesat,</strong></span> <span class='ocrx_word' id='word_1_239' title='bbox 361 1516 519 1560; x_wconf 28' lang='lat' dir='ltr'><strong>*voluntarie</strong></span> <span class='ocrx_word' id='word_1_240' title='bbox 542 1516 660 1554; x_wconf 84' lang='lat' dir='ltr'><strong>impedis</strong></span> <span class='ocrx_word' id='word_1_241' title='bbox 677 1516 710 1547; x_wconf 89' lang='lat'>&amp;</span> <span class='ocrx_word' id='word_1_242' title='bbox 727 1515 843 1554; x_wconf 79' lang='lat' dir='ltr'><strong>injuste,</strong></span> <span class='ocrx_word' id='word_1_243' title='bbox 863 1516 896 1547; x_wconf 92' lang='lat'>&amp;</span> <span class='ocrx_word' id='word_1_244' title='bbox 913 1515 991 1546; x_wconf 85' lang='lat' dir='ltr'><strong>aliter</strong></span> <span class='ocrx_word' id='word_1_245' title='bbox 1006 1515 1093 1552; x_wconf 68' lang='lat' dir='ltr'><strong>quam</strong></span> <span class='ocrx_word' id='word_1_246' title='bbox 1107 1515 1142 1545; x_wconf 89' lang='lat' dir='ltr'><strong>ab</strong></span> <span class='ocrx_word' id='word_1_247' title='bbox 1157 1515 1231 1544; x_wconf 88' lang='lat' dir='ltr'><strong>olim</strong></span> 
     </span>
    </p>

    <p class='ocr_par' dir='ltr' id='par_1_20' title="bbox 183 1563 379 1585">
     <span class='ocr_line' id='line_1_49' title="bbox 183 1563 379 1585; baseline 0 -1"><span class='ocrx_word' id='word_1_248' title='bbox 183 1565 221 1584; x_wconf 77' lang='lat' dir='ltr'><strong>ert</strong></span> <span class='ocrx_word' id='word_1_249' title='bbox 235 1564 291 1585; x_wconf 92' lang='lat' dir='ltr'><strong>con</strong></span> <span class='ocrx_word' id='word_1_250' title='bbox 304 1563 379 1585; x_wconf 74' lang='lat' dir='ltr'><strong>uevrt</strong></span> 
     </span>
    </p>

    <p class='ocr_par' dir='ltr' id='par_1_21' title="bbox 163 1577 1233 1670">
     <span class='ocr_line' id='line_1_50' title="bbox 197 1577 1233 1632; baseline -0.001 -9"><span class='ocrx_word' id='word_1_251' title='bbox 197 1592 284 1630; x_wconf 82' lang='lat' dir='ltr'><strong>Super</strong></span> <span class='ocrx_word' id='word_1_252' title='bbox 297 1603 355 1631; x_wconf 92' lang='lat' dir='ltr'><strong>quo</strong></span> <span class='ocrx_word' id='word_1_253' title='bbox 366 1577 447 1623; x_wconf 68' lang='lat' dir='ltr'><strong>n&#39;obis</strong></span> <span class='ocrx_word' id='word_1_254' title='bbox 461 1593 501 1624; x_wconf 88' lang='lat' dir='ltr'><strong>est</strong></span> <span class='ocrx_word' id='word_1_255' title='bbox 515 1592 715 1632; x_wconf 84' lang='lat' dir='ltr'><strong>supplicatum,</strong></span> <span class='ocrx_word' id='word_1_256' title='bbox 732 1599 763 1624; x_wconf 89' lang='lat' dir='ltr'><strong>ut</strong></span> <span class='ocrx_word' id='word_1_257' title='bbox 778 1591 858 1623; x_wconf 69' lang='lat' dir='ltr'><strong>dieto</strong></span> <span class='ocrx_word' id='word_1_258' title='bbox 866 1591 961 1630; x_wconf 85' lang='lat' dir='ltr'><strong>Regi,</strong></span> <span class='ocrx_word' id='word_1_259' title='bbox 978 1591 1015 1622; x_wconf 91' lang='lat' dir='ltr'><strong>de</strong></span> <span class='ocrx_word' id='word_1_260' title='bbox 1032 1600 1163 1629; x_wconf 87' lang='lat' dir='ltr'><strong>congruo</strong></span> <span class='ocrx_word' id='word_1_261' title='bbox 1171 1590 1233 1622; x_wconf 89' lang='lat' dir='ltr'><strong>Re-</strong></span> 
     </span>
     <span class='ocr_line' id='line_1_51' title="bbox 163 1630 594 1670; baseline 0.005 -10"><span class='ocrx_word' id='word_1_262' title='bbox 163 1630 276 1669; x_wconf 89' lang='lat' dir='ltr'><strong>medio,</strong></span> <span class='ocrx_word' id='word_1_263' title='bbox 294 1631 444 1669; x_wconf 88' lang='lat' dir='ltr'><strong>providere</strong></span> <span class='ocrx_word' id='word_1_264' title='bbox 458 1632 576 1662; x_wconf 90' lang='lat' dir='ltr'><strong>velimus</strong></span> <span class='ocrx_word' id='word_1_265' title='bbox 584 1654 594 1670; x_wconf 93' lang='lat'><strong>,</strong></span> 
     </span>
    </p>

    <p class='ocr_par' dir='ltr' id='par_1_22' title="bbox 161 1668 1235 2133">
     <span class='ocr_line' id='line_1_52' title="bbox 199 1668 1228 1710; baseline 0 -11"><span class='ocrx_word' id='word_1_266' title='bbox 199 1668 267 1700; x_wconf 89' lang='lat' dir='ltr'><strong>Nos</strong></span> <span class='ocrx_word' id='word_1_267' title='bbox 286 1669 423 1708; x_wconf 89' lang='lat' dir='ltr'><strong>(nolentes</strong></span> <span class='ocrx_word' id='word_1_268' title='bbox 432 1670 513 1701; x_wconf 69' lang='lat' dir='ltr'><strong>dicto</strong></span> <span class='ocrx_word' id='word_1_269' title='bbox 529 1670 607 1707; x_wconf 84' lang='lat' dir='ltr'><strong>Regi</strong></span> <span class='ocrx_word' id='word_1_270' title='bbox 623 1670 745 1710; x_wconf 86' lang='lat' dir='ltr'><strong>injuriari</strong></span> <span class='ocrx_word' id='word_1_271' title='bbox 760 1669 859 1708; x_wconf 84' lang='lat' dir='ltr'><strong>quovis</strong></span> <span class='ocrx_word' id='word_1_272' title='bbox 867 1668 974 1707; x_wconf 88' lang='lat' dir='ltr'><strong>modo,</strong></span> <span class='ocrx_word' id='word_1_273' title='bbox 992 1668 1030 1699; x_wconf 86' lang='lat' dir='ltr'><strong>set</strong></span> <span class='ocrx_word' id='word_1_274' title='bbox 1044 1668 1167 1699; x_wconf 88' lang='lat' dir='ltr'><strong>volentes</strong></span> <span class='ocrx_word' id='word_1_275' title='bbox 1175 1678 1228 1706; x_wconf 91' lang='lat' dir='ltr'><strong>po-</strong></span> 
     </span>
     <span class='ocr_line' id='line_1_53' title="bbox 163 1707 1234 1747; baseline -0.001 -9"><span class='ocrx_word' id='word_1_276' title='bbox 163 1708 218 1738; x_wconf 79' lang='lat' dir='ltr'><strong>tius</strong></span> <span class='ocrx_word' id='word_1_277' title='bbox 232 1718 300 1739; x_wconf 89' lang='lat' dir='ltr'><strong>cum</strong></span> <span class='ocrx_word' id='word_1_278' title='bbox 318 1717 354 1739; x_wconf 91' lang='lat' dir='ltr'><strong>eo</strong></span> <span class='ocrx_word' id='word_1_279' title='bbox 374 1719 457 1747; x_wconf 87' lang='lat' dir='ltr'><strong>agere</strong></span> <span class='ocrx_word' id='word_1_280' title='bbox 477 1718 546 1740; x_wconf 89' lang='lat' dir='ltr'><strong>curn</strong></span> <span class='ocrx_word' id='word_1_281' title='bbox 566 1709 673 1747; x_wconf 88' lang='lat' dir='ltr'><strong>favore)</strong></span> <span class='ocrx_word' id='word_1_282' title='bbox 694 1710 747 1739; x_wconf 91' lang='lat' dir='ltr'><strong>tibi</strong></span> <span class='ocrx_word' id='word_1_283' title='bbox 770 1709 967 1746; x_wconf 83' lang='lat' dir='ltr'><strong>praecipimuS,</strong></span> <span class='ocrx_word' id='word_1_284' title='bbox 986 1707 1066 1745; x_wconf 77' lang='lat' dir='ltr'><strong>quod</strong></span> <span class='ocrx_word' id='word_1_285' title='bbox 1084 1709 1120 1738; x_wconf 85' lang='lat' dir='ltr'><strong>ab</strong></span> <span class='ocrx_word' id='word_1_286' title='bbox 1143 1707 1234 1746; x_wconf 89' lang='lat' dir='ltr'><strong>hujus-</strong></span> 
     </span>
     <span class='ocr_line' id='line_1_54' title="bbox 162 1746 1233 1786; baseline 0.001 -10"><span class='ocrx_word' id='word_1_287' title='bbox 162 1746 244 1777; x_wconf 89' lang='lat' dir='ltr'><strong>modi</strong></span> <span class='ocrx_word' id='word_1_288' title='bbox 256 1746 486 1786; x_wconf 78' lang='lat' dir='ltr'><strong>Impedimentis,</strong></span> <span class='ocrx_word' id='word_1_289' title='bbox 504 1748 583 1778; x_wconf 62' lang='lat' dir='ltr'><strong>dicito</strong></span> <span class='ocrx_word' id='word_1_290' title='bbox 604 1747 698 1785; x_wconf 82' lang='lat' dir='ltr'><strong>Regi,</strong></span> <span class='ocrx_word' id='word_1_291' title='bbox 717 1757 774 1785; x_wconf 92' lang='lat' dir='ltr'><strong>quo</strong></span> <span class='ocrx_word' id='word_1_292' title='bbox 790 1747 883 1777; x_wconf 88' lang='lat' dir='ltr'><strong>minus</strong></span> <span class='ocrx_word' id='word_1_293' title='bbox 898 1746 1104 1785; x_wconf 80' lang='lat' dir='ltr'><strong>Regalitatem,</strong></span> <span class='ocrx_word' id='word_1_294' title='bbox 1121 1746 1154 1777; x_wconf 66' lang='grc' dir='ltr'><strong>ὃς</strong></span> <span class='ocrx_word' id='word_1_295' title='bbox 1170 1746 1233 1777; x_wconf 90' lang='lat' dir='ltr'><strong>Re-</strong></span> 
     </span>
     <span class='ocr_line' id='line_1_55' title="bbox 161 1784 1232 1825; baseline 0.002 -11"><span class='ocrx_word' id='word_1_296' title='bbox 161 1784 257 1821; x_wconf 86' lang='lat' dir='ltr'><strong>galem</strong></span> <span class='ocrx_word' id='word_1_297' title='bbox 274 1785 464 1825; x_wconf 83' lang='lat' dir='ltr'><strong>Libertatem,</strong></span> <span class='ocrx_word' id='word_1_298' title='bbox 481 1787 513 1816; x_wconf 92' lang='lat' dir='ltr'><strong>in</strong></span> <span class='ocrx_word' id='word_1_299' title='bbox 527 1786 621 1816; x_wconf 91' lang='lat' dir='ltr'><strong>Terris</strong></span> <span class='ocrx_word' id='word_1_300' title='bbox 635 1786 685 1817; x_wconf 90' lang='lat' dir='ltr'><strong>suis</strong></span> <span class='ocrx_word' id='word_1_301' title='bbox 698 1786 838 1822; x_wconf 70' lang='lat' dir='ltr'><strong>praedietis</strong></span> <span class='ocrx_word' id='word_1_302' title='bbox 854 1785 955 1815; x_wconf 86' lang='lat' dir='ltr'><strong>habere</strong></span> <span class='ocrx_word' id='word_1_303' title='bbox 968 1785 1001 1815; x_wconf 73' lang='grc' dir='ltr'><strong>ὅτ.</strong></span> <span class='ocrx_word' id='word_1_304' title='bbox 1015 1794 1179 1823; x_wconf 83' lang='lat' dir='ltr'><strong>excercere,</strong></span> <span class='ocrx_word' id='word_1_305' title='bbox 1199 1786 1232 1816; x_wconf 90' lang='lat'>&amp;</span> 
     </span>
     <span class='ocr_line' id='line_1_56' title="bbox 163 1823 1234 1863; baseline 0.001 -10"><span class='ocrx_word' id='word_1_306' title='bbox 163 1823 259 1854; x_wconf 86' lang='lat' dir='ltr'><strong>Exitus</strong></span> <span class='ocrx_word' id='word_1_307' title='bbox 274 1824 308 1854; x_wconf 72' lang='grc' dir='ltr'><strong>ὃς</strong></span> <span class='ocrx_word' id='word_1_308' title='bbox 323 1823 455 1855; x_wconf 87' lang='lat' dir='ltr'><strong>Proficua</strong></span> <span class='ocrx_word' id='word_1_309' title='bbox 466 1834 517 1862; x_wconf 85' lang='lat' dir='ltr'><strong>per</strong></span> <span class='ocrx_word' id='word_1_310' title='bbox 531 1824 558 1855; x_wconf 92' lang='lat' dir='ltr'><strong>se</strong></span> <span class='ocrx_word' id='word_1_311' title='bbox 572 1825 606 1855; x_wconf 89' lang='lat'>&amp;</span> <span class='ocrx_word' id='word_1_312' title='bbox 615 1824 764 1854; x_wconf 88' lang='lat' dir='ltr'><strong>Ministros</strong></span> <span class='ocrx_word' id='word_1_313' title='bbox 777 1823 855 1861; x_wconf 90' lang='lat' dir='ltr'><strong>suos,</strong></span> <span class='ocrx_word' id='word_1_314' title='bbox 874 1823 939 1853; x_wconf 85' lang='lat' dir='ltr'><strong>inde</strong></span> <span class='ocrx_word' id='word_1_315' title='bbox 952 1824 1161 1863; x_wconf 85' lang='lat' dir='ltr'><strong>provenientia,</strong></span> <span class='ocrx_word' id='word_1_316' title='bbox 1170 1833 1234 1861; x_wconf 87' lang='lat' dir='ltr'><strong>per-</strong></span> 
     </span>
     <span class='ocr_line' id='line_1_57' title="bbox 161 1861 1233 1939; baseline 0.001 -9"><span class='ocrx_word' id='word_1_317' title='bbox 161 1861 883 1939; x_wconf 49' lang='lat' dir='ltr'><strong>{ii’effiffifeir}&#39;pirssss‘ffi&#39;sdiidtfflfiffiseffiffitss&#39;rsiffie</strong></span> <span class='ocrx_word' id='word_1_318' title='bbox 899 1861 1233 1938; x_wconf 51' lang='lat' dir='ltr'><strong>Sssr‘esssssssffffiffl·</strong></span> 
     </span>
     <span class='ocr_line' id='line_1_58' title="bbox 163 1923 1233 1979; baseline 0 -10"><span class='ocrx_word' id='word_1_319' title='bbox 163 1938 251 1969; x_wconf 89' lang='lat' dir='ltr'><strong>strum</strong></span> <span class='ocrx_word' id='word_1_320' title='bbox 266 1939 403 1971; x_wconf 88' lang='lat' dir='ltr'><strong>Berewici</strong></span> <span class='ocrx_word' id='word_1_321' title='bbox 424 1940 503 1979; x_wconf 89' lang='lat' dir='ltr'><strong>super</strong></span> <span class='ocrx_word' id='word_1_322' title='bbox 518 1940 661 1971; x_wconf 91' lang='lat' dir='ltr'><strong>Twedam</strong></span> <span class='ocrx_word' id='word_1_323' title='bbox 680 1925 743 1977; x_wconf 42' lang='lat' dir='ltr'><strong>seui</strong></span> <span class='ocrx_word' id='word_1_324' title='bbox 757 1950 807 1978; x_wconf 91' lang='lat' dir='ltr'><strong>per</strong></span> <span class='ocrx_word' id='word_1_325' title='bbox 827 1923 916 1970; x_wconf 68' lang='lat' dir='ltr'><strong>Bre&#39;ve</strong></span> <span class='ocrx_word' id='word_1_326' title='bbox 938 1938 1067 1969; x_wconf 90' lang='lat' dir='ltr'><strong>nostrum</strong></span> <span class='ocrx_word' id='word_1_327' title='bbox 1087 1939 1233 1970; x_wconf 89' lang='lat' dir='ltr'><strong>mandavi-</strong></span> 
     </span>
     <span class='ocr_line' id='line_1_59' title="bbox 164 1977 1233 2021; baseline 0 -13"><span class='ocrx_word' id='word_1_328' title='bbox 164 1987 228 2009; x_wconf 89' lang='lat' dir='ltr'><strong>mus</strong></span> <span class='ocrx_word' id='word_1_329' title='bbox 244 1978 322 2021; x_wconf 79' lang='lat' dir='ltr'><strong>quod</strong></span> <span class='ocrx_word' id='word_1_330' title='bbox 337 1978 373 2008; x_wconf 90' lang='lat' dir='ltr'><strong>de</strong></span> <span class='ocrx_word' id='word_1_331' title='bbox 387 1978 533 2016; x_wconf 83' lang='lat' dir='ltr'><strong>praemiffis</strong></span> <span class='ocrx_word' id='word_1_332' title='bbox 546 1978 654 2017; x_wconf 79' lang='lat' dir='ltr'><strong>plenius</strong></span> <span class='ocrx_word' id='word_1_333' title='bbox 667 1978 798 2019; x_wconf 86' lang='lat' dir='ltr'><strong>inquirat,</strong></span> <span class='ocrx_word' id='word_1_334' title='bbox 817 1979 850 2009; x_wconf 77' lang='grc' dir='ltr'><strong>δε</strong></span> <span class='ocrx_word' id='word_1_335' title='bbox 872 1987 925 2008; x_wconf 87' lang='lat' dir='ltr'><strong>nos</strong></span> <span class='ocrx_word' id='word_1_336' title='bbox 938 1977 1005 2008; x_wconf 79' lang='lat' dir='ltr'><strong>inde</strong></span> <span class='ocrx_word' id='word_1_337' title='bbox 1025 1977 1171 2015; x_wconf 87' lang='lat' dir='ltr'><strong>certificet)</strong></span> <span class='ocrx_word' id='word_1_338' title='bbox 1189 1978 1233 2008; x_wconf 91' lang='lat' dir='ltr'><strong>su-</strong></span> 
     </span>
     <span class='ocr_line' id='line_1_60' title="bbox 164 2015 1233 2056; baseline 0.001 -11"><span class='ocrx_word' id='word_1_339' title='bbox 164 2025 214 2056; x_wconf 88' lang='lat' dir='ltr'><strong>per</strong></span> <span class='ocrx_word' id='word_1_340' title='bbox 227 2015 325 2055; x_wconf 52' lang='lat' dir='ltr'><strong>detis,</strong></span> <span class='ocrx_word' id='word_1_341' title='bbox 343 2016 502 2054; x_wconf 87' lang='lat' dir='ltr'><strong>Regalitate</strong></span> <span class='ocrx_word' id='word_1_342' title='bbox 522 2018 555 2048; x_wconf 90' lang='lat'>&amp;</span> <span class='ocrx_word' id='word_1_343' title='bbox 571 2016 674 2055; x_wconf 86' lang='lat' dir='ltr'><strong>Regali</strong></span> <span class='ocrx_word' id='word_1_344' title='bbox 691 2016 849 2055; x_wconf 82' lang='lat' dir='ltr'><strong>Libertate,</strong></span> <span class='ocrx_word' id='word_1_345' title='bbox 869 2018 898 2045; x_wconf 92' lang='lat' dir='ltr'><strong>in</strong></span> <span class='ocrx_word' id='word_1_346' title='bbox 920 2015 1005 2046; x_wconf 66' lang='lat' dir='ltr'><strong>dictis</strong></span> <span class='ocrx_word' id='word_1_347' title='bbox 1020 2015 1117 2046; x_wconf 89' lang='lat' dir='ltr'><strong>Terris</strong></span> <span class='ocrx_word' id='word_1_348' title='bbox 1136 2026 1233 2047; x_wconf 81' lang='lat' dir='ltr'><strong>excer-</strong></span> 
     </span>
     <span class='ocr_line' id='line_1_61' title="bbox 164 2053 1235 2094; baseline 0.002 -11"><span class='ocrx_word' id='word_1_349' title='bbox 164 2053 263 2084; x_wconf 88' lang='lat' dir='ltr'><strong>cendis</strong></span> <span class='ocrx_word' id='word_1_350' title='bbox 284 2055 406 2094; x_wconf 89' lang='lat' dir='ltr'><strong>(utrum,</strong></span> <span class='ocrx_word' id='word_1_351' title='bbox 432 2056 584 2094; x_wconf 89' lang='lat' dir='ltr'><strong>videlicet,</strong></span> <span class='ocrx_word' id='word_1_352' title='bbox 606 2055 641 2086; x_wconf 86' lang='lat' dir='ltr'><strong>ad</strong></span> <span class='ocrx_word' id='word_1_353' title='bbox 662 2055 747 2093; x_wconf 90' lang='lat' dir='ltr'><strong>Nos,</strong></span> <span class='ocrx_word' id='word_1_354' title='bbox 774 2065 810 2085; x_wconf 89' lang='lat' dir='ltr'><strong>an</strong></span> <span class='ocrx_word' id='word_1_355' title='bbox 834 2054 868 2086; x_wconf 90' lang='lat' dir='ltr'><strong>ad</strong></span> <span class='ocrx_word' id='word_1_356' title='bbox 886 2054 996 2086; x_wconf 67' lang='lat' dir='ltr'><strong>dietum</strong></span> <span class='ocrx_word' id='word_1_357' title='bbox 1013 2053 1129 2092; x_wconf 86' lang='lat' dir='ltr'><strong>Regem</strong></span> <span class='ocrx_word' id='word_1_358' title='bbox 1150 2056 1235 2093; x_wconf 90' lang='lat' dir='ltr'><strong>perti-</strong></span> 
     </span>
     <span class='ocr_line' id='line_1_62' title="bbox 163 2092 887 2133; baseline 0.001 -11"><span class='ocrx_word' id='word_1_359' title='bbox 163 2092 258 2129; x_wconf 87' lang='lat' dir='ltr'><strong>neant)</strong></span> <span class='ocrx_word' id='word_1_360' title='bbox 275 2093 413 2124; x_wconf 85' lang='lat' dir='ltr'><strong>valeamus</strong></span> <span class='ocrx_word' id='word_1_361' title='bbox 426 2094 571 2124; x_wconf 89' lang='lat' dir='ltr'><strong>informari</strong></span> <span class='ocrx_word' id='word_1_362' title='bbox 588 2093 722 2124; x_wconf 58' lang='lat' dir='ltr'><strong>distinete</strong></span> <span class='ocrx_word' id='word_1_363' title='bbox 737 2094 771 2124; x_wconf 89' lang='lat'>&amp;</span> <span class='ocrx_word' id='word_1_364' title='bbox 784 2094 887 2133; x_wconf 77' lang='lat' dir='ltr'><strong>aperte.</strong></span> 
     </span>
    </p>

    <p class='ocr_par' dir='ltr' id='par_1_23' title="bbox 164 2129 1235 2352">
     <span class='ocr_line' id='line_1_63' title="bbox 202 2129 1235 2171; baseline 0.002 -11"><span class='ocrx_word' id='word_1_365' title='bbox 202 2129 239 2161; x_wconf 90' lang='lat' dir='ltr'><strong>Et</strong></span> <span class='ocrx_word' id='word_1_366' title='bbox 256 2131 275 2160; x_wconf 85' lang='lat' dir='ltr'>fi</span> <span class='ocrx_word' id='word_1_367' title='bbox 290 2131 374 2169; x_wconf 87' lang='lat' dir='ltr'><strong>quid,</strong></span> <span class='ocrx_word' id='word_1_368' title='bbox 392 2133 469 2171; x_wconf 92' lang='lat' dir='ltr'><strong>quod</strong></span> <span class='ocrx_word' id='word_1_369' title='bbox 484 2131 518 2162; x_wconf 87' lang='lat' dir='ltr'><strong>ad</strong></span> <span class='ocrx_word' id='word_1_370' title='bbox 533 2132 623 2170; x_wconf 89' lang='lat' dir='ltr'><strong>ipsum</strong></span> <span class='ocrx_word' id='word_1_371' title='bbox 634 2133 767 2171; x_wconf 86' lang='lat' dir='ltr'><strong>Regem,</strong></span> <span class='ocrx_word' id='word_1_372' title='bbox 785 2139 917 2169; x_wconf 79' lang='lat' dir='ltr'><strong>praetextu</strong></span> <span class='ocrx_word' id='word_1_373' title='bbox 939 2130 1096 2170; x_wconf 85' lang='lat' dir='ltr'><strong>hujusmodi</strong></span> <span class='ocrx_word' id='word_1_374' title='bbox 1119 2131 1235 2170; x_wconf 83' lang='lat' dir='ltr'><strong>Regali-</strong></span> 
     </span>
     <span class='ocr_line' id='line_1_64' title="bbox 165 2169 1233 2208; baseline 0 -8"><span class='ocrx_word' id='word_1_375' title='bbox 165 2169 243 2207; x_wconf 85' lang='lat' dir='ltr'><strong>tatis,</strong></span> <span class='ocrx_word' id='word_1_376' title='bbox 260 2169 291 2198; x_wconf 91' lang='lat' dir='ltr'><strong>in</strong></span> <span class='ocrx_word' id='word_1_377' title='bbox 306 2169 401 2199; x_wconf 86' lang='lat' dir='ltr'><strong>Terris</strong></span> <span class='ocrx_word' id='word_1_378' title='bbox 416 2170 574 2208; x_wconf 64' lang='lat' dir='ltr'><strong>praedietis,</strong></span> <span class='ocrx_word' id='word_1_379' title='bbox 592 2171 625 2201; x_wconf 91' lang='lat'>&amp;</span> <span class='ocrx_word' id='word_1_380' title='bbox 640 2180 739 2201; x_wconf 87' lang='lat' dir='ltr'><strong>earum</strong></span> <span class='ocrx_word' id='word_1_381' title='bbox 761 2171 978 2208; x_wconf 88' lang='lat' dir='ltr'><strong>pertinentium,</strong></span> <span class='ocrx_word' id='word_1_382' title='bbox 998 2171 1119 2208; x_wconf 88' lang='lat' dir='ltr'><strong>ceperis,</strong></span> <span class='ocrx_word' id='word_1_383' title='bbox 1137 2170 1166 2200; x_wconf 89' lang='lat' dir='ltr'><strong>id</strong></span> <span class='ocrx_word' id='word_1_384' title='bbox 1190 2171 1233 2208; x_wconf 83' lang='lat' dir='ltr'><strong>ei,</strong></span> 
     </span>
     <span class='ocr_line' id='line_1_65' title="bbox 164 2207 1232 2247; baseline 0.001 -9"><span class='ocrx_word' id='word_1_385' title='bbox 164 2217 198 2238; x_wconf 86' lang='lat' dir='ltr'><strong>ac</strong></span> <span class='ocrx_word' id='word_1_386' title='bbox 215 2208 297 2237; x_wconf 87' lang='lat' dir='ltr'><strong>etiam</strong></span> <span class='ocrx_word' id='word_1_387' title='bbox 311 2207 406 2238; x_wconf 84' lang='lat' dir='ltr'><strong>Exitus</strong></span> <span class='ocrx_word' id='word_1_388' title='bbox 422 2210 455 2239; x_wconf 68' lang='grc' dir='ltr'><strong>ὃς</strong></span> <span class='ocrx_word' id='word_1_389' title='bbox 477 2208 608 2239; x_wconf 82' lang='lat' dir='ltr'><strong>Proficua</strong></span> <span class='ocrx_word' id='word_1_390' title='bbox 628 2209 663 2239; x_wconf 95' lang='lat' dir='ltr'><strong>de</strong></span> <span class='ocrx_word' id='word_1_391' title='bbox 687 2208 844 2246; x_wconf 80' lang='lat' dir='ltr'><strong>Regalitate</strong></span> <span class='ocrx_word' id='word_1_392' title='bbox 867 2207 1020 2246; x_wconf 63' lang='lat' dir='ltr'><strong>praedieta,</strong></span> <span class='ocrx_word' id='word_1_393' title='bbox 1040 2208 1123 2247; x_wconf 87' lang='lat' dir='ltr'><strong>usque</strong></span> <span class='ocrx_word' id='word_1_394' title='bbox 1142 2208 1175 2239; x_wconf 89' lang='lat' dir='ltr'><strong>ad</strong></span> <span class='ocrx_word' id='word_1_395' title='bbox 1189 2209 1232 2239; x_wconf 93' lang='lat' dir='ltr'><strong>di-</strong></span> 
     </span>
     <span class='ocr_line' id='line_1_66' title="bbox 165 2245 1235 2286; baseline 0.005 -12"><span class='ocrx_word' id='word_1_396' title='bbox 165 2246 241 2275; x_wconf 67' lang='lat' dir='ltr'><strong>ctam</strong></span> <span class='ocrx_word' id='word_1_397' title='bbox 266 2245 450 2283; x_wconf 83' lang='lat' dir='ltr'><strong>Qindenam</strong></span> <span class='ocrx_word' id='word_1_398' title='bbox 471 2248 681 2286; x_wconf 83' lang='lat' dir='ltr'><strong>provenientia,</strong></span> <span class='ocrx_word' id='word_1_399' title='bbox 701 2257 750 2286; x_wconf 90' lang='lat' dir='ltr'><strong>per</strong></span> <span class='ocrx_word' id='word_1_400' title='bbox 771 2247 958 2278; x_wconf 86' lang='lat' dir='ltr'><strong>sufficientem</strong></span> <span class='ocrx_word' id='word_1_401' title='bbox 979 2247 1178 2286; x_wconf 86' lang='lat' dir='ltr'><strong>Securitatem,</strong></span> <span class='ocrx_word' id='word_1_402' title='bbox 1198 2248 1235 2279; x_wconf 91' lang='lat' dir='ltr'><strong>de</strong></span> 
     </span>
     <span class='ocr_line' id='line_1_67' title="bbox 166 2283 1235 2351; baseline 0.005 -38"><span class='ocrx_word' id='word_1_403' title='bbox 166 2283 361 2351; x_wconf 56' lang='lat' dir='ltr'><strong>respondendo</strong></span> <span class='ocrx_word' id='word_1_404' title='bbox 376 2284 475 2315; x_wconf 91' lang='lat' dir='ltr'><strong>Nobis</strong></span> <span class='ocrx_word' id='word_1_405' title='bbox 486 2286 521 2316; x_wconf 91' lang='lat' dir='ltr'><strong>de</strong></span> <span class='ocrx_word' id='word_1_406' title='bbox 535 2285 653 2325; x_wconf 91' lang='lat' dir='ltr'><strong>eisdem,</strong></span> <span class='ocrx_word' id='word_1_407' title='bbox 671 2286 690 2317; x_wconf 82' lang='lat' dir='ltr'>fi</span> <span class='ocrx_word' id='word_1_408' title='bbox 705 2286 740 2317; x_wconf 90' lang='lat' dir='ltr'><strong>ad</strong></span> <span class='ocrx_word' id='word_1_409' title='bbox 755 2286 820 2317; x_wconf 86' lang='lat' dir='ltr'><strong>Nos</strong></span> <span class='ocrx_word' id='word_1_410' title='bbox 831 2286 951 2317; x_wconf 88' lang='lat' dir='ltr'><strong>debeant</strong></span> <span class='ocrx_word' id='word_1_411' title='bbox 967 2287 1121 2325; x_wconf 86' lang='lat' dir='ltr'><strong>pertinere,</strong></span> <span class='ocrx_word' id='word_1_412' title='bbox 1138 2286 1235 2318; x_wconf 85' lang='lat' dir='ltr'><strong>libera-</strong></span> 
     </span>
     <span class='ocr_line' id='line_1_68' title="bbox 167 2331 298 2352; baseline 0.008 -1"><span class='ocrx_word' id='word_1_413' title='bbox 167 2331 192 2351; x_wconf 78' lang='lat' dir='ltr'><strong>ri</strong></span> <span class='ocrx_word' id='word_1_414' title='bbox 219 2331 298 2352; x_wconf 78' lang='lat' dir='ltr'><strong>acras.</strong></span> 
     </span>
    </p>
   </div>
   <div class='ocr_carea' id='block_1_14' title="bbox 206 2359 1198 2473">
    <p class='ocr_par' dir='ltr' id='par_1_24' title="bbox 206 2359 1198 2473">
     <span class='ocr_line' id='line_1_69' title="bbox 206 2359 1123 2403; baseline 0.004 -13"><span class='ocrx_word' id='word_1_415' title='bbox 206 2359 294 2391; x_wconf 87' lang='lat' dir='ltr'><strong>Teste</strong></span> <span class='ocrx_word' id='word_1_416' title='bbox 308 2359 394 2400; x_wconf 82' lang='lat' dir='ltr'><strong>Rege</strong></span> <span class='ocrx_word' id='word_1_417' title='bbox 408 2362 482 2401; x_wconf 87' lang='lat' dir='ltr'><strong>apud</strong></span> <span class='ocrx_word' id='word_1_418' title='bbox 496 2362 691 2403; x_wconf 85' lang='lat' dir='ltr'><strong>Wyndesore,</strong></span> <span class='ocrx_word' id='word_1_419' title='bbox 710 2363 848 2396; x_wconf 79' lang='lat' dir='ltr'><strong>vicesimo</strong></span> <span class='ocrx_word' id='word_1_420' title='bbox 861 2363 936 2395; x_wconf 85' lang='lat' dir='ltr'><strong>sexto</strong></span> <span class='ocrx_word' id='word_1_421' title='bbox 949 2362 996 2394; x_wconf 91' lang='lat' dir='ltr'><strong>die</strong></span> <span class='ocrx_word' id='word_1_422' title='bbox 1011 2363 1123 2402; x_wconf 79' lang='lat' dir='ltr'><strong>Aprilis„</strong></span> 
     </span>
     <span class='ocr_line' id='line_1_70' title="bbox 972 2440 1198 2473; baseline 0.004 -1"><span class='ocrx_word' id='word_1_423' title='bbox 972 2444 1027 2472; x_wconf 85' lang='lat' dir='ltr'><strong>Per</strong></span> <span class='ocrx_word' id='word_1_424' title='bbox 1047 2440 1198 2473; x_wconf 85' lang='lat' dir='ltr'><strong>Concilium.</strong></span> 
     </span>
    </p>
   </div>
   <div class='ocr_carea' id='block_1_15' title="bbox 164 2516 1237 2670">
    <p class='ocr_par' dir='ltr' id='par_1_25' title="bbox 164 2516 1237 2670">
     <span class='ocr_line' id='line_1_71' title="bbox 204 2516 1236 2561; baseline 0.004 -16"><span class='ocrx_word' id='word_1_425' title='bbox 204 2517 246 2545; x_wconf 82' lang='lat' dir='ltr'><strong>Et</strong></span> <span class='ocrx_word' id='word_1_426' title='bbox 255 2516 437 2557; x_wconf 65' lang='lat' dir='ltr'><strong>postmodiaem,</strong></span> <span class='ocrx_word' id='word_1_427' title='bbox 456 2519 567 2549; x_wconf 64' lang='lat' dir='ltr'><strong>ocJavo</strong></span> <span class='ocrx_word' id='word_1_428' title='bbox 584 2520 626 2549; x_wconf 81' lang='lat' dir='ltr'><strong>die</strong></span> <span class='ocrx_word' id='word_1_429' title='bbox 644 2520 779 2561; x_wconf 82' lang='lat' dir='ltr'><strong>Augusti,</strong></span> <span class='ocrx_word' id='word_1_430' title='bbox 792 2519 917 2559; x_wconf 60' lang='lat' dir='ltr'><strong>proxim&amp;</strong></span> <span class='ocrx_word' id='word_1_431' title='bbox 924 2519 1069 2560; x_wconf 73' lang='lat' dir='ltr'><strong>fi’quente,</strong></span> <span class='ocrx_word' id='word_1_432' title='bbox 1086 2521 1155 2549; x_wconf 85' lang='lat' dir='ltr'><strong>idem</strong></span> <span class='ocrx_word' id='word_1_433' title='bbox 1176 2523 1236 2550; x_wconf 86' lang='lat' dir='ltr'><strong>Rex</strong></span> 
     </span>
     <span class='ocr_line' id='line_1_72' title="bbox 167 2552 1237 2599; baseline 0.005 -16"><span class='ocrx_word' id='word_1_434' title='bbox 167 2552 264 2596; x_wconf 53' lang='lat' dir='ltr'><strong>habuit</strong></span> <span class='ocrx_word' id='word_1_435' title='bbox 278 2555 405 2595; x_wconf 83' lang='lat' dir='ltr'><strong>confimile</strong></span> <span class='ocrx_word' id='word_1_436' title='bbox 420 2560 512 2587; x_wconf 82' lang='lat' dir='ltr'><strong>Breve</strong></span> <span class='ocrx_word' id='word_1_437' title='bbox 531 2566 588 2596; x_wconf 77' lang='lat' dir='ltr'><strong>prae</strong></span> <span class='ocrx_word' id='word_1_438' title='bbox 604 2566 648 2588; x_wconf 84' lang='lat' dir='ltr'><strong>ato</strong></span> <span class='ocrx_word' id='word_1_439' title='bbox 666 2562 814 2589; x_wconf 75' lang='lat' dir='ltr'><strong>Vtcecomiti</strong></span> <span class='ocrx_word' id='word_1_440' title='bbox 835 2560 983 2596; x_wconf 65' lang='lat' dir='ltr'><strong>diredlum,</strong></span> <span class='ocrx_word' id='word_1_441' title='bbox 998 2559 1030 2587; x_wconf 88' lang='lat' dir='ltr'><strong>de</strong></span> <span class='ocrx_word' id='word_1_442' title='bbox 1045 2557 1237 2599; x_wconf 58' lang='lat' dir='ltr'><strong>Jiaepersedendo</strong></span> 
     </span>
     <span class='ocr_line' id='line_1_73' title="bbox 164 2557 1234 2670; baseline 0.003 -46"><span class='ocrx_word' id='word_1_443' title='bbox 164 2594 306 2670; x_wconf 51' lang='grc' dir='ltr'><strong>ῗζξῖῗωαηά</strong></span> <span class='ocrx_word' id='word_1_444' title='bbox 314 2594 490 2634; x_wconf 70' lang='lat' dir='ltr'><strong>Qindenam</strong></span> <span class='ocrx_word' id='word_1_445' title='bbox 504 2557 703 2639; x_wconf 50' lang='lat' dir='ltr'><strong>Purifilccationis</strong></span> <span class='ocrx_word' id='word_1_446' title='bbox 718 2602 817 2628; x_wconf 80' lang='lat' dir='ltr'><strong>Beatae</strong></span> <span class='ocrx_word' id='word_1_447' title='bbox 840 2601 944 2628; x_wconf 77' lang='lat' dir='ltr'><strong>Mariae</strong></span> <span class='ocrx_word' id='word_1_448' title='bbox 960 2600 1078 2635; x_wconf 79' lang='lat' dir='ltr'><strong>Virginis</strong></span> <span class='ocrx_word' id='word_1_449' title='bbox 1088 2620 1098 2636; x_wconf 89' lang='lat'><strong>,</strong></span> <span class='ocrx_word' id='word_1_450' title='bbox 1110 2597 1234 2636; x_wconf 52' lang='lat' dir='ltr'><strong>proxim&amp;</strong></span> 
     </span>
    </p>
   </div>
   <div class='ocr_carea' id='block_1_16' title="bbox 906 2673 1133 2706">
    <p class='ocr_par' dir='ltr' id='par_1_26' title="bbox 906 2673 1133 2706">
     <span class='ocr_line' id='line_1_74' title="bbox 906 2673 1133 2706; baseline -0.004 -1"><span class='ocrx_word' id='word_1_451' title='bbox 906 2677 960 2706; x_wconf 85' lang='lat' dir='ltr'><strong>Per</strong></span> <span class='ocrx_word' id='word_1_452' title='bbox 979 2673 1133 2705; x_wconf 85' lang='lat' dir='ltr'><strong>Concilium.</strong></span> 
     </span>
    </p>
   </div>
   <div class='ocr_carea' id='block_1_17' title="bbox 418 2824 975 2872">
    <p class='ocr_par' dir='ltr' id='par_1_27' title="bbox 418 2824 975 2872">
     <span class='ocr_line' id='line_1_75' title="bbox 418 2824 975 2872; baseline 0.009 -18"><span class='ocrx_word' id='word_1_453' title='bbox 418 2824 467 2854; x_wconf 84' lang='lat' dir='ltr'><strong>De</strong></span> <span class='ocrx_word' id='word_1_454' title='bbox 490 2825 735 2858; x_wconf 75' lang='lat' dir='ltr'><strong>Remuneratione</strong></span> <span class='ocrx_word' id='word_1_455' title='bbox 756 2830 787 2858; x_wconf 85' lang='lat' dir='ltr'><strong>in</strong></span> <span class='ocrx_word' id='word_1_456' title='bbox 819 2825 975 2872; x_wconf 78' lang='lat' dir='ltr'><strong>Vafionia.</strong></span> 
     </span>
    </p>
   </div>
   <div class='ocr_carea' id='block_1_18' title="bbox 170 2904 1240 3027">
    <p class='ocr_par' dir='ltr' id='par_1_28' title="bbox 170 2904 1240 3027">
     <span class='ocr_line' id='line_1_76' title="bbox 173 2904 1208 2962; baseline 0.012 -28"><span class='ocrx_word' id='word_1_457' title='bbox 173 2904 297 2962; x_wconf 78' lang='lat' dir='ltr'><strong>REX</strong></span> <span class='ocrx_word' id='word_1_458' title='bbox 317 2904 479 2946; x_wconf 87' lang='lat' dir='ltr'><strong>Omnibus,</strong></span> <span class='ocrx_word' id='word_1_459' title='bbox 496 2907 530 2938; x_wconf 91' lang='lat' dir='ltr'><strong>ad</strong></span> <span class='ocrx_word' id='word_1_460' title='bbox 546 2918 632 2947; x_wconf 92' lang='lat' dir='ltr'><strong>quos,</strong></span> <span class='ocrx_word' id='word_1_461' title='bbox 649 2910 712 2953; x_wconf 68' lang='grc' dir='ltr'><strong>ᾅςε.</strong></span> <span class='ocrx_word' id='word_1_462' title='bbox 732 2909 867 2955; x_wconf 81' lang='lat' dir='ltr'><strong>Salutem.</strong></span> <span class='ocrx_word' id='word_1_463' title='bbox 1023 2949 1028 2956; x_wconf 92' lang='lat'><strong>.</strong></span> <span class='ocrx_word' id='word_1_464' title='bbox 1202 2950 1208 2957; x_wconf 38' lang='lat'>⁸</span> 
     </span>
     <span class='ocr_line' id='line_1_77' title="bbox 269 2944 1240 2990; baseline 0.009 -17"><span class='ocrx_word' id='word_1_465' title='bbox 269 2944 461 2989; x_wconf 80' lang='lat' dir='ltr'><strong>Attendentes</strong></span> <span class='ocrx_word' id='word_1_466' title='bbox 475 2953 551 2990; x_wconf 75' lang='lat' dir='ltr'><strong>grata</strong></span> <span class='ocrx_word' id='word_1_467' title='bbox 566 2947 599 2977; x_wconf 65' lang='grc' dir='ltr'><strong>ὃς</strong></span> <span class='ocrx_word' id='word_1_468' title='bbox 620 2948 696 2978; x_wconf 83' lang='lat' dir='ltr'><strong>utilia</strong></span> <span class='ocrx_word' id='word_1_469' title='bbox 720 2948 863 2987; x_wconf 75' lang='lat' dir='ltr'><strong>Obsequia</strong></span> <span class='ocrx_word' id='word_1_470' title='bbox 905 2959 983 2989; x_wconf 82' lang='lat' dir='ltr'><strong>quae,</strong></span> <span class='ocrx_word' id='word_1_471' title='bbox 1001 2949 1118 2981; x_wconf 63' lang='lat' dir='ltr'><strong>drledffls</strong></span> <span class='ocrx_word' id='word_1_472' title='bbox 1140 2950 1240 2990; x_wconf 81' lang='lat' dir='ltr'><strong>nobis,</strong></span> 
     </span>
     <span class='ocr_line' id='line_1_78' title="bbox 170 2980 1238 3027; baseline 0.007 -16"><span class='ocrx_word' id='word_1_473' title='bbox 170 2980 356 3021; x_wconf 90' lang='lat' dir='ltr'><strong>Reymundus</strong></span> <span class='ocrx_word' id='word_1_474' title='bbox 373 2982 548 3022; x_wconf 82' lang='lat' dir='ltr'><strong>Guillielmi,</strong></span> <span class='ocrx_word' id='word_1_475' title='bbox 565 2984 714 3016; x_wconf 87' lang='lat' dir='ltr'><strong>Dominus</strong></span> <span class='ocrx_word' id='word_1_476' title='bbox 726 2987 762 3017; x_wconf 91' lang='lat' dir='ltr'><strong>de</strong></span> <span class='ocrx_word' id='word_1_477' title='bbox 777 2986 857 3017; x_wconf 69' lang='lat' dir='ltr'><strong>Cava</strong></span> <span class='ocrx_word' id='word_1_478' title='bbox 896 2988 983 3027; x_wconf 70' lang='lat' dir='ltr'><strong>enna,</strong></span> <span class='ocrx_word' id='word_1_479' title='bbox 1002 2989 1099 3026; x_wconf 88' lang='lat' dir='ltr'><strong>nobis,</strong></span> <span class='ocrx_word' id='word_1_480' title='bbox 1118 2990 1147 3019; x_wconf 92' lang='lat' dir='ltr'><strong>in</strong></span> <span class='ocrx_word' id='word_1_481' title='bbox 1164 2999 1238 3027; x_wconf 82' lang='lat' dir='ltr'><strong>prae-</strong></span> 
     </span>
    </p>
   </div>
   <div class='ocr_carea' id='block_1_19' title="bbox 169 3019 1289 3065">
    <p class='ocr_par' dir='ltr' id='par_1_29' title="bbox 169 3019 1289 3065">
     <span class='ocr_line' id='line_1_79' title="bbox 169 3019 1289 3065; baseline 0.008 -16"><span class='ocrx_word' id='word_1_482' title='bbox 169 3019 238 3050; x_wconf 85' lang='lat' dir='ltr'><strong>senti</strong></span> <span class='ocrx_word' id='word_1_483' title='bbox 254 3019 366 3051; x_wconf 65' lang='lat' dir='ltr'><strong>Guerrs</strong></span> <span class='ocrx_word' id='word_1_484' title='bbox 382 3021 478 3052; x_wconf 71' lang='lat' dir='ltr'><strong>nostra</strong></span> <span class='ocrx_word' id='word_1_485' title='bbox 494 3022 660 3062; x_wconf 86' lang='lat' dir='ltr'><strong>Vasconiae,</strong></span> <span class='ocrx_word' id='word_1_486' title='bbox 678 3025 711 3055; x_wconf 90' lang='lat'>&amp;</span> <span class='ocrx_word' id='word_1_487' title='bbox 726 3025 809 3063; x_wconf 85' lang='lat' dir='ltr'><strong>alibi,</strong></span> <span class='ocrx_word' id='word_1_488' title='bbox 828 3026 1017 3064; x_wconf 89' lang='lat' dir='ltr'><strong>multipliciter</strong></span> <span class='ocrx_word' id='word_1_489' title='bbox 1031 3028 1188 3065; x_wconf 88' lang='lat' dir='ltr'><strong>impendit,</strong></span> <span class='ocrx_word' id='word_1_490' title='bbox 1206 3028 1240 3058; x_wconf 65' lang='grc' dir='ltr'><strong>ὃς</strong></span> <span class='ocrx_word' id='word_1_491' title='bbox 1286 3040 1289 3041; x_wconf 57' lang='grc'>’</span> 
     </span>
    </p>
   </div>
   <div class='ocr_carea' id='block_1_20' title="bbox 168 3058 1242 3517">
    <p class='ocr_par' dir='ltr' id='par_1_30' title="bbox 170 3058 1240 3138">
     <span class='ocr_line' id='line_1_80' title="bbox 170 3058 1240 3104; baseline 0.009 -17"><span class='ocrx_word' id='word_1_492' title='bbox 170 3058 258 3102; x_wconf 68' lang='lat' dir='ltr'><strong>indies</strong></span> <span class='ocrx_word' id='word_1_493' title='bbox 275 3059 438 3103; x_wconf 78' lang='lat' dir='ltr'><strong>impendere</strong></span> <span class='ocrx_word' id='word_1_494' title='bbox 458 3071 517 3091; x_wconf 88' lang='lat' dir='ltr'><strong>non</strong></span> <span class='ocrx_word' id='word_1_495' title='bbox 531 3061 653 3102; x_wconf 81' lang='lat' dir='ltr'><strong>desistit,</strong></span> <span class='ocrx_word' id='word_1_496' title='bbox 669 3063 696 3093; x_wconf 93' lang='lat' dir='ltr'><strong>se</strong></span> <span class='ocrx_word' id='word_1_497' title='bbox 712 3064 745 3094; x_wconf 70' lang='grc' dir='ltr'><strong>ὃ(</strong></span> <span class='ocrx_word' id='word_1_498' title='bbox 760 3063 822 3103; x_wconf 88' lang='lat' dir='ltr'><strong>sua,</strong></span> <span class='ocrx_word' id='word_1_499' title='bbox 840 3064 868 3094; x_wconf 89' lang='lat' dir='ltr'><strong>in</strong></span> <span class='ocrx_word' id='word_1_500' title='bbox 892 3065 1039 3104; x_wconf 87' lang='lat' dir='ltr'><strong>Obsequio</strong></span> <span class='ocrx_word' id='word_1_501' title='bbox 1054 3066 1171 3104; x_wconf 90' lang='lat' dir='ltr'><strong>nostro,</strong></span> <span class='ocrx_word' id='word_1_502' title='bbox 1189 3077 1240 3097; x_wconf 85' lang='lat' dir='ltr'><strong>va-</strong></span> 
     </span>
     <span class='ocr_line' id='line_1_81' title="bbox 171 3096 568 3138; baseline 0.008 -12"><span class='ocrx_word' id='word_1_503' title='bbox 171 3107 215 3126; x_wconf 85' lang='lat' dir='ltr'><strong>rus</strong></span> <span class='ocrx_word' id='word_1_504' title='bbox 232 3096 364 3128; x_wconf 81' lang='lat' dir='ltr'><strong>Periculis</strong></span> <span class='ocrx_word' id='word_1_505' title='bbox 377 3100 568 3138; x_wconf 85' lang='lat' dir='ltr'><strong>exponendo,</strong></span> 
     </span>
    </p>

    <p class='ocr_par' dir='ltr' id='par_1_31' title="bbox 172 3134 1240 3258">
     <span class='ocr_line' id='line_1_82' title="bbox 208 3134 1240 3180; baseline 0.007 -15"><span class='ocrx_word' id='word_1_506' title='bbox 208 3134 396 3179; x_wconf 68' lang='lat' dir='ltr'><strong>Volentc&#39;esque</strong></span> <span class='ocrx_word' id='word_1_507' title='bbox 419 3137 508 3175; x_wconf 88' lang='lat' dir='ltr'><strong>ipsum</strong></span> <span class='ocrx_word' id='word_1_508' title='bbox 530 3137 755 3180; x_wconf 88' lang='lat' dir='ltr'><strong>Reymundum,</strong></span> <span class='ocrx_word' id='word_1_509' title='bbox 773 3150 809 3170; x_wconf 94' lang='lat' dir='ltr'><strong>eo</strong></span> <span class='ocrx_word' id='word_1_510' title='bbox 829 3150 978 3180; x_wconf 83' lang='lat' dir='ltr'><strong>praetextu,</strong></span> <span class='ocrx_word' id='word_1_511' title='bbox 1001 3142 1035 3173; x_wconf 86' lang='lat'>&amp;</span> <span class='ocrx_word' id='word_1_512' title='bbox 1057 3143 1086 3173; x_wconf 87' lang='lat' dir='ltr'><strong>in</strong></span> <span class='ocrx_word' id='word_1_513' title='bbox 1108 3141 1240 3172; x_wconf 88' lang='lat' dir='ltr'><strong>Recom-</strong></span> 
     </span>
     <span class='ocr_line' id='line_1_83' title="bbox 172 3173 1240 3218; baseline 0.008 -15"><span class='ocrx_word' id='word_1_514' title='bbox 172 3173 367 3218; x_wconf 32' lang='lat' dir='ltr'><strong>pensationem-</strong></span> <span class='ocrx_word' id='word_1_515' title='bbox 378 3174 577 3213; x_wconf 91' lang='lat' dir='ltr'><strong>Dampnorum</strong></span> <span class='ocrx_word' id='word_1_516' title='bbox 597 3178 630 3208; x_wconf 90' lang='lat'>&amp;</span> <span class='ocrx_word' id='word_1_517' title='bbox 647 3177 885 3218; x_wconf 89' lang='lat' dir='ltr'><strong>Deperditorum,</strong></span> <span class='ocrx_word' id='word_1_518' title='bbox 904 3191 952 3218; x_wconf 87' lang='lat' dir='ltr'><strong>per</strong></span> <span class='ocrx_word' id='word_1_519' title='bbox 967 3181 1059 3218; x_wconf 89' lang='lat' dir='ltr'><strong>ipsum</strong></span> <span class='ocrx_word' id='word_1_520' title='bbox 1074 3182 1104 3211; x_wconf 90' lang='lat' dir='ltr'><strong>in</strong></span> <span class='ocrx_word' id='word_1_521' title='bbox 1118 3181 1240 3212; x_wconf 88' lang='lat' dir='ltr'><strong>Servitio</strong></span> 
     </span>
     <span class='ocr_line' id='line_1_84' title="bbox 173 3211 1037 3258; baseline 0.009 -17"><span class='ocrx_word' id='word_1_522' title='bbox 173 3211 268 3242; x_wconf 90' lang='lat' dir='ltr'><strong>nostro</strong></span> <span class='ocrx_word' id='word_1_523' title='bbox 282 3213 420 3250; x_wconf 60' lang='lat' dir='ltr'><strong>praedicto</strong></span> <span class='ocrx_word' id='word_1_524' title='bbox 432 3214 574 3253; x_wconf 89' lang='lat' dir='ltr'><strong>passorum</strong></span> <span class='ocrx_word' id='word_1_525' title='bbox 584 3238 593 3251; x_wconf 90' lang='lat'><strong>,</strong></span> <span class='ocrx_word' id='word_1_526' title='bbox 614 3215 737 3247; x_wconf 87' lang='lat' dir='ltr'><strong>Munere</strong></span> <span class='ocrx_word' id='word_1_527' title='bbox 752 3217 886 3255; x_wconf 84' lang='lat' dir='ltr'><strong>respicere</strong></span> <span class='ocrx_word' id='word_1_528' title='bbox 902 3220 1037 3258; x_wconf 84' lang='lat' dir='ltr'><strong>gratioso,</strong></span> 
     </span>
    </p>

    <p class='ocr_par' dir='ltr' id='par_1_32' title="bbox 173 3249 1241 3363">
     <span class='ocr_line' id='line_1_85' title="bbox 211 3249 1238 3295; baseline 0.009 -15"><span class='ocrx_word' id='word_1_529' title='bbox 211 3249 239 3280; x_wconf 89' lang='lat' dir='ltr'>C</span> <span class='ocrx_word' id='word_1_530' title='bbox 248 3259 268 3294; x_wconf 81' lang='lat' dir='ltr'><strong>o</strong></span> <span class='ocrx_word' id='word_1_531' title='bbox 279 3259 302 3280; x_wconf 85' lang='lat' dir='ltr'>N</span> <span class='ocrx_word' id='word_1_532' title='bbox 312 3260 328 3280; x_wconf 91' lang='lat' dir='ltr'><strong>c</strong></span> <span class='ocrx_word' id='word_1_533' title='bbox 337 3260 355 3281; x_wconf 82' lang='lat' dir='ltr'>E</span> <span class='ocrx_word' id='word_1_534' title='bbox 366 3260 377 3281; x_wconf 86' lang='lat' dir='ltr'><strong>s</strong></span> <span class='ocrx_word' id='word_1_535' title='bbox 386 3261 397 3282; x_wconf 90' lang='lat' dir='ltr'><strong>s</strong></span> <span class='ocrx_word' id='word_1_536' title='bbox 408 3261 419 3281; x_wconf 94' lang='lat'>1</span> <span class='ocrx_word' id='word_1_537' title='bbox 429 3260 455 3282; x_wconf 86' lang='lat' dir='ltr'><strong>M</strong></span> <span class='ocrx_word' id='word_1_538' title='bbox 464 3261 486 3282; x_wconf 82' lang='lat' dir='ltr'>u</span> <span class='ocrx_word' id='word_1_539' title='bbox 498 3262 510 3283; x_wconf 86' lang='lat' dir='ltr'><strong>s</strong></span> <span class='ocrx_word' id='word_1_540' title='bbox 528 3254 554 3283; x_wconf 91' lang='lat' dir='ltr'><strong>ei</strong></span> <span class='ocrx_word' id='word_1_541' title='bbox 575 3253 688 3284; x_wconf 78' lang='lat' dir='ltr'><strong>Partem</strong></span> <span class='ocrx_word' id='word_1_542' title='bbox 710 3255 834 3286; x_wconf 88' lang='lat' dir='ltr'><strong>nostram</strong></span> <span class='ocrx_word' id='word_1_543' title='bbox 843 3279 852 3294; x_wconf 91' lang='lat'><strong>,</strong></span> <span class='ocrx_word' id='word_1_544' title='bbox 870 3257 903 3288; x_wconf 89' lang='lat'>&amp;</span> <span class='ocrx_word' id='word_1_545' title='bbox 918 3259 1016 3288; x_wconf 85' lang='lat' dir='ltr'><strong>omnia</strong></span> <span class='ocrx_word' id='word_1_546' title='bbox 1036 3256 1166 3288; x_wconf 83' lang='lat' dir='ltr'><strong>Proficua</strong></span> <span class='ocrx_word' id='word_1_547' title='bbox 1177 3282 1186 3295; x_wconf 81' lang='lat'><strong>,</strong></span> <span class='ocrx_word' id='word_1_548' title='bbox 1204 3257 1238 3288; x_wconf 89' lang='lat' dir='ltr'><strong>ad</strong></span> 
     </span>
     <span class='ocr_line' id='line_1_86' title="bbox 173 3288 1241 3363; baseline 0.009 -46"><span class='ocrx_word' id='word_1_549' title='bbox 173 3288 242 3363; x_wconf 43' lang='lat' dir='ltr'><strong>{gs</strong></span> <span class='ocrx_word' id='word_1_550' title='bbox 252 3298 281 3356; x_wconf 71' lang='lat' dir='ltr'><strong>isn</strong></span> <span class='ocrx_word' id='word_1_551' title='bbox 297 3288 404 3358; x_wconf 49' lang='lat' dir='ltr'><strong>{taastidzi</strong></span> <span class='ocrx_word' id='word_1_552' title='bbox 418 3290 454 3321; x_wconf 90' lang='lat' dir='ltr'><strong>de</strong></span> <span class='ocrx_word' id='word_1_553' title='bbox 468 3291 644 3323; x_wconf 91' lang='lat' dir='ltr'><strong>Toulousote</strong></span> <span class='ocrx_word' id='word_1_554' title='bbox 665 3293 740 3332; x_wconf 82' lang='lat' dir='ltr'><strong>(quae</strong></span> <span class='ocrx_word' id='word_1_555' title='bbox 753 3293 794 3324; x_wconf 92' lang='lat' dir='ltr'><strong>est</strong></span> <span class='ocrx_word' id='word_1_556' title='bbox 812 3294 884 3326; x_wconf 83' lang='lat' dir='ltr'><strong>infra</strong></span> <span class='ocrx_word' id='word_1_557' title='bbox 897 3295 1096 3337; x_wconf 84' lang='lat' dir='ltr'><strong>Episcopatum</strong></span> <span class='ocrx_word' id='word_1_558' title='bbox 1110 3296 1145 3327; x_wconf 90' lang='lat' dir='ltr'><strong>de</strong></span> <span class='ocrx_word' id='word_1_559' title='bbox 1159 3295 1241 3328; x_wconf 87' lang='lat' dir='ltr'><strong>Mar-</strong></span> 
     </span>
    </p>

    <p class='ocr_par' dir='ltr' id='par_1_33' title="bbox 168 3337 1242 3517">
     <span class='ocr_line' id='line_1_87' title="bbox 262 3337 418 3366; baseline 0.006 -9"><span class='ocrx_word' id='word_1_560' title='bbox 262 3337 297 3365; x_wconf 91' lang='lat' dir='ltr'><strong>pe</strong></span> <span class='ocrx_word' id='word_1_561' title='bbox 344 3337 418 3366; x_wconf 81' lang='lat' dir='ltr'><strong>ntia,</strong></span> 
     </span>
     <span class='ocr_line' id='line_1_88' title="bbox 168 3364 1240 3407; baseline 0.009 -13"><span class='ocrx_word' id='word_1_562' title='bbox 168 3386 178 3400; x_wconf 78' lang='grc'><strong>,</strong></span> <span class='ocrx_word' id='word_1_563' title='bbox 213 3364 250 3395; x_wconf 87' lang='lat' dir='ltr'><strong>Et</strong></span> <span class='ocrx_word' id='word_1_564' title='bbox 264 3368 361 3397; x_wconf 86' lang='lat' dir='ltr'><strong>omnia</strong></span> <span class='ocrx_word' id='word_1_565' title='bbox 376 3365 499 3399; x_wconf 87' lang='lat' dir='ltr'><strong>Deveria</strong></span> <span class='ocrx_word' id='word_1_566' title='bbox 521 3369 554 3400; x_wconf 90' lang='lat'>&amp;</span> <span class='ocrx_word' id='word_1_567' title='bbox 570 3368 718 3407; x_wconf 84' lang='lat' dir='ltr'><strong>Proficua,</strong></span> <span class='ocrx_word' id='word_1_568' title='bbox 733 3369 768 3400; x_wconf 89' lang='lat' dir='ltr'><strong>ad</strong></span> <span class='ocrx_word' id='word_1_569' title='bbox 784 3370 852 3401; x_wconf 92' lang='lat' dir='ltr'><strong>Nos</strong></span> <span class='ocrx_word' id='word_1_570' title='bbox 867 3370 939 3402; x_wconf 88' lang='lat' dir='ltr'><strong>infra</strong></span> <span class='ocrx_word' id='word_1_571' title='bbox 956 3371 1095 3403; x_wconf 74' lang='lat' dir='ltr'><strong>Bistidam</strong></span> <span class='ocrx_word' id='word_1_572' title='bbox 1111 3373 1146 3403; x_wconf 90' lang='lat' dir='ltr'><strong>de</strong></span> <span class='ocrx_word' id='word_1_573' title='bbox 1169 3373 1240 3404; x_wconf 82' lang='lat' dir='ltr'><strong>San-</strong></span> 
     </span>
     <span class='ocr_line' id='line_1_89' title="bbox 174 3401 1110 3450; baseline 0.011 -19"><span class='ocrx_word' id='word_1_574' title='bbox 174 3401 225 3432; x_wconf 73' lang='grc' dir='ltr'><strong>ἂο</strong></span> <span class='ocrx_word' id='word_1_575' title='bbox 237 3402 396 3448; x_wconf 61' lang='lat' dir='ltr'><strong>Edwardo,</strong></span> <span class='ocrx_word' id='word_1_576' title='bbox 414 3406 447 3436; x_wconf 91' lang='lat'>&amp;</span> <span class='ocrx_word' id='word_1_577' title='bbox 462 3406 628 3438; x_wconf 87' lang='lat' dir='ltr'><strong>Parochiam</strong></span> <span class='ocrx_word' id='word_1_578' title='bbox 639 3407 677 3448; x_wconf 82' lang='lat' dir='ltr'><strong>de</strong></span> <span class='ocrx_word' id='word_1_579' title='bbox 691 3407 757 3438; x_wconf 85' lang='lat' dir='ltr'><strong>Baix</strong></span> <span class='ocrx_word' id='word_1_580' title='bbox 767 3432 776 3446; x_wconf 90' lang='lat'><em>‚</em></span> <span class='ocrx_word' id='word_1_581' title='bbox 794 3409 915 3440; x_wconf 77' lang='lat' dir='ltr'><strong>similiter</strong></span> <span class='ocrx_word' id='word_1_582' title='bbox 928 3412 1110 3450; x_wconf 80' lang='lat' dir='ltr'><strong>pertinentia,</strong></span> 
     </span>
     <span class='ocr_line' id='line_1_90' title="bbox 172 3440 1242 3508; baseline 0.01 -38"><span class='ocrx_word' id='word_1_583' title='bbox 172 3477 196 3508; x_wconf 81' lang='lat' dir='ltr'>B</span> <span class='ocrx_word' id='word_1_584' title='bbox 213 3440 257 3470; x_wconf 82' lang='lat' dir='ltr'><strong>Ac</strong></span> <span class='ocrx_word' id='word_1_585' title='bbox 272 3450 356 3473; x_wconf 84' lang='lat' dir='ltr'><strong>enam</strong></span> <span class='ocrx_word' id='word_1_586' title='bbox 371 3443 503 3483; x_wconf 87' lang='lat' dir='ltr'><strong>Hospitia</strong></span> <span class='ocrx_word' id='word_1_587' title='bbox 516 3445 553 3476; x_wconf 92' lang='lat' dir='ltr'><strong>de</strong></span> <span class='ocrx_word' id='word_1_588' title='bbox 566 3446 592 3477; x_wconf 86' lang='lat' dir='ltr'><strong>la</strong></span> <span class='ocrx_word' id='word_1_589' title='bbox 608 3446 771 3485; x_wconf 89' lang='lat' dir='ltr'><strong>Nouvelle,</strong></span> <span class='ocrx_word' id='word_1_590' title='bbox 790 3448 824 3478; x_wconf 89' lang='lat'>&amp;</span> <span class='ocrx_word' id='word_1_591' title='bbox 838 3448 933 3478; x_wconf 70' lang='lat' dir='ltr'><strong>Sancti</strong></span> <span class='ocrx_word' id='word_1_592' title='bbox 944 3449 1098 3487; x_wconf 82' lang='lat' dir='ltr'><strong>Johannis,</strong></span> <span class='ocrx_word' id='word_1_593' title='bbox 1117 3450 1150 3481; x_wconf 92' lang='lat'>&amp;</span> <span class='ocrx_word' id='word_1_594' title='bbox 1169 3449 1205 3481; x_wconf 90' lang='lat' dir='ltr'><strong>de</strong></span> <span class='ocrx_word' id='word_1_595' title='bbox 1217 3450 1242 3482; x_wconf 85' lang='lat' dir='ltr'><strong>la</strong></span> 
     </span>
     <span class='ocr_line' id='line_1_91' title="bbox 199 3488 288 3517; baseline 0 -9"><span class='ocrx_word' id='word_1_596' title='bbox 199 3488 288 3517; x_wconf 87' lang='lat' dir='ltr'><strong>artee,</strong></span> 
     </span>
    </p>
   </div>
   <div class='ocr_carea' id='block_1_21' title="bbox 211 3516 1124 3708">
    <p class='ocr_par' dir='ltr' id='par_1_34' title="bbox 211 3516 1124 3602">
     <span class='ocr_line' id='line_1_92' title="bbox 211 3516 1124 3564; baseline 0.01 -18"><span class='ocrx_word' id='word_1_597' title='bbox 211 3516 230 3536; x_wconf 67' lang='lat'><strong>²¹²</strong></span> <span class='ocrx_word' id='word_1_598' title='bbox 245 3516 291 3547; x_wconf 88' lang='lat' dir='ltr'><strong>Ac</strong></span> <span class='ocrx_word' id='word_1_599' title='bbox 303 3516 468 3563; x_wconf 75' lang='lat' dir='ltr'><strong>Hospitium</strong></span> <span class='ocrx_word' id='word_1_600' title='bbox 480 3521 517 3552; x_wconf 88' lang='lat' dir='ltr'><strong>de</strong></span> <span class='ocrx_word' id='word_1_601' title='bbox 532 3522 595 3554; x_wconf 88' lang='lat' dir='ltr'><strong>Lou</strong></span> <span class='ocrx_word' id='word_1_602' title='bbox 616 3524 698 3562; x_wconf 83' lang='lat' dir='ltr'><strong>pien,</strong></span> <span class='ocrx_word' id='word_1_603' title='bbox 717 3524 747 3554; x_wconf 89' lang='lat' dir='ltr'><strong>in</strong></span> <span class='ocrx_word' id='word_1_604' title='bbox 762 3522 902 3556; x_wconf 70' lang='lat' dir='ltr'><strong>Parochia</strong></span> <span class='ocrx_word' id='word_1_605' title='bbox 917 3524 953 3555; x_wconf 90' lang='lat' dir='ltr'><strong>de</strong></span> <span class='ocrx_word' id='word_1_606' title='bbox 966 3524 991 3555; x_wconf 87' lang='lat' dir='ltr'><strong>la</strong></span> <span class='ocrx_word' id='word_1_607' title='bbox 1005 3524 1124 3564; x_wconf 74' lang='lat' dir='ltr'><strong>Fousie,</strong></span> 
     </span>
     <span class='ocr_line' id='line_1_93' title="bbox 216 3554 733 3602; baseline 0.017 -18"><span class='ocrx_word' id='word_1_608' title='bbox 216 3554 253 3585; x_wconf 87' lang='lat' dir='ltr'><strong>Et</strong></span> <span class='ocrx_word' id='word_1_609' title='bbox 268 3555 337 3585; x_wconf 89' lang='lat' dir='ltr'><strong>Hos</strong></span> <span class='ocrx_word' id='word_1_610' title='bbox 351 3566 429 3600; x_wconf 71' lang='lat' dir='ltr'><strong>inum</strong></span> <span class='ocrx_word' id='word_1_611' title='bbox 444 3559 574 3591; x_wconf 88' lang='lat' dir='ltr'><strong>Bernardi</strong></span> <span class='ocrx_word' id='word_1_612' title='bbox 613 3563 733 3602; x_wconf 85' lang='lat' dir='ltr'><strong>rignon,</strong></span> 
     </span>
    </p>

    <p class='ocr_par' dir='ltr' id='par_1_35' title="bbox 214 3593 640 3638">
     <span class='ocr_line' id='line_1_94' title="bbox 214 3593 640 3638; baseline 0.023 -17"><span class='ocrx_word' id='word_1_613' title='bbox 214 3593 254 3624; x_wconf 89' lang='lat' dir='ltr'><strong>Et</strong></span> <span class='ocrx_word' id='word_1_614' title='bbox 267 3593 319 3624; x_wconf 92' lang='lat' dir='ltr'><strong>Ho</strong></span> <span class='ocrx_word' id='word_1_615' title='bbox 331 3603 428 3631; x_wconf 83' lang='lat' dir='ltr'><strong>pinum</strong></span> <span class='ocrx_word' id='word_1_616' title='bbox 444 3597 480 3627; x_wconf 90' lang='lat' dir='ltr'><strong>de</strong></span> <span class='ocrx_word' id='word_1_617' title='bbox 496 3599 520 3629; x_wconf 90' lang='lat' dir='ltr'><strong>la</strong></span> <span class='ocrx_word' id='word_1_618' title='bbox 531 3599 640 3638; x_wconf 89' lang='lat' dir='ltr'><strong>Borde,</strong></span> 
     </span>
    </p>

    <p class='ocr_par' dir='ltr' id='par_1_36' title="bbox 216 3631 633 3677">
     <span class='ocr_line' id='line_1_95' title="bbox 216 3631 633 3677; baseline 0.014 -15"><span class='ocrx_word' id='word_1_619' title='bbox 216 3631 254 3662; x_wconf 91' lang='lat' dir='ltr'><strong>Et</strong></span> <span class='ocrx_word' id='word_1_620' title='bbox 264 3631 428 3669; x_wconf 90' lang='lat' dir='ltr'><strong>Hospitium</strong></span> <span class='ocrx_word' id='word_1_621' title='bbox 442 3635 480 3665; x_wconf 90' lang='lat' dir='ltr'><strong>de</strong></span> <span class='ocrx_word' id='word_1_622' title='bbox 493 3636 633 3677; x_wconf 89' lang='lat' dir='ltr'><strong>Bergner,</strong></span> 
     </span>
    </p>

    <p class='ocr_par' dir='ltr' id='par_1_37' title="bbox 214 3670 687 3708">
     <span class='ocr_line' id='line_1_96' title="bbox 214 3670 687 3708; baseline 0.015 -8"><span class='ocrx_word' id='word_1_623' title='bbox 214 3670 252 3701; x_wconf 90' lang='lat' dir='ltr'><strong>Et</strong></span> <span class='ocrx_word' id='word_1_624' title='bbox 266 3670 428 3708; x_wconf 85' lang='lat' dir='ltr'><strong>Hospitium</strong></span> <span class='ocrx_word' id='word_1_625' title='bbox 446 3672 481 3702; x_wconf 90' lang='lat' dir='ltr'><strong>de</strong></span> <span class='ocrx_word' id='word_1_626' title='bbox 496 3673 616 3706; x_wconf 91' lang='lat' dir='ltr'><strong>Menant</strong></span> <span class='ocrx_word' id='word_1_627' title='bbox 632 3676 687 3707; x_wconf 91' lang='lat' dir='ltr'><strong>Vie</strong></span> 
     </span>
    </p>
   </div>
   <div class='ocr_carea' id='block_1_22' title="bbox 179 3700 1247 3788">
    <p class='ocr_par' dir='ltr' id='par_1_38' title="bbox 179 3700 1247 3788">
     <span class='ocr_line' id='line_1_97' title="bbox 217 3700 1247 3757; baseline 0.009 -18"><span class='ocrx_word' id='word_1_628' title='bbox 217 3708 296 3746; x_wconf 82' lang='lat' dir='ltr'><strong>Quae</strong></span> <span class='ocrx_word' id='word_1_629' title='bbox 308 3709 343 3740; x_wconf 88' lang='lat' dir='ltr'><strong>ad</strong></span> <span class='ocrx_word' id='word_1_630' title='bbox 358 3709 493 3740; x_wconf 89' lang='lat' dir='ltr'><strong>Valorem</strong></span> <span class='ocrx_word' id='word_1_631' title='bbox 509 3711 675 3755; x_wconf 77' lang='lat' dir='ltr'><strong>Duodecim</strong></span> <span class='ocrx_word' id='word_1_632' title='bbox 691 3700 841 3748; x_wconf 80' lang='lat' dir='ltr'><strong>Librarum</strong></span> <span class='ocrx_word' id='word_1_633' title='bbox 858 3716 1079 3756; x_wconf 82' lang='lat' dir='ltr'><strong>sterlingorum,</strong></span> <span class='ocrx_word' id='word_1_634' title='bbox 1098 3717 1143 3749; x_wconf 90' lang='lat' dir='ltr'><strong>vel</strong></span> <span class='ocrx_word' id='word_1_635' title='bbox 1159 3716 1247 3757; x_wconf 84' lang='lat' dir='ltr'><strong>circa,</strong></span> 
     </span>
     <span class='ocr_line' id='line_1_98' title="bbox 179 3747 755 3788; baseline 0.014 -12"><span class='ocrx_word' id='word_1_636' title='bbox 179 3755 229 3784; x_wconf 84' lang='lat' dir='ltr'><strong>per</strong></span> <span class='ocrx_word' id='word_1_637' title='bbox 243 3747 380 3786; x_wconf 86' lang='lat' dir='ltr'><strong>Annum,</strong></span> <span class='ocrx_word' id='word_1_638' title='bbox 396 3756 426 3779; x_wconf 89' lang='lat' dir='ltr'><strong>ut</strong></span> <span class='ocrx_word' id='word_1_639' title='bbox 438 3748 530 3780; x_wconf 79' lang='lat' dir='ltr'><strong>affent</strong></span> <span class='ocrx_word' id='word_1_640' title='bbox 539 3773 548 3788; x_wconf 88' lang='lat'><strong>,</strong></span> <span class='ocrx_word' id='word_1_641' title='bbox 566 3750 591 3780; x_wconf 92' lang='lat' dir='ltr'><strong>se</strong></span> <span class='ocrx_word' id='word_1_642' title='bbox 603 3753 755 3784; x_wconf 71' lang='lat' dir='ltr'><strong>eittendunt</strong></span> 
     </span>
    </p>
   </div>
   <div class='ocr_carea' id='block_1_23' title="bbox 181 3777 1252 4097">
    <p class='ocr_par' dir='ltr' id='par_1_39' title="bbox 181 3777 1248 3939">
     <span class='ocr_line' id='line_1_99' title="bbox 218 3777 1248 3832; baseline 0.011 -18"><span class='ocrx_word' id='word_1_643' title='bbox 218 3784 444 3831; x_wconf 22' lang='lat' dir='ltr'><strong>HAntssrsxo‘A,</strong></span> <span class='ocrx_word' id='word_1_644' title='bbox 467 3787 679 3831; x_wconf 59' lang='lat' dir='ltr'><strong>JI&#39;ENENDA</strong></span> <span class='ocrx_word' id='word_1_645' title='bbox 698 3791 731 3822; x_wconf 92' lang='lat'>&amp;</span> <span class='ocrx_word' id='word_1_646' title='bbox 749 3777 1015 3824; x_wconf 75' lang='lat' dir='ltr'>130551D1-:NDA</span> <span class='ocrx_word' id='word_1_647' title='bbox 1030 3816 1040 3832; x_wconf 90' lang='lat'><strong>,</strong></span> <span class='ocrx_word' id='word_1_648' title='bbox 1062 3803 1129 3824; x_wconf 89' lang='lat' dir='ltr'><strong>cum</strong></span> <span class='ocrx_word' id='word_1_649' title='bbox 1151 3794 1248 3824; x_wconf 89' lang='lat' dir='ltr'><strong>omni-</strong></span> 
     </span>
     <span class='ocr_line' id='line_1_100' title="bbox 181 3822 1247 3872; baseline 0.009 -20"><span class='ocrx_word' id='word_1_650' title='bbox 181 3823 232 3866; x_wconf 80' lang='lat' dir='ltr'><strong>bus</strong></span> <span class='ocrx_word' id='word_1_651' title='bbox 245 3822 419 3868; x_wconf 61' lang='lat' dir='ltr'><strong>Fertlnentns</strong></span> <span class='ocrx_word' id='word_1_652' title='bbox 434 3826 501 3865; x_wconf 81' lang='lat' dir='ltr'><strong>suis,</strong></span> <span class='ocrx_word' id='word_1_653' title='bbox 520 3827 554 3857; x_wconf 90' lang='lat' dir='ltr'><strong>ad</strong></span> <span class='ocrx_word' id='word_1_654' title='bbox 565 3835 654 3856; x_wconf 80' lang='lat' dir='ltr'><strong>totam</strong></span> <span class='ocrx_word' id='word_1_655' title='bbox 670 3828 765 3859; x_wconf 89' lang='lat' dir='ltr'><strong>Vitam</strong></span> <span class='ocrx_word' id='word_1_656' title='bbox 781 3831 861 3868; x_wconf 80' lang='lat' dir='ltr'><strong>ipsius</strong></span> <span class='ocrx_word' id='word_1_657' title='bbox 876 3831 1058 3872; x_wconf 89' lang='lat' dir='ltr'><strong>Reymundi,</strong></span> <span class='ocrx_word' id='word_1_658' title='bbox 1076 3833 1106 3862; x_wconf 90' lang='lat' dir='ltr'><strong>in</strong></span> <span class='ocrx_word' id='word_1_659' title='bbox 1113 3832 1247 3863; x_wconf 88' lang='lat' dir='ltr'><strong>Valorem</strong></span> 
     </span>
     <span class='ocr_line' id='line_1_101' title="bbox 181 3860 1247 3929; baseline 0.01 -38"><span class='ocrx_word' id='word_1_660' title='bbox 181 3860 343 3929; x_wconf 31' lang='lat' dir='ltr'><strong>&amp;gigsmtil&#39;ssc</strong></span> <span class='ocrx_word' id='word_1_661' title='bbox 360 3863 491 3902; x_wconf 83' lang='lat' dir='ltr'><strong>Qatuor</strong></span> <span class='ocrx_word' id='word_1_662' title='bbox 514 3864 691 3895; x_wconf 82' lang='lat' dir='ltr'><strong>Libratarum</strong></span> <span class='ocrx_word' id='word_1_663' title='bbox 704 3866 806 3898; x_wconf 85' lang='lat' dir='ltr'><strong>Tetrae</strong></span> <span class='ocrx_word' id='word_1_664' title='bbox 828 3870 861 3900; x_wconf 89' lang='lat'>&amp;</span> <span class='ocrx_word' id='word_1_665' title='bbox 884 3869 1044 3909; x_wconf 77' lang='lat' dir='ltr'><strong>Redditus,</strong></span> <span class='ocrx_word' id='word_1_666' title='bbox 1062 3880 1110 3908; x_wconf 91' lang='lat' dir='ltr'><strong>per</strong></span> <span class='ocrx_word' id='word_1_667' title='bbox 1131 3870 1247 3902; x_wconf 89' lang='lat' dir='ltr'><strong>Annum</strong></span> 
     </span>
     <span class='ocr_line' id='line_1_102' title="bbox 181 3907 418 3939; baseline 0.017 -11"><span class='ocrx_word' id='word_1_668' title='bbox 181 3907 198 3928; x_wconf 88' lang='lat' dir='ltr'><strong>a</strong></span> <span class='ocrx_word' id='word_1_669' title='bbox 251 3907 290 3929; x_wconf 86' lang='lat' dir='ltr'><strong>ter</strong></span> <span class='ocrx_word' id='word_1_670' title='bbox 302 3910 418 3939; x_wconf 74' lang='lat' dir='ltr'><strong>iugum,</strong></span> 
     </span>
    </p>

    <p class='ocr_par' dir='ltr' id='par_1_40' title="bbox 183 3935 1252 4097">
     <span class='ocr_line' id='line_1_103' title="bbox 219 3935 1251 3985; baseline 0.012 -19"><span class='ocrx_word' id='word_1_671' title='bbox 219 3935 269 3980; x_wconf 39' lang='lat' dir='ltr'><strong>Itan</strong></span> <span class='ocrx_word' id='word_1_672' title='bbox 281 3946 374 3969; x_wconf 89' lang='lat' dir='ltr'><strong>tamen</strong></span> <span class='ocrx_word' id='word_1_673' title='bbox 391 3939 500 3985; x_wconf 37' lang='lat' dir='ltr'><strong>quod„</strong></span> <span class='ocrx_word' id='word_1_674' title='bbox 513 3940 532 3970; x_wconf 82' lang='lat' dir='ltr'><strong>sl</strong></span> <span class='ocrx_word' id='word_1_675' title='bbox 555 3940 683 3972; x_wconf 78' lang='lat' dir='ltr'><strong>proficua</strong></span> <span class='ocrx_word' id='word_1_676' title='bbox 702 3942 735 3973; x_wconf 72' lang='grc' dir='ltr'><strong>δε</strong></span> <span class='ocrx_word' id='word_1_677' title='bbox 757 3942 887 3981; x_wconf 81' lang='lat' dir='ltr'><strong>Hospitia</strong></span> <span class='ocrx_word' id='word_1_678' title='bbox 903 3946 1053 3984; x_wconf 62' lang='lat' dir='ltr'><strong>praedic‘ta,</strong></span> <span class='ocrx_word' id='word_1_679' title='bbox 1070 3956 1141 3977; x_wconf 91' lang='lat' dir='ltr'><strong>cum</strong></span> <span class='ocrx_word' id='word_1_680' title='bbox 1162 3945 1251 3977; x_wconf 82' lang='lat' dir='ltr'><strong>Perti-</strong></span> 
     </span>
     <span class='ocr_line' id='line_1_104' title="bbox 184 3975 1251 4020; baseline 0.012 -18"><span class='ocrx_word' id='word_1_681' title='bbox 184 3982 301 4012; x_wconf 86' lang='lat' dir='ltr'><strong>nentns,</strong></span> <span class='ocrx_word' id='word_1_682' title='bbox 319 3975 452 4008; x_wconf 86' lang='lat' dir='ltr'><strong>Valorem</strong></span> <span class='ocrx_word' id='word_1_683' title='bbox 473 3979 611 4010; x_wconf 62' lang='lat' dir='ltr'><strong>dietarum</strong></span> <span class='ocrx_word' id='word_1_684' title='bbox 632 3980 744 4018; x_wconf 83' lang='lat' dir='ltr'><strong>Viginti</strong></span> <span class='ocrx_word' id='word_1_685' title='bbox 767 3981 800 4011; x_wconf 87' lang='lat'>&amp;</span> <span class='ocrx_word' id='word_1_686' title='bbox 816 3983 946 4020; x_wconf 83' lang='lat' dir='ltr'><strong>Quatuor</strong></span> <span class='ocrx_word' id='word_1_687' title='bbox 969 3984 1119 4015; x_wconf 87' lang='lat' dir='ltr'><strong>Librarum</strong></span> <span class='ocrx_word' id='word_1_688' title='bbox 1134 3985 1251 4015; x_wconf 85' lang='lat' dir='ltr'><strong>Annua-</strong></span> 
     </span>
     <span class='ocr_line' id='line_1_105' title="bbox 184 4014 1251 4061; baseline 0.012 -20"><span class='ocrx_word' id='word_1_689' title='bbox 184 4021 250 4042; x_wconf 89' lang='lat' dir='ltr'><strong>rum</strong></span> <span class='ocrx_word' id='word_1_690' title='bbox 266 4014 501 4060; x_wconf 44' lang='lat' dir='ltr'><strong>excedant,·tunc</strong></span> <span class='ocrx_word' id='word_1_691' title='bbox 520 4018 596 4048; x_wconf 91' lang='lat' dir='ltr'><strong>idem</strong></span> <span class='ocrx_word' id='word_1_692' title='bbox 618 4018 802 4058; x_wconf 84' lang='lat' dir='ltr'><strong>Reymundus</strong></span> <span class='ocrx_word' id='word_1_693' title='bbox 824 4020 860 4050; x_wconf 91' lang='lat' dir='ltr'><strong>de</strong></span> <span class='ocrx_word' id='word_1_694' title='bbox 879 4031 933 4059; x_wconf 89' lang='lat' dir='ltr'><strong>e0,</strong></span> <span class='ocrx_word' id='word_1_695' title='bbox 952 4022 1027 4059; x_wconf 91' lang='lat' dir='ltr'><strong>quod</strong></span> <span class='ocrx_word' id='word_1_696' title='bbox 1051 4022 1180 4054; x_wconf 88' lang='lat' dir='ltr'><strong>Proficua</strong></span> <span class='ocrx_word' id='word_1_697' title='bbox 1192 4046 1201 4061; x_wconf 88' lang='lat'>‚</span> <span class='ocrx_word' id='word_1_698' title='bbox 1218 4025 1251 4054; x_wconf 88' lang='lat'>&amp;</span> 
     </span>
     <span class='ocr_line' id='line_1_106' title="bbox 183 4048 1252 4097; baseline 0.013 -19"><span class='ocrx_word' id='word_1_699' title='bbox 183 4048 334 4089; x_wconf 82' lang='lat' dir='ltr'><strong>Hospma,</strong></span> <span class='ocrx_word' id='word_1_700' title='bbox 351 4062 384 4082; x_wconf 90' lang='lat' dir='ltr'><strong>ac</strong></span> <span class='ocrx_word' id='word_1_701' title='bbox 397 4054 448 4084; x_wconf 88' lang='lat' dir='ltr'><strong>aha</strong></span> <span class='ocrx_word' id='word_1_702' title='bbox 462 4055 542 4086; x_wconf 87' lang='lat' dir='ltr'><strong>Loca</strong></span> <span class='ocrx_word' id='word_1_703' title='bbox 555 4057 690 4094; x_wconf 72' lang='lat' dir='ltr'><strong>ptaeditsta</strong></span> <span class='ocrx_word' id='word_1_704' title='bbox 699 4080 709 4096; x_wconf 92' lang='lat'><strong>,</strong></span> <span class='ocrx_word' id='word_1_705' title='bbox 726 4068 793 4088; x_wconf 89' lang='lat' dir='ltr'><strong>cum</strong></span> <span class='ocrx_word' id='word_1_706' title='bbox 804 4057 995 4097; x_wconf 87' lang='lat' dir='ltr'><strong>Pertinentiis,</strong></span> <span class='ocrx_word' id='word_1_707' title='bbox 1011 4060 1147 4091; x_wconf 88' lang='lat' dir='ltr'><strong>Valorem</strong></span> <span class='ocrx_word' id='word_1_708' title='bbox 1161 4061 1252 4092; x_wconf 71' lang='lat' dir='ltr'><strong>dicta-</strong></span> 
     </span>
    </p>
   </div>
   <div class='ocr_carea' id='block_1_24' title="bbox 184 4088 1251 4165">
    <p class='ocr_par' dir='ltr' id='par_1_41' title="bbox 184 4088 1251 4165">
     <span class='ocr_line' id='line_1_107' title="bbox 184 4088 1251 4165; baseline -0.029 -2"><span class='ocrx_word' id='word_1_709' title='bbox 184 4088 586 4165; x_wconf 41' lang='lat' dir='ltr'><strong>mgzziffilxxigclczuamor</strong></span> <span class='ocrx_word' id='word_1_710' title='bbox 609 4095 759 4130; x_wconf 78' lang='lat' dir='ltr'><strong>Librarum</strong></span> <span class='ocrx_word' id='word_1_711' title='bbox 781 4096 987 4137; x_wconf 73' lang='lat' dir='ltr'><strong>sterlingorum</strong></span> <span class='ocrx_word' id='word_1_712' title='bbox 1008 4108 1058 4136; x_wconf 74' lang='lat' dir='ltr'><strong>Per</strong></span> <span class='ocrx_word' id='word_1_713' title='bbox 1078 4099 1198 4131; x_wconf 87' lang='lat' dir='ltr'><strong>Annum</strong></span> <span class='ocrx_word' id='word_1_714' title='bbox 1214 4100 1251 4132; x_wconf 65' lang='lat' dir='ltr'><strong>sic</strong></span> 
     </span>
    </p>
   </div>
   <div class='ocr_carea' id='block_1_25' title="bbox 2288 222 2336 264">
    <p class='ocr_par' dir='ltr' id='par_1_42' title="bbox 2288 222 2336 264">
     <span class='ocr_line' id='line_1_108' title="bbox 2288 222 2336 264; baseline 0.021 -1"><span class='ocrx_word' id='word_1_715' title='bbox 2288 222 2336 264; x_wconf 85' lang='lat'><strong>33</strong></span> 
     </span>
    </p>
   </div>
   <div class='ocr_carea' id='block_1_26' title="bbox 1268 291 2485 679">
    <p class='ocr_par' dir='ltr' id='par_1_43' title="bbox 1268 291 2485 371">
     <span class='ocr_line' id='line_1_109' title="bbox 1268 291 2485 336; baseline -0.003 -10"><span class='ocrx_word' id='word_1_716' title='bbox 1268 294 1451 334; x_wconf 86' lang='lat' dir='ltr'><strong>excesserint,</strong></span> <span class='ocrx_word' id='word_1_717' title='bbox 1468 294 1683 336; x_wconf 78' lang='lat' dir='ltr'><strong>Constabulario</strong></span> <span class='ocrx_word' id='word_1_718' title='bbox 1698 293 1796 325; x_wconf 87' lang='lat' dir='ltr'><strong>nostro</strong></span> <span class='ocrx_word' id='word_1_719' title='bbox 1810 293 1998 333; x_wconf 83' lang='lat' dir='ltr'><strong>Burdegaliae,</strong></span> <span class='ocrx_word' id='word_1_720' title='bbox 2017 295 2064 333; x_wconf 89' lang='lat' dir='ltr'><strong>qui</strong></span> <span class='ocrx_word' id='word_1_721' title='bbox 2075 304 2126 333; x_wconf 89' lang='lat' dir='ltr'><strong>pto</strong></span> <span class='ocrx_word' id='word_1_722' title='bbox 2140 303 2267 333; x_wconf 84' lang='lat' dir='ltr'><strong>tempore</strong></span> <span class='ocrx_word' id='word_1_723' title='bbox 2274 294 2335 325; x_wconf 87' lang='lat' dir='ltr'><strong>fue-</strong></span> <span class='ocrx_word' id='word_1_724' title='bbox 2354 291 2429 324; x_wconf 88' lang='lat' dir='ltr'><strong>Ann.</strong></span> <span class='ocrx_word' id='word_1_725' title='bbox 2444 292 2485 329; x_wconf 60' lang='lat' dir='ltr'><strong>D,</strong></span> 
     </span>
     <span class='ocr_line' id='line_1_110' title="bbox 1268 331 2459 371; baseline -0.003 -6"><span class='ocrx_word' id='word_1_726' title='bbox 1268 336 1304 366; x_wconf 84' lang='lat' dir='ltr'><strong>rit</strong></span> <span class='ocrx_word' id='word_1_727' title='bbox 1340 334 1452 371; x_wconf 83' lang='lat' dir='ltr'><strong>singulis</strong></span> <span class='ocrx_word' id='word_1_728' title='bbox 1467 334 1557 363; x_wconf 88' lang='lat' dir='ltr'><strong>Annis</strong></span> <span class='ocrx_word' id='word_1_729' title='bbox 1572 333 1738 371; x_wconf 73' lang='lat' dir='ltr'><strong>respondere</strong></span> <span class='ocrx_word' id='word_1_730' title='bbox 1751 342 1887 363; x_wconf 86' lang='lat' dir='ltr'><strong>teneatur:</strong></span> <span class='ocrx_word' id='word_1_731' title='bbox 2374 331 2459 370; x_wconf 76' lang='lat'><strong>1348.</strong></span> 
     </span>
    </p>

    <p class='ocr_par' dir='ltr' id='par_1_44' title="bbox 1268 357 2468 488">
     <span class='ocr_line' id='line_1_111' title="bbox 1306 357 2468 411; baseline -0.003 -9"><span class='ocrx_word' id='word_1_732' title='bbox 1306 357 1342 402; x_wconf 75' lang='lat' dir='ltr'><strong>Et</strong></span> <span class='ocrx_word' id='word_1_733' title='bbox 1360 373 1459 410; x_wconf 78' lang='lat' dir='ltr'><strong>quod,</strong></span> <span class='ocrx_word' id='word_1_734' title='bbox 1478 373 1539 409; x_wconf 88' lang='lat' dir='ltr'><strong>post</strong></span> <span class='ocrx_word' id='word_1_735' title='bbox 1558 371 1690 402; x_wconf 86' lang='lat' dir='ltr'><strong>Mortem</strong></span> <span class='ocrx_word' id='word_1_736' title='bbox 1709 371 1790 409; x_wconf 77' lang='lat' dir='ltr'><strong>ipsius</strong></span> <span class='ocrx_word' id='word_1_737' title='bbox 1809 370 1991 411; x_wconf 89' lang='lat' dir='ltr'><strong>Reymundi,</strong></span> <span class='ocrx_word' id='word_1_738' title='bbox 2016 370 2161 409; x_wconf 74' lang='lat' dir='ltr'><strong>Proficua,</strong></span> <span class='ocrx_word' id='word_1_739' title='bbox 2179 372 2212 402; x_wconf 89' lang='lat'>&amp;</span> <span class='ocrx_word' id='word_1_740' title='bbox 2229 371 2335 409; x_wconf 85' lang='lat' dir='ltr'><strong>Hospi-</strong></span> <span class='ocrx_word' id='word_1_741' title='bbox 2366 370 2468 407; x_wconf 51' lang='lat' dir='ltr'><strong>Edvq,</strong></span> 
     </span>
     <span class='ocr_line' id='line_1_112' title="bbox 1268 408 2335 449; baseline -0.001 -8"><span class='ocrx_word' id='word_1_742' title='bbox 1268 412 1322 449; x_wconf 86' lang='lat' dir='ltr'><strong>tia,</strong></span> <span class='ocrx_word' id='word_1_743' title='bbox 1341 420 1374 440; x_wconf 88' lang='lat' dir='ltr'><strong>ac</strong></span> <span class='ocrx_word' id='word_1_744' title='bbox 1391 410 1440 440; x_wconf 78' lang='lat' dir='ltr'><strong>alia</strong></span> <span class='ocrx_word' id='word_1_745' title='bbox 1457 411 1538 440; x_wconf 83' lang='lat' dir='ltr'><strong>Loca</strong></span> <span class='ocrx_word' id='word_1_746' title='bbox 1553 410 1702 449; x_wconf 65' lang='lat' dir='ltr'><strong>praedieta,</strong></span> <span class='ocrx_word' id='word_1_747' title='bbox 1719 419 1786 440; x_wconf 89' lang='lat' dir='ltr'><strong>cum</strong></span> <span class='ocrx_word' id='word_1_748' title='bbox 1803 408 1992 447; x_wconf 75' lang='lat' dir='ltr'><strong>pertinentiis,</strong></span> <span class='ocrx_word' id='word_1_749' title='bbox 2009 410 2043 440; x_wconf 91' lang='lat' dir='ltr'><strong>ad</strong></span> <span class='ocrx_word' id='word_1_750' title='bbox 2064 409 2130 441; x_wconf 90' lang='lat' dir='ltr'><strong>Nos</strong></span> <span class='ocrx_word' id='word_1_751' title='bbox 2145 412 2177 442; x_wconf 70' lang='grc' dir='ltr'><strong>ὃς</strong></span> <span class='ocrx_word' id='word_1_752' title='bbox 2200 409 2335 440; x_wconf 89' lang='lat' dir='ltr'><strong>Haeredes</strong></span> 
     </span>
     <span class='ocr_line' id='line_1_113' title="bbox 1268 449 1704 488; baseline -0.002 -9"><span class='ocrx_word' id='word_1_753' title='bbox 1268 449 1377 479; x_wconf 87' lang='lat' dir='ltr'><strong>nostros</strong></span> <span class='ocrx_word' id='word_1_754' title='bbox 1391 449 1504 484; x_wconf 79' lang='lat' dir='ltr'><strong>integre</strong></span> <span class='ocrx_word' id='word_1_755' title='bbox 1519 457 1704 488; x_wconf 71' lang='lat' dir='ltr'><strong>revertantur,</strong></span> 
     </span>
    </p>

    <p class='ocr_par' dir='ltr' id='par_1_45' title="bbox 1268 485 2335 595">
     <span class='ocr_line' id='line_1_114' title="bbox 1306 485 2335 528; baseline -0.002 -10"><span class='ocrx_word' id='word_1_756' title='bbox 1306 487 1393 518; x_wconf 80' lang='lat' dir='ltr'><strong>Salvis</strong></span> <span class='ocrx_word' id='word_1_757' title='bbox 1407 486 1515 523; x_wconf 86' lang='lat' dir='ltr'><strong>semper</strong></span> <span class='ocrx_word' id='word_1_758' title='bbox 1530 486 1628 516; x_wconf 89' lang='lat' dir='ltr'><strong>Nobis</strong></span> <span class='ocrx_word' id='word_1_759' title='bbox 1642 487 1773 525; x_wconf 77' lang='lat' dir='ltr'><strong>superiori</strong></span> <span class='ocrx_word' id='word_1_760' title='bbox 1789 485 1932 516; x_wconf 92' lang='lat' dir='ltr'><strong>Dominio</strong></span> <span class='ocrx_word' id='word_1_761' title='bbox 1945 486 1978 516; x_wconf 91' lang='lat'>&amp;</span> <span class='ocrx_word' id='word_1_762' title='bbox 1992 486 2191 524; x_wconf 67' lang='lat' dir='ltr'><strong>Jur-isdietione</strong></span> <span class='ocrx_word' id='word_1_763' title='bbox 2198 495 2335 528; x_wconf 89' lang='lat' dir='ltr'><strong>quacum-</strong></span> 
     </span>
     <span class='ocr_line' id='line_1_115' title="bbox 1268 523 2097 595; baseline -0.001 -39"><span class='ocrx_word' id='word_1_764' title='bbox 1268 536 1324 595; x_wconf 59' lang='lat' dir='ltr'><strong>quf</strong></span> <span class='ocrx_word' id='word_1_765' title='bbox 1338 527 1367 555; x_wconf 90' lang='lat' dir='ltr'><strong>in</strong></span> <span class='ocrx_word' id='word_1_766' title='bbox 1380 524 1510 593; x_wconf 55' lang='lat' dir='ltr'><strong>Bastidisssc,</strong></span> <span class='ocrx_word' id='word_1_767' title='bbox 1528 523 1681 564; x_wconf 83' lang='lat' dir='ltr'><strong>Hospitiis,</strong></span> <span class='ocrx_word' id='word_1_768' title='bbox 1699 536 1732 556; x_wconf 91' lang='lat' dir='ltr'><strong>ac</strong></span> <span class='ocrx_word' id='word_1_769' title='bbox 1750 526 1807 555; x_wconf 89' lang='lat' dir='ltr'><strong>aliis</strong></span> <span class='ocrx_word' id='word_1_770' title='bbox 1826 525 1912 555; x_wconf 91' lang='lat' dir='ltr'><strong>Locis</strong></span> <span class='ocrx_word' id='word_1_771' title='bbox 1929 524 2097 562; x_wconf 66' lang='lat' dir='ltr'><strong>supradietis.</strong></span> 
     </span>
    </p>

    <p class='ocr_par' dir='ltr' id='par_1_46' title="bbox 1321 572 1534 594">
     <span class='ocr_line' id='line_1_116' title="bbox 1321 572 1534 594; baseline -0.009 0"><span class='ocrx_word' id='word_1_772' title='bbox 1321 574 1339 594; x_wconf 90' lang='lat' dir='ltr'><strong>n</strong></span> <span class='ocrx_word' id='word_1_773' title='bbox 1356 572 1392 593; x_wconf 93' lang='lat' dir='ltr'><strong>cu</strong></span> <span class='ocrx_word' id='word_1_774' title='bbox 1405 573 1434 593; x_wconf 87' lang='lat' dir='ltr'><strong>us</strong></span> <span class='ocrx_word' id='word_1_775' title='bbox 1508 572 1534 593; x_wconf 93' lang='lat' dir='ltr'><strong>c.</strong></span> 
     </span>
    </p>

    <p class='ocr_par' dir='ltr' id='par_1_47' title="bbox 1339 571 2232 679">
     <span class='ocr_line' id='line_1_117' title="bbox 1339 571 2205 642; baseline -0.002 -9"><span class='ocrx_word' id='word_1_776' title='bbox 1339 571 1426 633; x_wconf 59' lang='lat' dir='ltr'><strong>Teijie</strong></span> <span class='ocrx_word' id='word_1_777' title='bbox 1440 586 1525 638; x_wconf 79' lang='lat' dir='ltr'><strong>Rege</strong></span> <span class='ocrx_word' id='word_1_778' title='bbox 1540 600 1614 642; x_wconf 86' lang='lat' dir='ltr'><strong>apud</strong></span> <span class='ocrx_word' id='word_1_779' title='bbox 1629 600 1932 640; x_wconf 85' lang='lat' dir='ltr'><strong>Westmonasterium,</strong></span> <span class='ocrx_word' id='word_1_780' title='bbox 1951 602 2046 640; x_wconf 89' lang='lat' dir='ltr'><strong>primo</strong></span> <span class='ocrx_word' id='word_1_781' title='bbox 2061 601 2106 632; x_wconf 91' lang='lat' dir='ltr'><strong>die</strong></span> <span class='ocrx_word' id='word_1_782' title='bbox 2123 601 2205 631; x_wconf 82' lang='lat' dir='ltr'><strong>Maii.</strong></span> 
     </span>
     <span class='ocr_line' id='line_1_118' title="bbox 1465 639 2232 679; baseline 0.003 -10"><span class='ocrx_word' id='word_1_783' title='bbox 1465 641 1518 669; x_wconf 88' lang='lat' dir='ltr'><strong>Per</strong></span> <span class='ocrx_word' id='word_1_784' title='bbox 1535 641 1618 679; x_wconf 78' lang='lat' dir='ltr'><strong>ipsum</strong></span> <span class='ocrx_word' id='word_1_785' title='bbox 1635 641 1731 676; x_wconf 81' lang='lat' dir='ltr'><strong>Regem</strong></span> <span class='ocrx_word' id='word_1_786' title='bbox 1750 640 1787 674; x_wconf 64' lang='grc' dir='ltr'><strong>ὠ·</strong></span> <span class='ocrx_word' id='word_1_787' title='bbox 1805 643 1967 671; x_wconf 83' lang='lat' dir='ltr'><strong>Petitionem</strong></span> <span class='ocrx_word' id='word_1_788' title='bbox 1987 640 2018 670; x_wconf 84' lang='lat' dir='ltr'><strong>de</strong></span> <span class='ocrx_word' id='word_1_789' title='bbox 2038 639 2232 671; x_wconf 64' lang='lat' dir='ltr'><strong>Parliamento.</strong></span> 
     </span>
    </p>
   </div>
   <div class='ocr_carea' id='block_1_27' title="bbox 1291 763 2305 849">
    <p class='ocr_par' dir='ltr' id='par_1_48' title="bbox 1291 763 2305 849">
     <span class='ocr_line' id='line_1_119' title="bbox 1291 763 2305 813; baseline 0 -15"><span class='ocrx_word' id='word_1_790' title='bbox 1291 768 1340 799; x_wconf 85' lang='lat' dir='ltr'><strong>De</strong></span> <span class='ocrx_word' id='word_1_791' title='bbox 1363 764 1598 811; x_wconf 80' lang='lat' dir='ltr'><strong>Commiffizriis‚</strong></span> <span class='ocrx_word' id='word_1_792' title='bbox 1622 763 1667 796; x_wconf 80' lang='lat' dir='ltr'><strong>ad</strong></span> <span class='ocrx_word' id='word_1_793' title='bbox 1685 765 1880 798; x_wconf 58' lang='lat' dir='ltr'><strong>traffandum</strong></span> <span class='ocrx_word' id='word_1_794' title='bbox 1897 766 1986 812; x_wconf 73' lang='lat' dir='ltr'><strong>fhper</strong></span> <span class='ocrx_word' id='word_1_795' title='bbox 2011 769 2140 813; x_wconf 82' lang='lat' dir='ltr'><strong>Injuriis</strong></span> <span class='ocrx_word' id='word_1_796' title='bbox 2163 769 2235 813; x_wconf 84' lang='lat' dir='ltr'><strong>Regi</strong></span> <span class='ocrx_word' id='word_1_797' title='bbox 2251 777 2305 812; x_wconf 87' lang='lat' dir='ltr'><strong>per</strong></span> 
     </span>
     <span class='ocr_line' id='line_1_120' title="bbox 1581 811 2015 849; baseline 0.007 -4"><span class='ocrx_word' id='word_1_798' title='bbox 1581 815 1700 845; x_wconf 80' lang='lat' dir='ltr'><strong>Ducem</strong></span> <span class='ocrx_word' id='word_1_799' title='bbox 1723 811 1889 846; x_wconf 75' lang='lat' dir='ltr'><strong>Brabantiae</strong></span> <span class='ocrx_word' id='word_1_800' title='bbox 1912 816 2015 849; x_wconf 71' lang='lat' dir='ltr'><strong>illatis.</strong></span> 
     </span>
    </p>
   </div>
   <div class='ocr_carea' id='block_1_28' title="bbox 1269 897 2487 1016">
    <p class='ocr_par' dir='ltr' id='par_1_49' title="bbox 1269 897 2487 1016">
     <span class='ocr_line' id='line_1_121' title="bbox 1269 897 2487 967; baseline 0.003 -39"><span class='ocrx_word' id='word_1_801' title='bbox 1269 897 1349 954; x_wconf 79' lang='lat' dir='ltr'><strong>RE</strong></span> <span class='ocrx_word' id='word_1_802' title='bbox 1357 897 1397 966; x_wconf 42' lang='lat'><strong>&gt;18</strong></span> <span class='ocrx_word' id='word_1_803' title='bbox 1399 898 1572 967; x_wconf 53' lang='lat' dir='ltr'><strong>gniygtsrsis,</strong></span> <span class='ocrx_word' id='word_1_804' title='bbox 1584 898 1733 967; x_wconf 60' lang='lat' dir='ltr'><strong>&lt;praesentes</strong></span> <span class='ocrx_word' id='word_1_805' title='bbox 1747 899 1866 930; x_wconf 86' lang='lat' dir='ltr'><strong>Litteras</strong></span> <span class='ocrx_word' id='word_1_806' title='bbox 1883 900 2061 940; x_wconf 66' lang='lat' dir='ltr'><strong>inspecturis,</strong></span> <span class='ocrx_word' id='word_1_807' title='bbox 2080 900 2210 932; x_wconf 80' lang='lat' dir='ltr'><strong>Salutem.</strong></span> <span class='ocrx_word' id='word_1_808' title='bbox 2353 907 2428 940; x_wconf 67' lang='grc' dir='ltr'><strong>Αῃῃ,</strong></span> <span class='ocrx_word' id='word_1_809' title='bbox 2447 907 2487 939; x_wconf 71' lang='lat' dir='ltr'><strong>D,</strong></span> 
     </span>
     <span class='ocr_line' id='line_1_122' title="bbox 1305 948 2470 1016; baseline 0.003 -11"><span class='ocrx_word' id='word_1_810' title='bbox 1305 973 1387 1005; x_wconf 81' lang='lat' dir='ltr'><strong>Cum</strong></span> <span class='ocrx_word' id='word_1_811' title='bbox 1403 948 1737 1014; x_wconf 52' lang='grc' dir='ltr'><strong>ρέξῗῧέἕὲηέυἰηευω</strong></span> <span class='ocrx_word' id='word_1_812' title='bbox 1753 977 1878 1008; x_wconf 88' lang='lat' dir='ltr'><strong>nostrum</strong></span> <span class='ocrx_word' id='word_1_813' title='bbox 1899 995 1912 1000; x_wconf 97' lang='lat'><em>-</em></span> <span class='ocrx_word' id='word_1_814' title='bbox 1931 996 1944 1000; x_wconf 99' lang='lat'>-</span> <span class='ocrx_word' id='word_1_815' title='bbox 1963 996 1976 1001; x_wconf 92' lang='lat'><em>-</em></span> <span class='ocrx_word' id='word_1_816' title='bbox 1995 995 2008 1001; x_wconf 92' lang='lat'><strong>·</strong></span> <span class='ocrx_word' id='word_1_817' title='bbox 2026 977 2143 1008; x_wconf 89' lang='lat' dir='ltr'><strong>Ducem</strong></span> <span class='ocrx_word' id='word_1_818' title='bbox 2166 977 2338 1016; x_wconf 84' lang='lat' dir='ltr'><strong>Brabantiae,</strong></span> <span class='ocrx_word' id='word_1_819' title='bbox 2355 949 2470 1014; x_wconf 45' lang='grc' dir='ltr'><strong>Αὶξῗ</strong></span> 
     </span>
    </p>
   </div>
   <div class='ocr_carea' id='block_1_29' title="bbox 1269 1013 2488 2093">
    <p class='ocr_par' dir='ltr' id='par_1_50' title="bbox 1269 1013 2488 1137">
     <span class='ocr_line' id='line_1_123' title="bbox 1269 1013 2433 1058; baseline 0.005 -16"><span class='ocrx_word' id='word_1_820' title='bbox 1269 1014 1352 1043; x_wconf 89' lang='lat' dir='ltr'><strong>nobis</strong></span> <span class='ocrx_word' id='word_1_821' title='bbox 1366 1013 1470 1044; x_wconf 87' lang='lat' dir='ltr'><strong>fuerint</strong></span> <span class='ocrx_word' id='word_1_822' title='bbox 1482 1016 1625 1046; x_wconf 80' lang='lat' dir='ltr'><strong>nonnullae</strong></span> <span class='ocrx_word' id='word_1_823' title='bbox 1641 1015 1751 1053; x_wconf 82' lang='lat' dir='ltr'><strong>Injuriae</strong></span> <span class='ocrx_word' id='word_1_824' title='bbox 1765 1027 1797 1045; x_wconf 86' lang='lat' dir='ltr'><strong>ac</strong></span> <span class='ocrx_word' id='word_1_825' title='bbox 1814 1016 1946 1053; x_wconf 79' lang='lat' dir='ltr'><strong>Dampna</strong></span> <span class='ocrx_word' id='word_1_826' title='bbox 1963 1018 2101 1053; x_wconf 77' lang='lat' dir='ltr'><strong>irrogata,</strong></span> <span class='ocrx_word' id='word_1_827' title='bbox 2359 1029 2388 1051; x_wconf 71' lang='grc' dir='ltr'><strong>Ε,</strong></span> <span class='ocrx_word' id='word_1_828' title='bbox 2407 1035 2433 1058; x_wconf 67' lang='lat'><strong>3,</strong></span> 
     </span>
     <span class='ocr_line' id='line_1_124' title="bbox 1305 1051 2453 1092; baseline 0.002 -10"><span class='ocrx_word' id='word_1_829' title='bbox 1305 1051 1448 1083; x_wconf 90' lang='lat' dir='ltr'><strong>Nolentes</strong></span> <span class='ocrx_word' id='word_1_830' title='bbox 1462 1061 1557 1083; x_wconf 90' lang='lat' dir='ltr'><strong>tamen</strong></span> <span class='ocrx_word' id='word_1_831' title='bbox 1573 1053 1660 1091; x_wconf 87' lang='lat' dir='ltr'><strong>Ligas</strong></span> <span class='ocrx_word' id='word_1_832' title='bbox 1675 1056 1708 1085; x_wconf 71' lang='grc' dir='ltr'><strong>ὅς</strong></span> <span class='ocrx_word' id='word_1_833' title='bbox 1724 1055 1889 1092; x_wconf 81' lang='lat' dir='ltr'><strong>Amicitias,</strong></span> <span class='ocrx_word' id='word_1_834' title='bbox 1907 1057 1975 1084; x_wconf 88' lang='lat' dir='ltr'><strong>inter</strong></span> <span class='ocrx_word' id='word_1_835' title='bbox 1997 1054 2064 1084; x_wconf 91' lang='lat' dir='ltr'><strong>Nos</strong></span> <span class='ocrx_word' id='word_1_836' title='bbox 2083 1053 2195 1084; x_wconf 76' lang='lat' dir='ltr'><strong>dudum</strong></span> <span class='ocrx_word' id='word_1_837' title='bbox 2216 1054 2294 1083; x_wconf 85' lang='lat' dir='ltr'><strong>initas</strong></span> <span class='ocrx_word' id='word_1_838' title='bbox 2308 1054 2340 1084; x_wconf 88' lang='lat'>&amp;</span> <span class='ocrx_word' id='word_1_839' title='bbox 2362 1058 2453 1091; x_wconf 57' lang='lat' dir='ltr'><strong>Fra&#39;nc.</strong></span> 
     </span>
     <span class='ocr_line' id='line_1_125' title="bbox 1270 1089 2488 1137; baseline 0.002 -17"><span class='ocrx_word' id='word_1_840' title='bbox 1270 1089 1406 1129; x_wconf 81' lang='lat' dir='ltr'><strong>firmatas,</strong></span> <span class='ocrx_word' id='word_1_841' title='bbox 1424 1100 1561 1129; x_wconf 91' lang='lat' dir='ltr'><strong>quantum</strong></span> <span class='ocrx_word' id='word_1_842' title='bbox 1578 1094 1607 1122; x_wconf 93' lang='lat' dir='ltr'><strong>in</strong></span> <span class='ocrx_word' id='word_1_843' title='bbox 1622 1093 1706 1123; x_wconf 89' lang='lat' dir='ltr'><strong>nobis</strong></span> <span class='ocrx_word' id='word_1_844' title='bbox 1720 1093 1776 1131; x_wconf 83' lang='lat' dir='ltr'><strong>est,</strong></span> <span class='ocrx_word' id='word_1_845' title='bbox 1797 1095 1879 1123; x_wconf 88' lang='lat' dir='ltr'><strong>nobis</strong></span> <span class='ocrx_word' id='word_1_846' title='bbox 1893 1094 2021 1131; x_wconf 81' lang='lat' dir='ltr'><strong>primitus</strong></span> <span class='ocrx_word' id='word_1_847' title='bbox 2041 1093 2107 1123; x_wconf 78' lang='lat' dir='ltr'><strong>inde</strong></span> <span class='ocrx_word' id='word_1_848' title='bbox 2124 1092 2199 1123; x_wconf 69' lang='lat' dir='ltr'><strong>facta</strong></span> <span class='ocrx_word' id='word_1_849' title='bbox 2211 1091 2341 1130; x_wconf 89' lang='lat' dir='ltr'><strong>Justitia,</strong></span> <span class='ocrx_word' id='word_1_850' title='bbox 2363 1110 2406 1129; x_wconf 44' lang='lat'><strong>22,</strong></span> <span class='ocrx_word' id='word_1_851' title='bbox 2420 1106 2441 1128; x_wconf 76' lang='lat' dir='ltr'><em>E</em></span> <span class='ocrx_word' id='word_1_852' title='bbox 2463 1111 2488 1137; x_wconf 53' lang='lat'><strong>3,</strong></span> 
     </span>
    </p>

    <p class='ocr_par' dir='ltr' id='par_1_51' title="bbox 1269 1129 1509 1169">
     <span class='ocr_line' id='line_1_126' title="bbox 1269 1129 1509 1169; baseline 0.008 -11"><span class='ocrx_word' id='word_1_853' title='bbox 1269 1129 1380 1169; x_wconf 79' lang='lat' dir='ltr'><strong>penitus</strong></span> <span class='ocrx_word' id='word_1_854' title='bbox 1393 1130 1509 1168; x_wconf 85' lang='lat' dir='ltr'><strong>violari,</strong></span> 
     </span>
    </p>

    <p class='ocr_par' dir='ltr' id='par_1_52' title="bbox 1269 1167 2339 1284">
     <span class='ocr_line' id='line_1_127' title="bbox 1310 1167 2339 1207; baseline 0 -10"><span class='ocrx_word' id='word_1_855' title='bbox 1310 1167 1356 1198; x_wconf 93' lang='lat' dir='ltr'><strong>Ac</strong></span> <span class='ocrx_word' id='word_1_856' title='bbox 1371 1167 1407 1198; x_wconf 90' lang='lat' dir='ltr'><strong>de</strong></span> <span class='ocrx_word' id='word_1_857' title='bbox 1421 1167 1549 1199; x_wconf 86' lang='lat' dir='ltr'><strong>fidelitate</strong></span> <span class='ocrx_word' id='word_1_858' title='bbox 1562 1169 1595 1200; x_wconf 71' lang='grc' dir='ltr'><strong>ὃ(</strong></span> <span class='ocrx_word' id='word_1_859' title='bbox 1617 1168 1871 1206; x_wconf 63' lang='lat' dir='ltr'><strong>circumspectione</strong></span> <span class='ocrx_word' id='word_1_860' title='bbox 1886 1168 2017 1207; x_wconf 58' lang='lat' dir='ltr'><strong>provida,</strong></span> <span class='ocrx_word' id='word_1_861' title='bbox 2037 1169 2208 1200; x_wconf 64' lang='lat' dir='ltr'><strong>dileEffirum</strong></span> <span class='ocrx_word' id='word_1_862' title='bbox 2225 1169 2257 1199; x_wconf 88' lang='lat'>&amp;</span> <span class='ocrx_word' id='word_1_863' title='bbox 2271 1167 2339 1198; x_wconf 81' lang='lat' dir='ltr'><strong>fide-</strong></span> 
     </span>
     <span class='ocr_line' id='line_1_128' title="bbox 1269 1205 2338 1248; baseline 0.002 -13"><span class='ocrx_word' id='word_1_864' title='bbox 1269 1205 1339 1236; x_wconf 92' lang='lat' dir='ltr'><strong>lium</strong></span> <span class='ocrx_word' id='word_1_865' title='bbox 1354 1206 1533 1245; x_wconf 91' lang='lat' dir='ltr'><strong>nostrorum,</strong></span> <span class='ocrx_word' id='word_1_866' title='bbox 1552 1207 1687 1245; x_wconf 83' lang='lat' dir='ltr'><strong>l-lugonis</strong></span> <span class='ocrx_word' id='word_1_867' title='bbox 1708 1208 1744 1237; x_wconf 90' lang='lat' dir='ltr'><strong>de</strong></span> <span class='ocrx_word' id='word_1_868' title='bbox 1760 1207 1794 1237; x_wconf 94' lang='lat' dir='ltr'>N</span> <span class='ocrx_word' id='word_1_869' title='bbox 1798 1208 1862 1239; x_wconf 90' lang='lat' dir='ltr'><strong>evill</strong></span> <span class='ocrx_word' id='word_1_870' title='bbox 1878 1208 1997 1246; x_wconf 79' lang='lat' dir='ltr'><strong>Militis,</strong></span> <span class='ocrx_word' id='word_1_871' title='bbox 2022 1208 2055 1238; x_wconf 90' lang='lat'>&amp;</span> <span class='ocrx_word' id='word_1_872' title='bbox 2073 1207 2171 1238; x_wconf 80' lang='lat' dir='ltr'><strong>lvonis</strong></span> <span class='ocrx_word' id='word_1_873' title='bbox 2186 1208 2220 1238; x_wconf 92' lang='lat' dir='ltr'><strong>de</strong></span> <span class='ocrx_word' id='word_1_874' title='bbox 2243 1207 2338 1248; x_wconf 90' lang='lat' dir='ltr'><strong>Glyn-</strong></span> 
     </span>
     <span class='ocr_line' id='line_1_129' title="bbox 1270 1244 1794 1284; baseline 0.004 -10"><span class='ocrx_word' id='word_1_875' title='bbox 1270 1252 1321 1274; x_wconf 92' lang='lat' dir='ltr'><strong>ton</strong></span> <span class='ocrx_word' id='word_1_876' title='bbox 1338 1244 1465 1283; x_wconf 85' lang='lat' dir='ltr'><strong>Clerici,</strong></span> <span class='ocrx_word' id='word_1_877' title='bbox 1484 1246 1593 1283; x_wconf 76' lang='lat' dir='ltr'><strong>plenius</strong></span> <span class='ocrx_word' id='word_1_878' title='bbox 1604 1246 1794 1284; x_wconf 84' lang='lat' dir='ltr'><strong>confidentes,</strong></span> 
     </span>
    </p>

    <p class='ocr_par' dir='ltr' id='par_1_53' title="bbox 1271 1282 2340 1361">
     <span class='ocr_line' id='line_1_130' title="bbox 1309 1282 2340 1323; baseline 0.003 -11"><span class='ocrx_word' id='word_1_879' title='bbox 1309 1282 1401 1322; x_wconf 86' lang='lat' dir='ltr'><strong>Ipsos,</strong></span> <span class='ocrx_word' id='word_1_880' title='bbox 1419 1284 1452 1314; x_wconf 86' lang='lat'>&amp;</span> <span class='ocrx_word' id='word_1_881' title='bbox 1468 1293 1566 1315; x_wconf 85' lang='lat' dir='ltr'><strong>eorum</strong></span> <span class='ocrx_word' id='word_1_882' title='bbox 1580 1285 1752 1323; x_wconf 84' lang='lat' dir='ltr'><strong>quemlibet,</strong></span> <span class='ocrx_word' id='word_1_883' title='bbox 1771 1283 2237 1323; x_wconf 85' lang='lat' dir='ltr'><strong>Nuncios,&amp;Ptocuratores,seu</strong></span> <span class='ocrx_word' id='word_1_884' title='bbox 2245 1283 2340 1315; x_wconf 90' lang='lat' dir='ltr'><strong>Com-</strong></span> 
     </span>
     <span class='ocr_line' id='line_1_131' title="bbox 1271 1321 1904 1361; baseline 0.005 -11"><span class='ocrx_word' id='word_1_885' title='bbox 1271 1321 1408 1351; x_wconf 74' lang='lat' dir='ltr'><strong>missarios</strong></span> <span class='ocrx_word' id='word_1_886' title='bbox 1423 1321 1531 1353; x_wconf 85' lang='lat' dir='ltr'><strong>nostros</strong></span> <span class='ocrx_word' id='word_1_887' title='bbox 1545 1324 1744 1353; x_wconf 88' lang='lat' dir='ltr'><strong>constituimus</strong></span> <span class='ocrx_word' id='word_1_888' title='bbox 1759 1322 1904 1361; x_wconf 87' lang='lat' dir='ltr'><strong>speciales,</strong></span> 
     </span>
    </p>

    <p class='ocr_par' dir='ltr' id='par_1_54' title="bbox 1269 1360 2343 1506">
     <span class='ocr_line' id='line_1_132' title="bbox 1308 1360 2340 1400; baseline 0.002 -11"><span class='ocrx_word' id='word_1_889' title='bbox 1308 1360 1355 1389; x_wconf 86' lang='lat' dir='ltr'><strong>Ad</strong></span> <span class='ocrx_word' id='word_1_890' title='bbox 1375 1361 1529 1397; x_wconf 89' lang='lat' dir='ltr'><strong>petendum</strong></span> <span class='ocrx_word' id='word_1_891' title='bbox 1555 1372 1608 1399; x_wconf 90' lang='lat' dir='ltr'><strong>pro</strong></span> <span class='ocrx_word' id='word_1_892' title='bbox 1632 1363 1729 1400; x_wconf 87' lang='lat' dir='ltr'><strong>nobis,</strong></span> <span class='ocrx_word' id='word_1_893' title='bbox 1747 1362 1780 1391; x_wconf 86' lang='lat'>&amp;</span> <span class='ocrx_word' id='word_1_894' title='bbox 1806 1361 1903 1392; x_wconf 89' lang='lat' dir='ltr'><strong>nostro</strong></span> <span class='ocrx_word' id='word_1_895' title='bbox 1926 1362 2044 1392; x_wconf 88' lang='lat' dir='ltr'><strong>nornine</strong></span> <span class='ocrx_word' id='word_1_896' title='bbox 2059 1385 2068 1399; x_wconf 89' lang='lat'><strong>,</strong></span> <span class='ocrx_word' id='word_1_897' title='bbox 2094 1360 2340 1391; x_wconf 87' lang='lat' dir='ltr'><strong>Reformationem</strong></span> 
     </span>
     <span class='ocr_line' id='line_1_133' title="bbox 1271 1396 2343 1439; baseline 0.002 -12"><span class='ocrx_word' id='word_1_898' title='bbox 1271 1396 1456 1429; x_wconf 80' lang='lat' dir='ltr'><strong>Damnorum</strong></span> <span class='ocrx_word' id='word_1_899' title='bbox 1472 1400 1505 1430; x_wconf 71' lang='grc' dir='ltr'><strong>δε</strong></span> <span class='ocrx_word' id='word_1_900' title='bbox 1525 1398 1705 1439; x_wconf 83' lang='lat' dir='ltr'><strong>Injuriarum,</strong></span> <span class='ocrx_word' id='word_1_901' title='bbox 1724 1401 1782 1430; x_wconf 65' lang='lat' dir='ltr'><strong>tam</strong></span> <span class='ocrx_word' id='word_1_902' title='bbox 1797 1399 1911 1437; x_wconf 88' lang='lat' dir='ltr'><strong>Nobis,</strong></span> <span class='ocrx_word' id='word_1_903' title='bbox 1931 1404 2016 1438; x_wconf 67' lang='lat' dir='ltr'><strong>quam</strong></span> <span class='ocrx_word' id='word_1_904' title='bbox 2031 1399 2151 1430; x_wconf 82' lang='lat' dir='ltr'><strong>Subditis</strong></span> <span class='ocrx_word' id='word_1_905' title='bbox 2165 1399 2265 1430; x_wconf 86' lang='lat' dir='ltr'><strong>nostris</strong></span> <span class='ocrx_word' id='word_1_906' title='bbox 2279 1402 2343 1439; x_wconf 88' lang='lat' dir='ltr'><strong>qui-</strong></span> 
     </span>
     <span class='ocr_line' id='line_1_134' title="bbox 1269 1437 2339 1504; baseline 0.002 -37"><span class='ocrx_word' id='word_1_907' title='bbox 1269 1437 1463 1504; x_wconf 55' lang='lat' dir='ltr'><strong>}mscumque,</strong></span> <span class='ocrx_word' id='word_1_908' title='bbox 1478 1448 1527 1475; x_wconf 85' lang='lat' dir='ltr'><strong>per</strong></span> <span class='ocrx_word' id='word_1_909' title='bbox 1541 1438 1631 1477; x_wconf 86' lang='lat' dir='ltr'><strong>ipsum</strong></span> <span class='ocrx_word' id='word_1_910' title='bbox 1650 1439 1787 1477; x_wconf 84' lang='lat' dir='ltr'><strong>Ducem,</strong></span> <span class='ocrx_word' id='word_1_911' title='bbox 1804 1440 1837 1469; x_wconf 62' lang='grc' dir='ltr'><strong>ὃς</strong></span> <span class='ocrx_word' id='word_1_912' title='bbox 1858 1437 1919 1469; x_wconf 83' lang='lat' dir='ltr'><strong>suos</strong></span> <span class='ocrx_word' id='word_1_913' title='bbox 1936 1438 2086 1478; x_wconf 68' lang='lat' dir='ltr'><strong>sabditos,</strong></span> <span class='ocrx_word' id='word_1_914' title='bbox 2103 1439 2234 1469; x_wconf 81' lang='lat' dir='ltr'><strong>datorum</strong></span> <span class='ocrx_word' id='word_1_915' title='bbox 2256 1439 2289 1469; x_wconf 91' lang='lat'>&amp;</span> <span class='ocrx_word' id='word_1_916' title='bbox 2307 1438 2339 1468; x_wconf 87' lang='lat' dir='ltr'><strong>il-</strong></span> 
     </span>
     <span class='ocr_line' id='line_1_135' title="bbox 1280 1484 1389 1506; baseline -0.009 0"><span class='ocrx_word' id='word_1_917' title='bbox 1280 1484 1389 1506; x_wconf 88' lang='lat' dir='ltr'><strong>atorum</strong></span> 
     </span>
    </p>

    <p class='ocr_par' dir='ltr' id='par_1_55' title="bbox 1309 1498 2212 1556">
     <span class='ocr_line' id='line_1_136' title="bbox 1309 1498 2212 1556; baseline 0.002 -12"><span class='ocrx_word' id='word_1_918' title='bbox 1309 1514 1347 1544; x_wconf 89' lang='lat' dir='ltr'><strong>Et</strong></span> <span class='ocrx_word' id='word_1_919' title='bbox 1362 1498 1650 1552; x_wconf 84' lang='lat' dir='ltr'><strong>ad’componendum</strong></span> <span class='ocrx_word' id='word_1_920' title='bbox 1664 1516 1696 1546; x_wconf 73' lang='grc' dir='ltr'><strong>δε</strong></span> <span class='ocrx_word' id='word_1_921' title='bbox 1710 1514 1915 1552; x_wconf 80' lang='lat' dir='ltr'><strong>transigendum</strong></span> <span class='ocrx_word' id='word_1_922' title='bbox 1932 1515 2047 1545; x_wconf 85' lang='lat' dir='ltr'><strong>finaliter</strong></span> <span class='ocrx_word' id='word_1_923' title='bbox 2062 1515 2140 1556; x_wconf 87' lang='lat' dir='ltr'><strong>super</strong></span> <span class='ocrx_word' id='word_1_924' title='bbox 2156 1516 2212 1553; x_wconf 82' lang='lat' dir='ltr'><strong>eis,</strong></span> 
     </span>
    </p>

    <p class='ocr_par' dir='ltr' id='par_1_56' title="bbox 1272 1552 2342 1632">
     <span class='ocr_line' id='line_1_137' title="bbox 1308 1552 2342 1592; baseline 0.002 -10"><span class='ocrx_word' id='word_1_925' title='bbox 1308 1552 1346 1582; x_wconf 89' lang='lat' dir='ltr'><strong>Et</strong></span> <span class='ocrx_word' id='word_1_926' title='bbox 1364 1553 1398 1583; x_wconf 86' lang='lat' dir='ltr'><strong>ad</strong></span> <span class='ocrx_word' id='word_1_927' title='bbox 1416 1563 1465 1590; x_wconf 81' lang='lat' dir='ltr'><strong>ea,</strong></span> <span class='ocrx_word' id='word_1_928' title='bbox 1484 1564 1546 1590; x_wconf 86' lang='lat' dir='ltr'><strong>quae</strong></span> <span class='ocrx_word' id='word_1_929' title='bbox 1566 1554 1602 1584; x_wconf 82' lang='lat' dir='ltr'><strong>lic</strong></span> <span class='ocrx_word' id='word_1_930' title='bbox 1622 1554 1753 1591; x_wconf 59' lang='lat' dir='ltr'><strong>transtata,</strong></span> <span class='ocrx_word' id='word_1_931' title='bbox 1776 1554 1969 1591; x_wconf 75' lang='lat' dir='ltr'><strong>concordata,</strong></span> <span class='ocrx_word' id='word_1_932' title='bbox 1996 1554 2096 1592; x_wconf 83' lang='lat' dir='ltr'><strong>petita,</strong></span> <span class='ocrx_word' id='word_1_933' title='bbox 2121 1554 2291 1592; x_wconf 79' lang='lat' dir='ltr'><strong>composita,</strong></span> <span class='ocrx_word' id='word_1_934' title='bbox 2308 1554 2342 1584; x_wconf 90' lang='lat'>&amp;</span> 
     </span>
     <span class='ocr_line' id='line_1_138' title="bbox 1272 1590 2107 1632; baseline -0.001 -10"><span class='ocrx_word' id='word_1_935' title='bbox 1272 1591 1405 1622; x_wconf 64' lang='lat' dir='ltr'><strong>transacia</strong></span> <span class='ocrx_word' id='word_1_936' title='bbox 1422 1590 1541 1629; x_wconf 88' lang='lat' dir='ltr'><strong>fuerint,</strong></span> <span class='ocrx_word' id='word_1_937' title='bbox 1559 1603 1737 1632; x_wconf 68' lang='lat' dir='ltr'><strong>quacumque</strong></span> <span class='ocrx_word' id='word_1_938' title='bbox 1754 1592 1906 1622; x_wconf 74' lang='lat' dir='ltr'><strong>Securitate</strong></span> <span class='ocrx_word' id='word_1_939' title='bbox 1921 1592 2107 1631; x_wconf 85' lang='lat' dir='ltr'><strong>firmandum,</strong></span> 
     </span>
    </p>

    <p class='ocr_par' dir='ltr' id='par_1_57' title="bbox 1272 1629 2344 1707">
     <span class='ocr_line' id='line_1_139' title="bbox 1310 1629 2344 1670; baseline 0.001 -11"><span class='ocrx_word' id='word_1_940' title='bbox 1310 1629 1438 1660; x_wconf 88' lang='lat' dir='ltr'><strong>Necnon</strong></span> <span class='ocrx_word' id='word_1_941' title='bbox 1457 1632 1579 1670; x_wconf 85' lang='lat' dir='ltr'><strong>antiquas</strong></span> <span class='ocrx_word' id='word_1_942' title='bbox 1599 1631 1685 1668; x_wconf 85' lang='lat' dir='ltr'><strong>Ligas</strong></span> <span class='ocrx_word' id='word_1_943' title='bbox 1701 1631 1734 1661; x_wconf 64' lang='grc' dir='ltr'><strong>ὃς</strong></span> <span class='ocrx_word' id='word_1_944' title='bbox 1759 1631 1923 1668; x_wconf 86' lang='lat' dir='ltr'><strong>Amicitias,</strong></span> <span class='ocrx_word' id='word_1_945' title='bbox 1947 1632 2017 1662; x_wconf 86' lang='lat' dir='ltr'><strong>inter</strong></span> <span class='ocrx_word' id='word_1_946' title='bbox 2039 1631 2071 1660; x_wconf 74' lang='lat' dir='ltr'>N</span> <span class='ocrx_word' id='word_1_947' title='bbox 2076 1641 2107 1661; x_wconf 84' lang='lat' dir='ltr'><strong>os</strong></span> <span class='ocrx_word' id='word_1_948' title='bbox 2123 1630 2232 1661; x_wconf 82' lang='lat' dir='ltr'><strong>dudum</strong></span> <span class='ocrx_word' id='word_1_949' title='bbox 2247 1631 2344 1668; x_wconf 83' lang='lat' dir='ltr'><strong>initas,</strong></span> 
     </span>
     <span class='ocr_line' id='line_1_140' title="bbox 1272 1668 1729 1707; baseline 0.004 -9"><span class='ocrx_word' id='word_1_950' title='bbox 1272 1668 1469 1699; x_wconf 89' lang='lat' dir='ltr'><strong>renovandum</strong></span> <span class='ocrx_word' id='word_1_951' title='bbox 1489 1669 1522 1699; x_wconf 92' lang='lat'>&amp;</span> <span class='ocrx_word' id='word_1_952' title='bbox 1540 1668 1729 1707; x_wconf 87' lang='lat' dir='ltr'><strong>firmandum,</strong></span> 
     </span>
    </p>

    <p class='ocr_par' dir='ltr' id='par_1_58' title="bbox 1274 1705 2344 1785">
     <span class='ocr_line' id='line_1_141' title="bbox 1306 1705 2344 1747; baseline -0.001 -10"><span class='ocrx_word' id='word_1_953' title='bbox 1306 1707 1351 1737; x_wconf 92' lang='lat' dir='ltr'><strong>Ac</strong></span> <span class='ocrx_word' id='word_1_954' title='bbox 1365 1707 1566 1746; x_wconf 89' lang='lat' dir='ltr'><strong>Securitatem,</strong></span> <span class='ocrx_word' id='word_1_955' title='bbox 1579 1718 1645 1747; x_wconf 83' lang='lat' dir='ltr'><strong>quae</strong></span> <span class='ocrx_word' id='word_1_956' title='bbox 1659 1709 1742 1738; x_wconf 89' lang='lat' dir='ltr'><strong>nobis</strong></span> <span class='ocrx_word' id='word_1_957' title='bbox 1757 1706 1816 1738; x_wconf 89' lang='lat' dir='ltr'><strong>fieri</strong></span> <span class='ocrx_word' id='word_1_958' title='bbox 1829 1707 1914 1738; x_wconf 89' lang='lat' dir='ltr'><strong>debet</strong></span> <span class='ocrx_word' id='word_1_959' title='bbox 1927 1708 1955 1737; x_wconf 91' lang='lat' dir='ltr'><strong>in</strong></span> <span class='ocrx_word' id='word_1_960' title='bbox 1973 1708 2025 1738; x_wconf 84' lang='lat' dir='ltr'><strong>hac</strong></span> <span class='ocrx_word' id='word_1_961' title='bbox 2040 1716 2117 1746; x_wconf 82' lang='lat' dir='ltr'><strong>parte</strong></span> <span class='ocrx_word' id='word_1_962' title='bbox 2125 1730 2136 1745; x_wconf 90' lang='lat'><strong>,</strong></span> <span class='ocrx_word' id='word_1_963' title='bbox 2152 1705 2344 1744; x_wconf 88' lang='lat' dir='ltr'><strong>stipulandum</strong></span> 
     </span>
     <span class='ocr_line' id='line_1_142' title="bbox 1274 1745 1541 1785; baseline -0.004 -8"><span class='ocrx_word' id='word_1_964' title='bbox 1274 1745 1308 1777; x_wconf 90' lang='lat'>&amp;</span> <span class='ocrx_word' id='word_1_965' title='bbox 1326 1745 1541 1785; x_wconf 89' lang='lat' dir='ltr'><strong>recipiendum,</strong></span> 
     </span>
    </p>

    <p class='ocr_par' dir='ltr' id='par_1_59' title="bbox 1273 1774 2345 1892">
     <span class='ocr_line' id='line_1_143' title="bbox 1308 1774 2344 1824; baseline 0 -10"><span class='ocrx_word' id='word_1_966' title='bbox 1308 1774 1347 1814; x_wconf 72' lang='lat' dir='ltr'><strong>Et</strong></span> <span class='ocrx_word' id='word_1_967' title='bbox 1365 1785 1461 1814; x_wconf 91' lang='lat' dir='ltr'><strong>omnia</strong></span> <span class='ocrx_word' id='word_1_968' title='bbox 1478 1784 1529 1815; x_wconf 88' lang='lat' dir='ltr'><strong>alia</strong></span> <span class='ocrx_word' id='word_1_969' title='bbox 1544 1784 1578 1815; x_wconf 89' lang='lat'>&amp;</span> <span class='ocrx_word' id='word_1_970' title='bbox 1598 1783 1720 1824; x_wconf 81' lang='lat' dir='ltr'><strong>fingula,</strong></span> <span class='ocrx_word' id='word_1_971' title='bbox 1739 1794 1803 1824; x_wconf 85' lang='lat' dir='ltr'><strong>quae</strong></span> <span class='ocrx_word' id='word_1_972' title='bbox 1820 1784 1850 1814; x_wconf 91' lang='lat' dir='ltr'><strong>in</strong></span> <span class='ocrx_word' id='word_1_973' title='bbox 1870 1783 2014 1823; x_wconf 85' lang='lat' dir='ltr'><strong>praemiffis</strong></span> <span class='ocrx_word' id='word_1_974' title='bbox 2028 1807 2037 1823; x_wconf 85' lang='lat'><strong>,</strong></span> <span class='ocrx_word' id='word_1_975' title='bbox 2062 1782 2106 1814; x_wconf 86' lang='lat' dir='ltr'><strong>vel</strong></span> <span class='ocrx_word' id='word_1_976' title='bbox 2126 1784 2201 1815; x_wconf 91' lang='lat' dir='ltr'><strong>circa</strong></span> <span class='ocrx_word' id='word_1_977' title='bbox 2220 1793 2269 1821; x_wconf 86' lang='lat' dir='ltr'><strong>ea,</strong></span> <span class='ocrx_word' id='word_1_978' title='bbox 2293 1793 2344 1813; x_wconf 90' lang='lat' dir='ltr'><strong>ne-</strong></span> 
     </span>
     <span class='ocr_line' id='line_1_144' title="bbox 1273 1822 2345 1892; baseline -0.001 -39"><span class='ocrx_word' id='word_1_979' title='bbox 1273 1823 1386 1891; x_wconf 48' lang='lat' dir='ltr'><strong>cess-arlia</strong></span> <span class='ocrx_word' id='word_1_980' title='bbox 1405 1822 1508 1892; x_wconf 56' lang='lat' dir='ltr'><strong>fi&#39;lffint</strong></span> <span class='ocrx_word' id='word_1_981' title='bbox 1527 1823 1572 1855; x_wconf 87' lang='lat' dir='ltr'><strong>vel</strong></span> <span class='ocrx_word' id='word_1_982' title='bbox 1590 1833 1744 1864; x_wconf 84' lang='lat' dir='ltr'><strong>oportuna,</strong></span> <span class='ocrx_word' id='word_1_983' title='bbox 1762 1823 1942 1862; x_wconf 77' lang='lat' dir='ltr'><strong>faciendum,</strong></span> <span class='ocrx_word' id='word_1_984' title='bbox 1961 1825 2046 1854; x_wconf 79' lang='lat' dir='ltr'><strong>etiam</strong></span> <span class='ocrx_word' id='word_1_985' title='bbox 2064 1824 2083 1853; x_wconf 89' lang='lat' dir='ltr'>fi</span> <span class='ocrx_word' id='word_1_986' title='bbox 2102 1822 2272 1853; x_wconf 84' lang='lat' dir='ltr'><strong>Mandatum</strong></span> <span class='ocrx_word' id='word_1_987' title='bbox 2287 1823 2345 1853; x_wconf 83' lang='lat' dir='ltr'><strong>exi-</strong></span> 
     </span>
    </p>

    <p class='ocr_par' dir='ltr' id='par_1_60' title="bbox 1273 1870 2344 2093">
     <span class='ocr_line' id='line_1_145' title="bbox 1297 1870 1486 1892; baseline -0.005 0"><span class='ocrx_word' id='word_1_988' title='bbox 1297 1870 1343 1892; x_wconf 88' lang='lat' dir='ltr'><strong>ant</strong></span> <span class='ocrx_word' id='word_1_989' title='bbox 1386 1872 1429 1892; x_wconf 82' lang='lat' dir='ltr'><strong>eei</strong></span> <span class='ocrx_word' id='word_1_990' title='bbox 1457 1871 1486 1891; x_wconf 90' lang='lat' dir='ltr'><strong>e:</strong></span> 
     </span>
     <span class='ocr_line' id='line_1_146' title="bbox 1275 1871 2344 1938; baseline -0.001 -9"><span class='ocrx_word' id='word_1_991' title='bbox 1275 1871 1296 1900; x_wconf 77' lang='lat' dir='ltr'>g</span> <span class='ocrx_word' id='word_1_992' title='bbox 1313 1871 1512 1931; x_wconf 55' lang='lat' dir='ltr'><strong>Prolimttentes</strong></span> <span class='ocrx_word' id='word_1_993' title='bbox 1528 1899 1597 1931; x_wconf 90' lang='lat' dir='ltr'><strong>Nos</strong></span> <span class='ocrx_word' id='word_1_994' title='bbox 1611 1899 1722 1930; x_wconf 83' lang='lat' dir='ltr'><strong>Rarum</strong></span> <span class='ocrx_word' id='word_1_995' title='bbox 1738 1901 1771 1932; x_wconf 92' lang='lat'>&amp;</span> <span class='ocrx_word' id='word_1_996' title='bbox 1787 1900 1910 1931; x_wconf 86' lang='lat' dir='ltr'><strong>Gratum</strong></span> <span class='ocrx_word' id='word_1_997' title='bbox 1925 1900 2066 1930; x_wconf 84' lang='lat' dir='ltr'><strong>habituros</strong></span> <span class='ocrx_word' id='word_1_998' title='bbox 2084 1899 2218 1938; x_wconf 82' lang='lat' dir='ltr'><strong>quidquid</strong></span> <span class='ocrx_word' id='word_1_999' title='bbox 2238 1909 2286 1937; x_wconf 88' lang='lat' dir='ltr'><strong>per</strong></span> <span class='ocrx_word' id='word_1_1000' title='bbox 2299 1898 2344 1929; x_wconf 89' lang='lat' dir='ltr'><strong>di-</strong></span> 
     </span>
     <span class='ocr_line' id='line_1_147' title="bbox 1274 1937 2340 1977; baseline 0 -9"><span class='ocrx_word' id='word_1_1001' title='bbox 1274 1938 1352 1976; x_wconf 61' lang='lat' dir='ltr'><strong>Ctos,</strong></span> <span class='ocrx_word' id='word_1_1002' title='bbox 1366 1938 1527 1976; x_wconf 84' lang='lat' dir='ltr'><strong>Hugonem</strong></span> <span class='ocrx_word' id='word_1_1003' title='bbox 1545 1939 1578 1969; x_wconf 66' lang='grc' dir='ltr'><strong>ὃς</strong></span> <span class='ocrx_word' id='word_1_1004' title='bbox 1596 1938 1736 1976; x_wconf 83' lang='lat' dir='ltr'><strong>Ivonem,</strong></span> <span class='ocrx_word' id='word_1_1005' title='bbox 1752 1940 1795 1969; x_wconf 90' lang='lat' dir='ltr'><strong>vel</strong></span> <span class='ocrx_word' id='word_1_1006' title='bbox 1815 1949 1915 1969; x_wconf 89' lang='lat' dir='ltr'><strong>eorum</strong></span> <span class='ocrx_word' id='word_1_1007' title='bbox 1937 1939 2073 1977; x_wconf 84' lang='lat' dir='ltr'><strong>alterum,</strong></span> <span class='ocrx_word' id='word_1_1008' title='bbox 2093 1939 2202 1970; x_wconf 81' lang='lat' dir='ltr'><strong>Actum</strong></span> <span class='ocrx_word' id='word_1_1009' title='bbox 2217 1938 2262 1969; x_wconf 91' lang='lat' dir='ltr'><strong>vel</strong></span> <span class='ocrx_word' id='word_1_1010' title='bbox 2278 1937 2340 1969; x_wconf 82' lang='lat' dir='ltr'><strong>Ge.-</strong></span> 
     </span>
     <span class='ocr_line' id='line_1_148' title="bbox 1273 1976 2107 2046; baseline 0.001 -39"><span class='ocrx_word' id='word_1_1011' title='bbox 1273 1976 1350 2046; x_wconf 56' lang='lat' dir='ltr'><strong>stuffi</strong></span> <span class='ocrx_word' id='word_1_1012' title='bbox 1368 1977 1448 2008; x_wconf 87' lang='lat' dir='ltr'><strong>fuerit</strong></span> <span class='ocrx_word' id='word_1_1013' title='bbox 1465 1979 1494 2007; x_wconf 91' lang='lat' dir='ltr'><strong>in</strong></span> <span class='ocrx_word' id='word_1_1014' title='bbox 1514 1978 1677 2016; x_wconf 83' lang='lat' dir='ltr'><strong>praemiffis,</strong></span> <span class='ocrx_word' id='word_1_1015' title='bbox 1694 1978 1727 2008; x_wconf 90' lang='lat'>&amp;</span> <span class='ocrx_word' id='word_1_1016' title='bbox 1748 1978 1873 2016; x_wconf 90' lang='lat' dir='ltr'><strong>quolibet</strong></span> <span class='ocrx_word' id='word_1_1017' title='bbox 1890 1977 2107 2016; x_wconf 77' lang='lat' dir='ltr'><strong>praemissorum.</strong></span> 
     </span>
     <span class='ocr_line' id='line_1_149' title="bbox 1365 2017 1535 2047; baseline 0.006 -1"><span class='ocrx_word' id='word_1_1018' title='bbox 1365 2018 1441 2046; x_wconf 86' lang='lat' dir='ltr'><strong>cu&#39;us</strong></span> <span class='ocrx_word' id='word_1_1019' title='bbox 1474 2017 1535 2047; x_wconf 88' lang='lat' dir='ltr'><strong>&amp;c.</strong></span> 
     </span>
     <span class='ocr_line' id='line_1_150' title="bbox 1351 2026 2134 2093; baseline -0.001 -9"><span class='ocrx_word' id='word_1_1020' title='bbox 1351 2026 1418 2085; x_wconf 51' lang='lat' dir='ltr'><strong>Dag,</strong></span> <span class='ocrx_word' id='word_1_1021' title='bbox 1437 2039 1468 2084; x_wconf 64' lang='lat' dir='ltr'><strong>ii]</strong></span> <span class='ocrx_word' id='word_1_1022' title='bbox 1486 2054 1594 2085; x_wconf 87' lang='lat' dir='ltr'><strong>Palatio</strong></span> <span class='ocrx_word' id='word_1_1023' title='bbox 1611 2053 1711 2084; x_wconf 90' lang='lat' dir='ltr'><strong>nostro</strong></span> <span class='ocrx_word' id='word_1_1024' title='bbox 1728 2053 1855 2085; x_wconf 86' lang='lat' dir='ltr'><strong>Westm.</strong></span> <span class='ocrx_word' id='word_1_1025' title='bbox 1872 2063 1968 2093; x_wconf 85' lang='lat' dir='ltr'><strong>quarto</strong></span> <span class='ocrx_word' id='word_1_1026' title='bbox 1985 2054 2032 2085; x_wconf 90' lang='lat' dir='ltr'><strong>die</strong></span> <span class='ocrx_word' id='word_1_1027' title='bbox 2051 2053 2134 2084; x_wconf 79' lang='lat' dir='ltr'><strong>Maii.</strong></span> 
     </span>
    </p>
   </div>
   <div class='ocr_carea' id='block_1_30' title="bbox 2359 1149 2457 1174">
    <p class='ocr_par' dir='ltr' id='par_1_61' title="bbox 2359 1149 2457 1174">
     <span class='ocr_line' id='line_1_151' title="bbox 2359 1149 2457 1174; baseline -0.02 -6"><span class='ocrx_word' id='word_1_1028' title='bbox 2359 1150 2395 1168; x_wconf 85' lang='lat' dir='ltr'><strong>m.</strong></span> <span class='ocrx_word' id='word_1_1029' title='bbox 2417 1149 2457 1174; x_wconf 74' lang='lat'><strong>¹7-</strong></span> 
     </span>
    </p>
   </div>
   <div class='ocr_carea' id='block_1_31' title="bbox 1270 2129 2346 2278">
    <p class='ocr_par' dir='ltr' id='par_1_62' title="bbox 1270 2129 2346 2278">
     <span class='ocr_line' id='line_1_152' title="bbox 1312 2129 2344 2162; baseline -0.001 -1"><span class='ocrx_word' id='word_1_1030' title='bbox 1312 2130 1481 2162; x_wconf 77' lang='lat' dir='ltr'><strong>Consimiles</strong></span> <span class='ocrx_word' id='word_1_1031' title='bbox 1503 2131 1620 2162; x_wconf 87' lang='lat' dir='ltr'><strong>Litteras</strong></span> <span class='ocrx_word' id='word_1_1032' title='bbox 1638 2131 1848 2162; x_wconf 87' lang='lat' dir='ltr'><strong>Procuratorias</strong></span> <span class='ocrx_word' id='word_1_1033' title='bbox 1873 2133 1975 2162; x_wconf 70' lang='lat' dir='ltr'><strong>habent</strong></span> <span class='ocrx_word' id='word_1_1034' title='bbox 2001 2130 2182 2162; x_wconf 89' lang='lat' dir='ltr'><strong>Guillielmus</strong></span> <span class='ocrx_word' id='word_1_1035' title='bbox 2206 2129 2344 2161; x_wconf 85' lang='lat' dir='ltr'><strong>Marchio</strong></span> 
     </span>
     <span class='ocr_line' id='line_1_153' title="bbox 1270 2168 2345 2214; baseline -0.002 -14"><span class='ocrx_word' id='word_1_1036' title='bbox 1270 2169 1451 2209; x_wconf 81' lang='lat' dir='ltr'><strong>Juliacensis,</strong></span> <span class='ocrx_word' id='word_1_1037' title='bbox 1468 2171 1501 2201; x_wconf 62' lang='grc' dir='ltr'><strong>ὃς</strong></span> <span class='ocrx_word' id='word_1_1038' title='bbox 1516 2171 1644 2214; x_wconf 65' lang='grc' dir='ltr'><strong>ρῐεεᾴίξῒί</strong></span> <span class='ocrx_word' id='word_1_1039' title='bbox 1657 2170 1748 2210; x_wconf 83' lang='lat' dir='ltr'><strong>Hugo</strong></span> <span class='ocrx_word' id='word_1_1040' title='bbox 1763 2171 1795 2201; x_wconf 68' lang='grc' dir='ltr'><strong>ὃ(</strong></span> <span class='ocrx_word' id='word_1_1041' title='bbox 1813 2171 1881 2209; x_wconf 77' lang='lat' dir='ltr'><strong>ivo,</strong></span> <span class='ocrx_word' id='word_1_1042' title='bbox 1899 2170 2090 2213; x_wconf 24' lang='lat' dir='ltr'><strong>adqprremiffi</strong></span> <span class='ocrx_word' id='word_1_1043' title='bbox 2107 2180 2153 2207; x_wconf 88' lang='lat' dir='ltr'><strong>per</strong></span> <span class='ocrx_word' id='word_1_1044' title='bbox 2168 2168 2209 2207; x_wconf 79' lang='lat' dir='ltr'><strong>se,</strong></span> <span class='ocrx_word' id='word_1_1045' title='bbox 2227 2170 2259 2199; x_wconf 71' lang='grc' dir='ltr'><strong>ὃ(</strong></span> <span class='ocrx_word' id='word_1_1046' title='bbox 2274 2170 2345 2199; x_wconf 85' lang='lat' dir='ltr'><strong>duos</strong></span> 
     </span>
     <span class='ocr_line' id='line_1_154' title="bbox 1273 2207 2346 2278; baseline -0.001 -40"><span class='ocrx_word' id='word_1_1047' title='bbox 1273 2219 1398 2278; x_wconf 54' lang='lat' dir='ltr'><strong>Fogutnd,</strong></span> <span class='ocrx_word' id='word_1_1048' title='bbox 1423 2210 1637 2277; x_wconf 76' lang='lat' dir='ltr'><strong>achuemhbet</strong></span> <span class='ocrx_word' id='word_1_1049' title='bbox 1658 2219 1759 2240; x_wconf 83' lang='lat' dir='ltr'><strong>eorum</strong></span> <span class='ocrx_word' id='word_1_1050' title='bbox 1780 2219 1830 2246; x_wconf 87' lang='lat' dir='ltr'><strong>per</strong></span> <span class='ocrx_word' id='word_1_1051' title='bbox 1847 2209 1873 2240; x_wconf 89' lang='lat' dir='ltr'><strong>se</strong></span> <span class='ocrx_word' id='word_1_1052' title='bbox 1888 2233 1899 2249; x_wconf 88' lang='lat'><strong>,</strong></span> <span class='ocrx_word' id='word_1_1053' title='bbox 1925 2209 2085 2240; x_wconf 69' lang='lat' dir='ltr'><strong>iaciendum</strong></span> <span class='ocrx_word' id='word_1_1054' title='bbox 2106 2211 2139 2239; x_wconf 83' lang='lat'>&amp;</span> <span class='ocrx_word' id='word_1_1055' title='bbox 2157 2207 2346 2246; x_wconf 81' lang='lat' dir='ltr'><strong>explendum,</strong></span> 
     </span>
     <span class='ocr_line' id='line_1_155' title="bbox 1285 2256 1545 2278; baseline 0 0"><span class='ocrx_word' id='word_1_1056' title='bbox 1285 2258 1301 2278; x_wconf 93' lang='lat' dir='ltr'><strong>u</strong></span> <span class='ocrx_word' id='word_1_1057' title='bbox 1341 2257 1375 2278; x_wconf 86' lang='lat' dir='ltr'><strong>ea</strong></span> <span class='ocrx_word' id='word_1_1058' title='bbox 1395 2257 1442 2278; x_wconf 89' lang='lat' dir='ltr'><strong>ern</strong></span> <span class='ocrx_word' id='word_1_1059' title='bbox 1493 2256 1545 2278; x_wconf 75' lang='lat' dir='ltr'><strong>ata.</strong></span> 
     </span>
    </p>
   </div>
   <div class='ocr_carea' id='block_1_32' title="bbox 1291 2328 1961 2336">
    <p class='ocr_par' dir='ltr' id='par_1_63' title="bbox 1291 2328 1961 2336">
     <span class='ocr_line' id='line_1_156' title="bbox 1291 2328 1961 2336; baseline 0 0"><span class='ocrx_word' id='word_1_1060' title='bbox 1291 2328 1961 2336; x_wconf 95' lang='lat' dir='ltr'><strong> </strong></span> 
     </span>
    </p>
   </div>
   <div class='ocr_carea' id='block_1_33' title="bbox 1277 2375 2494 2730">
    <p class='ocr_par' dir='ltr' id='par_1_64' title="bbox 1277 2375 2494 2730">
     <span class='ocr_line' id='line_1_157' title="bbox 1298 2375 2494 2425; baseline -0.003 -11"><span class='ocrx_word' id='word_1_1061' title='bbox 1298 2376 1325 2403; x_wconf 45' lang='grc' dir='ltr'><strong>δὲ</strong></span> <span class='ocrx_word' id='word_1_1062' title='bbox 1343 2381 1394 2414; x_wconf 85' lang='lat' dir='ltr'><strong>De</strong></span> <span class='ocrx_word' id='word_1_1063' title='bbox 1417 2375 1574 2412; x_wconf 55' lang='lat' dir='ltr'><strong>tractando</strong></span> <span class='ocrx_word' id='word_1_1064' title='bbox 1589 2377 1682 2425; x_wconf 81' lang='lat' dir='ltr'><strong>fitper</strong></span> <span class='ocrx_word' id='word_1_1065' title='bbox 1704 2379 1832 2423; x_wconf 83' lang='lat' dir='ltr'><strong>Injuriis</strong></span> <span class='ocrx_word' id='word_1_1066' title='bbox 1849 2389 1903 2424; x_wconf 78' lang='lat' dir='ltr'><strong>per</strong></span> <span class='ocrx_word' id='word_1_1067' title='bbox 1928 2377 2082 2422; x_wconf 68' lang='lat' dir='ltr'><strong>Duciffizm</strong></span> <span class='ocrx_word' id='word_1_1068' title='bbox 2108 2377 2211 2411; x_wconf 78' lang='lat' dir='ltr'><strong>Gelriae</strong></span> <span class='ocrx_word' id='word_1_1069' title='bbox 2235 2379 2310 2424; x_wconf 77' lang='lat' dir='ltr'><strong>Regi</strong></span> <span class='ocrx_word' id='word_1_1070' title='bbox 2365 2380 2494 2411; x_wconf 79' lang='lat' dir='ltr'><strong>·V.622.</strong></span> 
     </span>
     <span class='ocr_line' id='line_1_158' title="bbox 1733 2430 1886 2475; baseline 0.007 -15"><span class='ocrx_word' id='word_1_1071' title='bbox 1733 2430 1886 2475; x_wconf 78' lang='lat' dir='ltr'><strong>irrogatis.</strong></span> 
     </span>
     <span class='ocr_line' id='line_1_159' title="bbox 2359 2485 2492 2556; baseline 0.008 -39"><span class='ocrx_word' id='word_1_1072' title='bbox 2359 2485 2453 2556; x_wconf 41' lang='lat' dir='ltr'><strong>:l-{nm8</strong></span> <span class='ocrx_word' id='word_1_1073' title='bbox 2454 2486 2492 2518; x_wconf 89' lang='lat' dir='ltr'><strong>D.</strong></span> 
     </span>
     <span class='ocr_line' id='line_1_160' title="bbox 1313 2534 2477 2614; baseline -0.003 -12"><span class='ocrx_word' id='word_1_1074' title='bbox 1313 2570 1392 2602; x_wconf 82' lang='lat' dir='ltr'><strong>Cum</strong></span> <span class='ocrx_word' id='word_1_1075' title='bbox 1412 2582 1459 2609; x_wconf 85' lang='lat' dir='ltr'><strong>per</strong></span> <span class='ocrx_word' id='word_1_1076' title='bbox 1476 2542 1655 2614; x_wconf 52' lang='lat' dir='ltr'><strong>spegtabilem</strong></span> <span class='ocrx_word' id='word_1_1077' title='bbox 1674 2570 1790 2601; x_wconf 89' lang='lat' dir='ltr'><strong>Ducem</strong></span> <span class='ocrx_word' id='word_1_1078' title='bbox 1808 2569 1976 2612; x_wconf 85' lang='lat' dir='ltr'><strong>Gelrensem</strong></span> <span class='ocrx_word' id='word_1_1079' title='bbox 1991 2593 2001 2609; x_wconf 91' lang='lat'><strong>,</strong></span> <span class='ocrx_word' id='word_1_1080' title='bbox 2024 2568 2173 2611; x_wconf 79' lang='lat' dir='ltr'><strong>Nepotem</strong></span> <span class='ocrx_word' id='word_1_1081' title='bbox 2197 2567 2345 2606; x_wconf 88' lang='lat' dir='ltr'><strong>nostrum,</strong></span> <span class='ocrx_word' id='word_1_1082' title='bbox 2360 2534 2477 2593; x_wconf 62' lang='lat' dir='ltr'><strong>Arss3-4222</strong></span> 
     </span>
     <span class='ocr_line' id='line_1_161' title="bbox 1277 2607 2437 2648; baseline -0.003 -8"><span class='ocrx_word' id='word_1_1083' title='bbox 1277 2609 1327 2648; x_wconf 90' lang='lat'><strong>&amp;,</strong></span> <span class='ocrx_word' id='word_1_1084' title='bbox 1354 2609 1532 2640; x_wconf 73' lang='lat' dir='ltr'><strong>clarissimam</strong></span> <span class='ocrx_word' id='word_1_1085' title='bbox 1552 2609 1710 2639; x_wconf 84' lang='lat' dir='ltr'><strong>Dominam</strong></span> <span class='ocrx_word' id='word_1_1086' title='bbox 1738 2627 1751 2631; x_wconf 97' lang='lat'>-</span> <span class='ocrx_word' id='word_1_1087' title='bbox 1771 2627 1783 2632; x_wconf 98' lang='lat'><em>-</em></span> <span class='ocrx_word' id='word_1_1088' title='bbox 1800 2627 1813 2632; x_wconf 91' lang='lat'><em>-</em></span> <span class='ocrx_word' id='word_1_1089' title='bbox 1832 2608 1981 2639; x_wconf 81' lang='lat' dir='ltr'><strong>Duciilam</strong></span> <span class='ocrx_word' id='word_1_1090' title='bbox 2005 2608 2171 2639; x_wconf 83' lang='lat' dir='ltr'><strong>Gelreniem</strong></span> <span class='ocrx_word' id='word_1_1091' title='bbox 2187 2630 2197 2645; x_wconf 92' lang='lat'><strong>,</strong></span> <span class='ocrx_word' id='word_1_1092' title='bbox 2221 2607 2345 2637; x_wconf 83' lang='lat' dir='ltr'><strong>Germa·</strong></span> <span class='ocrx_word' id='word_1_1093' title='bbox 2362 2608 2391 2631; x_wconf 80' lang='lat' dir='ltr'><strong>E-</strong></span> <span class='ocrx_word' id='word_1_1094' title='bbox 2410 2614 2437 2647; x_wconf 36' lang='grc'><strong>3-</strong></span> 
     </span>
     <span class='ocr_line' id='line_1_162' title="bbox 1278 2641 2465 2686; baseline -0.003 -8"><span class='ocrx_word' id='word_1_1095' title='bbox 1278 2658 1347 2678; x_wconf 82' lang='lat' dir='ltr'><strong>nam</strong></span> <span class='ocrx_word' id='word_1_1096' title='bbox 1365 2648 1509 2686; x_wconf 87' lang='lat' dir='ltr'><strong>nostram,</strong></span> <span class='ocrx_word' id='word_1_1097' title='bbox 1526 2649 1610 2678; x_wconf 86' lang='lat' dir='ltr'><strong>nobis</strong></span> <span class='ocrx_word' id='word_1_1098' title='bbox 1623 2647 1724 2677; x_wconf 85' lang='lat' dir='ltr'><strong>fuerint</strong></span> <span class='ocrx_word' id='word_1_1099' title='bbox 1742 2647 1886 2678; x_wconf 81' lang='lat' dir='ltr'><strong>nonnullae</strong></span> <span class='ocrx_word' id='word_1_1100' title='bbox 1904 2646 2017 2686; x_wconf 81' lang='lat' dir='ltr'><strong>Injuriae</strong></span> <span class='ocrx_word' id='word_1_1101' title='bbox 2029 2657 2062 2678; x_wconf 78' lang='lat' dir='ltr'><strong>ac</strong></span> <span class='ocrx_word' id='word_1_1102' title='bbox 2080 2647 2213 2684; x_wconf 77' lang='lat' dir='ltr'><strong>Dampna</strong></span> <span class='ocrx_word' id='word_1_1103' title='bbox 2227 2648 2345 2684; x_wconf 72' lang='lat' dir='ltr'><strong>irrogata</strong></span> <span class='ocrx_word' id='word_1_1104' title='bbox 2401 2641 2465 2669; x_wconf 75' lang='lat' dir='ltr'><strong>lbid.</strong></span> 
     </span>
     <span class='ocr_line' id='line_1_163' title="bbox 1279 2686 1792 2730; baseline 0.004 -15"><span class='ocrx_word' id='word_1_1105' title='bbox 1279 2686 1339 2721; x_wconf 63' lang='lat' dir='ltr'><strong>&amp;a</strong></span> <span class='ocrx_word' id='word_1_1106' title='bbox 1359 2694 1389 2716; x_wconf 87' lang='lat' dir='ltr'><strong>ut</strong></span> <span class='ocrx_word' id='word_1_1107' title='bbox 1404 2687 1497 2730; x_wconf 52' lang='lat' dir='ltr'><strong>lepra,</strong></span> <span class='ocrx_word' id='word_1_1108' title='bbox 1515 2689 1627 2716; x_wconf 81' lang='lat' dir='ltr'><strong>mutatis</strong></span> <span class='ocrx_word' id='word_1_1109' title='bbox 1646 2687 1792 2717; x_wconf 76' lang='lat' dir='ltr'><strong>mutandis.</strong></span> 
     </span>
    </p>
   </div>
   <div class='ocr_carea' id='block_1_34' title="bbox 1313 2725 1573 2802">
    <p class='ocr_par' dir='ltr' id='par_1_65' title="bbox 1313 2725 1573 2802">
     <span class='ocr_line' id='line_1_164' title="bbox 1313 2725 1535 2764; baseline 0.005 -9"><span class='ocrx_word' id='word_1_1110' title='bbox 1313 2725 1347 2755; x_wconf 91' lang='lat' dir='ltr'><strong>In</strong></span> <span class='ocrx_word' id='word_1_1111' title='bbox 1364 2735 1459 2764; x_wconf 76' lang='lat' dir='ltr'><strong>culus,</strong></span> <span class='ocrx_word' id='word_1_1112' title='bbox 1475 2727 1535 2756; x_wconf 63' lang='lat' dir='ltr'><strong>&amp;a</strong></span> 
     </span>
     <span class='ocr_line' id='line_1_165' title="bbox 1354 2764 1573 2802; baseline 0 -8"><span class='ocrx_word' id='word_1_1113' title='bbox 1354 2764 1421 2794; x_wconf 89' lang='lat' dir='ltr'><strong>Dat.</strong></span> <span class='ocrx_word' id='word_1_1114' title='bbox 1441 2773 1470 2795; x_wconf 93' lang='lat' dir='ltr'><strong>ut</strong></span> <span class='ocrx_word' id='word_1_1115' title='bbox 1487 2765 1573 2802; x_wconf 90' lang='lat' dir='ltr'><strong>supra.</strong></span> 
     </span>
    </p>
   </div>
   <div class='ocr_carea' id='block_1_35' title="bbox 1275 2493 1690 2563">
    <p class='ocr_par' dir='ltr' id='par_1_66' title="bbox 1275 2493 1690 2563">
     <span class='ocr_line' id='line_1_166' title="bbox 1275 2493 1690 2563; baseline -0.002 -38"><span class='ocrx_word' id='word_1_1116' title='bbox 1275 2493 1396 2563; x_wconf 49' lang='lat' dir='ltr'><strong>RE}</strong></span> <span class='ocrx_word' id='word_1_1117' title='bbox 1415 2493 1537 2539; x_wconf 83' lang='lat' dir='ltr'><strong>eisdem,</strong></span> <span class='ocrx_word' id='word_1_1118' title='bbox 1554 2493 1690 2524; x_wconf 81' lang='lat' dir='ltr'><strong>Salutem.</strong></span> 
     </span>
     <span class='ocr_line' id='line_1_167' title="bbox 1397 2543 1512 2563; baseline 0.009 -1"><span class='ocrx_word' id='word_1_1119' title='bbox 1397 2543 1512 2563; x_wconf 78' lang='lat' dir='ltr'><strong>OVCUUS</strong></span> 
     </span>
    </p>
   </div>
   <div class='ocr_carea' id='block_1_36' title="bbox 1550 2533 1624 2570">
    <p class='ocr_par' dir='ltr' id='par_1_67' title="bbox 1550 2533 1624 2570">
     <span class='ocr_line' id='line_1_168' title="bbox 1550 2533 1624 2570; baseline -0.014 -7"><span class='ocrx_word' id='word_1_1120' title='bbox 1550 2533 1624 2570; x_wconf 72' lang='lat' dir='ltr'><strong>uOd,</strong></span> 
     </span>
    </p>
   </div>
   <div class='ocr_carea' id='block_1_37' title="bbox 1273 2836 2349 2988">
    <p class='ocr_par' dir='ltr' id='par_1_68' title="bbox 1273 2836 2349 2988">
     <span class='ocr_line' id='line_1_169' title="bbox 1316 2836 2349 2872; baseline -0.003 -1"><span class='ocrx_word' id='word_1_1121' title='bbox 1316 2840 1489 2872; x_wconf 81' lang='lat' dir='ltr'><strong>Consimiles</strong></span> <span class='ocrx_word' id='word_1_1122' title='bbox 1511 2841 1627 2872; x_wconf 85' lang='lat' dir='ltr'><strong>Litteras</strong></span> <span class='ocrx_word' id='word_1_1123' title='bbox 1649 2840 1854 2872; x_wconf 87' lang='lat' dir='ltr'><strong>Procuratorias</strong></span> <span class='ocrx_word' id='word_1_1124' title='bbox 1881 2842 1986 2872; x_wconf 86' lang='lat' dir='ltr'><strong>habent</strong></span> <span class='ocrx_word' id='word_1_1125' title='bbox 2010 2839 2190 2871; x_wconf 88' lang='lat' dir='ltr'><strong>Guillielmus</strong></span> <span class='ocrx_word' id='word_1_1126' title='bbox 2212 2836 2349 2869; x_wconf 87' lang='lat' dir='ltr'><strong>Marchio</strong></span> 
     </span>
     <span class='ocr_line' id='line_1_170' title="bbox 1273 2877 2349 2925; baseline -0.004 -15"><span class='ocrx_word' id='word_1_1127' title='bbox 1273 2879 1449 2919; x_wconf 84' lang='lat' dir='ltr'><strong>Juliacenfis,</strong></span> <span class='ocrx_word' id='word_1_1128' title='bbox 1467 2881 1500 2911; x_wconf 89' lang='lat'>&amp;</span> <span class='ocrx_word' id='word_1_1129' title='bbox 1513 2880 1642 2924; x_wconf 66' lang='lat' dir='ltr'><strong>praediciti</strong></span> <span class='ocrx_word' id='word_1_1130' title='bbox 1656 2879 1747 2917; x_wconf 87' lang='lat' dir='ltr'><strong>Hugo</strong></span> <span class='ocrx_word' id='word_1_1131' title='bbox 1760 2880 1794 2911; x_wconf 88' lang='lat'>&amp;</span> <span class='ocrx_word' id='word_1_1132' title='bbox 1807 2879 1876 2918; x_wconf 93' lang='lat' dir='ltr'><strong>Ivo,</strong></span> <span class='ocrx_word' id='word_1_1133' title='bbox 1894 2880 1930 2925; x_wconf 78' lang='lat' dir='ltr'><strong>ad</strong></span> <span class='ocrx_word' id='word_1_1134' title='bbox 1944 2878 2082 2918; x_wconf 65' lang='lat' dir='ltr'><strong>praemissa</strong></span> <span class='ocrx_word' id='word_1_1135' title='bbox 2103 2888 2150 2916; x_wconf 89' lang='lat' dir='ltr'><strong>pet</strong></span> <span class='ocrx_word' id='word_1_1136' title='bbox 2165 2878 2209 2915; x_wconf 90' lang='lat' dir='ltr'><strong>se,</strong></span> <span class='ocrx_word' id='word_1_1137' title='bbox 2226 2878 2259 2909; x_wconf 75' lang='grc' dir='ltr'><strong>δε</strong></span> <span class='ocrx_word' id='word_1_1138' title='bbox 2278 2877 2349 2907; x_wconf 86' lang='lat' dir='ltr'><strong>duos</strong></span> 
     </span>
     <span class='ocr_line' id='line_1_171' title="bbox 1276 2915 2349 2988; baseline -0.005 -38"><span class='ocrx_word' id='word_1_1139' title='bbox 1276 2919 1613 2988; x_wconf 52' lang='lat' dir='ltr'><strong>{ggerrml‚5{t{1uertilibet</strong></span> <span class='ocrx_word' id='word_1_1140' title='bbox 1628 2928 1727 2950; x_wconf 88' lang='lat' dir='ltr'><strong>eorum</strong></span> <span class='ocrx_word' id='word_1_1141' title='bbox 1745 2928 1795 2957; x_wconf 91' lang='lat' dir='ltr'><strong>per</strong></span> <span class='ocrx_word' id='word_1_1142' title='bbox 1812 2918 1856 2958; x_wconf 91' lang='lat' dir='ltr'><strong>se,</strong></span> <span class='ocrx_word' id='word_1_1143' title='bbox 1876 2918 2040 2950; x_wconf 80' lang='lat' dir='ltr'><strong>faciendum</strong></span> <span class='ocrx_word' id='word_1_1144' title='bbox 2059 2918 2093 2948; x_wconf 92' lang='lat'>&amp;</span> <span class='ocrx_word' id='word_1_1145' title='bbox 2109 2916 2276 2955; x_wconf 87' lang='lat' dir='ltr'><strong>explendum</strong></span> <span class='ocrx_word' id='word_1_1146' title='bbox 2300 2915 2349 2946; x_wconf 92' lang='lat' dir='ltr'><strong>sub</strong></span> 
     </span>
    </p>
   </div>
   <div class='ocr_carea' id='block_1_38' title="bbox 1313 3034 2278 3044">
    <p class='ocr_par' dir='ltr' id='par_1_69' title="bbox 1313 3034 2278 3044">
     <span class='ocr_line' id='line_1_172' title="bbox 1313 3034 2278 3044; baseline 0 0"><span class='ocrx_word' id='word_1_1147' title='bbox 1313 3034 2278 3044; x_wconf 95' lang='lat' dir='ltr'><strong> </strong></span> 
     </span>
    </p>
   </div>
   <div class='ocr_carea' id='block_1_39' title="bbox 1278 3078 2346 3179">
    <p class='ocr_par' dir='ltr' id='par_1_70' title="bbox 1278 3078 2346 3179">
     <span class='ocr_line' id='line_1_173' title="bbox 1278 3078 2346 3129; baseline -0.003 -13"><span class='ocrx_word' id='word_1_1148' title='bbox 1278 3086 1327 3117; x_wconf 87' lang='lat' dir='ltr'><strong>De</strong></span> <span class='ocrx_word' id='word_1_1149' title='bbox 1348 3078 1539 3126; x_wconf 60' lang='lat' dir='ltr'><strong>Traaan‘do,</strong></span> <span class='ocrx_word' id='word_1_1150' title='bbox 1559 3087 1633 3116; x_wconf 78' lang='lat' dir='ltr'><strong>&#39;cum</strong></span> <span class='ocrx_word' id='word_1_1151' title='bbox 1661 3081 1796 3129; x_wconf 78' lang='lat' dir='ltr'><strong>Fpifiopo</strong></span> <span class='ocrx_word' id='word_1_1152' title='bbox 1819 3080 1971 3126; x_wconf 80' lang='lat' dir='ltr'><strong>Leodienst</strong></span> <span class='ocrx_word' id='word_1_1153' title='bbox 1988 3084 2025 3121; x_wconf 62' lang='grc'><strong>(3·-</strong></span> <span class='ocrx_word' id='word_1_1154' title='bbox 2052 3083 2165 3115; x_wconf 78' lang='lat' dir='ltr'><strong>comite</strong></span> <span class='ocrx_word' id='word_1_1155' title='bbox 2189 3081 2225 3115; x_wconf 87' lang='lat' dir='ltr'><strong>de</strong></span> <span class='ocrx_word' id='word_1_1156' title='bbox 2255 3083 2346 3120; x_wconf 66' lang='lat' dir='ltr'><strong>Loox,</strong></span> 
     </span>
     <span class='ocr_line' id='line_1_174' title="bbox 1623 3132 2000 3179; baseline 0.003 -15"><span class='ocrx_word' id='word_1_1157' title='bbox 1623 3132 1715 3178; x_wconf 80' lang='lat' dir='ltr'><strong>super</strong></span> <span class='ocrx_word' id='word_1_1158' title='bbox 1738 3134 1823 3179; x_wconf 85' lang='lat' dir='ltr'><strong>Ligis</strong></span> <span class='ocrx_word' id='word_1_1159' title='bbox 1841 3135 2000 3177; x_wconf 80' lang='lat' dir='ltr'><strong>perpetuis.</strong></span> 
     </span>
    </p>
   </div>
   <div class='ocr_carea' id='block_1_40' title="bbox 1278 3212 2503 4164">
    <p class='ocr_par' dir='ltr' id='par_1_71' title="bbox 1278 3212 2503 4164">
     <span class='ocr_line' id='line_1_175' title="bbox 1282 3212 2499 3273; baseline -0.004 -22"><span class='ocrx_word' id='word_1_1160' title='bbox 1282 3216 1367 3273; x_wconf 79' lang='lat' dir='ltr'><strong>RE</strong></span> <span class='ocrx_word' id='word_1_1161' title='bbox 2366 3214 2443 3245; x_wconf 87' lang='lat' dir='ltr'><strong>Ann.</strong></span> <span class='ocrx_word' id='word_1_1162' title='bbox 2459 3212 2499 3246; x_wconf 94' lang='lat' dir='ltr'><strong>D.</strong></span> 
     </span>
     <span class='ocr_line' id='line_1_176' title="bbox 1290 3253 2481 3337; baseline -0.003 -14"><span class='ocrx_word' id='word_1_1163' title='bbox 1290 3332 1295 3337; x_wconf 16' lang='grc' dir='ltr'><strong><em>ξ</em></strong></span> <span class='ocrx_word' id='word_1_1164' title='bbox 1318 3293 1366 3323; x_wconf 92' lang='lat' dir='ltr'><strong>De</strong></span> <span class='ocrx_word' id='word_1_1165' title='bbox 1385 3294 1531 3334; x_wconf 78' lang='lat' dir='ltr'><strong>fidelitate,</strong></span> <span class='ocrx_word' id='word_1_1166' title='bbox 1549 3296 1581 3325; x_wconf 90' lang='lat'>&amp;</span> <span class='ocrx_word' id='word_1_1167' title='bbox 1595 3294 1849 3337; x_wconf 68' lang='lat' dir='ltr'><strong>circumspectione</strong></span> <span class='ocrx_word' id='word_1_1168' title='bbox 1865 3292 1985 3336; x_wconf 69' lang='lat' dir='ltr'><strong>providi</strong></span> <span class='ocrx_word' id='word_1_1169' title='bbox 1998 3315 2008 3330; x_wconf 89' lang='lat'><strong>,</strong></span> <span class='ocrx_word' id='word_1_1170' title='bbox 2031 3291 2198 3334; x_wconf 68' lang='lat' dir='ltr'><strong>dile&amp;orum</strong></span> <span class='ocrx_word' id='word_1_1171' title='bbox 2223 3289 2257 3320; x_wconf 86' lang='lat'>&amp;</span> <span class='ocrx_word' id='word_1_1172' title='bbox 2277 3286 2344 3318; x_wconf 81' lang='lat' dir='ltr'><strong>fide·</strong></span> <span class='ocrx_word' id='word_1_1173' title='bbox 2367 3253 2481 3321; x_wconf 34' lang='lat' dir='ltr'><strong>Aziitgz&#39;.</strong></span> 
     </span>
     <span class='ocr_line' id='line_1_177' title="bbox 1278 3328 2454 3371; baseline -0.003 -10"><span class='ocrx_word' id='word_1_1174' title='bbox 1278 3331 1348 3362; x_wconf 80' lang='lat' dir='ltr'><strong>lium</strong></span> <span class='ocrx_word' id='word_1_1175' title='bbox 1362 3333 1543 3371; x_wconf 87' lang='lat' dir='ltr'><strong>nostrorum,</strong></span> <span class='ocrx_word' id='word_1_1176' title='bbox 1561 3332 1698 3369; x_wconf 82' lang='lat' dir='ltr'><strong>Hugonis</strong></span> <span class='ocrx_word' id='word_1_1177' title='bbox 1711 3333 1746 3362; x_wconf 91' lang='lat' dir='ltr'><strong>de</strong></span> <span class='ocrx_word' id='word_1_1178' title='bbox 1760 3331 1861 3363; x_wconf 80' lang='lat' dir='ltr'><strong>Nevill</strong></span> <span class='ocrx_word' id='word_1_1179' title='bbox 1876 3330 1994 3369; x_wconf 78' lang='lat' dir='ltr'><strong>Militis,</strong></span> <span class='ocrx_word' id='word_1_1180' title='bbox 2013 3331 2046 3361; x_wconf 87' lang='lat'>&amp;</span> <span class='ocrx_word' id='word_1_1181' title='bbox 2061 3329 2157 3361; x_wconf 82' lang='lat' dir='ltr'><strong>Ivonis</strong></span> <span class='ocrx_word' id='word_1_1182' title='bbox 2170 3329 2205 3358; x_wconf 85' lang='lat' dir='ltr'><strong>de</strong></span> <span class='ocrx_word' id='word_1_1183' title='bbox 2212 3328 2345 3367; x_wconf 79' lang='lat' dir='ltr'><strong>Glynton</strong></span> <span class='ocrx_word' id='word_1_1184' title='bbox 2365 3336 2395 3358; x_wconf 78' lang='grc' dir='ltr'><strong>Ε.</strong></span> <span class='ocrx_word' id='word_1_1185' title='bbox 2429 3341 2454 3367; x_wconf 83' lang='lat'><strong>3.</strong></span> 
     </span>
     <span class='ocr_line' id='line_1_178' title="bbox 1280 3370 2503 3410; baseline -0.002 -10"><span class='ocrx_word' id='word_1_1186' title='bbox 1280 3370 1406 3409; x_wconf 88' lang='lat' dir='ltr'><strong>Clerici,</strong></span> <span class='ocrx_word' id='word_1_1187' title='bbox 1425 3372 1532 3410; x_wconf 77' lang='lat' dir='ltr'><strong>plenius</strong></span> <span class='ocrx_word' id='word_1_1188' title='bbox 1547 3370 1738 3408; x_wconf 84' lang='lat' dir='ltr'><strong>confidentes,</strong></span> <span class='ocrx_word' id='word_1_1189' title='bbox 2371 3374 2444 3397; x_wconf 80' lang='lat' dir='ltr'><strong>Fran.</strong></span> <span class='ocrx_word' id='word_1_1190' title='bbox 2455 3378 2503 3397; x_wconf 82' lang='lat'><strong>22.</strong></span> 
     </span>
     <span class='ocr_line' id='line_1_179' title="bbox 1318 3402 2501 3447; baseline -0.005 -7"><span class='ocrx_word' id='word_1_1191' title='bbox 1318 3409 1393 3446; x_wconf 87' lang='lat' dir='ltr'><strong>Ipsos</strong></span> <span class='ocrx_word' id='word_1_1192' title='bbox 1409 3432 1418 3447; x_wconf 94' lang='lat'><strong>,</strong></span> <span class='ocrx_word' id='word_1_1193' title='bbox 1443 3410 1476 3440; x_wconf 91' lang='lat'>&amp;</span> <span class='ocrx_word' id='word_1_1194' title='bbox 1499 3419 1602 3440; x_wconf 90' lang='lat' dir='ltr'><strong>eorum</strong></span> <span class='ocrx_word' id='word_1_1195' title='bbox 1634 3410 1806 3447; x_wconf 87' lang='lat' dir='ltr'><strong>quemlibet,</strong></span> <span class='ocrx_word' id='word_1_1196' title='bbox 1830 3407 1980 3446; x_wconf 90' lang='lat' dir='ltr'><strong>Nuncios,</strong></span> <span class='ocrx_word' id='word_1_1197' title='bbox 1998 3407 2031 3438; x_wconf 91' lang='lat'>&amp;</span> <span class='ocrx_word' id='word_1_1198' title='bbox 2057 3405 2279 3442; x_wconf 85' lang='lat' dir='ltr'><strong>Procuratores,</strong></span> <span class='ocrx_word' id='word_1_1199' title='bbox 2304 3402 2349 3434; x_wconf 87' lang='lat' dir='ltr'><strong>seu</strong></span> <span class='ocrx_word' id='word_1_1200' title='bbox 2376 3413 2501 3444; x_wconf 64' lang='lat' dir='ltr'><strong>E.3.p.i‚</strong></span> 
     </span>
     <span class='ocr_line' id='line_1_180' title="bbox 1281 3446 2464 3484; baseline -0.003 -7"><span class='ocrx_word' id='word_1_1201' title='bbox 1281 3447 1500 3478; x_wconf 81' lang='lat' dir='ltr'><strong>Commissarios</strong></span> <span class='ocrx_word' id='word_1_1202' title='bbox 1512 3447 1622 3478; x_wconf 91' lang='lat' dir='ltr'><strong>nostros</strong></span> <span class='ocrx_word' id='word_1_1203' title='bbox 1638 3447 1836 3478; x_wconf 88' lang='lat' dir='ltr'><strong>constituimus</strong></span> <span class='ocrx_word' id='word_1_1204' title='bbox 1850 3446 1993 3484; x_wconf 86' lang='lat' dir='ltr'><strong>speciales,</strong></span> <span class='ocrx_word' id='word_1_1205' title='bbox 2372 3456 2408 3473; x_wconf 88' lang='lat' dir='ltr'><strong>m.</strong></span> <span class='ocrx_word' id='word_1_1206' title='bbox 2422 3455 2464 3480; x_wconf 84' lang='lat'><strong>¹7-</strong></span> 
     </span>
     <span class='ocr_line' id='line_1_181' title="bbox 1318 3481 2351 3517; baseline -0.006 0"><span class='ocrx_word' id='word_1_1207' title='bbox 1318 3486 1365 3517; x_wconf 85' lang='lat' dir='ltr'><strong>Ad</strong></span> <span class='ocrx_word' id='word_1_1208' title='bbox 1382 3486 1561 3517; x_wconf 75' lang='lat' dir='ltr'><strong>tractandum</strong></span> <span class='ocrx_word' id='word_1_1209' title='bbox 1577 3487 1610 3517; x_wconf 90' lang='lat'>&amp;</span> <span class='ocrx_word' id='word_1_1210' title='bbox 1626 3485 1862 3516; x_wconf 88' lang='lat' dir='ltr'><strong>concordandum</strong></span> <span class='ocrx_word' id='word_1_1211' title='bbox 1881 3494 1948 3514; x_wconf 92' lang='lat' dir='ltr'><strong>cum</strong></span> <span class='ocrx_word' id='word_1_1212' title='bbox 1985 3481 2155 3513; x_wconf 87' lang='lat' dir='ltr'><strong>Reverendo</strong></span> <span class='ocrx_word' id='word_1_1213' title='bbox 2177 3481 2259 3513; x_wconf 86' lang='lat' dir='ltr'><strong>Patre</strong></span> <span class='ocrx_word' id='word_1_1214' title='bbox 2276 3498 2290 3505; x_wconf 92' lang='lat'><em>-</em></span> <span class='ocrx_word' id='word_1_1215' title='bbox 2308 3497 2322 3504; x_wconf 94' lang='lat'>-</span> <span class='ocrx_word' id='word_1_1216' title='bbox 2338 3498 2351 3504; x_wconf 91' lang='lat'><em>-</em></span> 
     </span>
     <span class='ocr_line' id='line_1_182' title="bbox 1281 3506 2348 3566; baseline -0.004 -12"><span class='ocrx_word' id='word_1_1217' title='bbox 1281 3524 1425 3564; x_wconf 89' lang='lat' dir='ltr'><strong>Episcopo</strong></span> <span class='ocrx_word' id='word_1_1218' title='bbox 1443 3525 1605 3562; x_wconf 82' lang='lat' dir='ltr'><strong>Leodiensi,</strong></span> <span class='ocrx_word' id='word_1_1219' title='bbox 1624 3525 1657 3554; x_wconf 87' lang='lat'>&amp;</span> <span class='ocrx_word' id='word_1_1220' title='bbox 1680 3522 1914 3566; x_wconf 35' lang='lat' dir='ltr'><strong>spectabili-Viro</strong></span> <span class='ocrx_word' id='word_1_1221' title='bbox 1937 3506 2055 3564; x_wconf 61' lang='lat' dir='ltr'><strong>domite</strong></span> <span class='ocrx_word' id='word_1_1222' title='bbox 2075 3520 2114 3564; x_wconf 29' lang='lat' dir='ltr'><strong>de*</strong></span> <span class='ocrx_word' id='word_1_1223' title='bbox 2127 3521 2223 3559; x_wconf 84' lang='lat' dir='ltr'><strong>Loos,</strong></span> <span class='ocrx_word' id='word_1_1224' title='bbox 2242 3520 2276 3551; x_wconf 87' lang='lat'>&amp;</span> <span class='ocrx_word' id='word_1_1225' title='bbox 2299 3529 2348 3562; x_wconf 82' lang='lat' dir='ltr'><strong>eo-</strong></span> 
     </span>
     <span class='ocr_line' id='line_1_183' title="bbox 1282 3560 2348 3602; baseline -0.006 -9"><span class='ocrx_word' id='word_1_1226' title='bbox 1282 3573 1346 3593; x_wconf 93' lang='lat' dir='ltr'><strong>rum</strong></span> <span class='ocrx_word' id='word_1_1227' title='bbox 1366 3573 1504 3602; x_wconf 86' lang='lat' dir='ltr'><strong>utroque,</strong></span> <span class='ocrx_word' id='word_1_1228' title='bbox 1522 3562 1599 3601; x_wconf 89' lang='lat' dir='ltr'><strong>supet</strong></span> <span class='ocrx_word' id='word_1_1229' title='bbox 1625 3563 1703 3599; x_wconf 86' lang='lat' dir='ltr'><strong>Ligis</strong></span> <span class='ocrx_word' id='word_1_1230' title='bbox 1717 3564 1749 3593; x_wconf 72' lang='grc' dir='ltr'><strong>δε</strong></span> <span class='ocrx_word' id='word_1_1231' title='bbox 1767 3563 1909 3592; x_wconf 82' lang='lat' dir='ltr'><strong>Amicmis</strong></span> <span class='ocrx_word' id='word_1_1232' title='bbox 1930 3567 2082 3602; x_wconf 82' lang='lat' dir='ltr'><strong>perpetuis,</strong></span> <span class='ocrx_word' id='word_1_1233' title='bbox 2107 3567 2242 3602; x_wconf 76' lang='lat' dir='ltr'><strong>internos</strong></span> <span class='ocrx_word' id='word_1_1234' title='bbox 2257 3560 2290 3589; x_wconf 89' lang='lat'>&amp;</span> <span class='ocrx_word' id='word_1_1235' title='bbox 2305 3566 2348 3594; x_wconf 81' lang='lat' dir='ltr'><strong>ip-</strong></span> 
     </span>
     <span class='ocr_line' id='line_1_184' title="bbox 1283 3597 2346 3640; baseline -0.007 -9"><span class='ocrx_word' id='word_1_1236' title='bbox 1283 3602 1326 3632; x_wconf 85' lang='lat' dir='ltr'><strong>sos</strong></span> <span class='ocrx_word' id='word_1_1237' title='bbox 1341 3601 1514 3640; x_wconf 86' lang='lat' dir='ltr'><strong>Episcopum</strong></span> <span class='ocrx_word' id='word_1_1238' title='bbox 1530 3603 1564 3633; x_wconf 83' lang='lat'>&amp;</span> <span class='ocrx_word' id='word_1_1239' title='bbox 1580 3600 1730 3631; x_wconf 84' lang='lat' dir='ltr'><strong>Comitem</strong></span> <span class='ocrx_word' id='word_1_1240' title='bbox 1746 3601 1779 3631; x_wconf 90' lang='lat'>&amp;</span> <span class='ocrx_word' id='word_1_1241' title='bbox 1795 3609 1893 3629; x_wconf 91' lang='lat' dir='ltr'><strong>eorum</strong></span> <span class='ocrx_word' id='word_1_1242' title='bbox 1907 3606 2053 3636; x_wconf 88' lang='lat' dir='ltr'><strong>utrumque</strong></span> <span class='ocrx_word' id='word_1_1243' title='bbox 2074 3597 2218 3636; x_wconf 78' lang='lat' dir='ltr'><strong>ineundis,</strong></span> <span class='ocrx_word' id='word_1_1244' title='bbox 2236 3597 2269 3627; x_wconf 91' lang='lat'>&amp;</span> <span class='ocrx_word' id='word_1_1245' title='bbox 2284 3604 2346 3625; x_wconf 77' lang='lat' dir='ltr'><strong>mu-</strong></span> 
     </span>
     <span class='ocr_line' id='line_1_185' title="bbox 1284 3638 1816 3679; baseline -0.008 -9"><span class='ocrx_word' id='word_1_1246' title='bbox 1284 3642 1335 3670; x_wconf 87' lang='lat' dir='ltr'><strong>tuis</strong></span> <span class='ocrx_word' id='word_1_1247' title='bbox 1353 3640 1470 3670; x_wconf 82' lang='lat' dir='ltr'><strong>Auxiliis</strong></span> <span class='ocrx_word' id='word_1_1248' title='bbox 1485 3641 1552 3670; x_wconf 91' lang='lat' dir='ltr'><strong>hinc</strong></span> <span class='ocrx_word' id='word_1_1249' title='bbox 1568 3640 1635 3669; x_wconf 77' lang='lat' dir='ltr'><strong>inde</strong></span> <span class='ocrx_word' id='word_1_1250' title='bbox 1650 3638 1816 3679; x_wconf 77' lang='lat' dir='ltr'><strong>praestandis.</strong></span> 
     </span>
     <span class='ocr_line' id='line_1_186' title="bbox 1323 3671 2352 3718; baseline -0.007 -9"><span class='ocrx_word' id='word_1_1251' title='bbox 1323 3678 1361 3709; x_wconf 90' lang='lat' dir='ltr'><strong>Et</strong></span> <span class='ocrx_word' id='word_1_1252' title='bbox 1376 3688 1422 3716; x_wconf 89' lang='lat' dir='ltr'><strong>ea,</strong></span> <span class='ocrx_word' id='word_1_1253' title='bbox 1440 3688 1503 3718; x_wconf 75' lang='lat' dir='ltr'><strong>quse</strong></span> <span class='ocrx_word' id='word_1_1254' title='bbox 1518 3679 1555 3708; x_wconf 79' lang='lat' dir='ltr'><strong>lic</strong></span> <span class='ocrx_word' id='word_1_1255' title='bbox 1570 3678 1701 3708; x_wconf 69' lang='lat' dir='ltr'><strong>Tractata</strong></span> <span class='ocrx_word' id='word_1_1256' title='bbox 1721 3678 1753 3707; x_wconf 90' lang='lat'>&amp;</span> <span class='ocrx_word' id='word_1_1257' title='bbox 1768 3673 1948 3706; x_wconf 83' lang='lat' dir='ltr'><strong>Concordata</strong></span> <span class='ocrx_word' id='word_1_1258' title='bbox 1969 3673 2090 3713; x_wconf 85' lang='lat' dir='ltr'><strong>fuerint,</strong></span> <span class='ocrx_word' id='word_1_1259' title='bbox 2104 3682 2279 3714; x_wconf 83' lang='lat' dir='ltr'><strong>quacumque</strong></span> <span class='ocrx_word' id='word_1_1260' title='bbox 2301 3671 2352 3703; x_wconf 91' lang='lat' dir='ltr'><strong>Se-</strong></span> 
     </span>
     <span class='ocr_line' id='line_1_187' title="bbox 1284 3716 2196 3756; baseline -0.005 -8"><span class='ocrx_word' id='word_1_1261' title='bbox 1284 3718 1400 3748; x_wconf 88' lang='lat' dir='ltr'><strong>curitate</strong></span> <span class='ocrx_word' id='word_1_1262' title='bbox 1414 3716 1599 3755; x_wconf 84' lang='lat' dir='ltr'><strong>firmandum,</strong></span> <span class='ocrx_word' id='word_1_1263' title='bbox 1819 3751 1824 3756; x_wconf 88' lang='lat'><strong>.</strong></span> <span class='ocrx_word' id='word_1_1264' title='bbox 1946 3751 1951 3756; x_wconf 48' lang='grc'>,</span> <span class='ocrx_word' id='word_1_1265' title='bbox 2192 3751 2196 3755; x_wconf 29' lang='lat'>¹</span> 
     </span>
     <span class='ocr_line' id='line_1_188' title="bbox 1324 3748 2354 3793; baseline -0.007 -7"><span class='ocrx_word' id='word_1_1266' title='bbox 1324 3755 1361 3786; x_wconf 83' lang='lat' dir='ltr'><strong>Et</strong></span> <span class='ocrx_word' id='word_1_1267' title='bbox 1374 3755 1578 3793; x_wconf 87' lang='lat' dir='ltr'><strong>Securitatem,</strong></span> <span class='ocrx_word' id='word_1_1268' title='bbox 1598 3763 1660 3792; x_wconf 72' lang='lat' dir='ltr'><strong>qua:</strong></span> <span class='ocrx_word' id='word_1_1269' title='bbox 1672 3753 1753 3783; x_wconf 89' lang='lat' dir='ltr'><strong>nobis</strong></span> <span class='ocrx_word' id='word_1_1270' title='bbox 1767 3750 1826 3782; x_wconf 79' lang='lat' dir='ltr'><strong>fieri</strong></span> <span class='ocrx_word' id='word_1_1271' title='bbox 1841 3749 1925 3781; x_wconf 91' lang='lat' dir='ltr'><strong>debet</strong></span> <span class='ocrx_word' id='word_1_1272' title='bbox 1943 3760 1973 3781; x_wconf 89' lang='lat' dir='ltr'><strong>1n</strong></span> <span class='ocrx_word' id='word_1_1273' title='bbox 1988 3750 2042 3782; x_wconf 89' lang='lat' dir='ltr'><strong>hac</strong></span> <span class='ocrx_word' id='word_1_1274' title='bbox 2057 3759 2150 3789; x_wconf 84' lang='lat' dir='ltr'><strong>parte,</strong></span> <span class='ocrx_word' id='word_1_1275' title='bbox 2166 3748 2354 3787; x_wconf 78' lang='lat' dir='ltr'><strong>stipulandum</strong></span> 
     </span>
     <span class='ocr_line' id='line_1_189' title="bbox 1286 3793 1527 3824; baseline -0.008 0"><span class='ocrx_word' id='word_1_1276' title='bbox 1286 3793 1320 3824; x_wconf 87' lang='lat'>&amp;</span> <span class='ocrx_word' id='word_1_1277' title='bbox 1335 3795 1391 3824; x_wconf 88' lang='lat' dir='ltr'><strong>reci</strong></span> <span class='ocrx_word' id='word_1_1278' title='bbox 1414 3793 1527 3824; x_wconf 90' lang='lat' dir='ltr'><strong>iendum</strong></span> 
     </span>
     <span class='ocr_line' id='line_1_190' title="bbox 1324 3804 2354 3869; baseline -0.007 -6"><span class='ocrx_word' id='word_1_1279' title='bbox 1324 3832 1361 3862; x_wconf 89' lang='lat' dir='ltr'><strong>Et</strong></span> <span class='ocrx_word' id='word_1_1280' title='bbox 1376 3804 1474 3862; x_wconf 59' lang='lat' dir='ltr'><strong>olinnia</strong></span> <span class='ocrx_word' id='word_1_1281' title='bbox 1489 3815 1547 3860; x_wconf 73' lang='lat' dir='ltr'><strong>alia²</strong></span> <span class='ocrx_word' id='word_1_1282' title='bbox 1559 3831 1592 3860; x_wconf 65' lang='grc' dir='ltr'><strong>ὃς</strong></span> <span class='ocrx_word' id='word_1_1283' title='bbox 1609 3828 1732 3866; x_wconf 77' lang='lat' dir='ltr'><strong>singula,</strong></span> <span class='ocrx_word' id='word_1_1284' title='bbox 1755 3837 1820 3866; x_wconf 85' lang='lat' dir='ltr'><strong>quae</strong></span> <span class='ocrx_word' id='word_1_1285' title='bbox 1843 3829 1873 3858; x_wconf 89' lang='lat' dir='ltr'><strong>in</strong></span> <span class='ocrx_word' id='word_1_1286' title='bbox 1893 3826 2057 3866; x_wconf 69' lang='lat' dir='ltr'><strong>praemissis,</strong></span> <span class='ocrx_word' id='word_1_1287' title='bbox 2077 3826 2121 3869; x_wconf 65' lang='lat' dir='ltr'><strong>xsel</strong></span> <span class='ocrx_word' id='word_1_1288' title='bbox 2146 3827 2222 3857; x_wconf 90' lang='lat' dir='ltr'><strong>circa</strong></span> <span class='ocrx_word' id='word_1_1289' title='bbox 2238 3836 2286 3865; x_wconf 66' lang='lat' dir='ltr'><strong>m,</strong></span> <span class='ocrx_word' id='word_1_1290' title='bbox 2303 3835 2354 3869; x_wconf 76' lang='lat' dir='ltr'><strong>ne-</strong></span> 
     </span>
     <span class='ocr_line' id='line_1_191' title="bbox 1287 3863 2355 3906; baseline -0.007 -5"><span class='ocrx_word' id='word_1_1291' title='bbox 1287 3869 1398 3901; x_wconf 75' lang='lat' dir='ltr'><strong>cellaria</strong></span> <span class='ocrx_word' id='word_1_1292' title='bbox 1413 3870 1531 3906; x_wconf 88' lang='lat' dir='ltr'><strong>fuerint,</strong></span> <span class='ocrx_word' id='word_1_1293' title='bbox 1546 3868 1591 3897; x_wconf 93' lang='lat' dir='ltr'><strong>vel</strong></span> <span class='ocrx_word' id='word_1_1294' title='bbox 1604 3875 1762 3906; x_wconf 87' lang='lat' dir='ltr'><strong>oportuna,</strong></span> <span class='ocrx_word' id='word_1_1295' title='bbox 1777 3866 1956 3904; x_wconf 89' lang='lat' dir='ltr'><strong>faciendum,</strong></span> <span class='ocrx_word' id='word_1_1296' title='bbox 1973 3867 2058 3896; x_wconf 86' lang='lat' dir='ltr'><strong>etiam</strong></span> <span class='ocrx_word' id='word_1_1297' title='bbox 2079 3868 2097 3894; x_wconf 82' lang='lat'><strong>11</strong></span> <span class='ocrx_word' id='word_1_1298' title='bbox 2113 3863 2284 3896; x_wconf 87' lang='lat' dir='ltr'><strong>Mandatum</strong></span> <span class='ocrx_word' id='word_1_1299' title='bbox 2298 3874 2355 3895; x_wconf 75' lang='lat' dir='ltr'><strong>exi«</strong></span> 
     </span>
     <span class='ocr_line' id='line_1_192' title="bbox 1307 3908 1494 3939; baseline -0.021 0"><span class='ocrx_word' id='word_1_1300' title='bbox 1307 3909 1383 3939; x_wconf 89' lang='lat' dir='ltr'><strong>ants</strong></span> <span class='ocrx_word' id='word_1_1301' title='bbox 1398 3908 1494 3938; x_wconf 75' lang='lat' dir='ltr'><strong>cci-ale:</strong></span> 
     </span>
     <span class='ocr_line' id='line_1_193' title="bbox 1287 3918 2353 3979; baseline -0.007 -2"><span class='ocrx_word' id='word_1_1302' title='bbox 1287 3918 1306 3949; x_wconf 76' lang='lat' dir='ltr'>g</span> <span class='ocrx_word' id='word_1_1303' title='bbox 1326 3919 1525 3977; x_wconf 42' lang='lat' dir='ltr'><strong>Ptokinittentes</strong></span> <span class='ocrx_word' id='word_1_1304' title='bbox 1539 3943 1606 3974; x_wconf 88' lang='lat' dir='ltr'><strong>Nos</strong></span> <span class='ocrx_word' id='word_1_1305' title='bbox 1618 3943 1725 3974; x_wconf 87' lang='lat' dir='ltr'><strong>Ratum</strong></span> <span class='ocrx_word' id='word_1_1306' title='bbox 1738 3943 1770 3974; x_wconf 67' lang='grc' dir='ltr'><strong>ὃ(</strong></span> <span class='ocrx_word' id='word_1_1307' title='bbox 1783 3942 1905 3974; x_wconf 87' lang='lat' dir='ltr'><strong>Gratum</strong></span> <span class='ocrx_word' id='word_1_1308' title='bbox 1921 3942 2064 3972; x_wconf 90' lang='lat' dir='ltr'><strong>habituros</strong></span> <span class='ocrx_word' id='word_1_1309' title='bbox 2084 3941 2221 3979; x_wconf 83' lang='lat' dir='ltr'><strong>quicquid</strong></span> <span class='ocrx_word' id='word_1_1310' title='bbox 2240 3950 2290 3979; x_wconf 86' lang='lat' dir='ltr'><strong>per</strong></span> <span class='ocrx_word' id='word_1_1311' title='bbox 2309 3939 2353 3970; x_wconf 91' lang='lat' dir='ltr'><strong>di-</strong></span> 
     </span>
     <span class='ocr_line' id='line_1_194' title="bbox 1289 3978 2354 4023; baseline -0.006 -8"><span class='ocrx_word' id='word_1_1312' title='bbox 1289 3985 1367 4023; x_wconf 70' lang='grc' dir='ltr'><strong>ἂοε,</strong></span> <span class='ocrx_word' id='word_1_1313' title='bbox 1384 3984 1544 4020; x_wconf 82' lang='lat' dir='ltr'><strong>Hugonem</strong></span> <span class='ocrx_word' id='word_1_1314' title='bbox 1558 3983 1591 4012; x_wconf 90' lang='lat'>&amp;</span> <span class='ocrx_word' id='word_1_1315' title='bbox 1608 3982 1744 4020; x_wconf 88' lang='lat' dir='ltr'><strong>Ivonem,</strong></span> <span class='ocrx_word' id='word_1_1316' title='bbox 1766 3983 1811 4012; x_wconf 91' lang='lat' dir='ltr'><strong>vel</strong></span> <span class='ocrx_word' id='word_1_1317' title='bbox 1831 3990 1931 4011; x_wconf 88' lang='lat' dir='ltr'><strong>eorum</strong></span> <span class='ocrx_word' id='word_1_1318' title='bbox 1945 3981 2080 4022; x_wconf 80' lang='lat' dir='ltr'><strong>alterum,</strong></span> <span class='ocrx_word' id='word_1_1319' title='bbox 2100 3979 2212 4012; x_wconf 50' lang='lat' dir='ltr'><strong>Acium</strong></span> <span class='ocrx_word' id='word_1_1320' title='bbox 2232 3980 2277 4012; x_wconf 84' lang='lat' dir='ltr'><strong>vel</strong></span> <span class='ocrx_word' id='word_1_1321' title='bbox 2292 3978 2354 4010; x_wconf 78' lang='lat' dir='ltr'><strong>Ge-</strong></span> 
     </span>
     <span class='ocr_line' id='line_1_195' title="bbox 1289 4017 2102 4089; baseline -0.009 -34"><span class='ocrx_word' id='word_1_1322' title='bbox 1289 4024 1363 4055; x_wconf 90' lang='lat' dir='ltr'><strong>stum</strong></span> <span class='ocrx_word' id='word_1_1323' title='bbox 1380 4023 1461 4053; x_wconf 87' lang='lat' dir='ltr'><strong>fuerit</strong></span> <span class='ocrx_word' id='word_1_1324' title='bbox 1477 4021 1679 4089; x_wconf 59' lang='lat' dir='ltr'><strong>igcpraemiffis,</strong></span> <span class='ocrx_word' id='word_1_1325' title='bbox 1697 4021 1730 4051; x_wconf 91' lang='lat'>&amp;</span> <span class='ocrx_word' id='word_1_1326' title='bbox 1746 4020 1872 4058; x_wconf 88' lang='lat' dir='ltr'><strong>quolibet</strong></span> <span class='ocrx_word' id='word_1_1327' title='bbox 1886 4017 2102 4057; x_wconf 82' lang='lat' dir='ltr'><strong>praem1fforum.</strong></span> 
     </span>
     <span class='ocr_line' id='line_1_196' title="bbox 1327 4062 1546 4092; baseline -0.018 0"><span class='ocrx_word' id='word_1_1328' title='bbox 1327 4062 1359 4092; x_wconf 88' lang='lat' dir='ltr'><strong>In</strong></span> <span class='ocrx_word' id='word_1_1329' title='bbox 1377 4062 1454 4091; x_wconf 89' lang='lat' dir='ltr'><strong>cu&#39;us</strong></span> <span class='ocrx_word' id='word_1_1330' title='bbox 1520 4068 1546 4088; x_wconf 92' lang='lat' dir='ltr'><strong>c.</strong></span> 
     </span>
     <span class='ocr_line' id='line_1_197' title="bbox 1360 4071 2133 4164; baseline -0.006 -33"><span class='ocrx_word' id='word_1_1331' title='bbox 1360 4071 1427 4130; x_wconf 68' lang='lat' dir='ltr'><strong>DatJ.</strong></span> <span class='ocrx_word' id='word_1_1332' title='bbox 1444 4083 1473 4128; x_wconf 75' lang='lat' dir='ltr'><strong>it’i</strong></span> <span class='ocrx_word' id='word_1_1333' title='bbox 1494 4097 1599 4129; x_wconf 72' lang='lat' dir='ltr'><strong>Palatio</strong></span> <span class='ocrx_word' id='word_1_1334' title='bbox 1612 4095 1709 4128; x_wconf 89' lang='lat' dir='ltr'><strong>nostro</strong></span> <span class='ocrx_word' id='word_1_1335' title='bbox 1727 4095 1855 4164; x_wconf 56' lang='lat' dir='ltr'>Westff&#39;</span> <span class='ocrx_word' id='word_1_1336' title='bbox 1872 4102 1968 4135; x_wconf 83' lang='lat' dir='ltr'><strong>quarto</strong></span> <span class='ocrx_word' id='word_1_1337' title='bbox 1985 4093 2032 4127; x_wconf 90' lang='lat' dir='ltr'><strong>die</strong></span> <span class='ocrx_word' id='word_1_1338' title='bbox 2051 4092 2133 4126; x_wconf 67' lang='lat' dir='ltr'><strong>Maii.</strong></span> 
     </span>
    </p>
   </div>
   <div class='ocr_carea' id='block_1_41' title="bbox 1376 3214 2228 3294">
    <p class='ocr_par' dir='ltr' id='par_1_72' title="bbox 1376 3214 2228 3294">
     <span class='ocr_line' id='line_1_198' title="bbox 1376 3214 2228 3256; baseline -0.002 -9"><span class='ocrx_word' id='word_1_1339' title='bbox 1376 3214 1406 3247; x_wconf 86' lang='lat' dir='ltr'>X</span> <span class='ocrx_word' id='word_1_1340' title='bbox 1424 3216 1588 3256; x_wconf 73' lang='lat' dir='ltr'><strong>Univeffis,</strong></span> <span class='ocrx_word' id='word_1_1341' title='bbox 1609 3216 1753 3255; x_wconf 80' lang='lat' dir='ltr'><strong>praesentes</strong></span> <span class='ocrx_word' id='word_1_1342' title='bbox 1766 3216 1883 3248; x_wconf 84' lang='lat' dir='ltr'><strong>Litteras</strong></span> <span class='ocrx_word' id='word_1_1343' title='bbox 1896 3215 2075 3255; x_wconf 64' lang='lat' dir='ltr'><strong>inspetsturis,</strong></span> <span class='ocrx_word' id='word_1_1344' title='bbox 2097 3214 2228 3246; x_wconf 88' lang='lat' dir='ltr'><strong>Salutem.</strong></span> 
     </span>
     <span class='ocr_line' id='line_1_199' title="bbox 1377 3255 1733 3294; baseline 0 -9"><span class='ocrx_word' id='word_1_1345' title='bbox 1377 3256 1530 3287; x_wconf 88' lang='lat' dir='ltr'><strong>Noveritis</strong></span> <span class='ocrx_word' id='word_1_1346' title='bbox 1549 3256 1628 3294; x_wconf 76' lang='lat' dir='ltr'><strong>quod</strong></span> <span class='ocrx_word' id='word_1_1347' title='bbox 1649 3255 1733 3293; x_wconf 91' lang='lat' dir='ltr'><strong>Nos,</strong></span> 
     </span>
    </p>
   </div>
   <div class='ocr_carea' id='block_1_42' title="bbox 2289 4130 2359 4164">
    <p class='ocr_par' dir='ltr' id='par_1_73' title="bbox 2289 4130 2359 4164">
     <span class='ocr_line' id='line_1_200' title="bbox 2289 4130 2359 4164; baseline 0 -5"><span class='ocrx_word' id='word_1_1348' title='bbox 2289 4130 2359 4164; x_wconf 57' lang='grc' dir='ltr'><strong><em>,ηιξ-</em></strong></span> 
     </span>
    </p>
   </div>
  </div>
 </body>
</html>
