2561 4251
20 1779 97 1812 Anii.
107 1777 149 1809 D.

81 1819 129 1855 89.

19 1862 73 1888 An.
94 1867 136 1894 13·

22 1901 52 1925 R.
74 1905 99 1925 2.

19 1935 85 1966 Ibid-

21 2172 41 2193 ’Β
53 2173 121 2199 VII.

23 2212 91 2246 643.

23 2247 72 2279 An

41 2287 128 2327 1389.

21 2329 76 2355 An.
94 2334 137 2362 13.

23 2368 54 2393 R.
73 2373 100 2391 2.

22 2406 81 2431 Pat.
105 2412 150 2440 ¹3·

23 2444 51 2469 R.
68 2450 95 2470 2.
109 2447 124 2478 p

26 2488 95 2508 nm.
112 2489 122 2506 1

705 157 818 198 ET
899 157 1168 199 ACTA
1252 158 1726 226 PUBLJCA.

20 249 98 284 Ana.
112 246 154 278 D.
165 248 218 279 bus
232 272 242 286 ,
267 247 302 279 &
326 243 542 284 Appellantibus
557 266 566 283 ‚
591 242 778 276 desideramus
797 243 856 275 fieri
868 244 1083 283 pleneJustitiae
1097 245 1228 283 comple-

22 287 125 358 &2383-
166 295 312 323 mentum,
416 294 418 296 ’

202 325 271 356 Nos
293 355 296 357 .

199 364 250 394 De
267 347 364 394 v'estris
378 360 510 392 fidelitate
524 361 557 392 δε
571 360 827 398 circumspefflone
841 360 960 399 provida
973 359 1163 398 confidentes,

202 402 249 433 Ad
269 400 480 437 Recipiendum
495 424 505 439 ,
529 402 564 431 ὃς
577 400 777 437 Audiendum,
792 410 895 430 omnes
910 399 1064 437 Qierelas,
1082 399 1229 430 Provoca-

165 443 255 473 tiones
270 464 279 478 ,
305 440 337 470 &
363 439 570 477 Appellationes
585 463 595 476 ,
614 438 648 469 ad
664 438 747 475 Nos,
765 447 796 468 ut
810 438 924 476 Regem
941 438 1084 473 Franci-az,
1103 439 1130 467 in
1145 438 1227 468 distis

165 481 284 511 Ducatu
299 478 332 510 &
352 476 481 509 Partibus
502 478 540 508 fic
561 477 645 507 faistas
665 477 698 507 &
718 477 889 513 interpositas
902 499 911 513 ‚
936 476 1173 513 &imposterum
1189 476 1229 506 fa-

166 516 277 550 ciendas
291 518 325 547 &
340 516 575 555 interponendas,
591 516 623 546 &
638 516 666 544 i'n
681 515 815 544 omnibus
824 513 920 544 Causis
927 515 1135 552 Qerelarum,
1154 515 1228 544 Pro-

165 557 353 588 vocationum
367 580 376 593 ,
403 558 437 587 ὃς
457 554 688 592 Appellationum
703 552 862 590 hujusmodi
880 553 1024 591 civilibus,
1042 563 1112 583 cum
1127 554 1230 583 Emer-

165 594 295 634 gentibus
310 617 319 633 ,
344 593 533 625 incidentibus
548 614 558 630 ,
576 592 609 622 &
628 590 863 628 Dependentibus
878 592 907 621 in
923 592 956 622 ὃς
969 592 1005 621 ab
1020 592 1139 629 eisdem,
1157 592 1230 622 Pro-

165 632 348 671 cedendum,
374 631 533 663 Citandum
550 652 559 667 ,
584 629 848 668 Cognoscendum,
872 629 1064 660 Inhibendum
1078 653 1088 669 ,
1109 629 1231 660 Interlo-

165 672 331 710 quendum,
350 669 560 707 Diffiniendum
570 691 581 706 ,
600 668 807 706 Exequendum
821 692 831 706 ,
852 669 886 700 &
901 668 985 707 ipsas,
1003 669 1158 699 secundum
1172 669 1231 699 Fo-

167 721 213 741 ros
226 735 236 748 ,
263 710 377 747 Leges,
403 709 436 739 &
461 707 687 738 Consuetudines
703 707 843 738 <liciarum
865 707 990 737 Partiuni
1003 730 1012 745 ,
1030 717 1063 737 ac
1080 707 1183 738 Stilum
1196 708 1230 738 ὃ(

166 749 292 780 Cursum
309 747 404 778 Curiae
418 747 522 777 nostra:
537 746 560 776 F
562 747 682 784 ranciae,
698 745 754 776 sine
768 745 865 776 debito
878 745 1126 784 Terminandum,

204 787 242 818 Et
255 787 351 818 omnia
364 785 414 816 alia
430 786 463 816 ὃς
477 785 581 824 singula
596 783 788 822 Faciendum,
806 784 840 815 &
860 783 1078 814 Excercendum
1094 807 1104 822 ,
1123 794 1187 822 quae
1201 785 1230 813 in

167 824 317 856 Praemiffis
333 825 366 854 &
380 835 412 854 ea
425 825 604 862 tangentibus
618 824 770 854 necessaria
785 823 906 861 fuerint,
924 824 1010 854 etiam
1025 823 1045 852 si
1058 822 1232 853 Mandatum

167 866 209 896 exi
230 872 276 894 ant
288 863 419 901 speciale,

232 903 294 933 obis
309 925 318 940 ‚
346 901 461 932 Decem
476 925 486 939 ,
509 902 635 931 Novem
647 923 657 938 ,
683 899 766 930 OCto
781 924 790 938 ,
817 899 934 938 Septem
950 922 960 937 ,
983 899 1054 937 Sex,
1074 899 1232 938 Qiinque,

166 941 315 980 Qiatuor,
334 942 367 971 ὅς
382 941 490 971 Tribus
502 938 629 970 vestrsim
645 940 782 976 (quorum
798 938 921 976 aliquem
933 937 1061 969 vestrum
1075 948 1142 975 vos,
1160 948 1232 975 pra:-

165 979 214 1010 fati
231 1003 240 1018 ,
267 979 392 1017 Abbas,
418 977 557 1018 Magister
578 978 729 1015 Reymunde
756 976 893 1008 Gullielmi
907 1001 917 1014 ,
942 977 976 1007 δε
1002 976 1204 1016 Constabularie
1221 999 1230 1014 ,

165 1028 256 1049 unum
275 1018 332 1048 effe
346 1017 499 1054 Volumus)
523 1026 590 1047 cum
606 1016 765 1046 Punitionis
778 1018 811 1047 ὃς
826 1015 1010 1046 Cohertionis
1024 1015 1127 1045 debirae
1144 1015 1232 1045 Pote-

165 1056 251 1095 state,
270 1058 348 1088 vices
367 1054 475 1086 nostras
491 1054 715 1086 Committimus
734 1054 829 1086 donec
843 1064 887 1084 eas
899 1054 1060 1085 duxerimus
1074 1053 1232 1086 Revocan-

163 1096 227 1126 das·

203 1120 241 1163 Et
254 1131 320 1162 ideo
334 1131 426 1162 Vobis
441 1131 614 1162 Mandamus
627 1131 708 1171 quod
722 1132 798 1163 circa
812 1128 952 1170 praemiffa
967 1131 1094 1162 facienda
1113 1131 1232 1170 diligen-

165 1179 224 1206 ter,
238 1170 368 1208 solerter,
385 1172 419 1202 &
434 1170 551 1202 fideliter
567 1171 722 1202 intendatis.

204 1209 315 1240 Damus
334 1218 428 1240 autem
447 1210 580 1240 omnibus
609 1209 835 1247 Archiepiscopis
849 1232 859 1248 ,
884 1208 1031 1246 Episcopis
1043 1231 1053 1247 ‚
1076 1208 1208 1239 Ducibus
1222 1232 1232 1248 ,

167 1246 333 1279 Comitibus
348 1271 357 1287 ‚
377 1248 605 1280 Vicecomitibus
620 1272 630 1287 ,
648 1247 883 1285 Marchionibus,
902 1247 1074 1284 Baronibus,
1093 1247 1232 1277 Senescal-

165 1287 200 1316 lis
211 1311 221 1325 ,
248 1286 408 1325 Majoribus
423 1312 432 1326 ,
458 1287 616 1327 Praepositis
630 1310 640 1325 ,
658 1286 856 1324 Officialibus,
873 1285 1029 1323 Ministris,
1049 1286 1083 1316 &
1097 1287 1234 1316 omnibus

165 1326 224 1356 aliis
242 1325 383 1357 Fidelibus
404 1325 505 1356 nostris
518 1350 529 1364 ,
553 1327 612 1356 tam
632 1325 808 1364 Nobilibus,
823 1325 910 1363 quam
925 1324 1129 1362 Popularibus,
1146 1324 1234 1354 dic'ta-

167 1373 232 1394 rum
256 1364 384 1395 Partitim
398 1387 408 1403 2
432 1365 552 1395 Tenore
571 1364 756 1395 Praesentium
770 1388 780 1402 ,
804 1365 834 1393 iti
856 1363 1000 1393 Mandatis
1022 1362 1102 1400 quod
1128 1362 1234 1400 Vobis,

166 1402 304 1441 Decem,
328 1403 455 1434 Novem
471 1427 481 1442 ,
505 1403 587 1433 Οξὶο
600 1427 610 1441 ,
635 1403 752 1441 Septem
765 1425 775 1440 ,
801 1402 856 1432 Sex
869 1425 879 1440 ,
905 1402 1061 1440 Qinque,
1077 1401 1212 1438 Quatuor
1223 1425 1233 1438 ,

166 1441 327 1509 &ngribus
347 1441 477 1473 vestrum
500 1442 637 1481 (quorum
657 1442 731 1478 &c.)
752 1440 899 1476 intendant
921 1442 955 1472 &
974 1447 1087 1477 pareant
1109 1441 1139 1469 in
1156 1438 1235 1469 Prae-

166 1489 206 1509 mi
232 1490 253 1509 is

203 1517 238 1548 In
255 1502 351 1556 cujus,
370 1519 431 1550 δῖε.
451 1518 587 1556 quamdiu
602 1519 685 1549 nobis
697 1518 830 1558 placuerit
845 1518 995 1547 duraturas.

242 1556 311 1586 Dat.
330 1558 404 1596 apud
418 1557 525 1597 Wstm.
545 1558 690 1589 vicesimo
704 1556 838 1588 Secundo
851 1556 897 1586 die
909 1554 1039 1595 Augusti.

411 1682 505 1727 Super
527 1678 666 1724 Custodia
682 1679 780 1723 Castri
797 1678 834 1712 de
851 1679 990 1724 FronsizC.

233 1766 364 1797 Ichardus
379 1767 485 1796 Cradok
509 1766 646 1796 Chivaler
658 1789 668 1804 ‚
693 1766 743 1804 qui
758 1766 787 1795 in
803 1765 970 1804 obsequium
983 1765 1090 1804 Regis,
1109 1766 1137 1795 in
1152 1766 1237 1805 parti-

187 1812 190 1815 ’
251 1806 303 1836 bus
318 1805 486 1842 Vasconiae,
504 1804 611 1843 existit,
629 1805 736 1835 ibidem
749 1804 830 1842 super
843 1804 914 1834 salva
926 1803 1066 1840 Custodia
1074 1803 1238 1834 CastriRe-

168 1842 209 1882 gis
228 1844 265 1875 de
288 1843 409 1874 Fronsac
430 1853 588 1874 moraturus
612 1844 697 1874 habet
719 1843 828 1873 Literas
854 1842 946 1880 Regis
967 1842 1002 1873 de
1024 1842 1212 1874 Protee‘cione
1229 1867 1238 1883 ‚

169 1892 238 1913 cum
253 1882 370 1916 clausula
387 1881 530 1913 Volumus
545 1892 594 1921 per
610 1891 701 1913 unum
717 1882 838 1913 Annum
850 1881 998 1912 duraturas.

207 1922 391 2000 ξ’ἓὲῗὲεὲε
401 1959 476 1997 apud
490 1958 769 1999 PWstmonaslerium,
784 1959 860 1991 xxvi.
878 1958 925 1989 die
941 1957 1071 1998 Augusti.

660 2039 714 2067 Per
728 2035 834 2067 Billam
851 2036 884 2066 de
898 2038 1019 2066 Privato
1033 2034 1132 2072 Sigillo.

461 2159 489 2187 δὲ
516 2166 574 2196 Pro
590 2163 729 2211 Epiftopo
745 2161 939 2210 Leghlinenst.

143 2268 151 2275 .
171 2246 304 2303 REX
330 2247 495 2286 Omnibus,
513 2248 548 2280 ad
562 2259 651 2288 qum,
669 2250 730 2281 &c.
749 2248 882 2280 Salutem.

264 2286 439 2325 Supplicavit
460 2287 544 2318 nobis
557 2311 567 2326 ‚
592 2287 768 2318 Venerabilis
797 2287 881 2319 Pater
894 2311 904 2326 ,
931 2287 1079 2327 Johannes
1099 2285 1240 2328 Epifiopus

172 2324 374 2365 Leghlinenfis,
391 2327 420 2356 in
434 2326 524 2356 Terra
539 2326 635 2357 nostra
647 2327 813 2364 Hiberniae,
832 2327 932 2364 quod,

212 2363 295 2394 Cum
316 2373 376 2395 tota
398 2365 541 2396 Dioecefis
560 2367 605 2397 sua
625 2376 673 2405 per
692 2365 871 2396 Hibernicos
891 2365 1025 2396 Inimicos
1046 2364 1158 2396 nostros
1172 2364 1240 2395 Cir-

172 2403 342 2433 cumvallata
361 2404 395 2434 &
418 2404 573 2437 Destrueta
591 2405 706 2443 existat,
724 2405 761 2435 ita
777 2404 857 2442 quod
872 2415 932 2435 non
945 2404 1029 2435 habet
1040 2404 1163 2442 aliquem
1178 2404 1238 2434 Lo-

172 2448 243 2471 cum
258 2442 307 2471 ubi
323 2442 378 2481 ipse
392 2442 540 2473 Accedere
553 2444 598 2475 vel
610 2443 821 2474 Perhendinare
836 2444 883 2474 seu
900 2443 1046 2481 Hospitari
1064 2442 1165 2481 poffit,

211 2479 339 2511 Velimus
354 2481 405 2511 sibi
419 2482 582 2513 concedere
598 2481 721 2521 Villam,
739 2490 873 2513 vocatam
887 2481 1117 2519 Golrotheston,
1137 2482 1167 2510 in
1175 2480 1239 2511 Co-

171 2524 230 2548 tatu
246 2518 412 2558 Dubliniae,
424 2521 501 2558 juxta
518 2520 689 2552 Marcheam
713 2521 865 2552 Othothell
884 2520 1037 2551 Hibernici
1057 2519 1171 2550 Inimici
1186 2530 1241 2550 no-

171 2555 240 2595 stri,
259 2567 330 2588 cum
351 2560 488 2590 omnibus
508 2558 684 2591 Pertinentiis
706 2561 740 2592 &
763 2559 1027 2590 Commoditatibus
1053 2559 1105 2589 suis
1122 2559 1238 2596 quibus-

170 2604 314 2634 cumque,
333 2596 368 2627 ad
384 2596 488 2628 Villam
504 2598 669 2635 praedi-stam
683 2598 926 2636 qualitercumque
939 2598 1142 2636 speetantibiis‚

209 2634 290 2673 Qae
305 2634 422 2674 quidem
438 2637 510 2667 Villa
532 2636 574 2667 est
594 2638 717 2668 Parcella
731 2637 949 2675 Temporalium
965 2635 1149 2674 Episcopatus
1164 2636 1242 2666 Lao-

169 2673 297 2704 nacenfis
311 2697 322 2712 ,
344 2674 375 2704 in
394 2674 472 2705 dieta
492 2675 584 2706 Terra
605 2675 701 2706 nostra
722 2675 875 2706 Hiberniae
889 2699 899 2712 ,
917 2677 945 2705 in
963 2685 1049 2705 manu
1063 2674 1173 2711 nostra,
1192 2685 1242 2712 per

172 2710 361 2743 vacationem
392 2712 528 2751 Episcopi
555 2714 743 2746 Laonacensis
757 2739 768 2753 ,
800 2713 1016 2744 Praedecessoris
1038 2713 1173 2752 Episcopi
1191 2715 1241 2751 qui

171 2759 251 2780 nunc
266 2749 324 2788 est,
343 2751 452 2781 ibidem
464 2752 661 2791 existentium,

197 2789 276 2832 *Qi
295 2788 412 2826 quidem
430 2789 588 2828 Episcopus
602 2816 611 2830 ,
630 2791 739 2823 ibidem
751 2792 811 2829 jam
826 2791 961 2828 existens,
982 2790 1023 2821 est
1039 2791 1118 2820 mere
1135 2789 1243 2820 Hiber-

172 2837 274 2864 nicus,
293 2828 327 2858 &
339 2827 375 2857 de
387 2827 519 2860 Natione
535 2829 672 2867 Inimica,
691 2841 724 2860 ac
739 2832 811 2860 inter
825 2830 962 2860 Inimicos
978 2829 1091 2860 nostros
1103 2839 1243 2859 commo-

172 2876 254 2935 Ξᾶηεά,
269 2865 302 2896 &
316 2866 355 2896 eis
369 2865 526 2906 adhaerens,
545 2867 671 2908 Legibus
684 2870 718 2900 δε
734 2868 877 2899 Mandatis
896 2868 999 2900 nostris
1013 2869 1135 2898 minime
1148 2869 1242 2899 inten-

194 2914 229 2935 en
250 2915 270 2934 o

186 2982 191 2988 ¹
211 2927 290 2973 NOS>
297 2942 516 2982 (supplicationi
527 2945 671 2983 praedistae
687 2945 853 2983 annuentes)
868 2946 905 2976 de
918 2945 1018 2976 Gratia
1031 2945 1125 2975 nostra
1138 2946 1242 2985 specia-

172 2981 193 3012 li
208 2981 410 3013 Conceffimus
432 2983 525 3014 eidem
539 2984 683 3023 Episcopo
700 2985 883 3022 Leghlinenfi
905 2984 1011 3014 distem
1028 2984 1136 3014 Villam
1152 2995 1243 3015 voca-

172 3028 232 3051 tam
246 3020 473 3061 Galrotheston,
489 3023 793 3058 HABENDAM-Sc
817 3023 1069 3054 TENENDAM
1092 3023 1187 3053 eidem
1202 3023 1243 3053 E-

171 3058 292 3097 piscopo
312 3059 493 3099 Leghlinensi
505 3085 515 3100 ,
539 3072 607 3092 cum
623 3062 758 3092 omnibus
771 3061 950 3092 Pertinentiis
965 3061 999 3092 &c
1014 3060 1244 3092 Commoditati-

172 3098 227 3127 bus
242 3098 295 3128 suis
306 3099 595 3139 quibuscumque,ad
609 3100 727 3130 eandem
735 3100 841 3131 Villam
857 3101 1101 3145 qualitercumque
1116 3100 1244 3138 speetan-

174 3136 266 3174 tibus,
284 3136 420 3173 quamdiu
441 3138 515 3169 Villa
535 3138 671 3177 praedid‘ca
691 3140 720 3169 in
743 3139 838 3171 Manu
858 3138 953 3169 nostra
975 3138 1032 3169 elle
1044 3141 1195 3179 contigerit
1210 3149 1244 3170 ex

173 3174 254 3205 causa
266 3174 429 3211 supradicta.
454 3200 457 3202 .

210 3211 494 3289 ξεῇιέἳέἒὲξέριιά
511 3251 791 3294 Wstmmasterium,
806 3255 944 3286 vicesimo
958 3255 1036 3287 sexto
1050 3255 1096 3287 die
1112 3256 1244 3295 Augusti.

686 3333 740 3360 Per
754 3335 848 3361 Breve
862 3332 894 3361 de
907 3335 1027 3363 Privato
1040 3333 1139 3372 Sigillo.

244 3404 276 3436 T
303 3404 475 3445 Mandatum
497 3405 539 3437 est
559 3406 677 3439 Locum
697 3409 827 3447 tenenti,
848 3408 1028 3448 Justiciario,
1046 3409 1245 3452 cancellario,

256 3442 380 3487 Custodi
396 3443 498 3484 Magni
512 3445 619 3484 sigilli,
638 3457 670 3477 ac
684 3446 871 3477 Thesaurario
892 3449 925 3478 δε
941 3447 1091 3479 Baronibus
1107 3450 1195 3489 Regis
1208 3452 1243 3482 de

177 3481 345 3525 Scaccario,
363 3483 397 3512 &
412 3484 547 3514 omnibus
559 3484 617 3515 aliis
629 3485 782 3516 Officiariis
796 3487 830 3517 &
845 3485 987 3516 Ministris
1000 3487 1108 3526 Regis,
1126 3490 1156 3518 in
1171 3489 1246 3521 Ter-

179 3531 210 3552 ra
224 3519 311 3564 Regis
331 3520 480 3565 Hiberniae
494 3545 503 3560 ,
524 3523 575 3560 qui
597 3534 675 3555 nunc
697 3524 759 3555 sunt
779 3525 827 3555 vel
849 3526 897 3563 qui
910 3535 963 3564 pro
980 3535 1111 3564 tempore
1124 3527 1246 3568 fuerint,

179 3557 264 3598 quod
284 3558 378 3603 eidem
401 3559 547 3604 Episcopo
572 3561 754 3601 Leghlinensi
766 3562 872 3593 Villam
890 3562 1053 3602 praedictam
1066 3587 1077 3603 ,
1095 3574 1164 3595 curn
1180 3577 1247 3597 om-

178 3598 262 3630 nibus
285 3597 466 3642 Bertinentiis
482 3599 515 3629 δε
534 3597 798 3633 Comtnoditatibus
815 3602 867 3633 suis
887 3602 1113 3641 quibuscumque
1129 3626 1138 3642 ‚
1153 3605 1188 3635 ad
1204 3606 1246 3637 di-

124 3645 135 3659 =·
179 3637 257 3669 &am
271 3635 379 3680 Villam
395 3636 638 3677 qualitercumque
650 3640 852 3681 specstantibus,
869 3641 990 3677 liberent
1005 3665 1014 3680 ,
1031 3641 1065 3672 ὃς
1078 3642 1168 3679 ipsum
1182 3654 1248 3676 ean-

178 3676 248 3707 dem
262 3674 387 3713 Villam,
406 3685 474 3706 cum
489 3675 664 3708 Pertinentiis
686 3679 720 3709 &
735 3678 1000 3710 Commoditatibus
1019 3679 1070 3710 suis
1087 3681 1245 3723 praediffis,

178 3715 282 3746 habere
302 3714 336 3745 &
356 3721 452 3758 tenere
464 3716 634 3757 *permittant
647 3717 719 3754 juxta
734 3717 888 3748 Terrorem
902 3717 1063 3748 Literarum
1073 3718 1163 3757 Regis
1175 3731 1249 3759 prae-

139 3770 141 3773 -
165 3753 346 3796 giemum,
369 3752 440 3790 ipsos
462 3752 528 3783 inde
547 3754 660 3785 ulterius
680 3754 836 3788 nullatenus
846 3757 1086 3796 intromittentes;
1106 3757 1172 3789 Rex
1187 3761 1249 3793 vult

181 3792 262 3834 enim
277 3791 348 3829 ipsos
362 3791 434 3822 inde.
441 3800 507 3832 erga
521 3801 589 3824 eum
600 3795 755 3825 exonerari.

217 3828 307 3862 Teste
319 3839 350 3864 ut
365 3830 453 3869 supra.

2274 179 2326 213 47

1881 289 1902 292 -
1930 287 1952 291 -
2344 276 2470 329 Amisi),

1312 337 1371 367 Pro
1388 333 1526 380 Epissopo
1545 335 1704 380 Exonienst
1716 333 1752 366 de
1768 347 1824 366 non
1840 333 1982 366 veniendo
2001 333 2045 365 ad
2060 336 2279 368 Parliamenm.
2341 325 2397 382 Fixa?
2405 316 2451 383 {⁹¹

1334 416 1398 448 EX
1423 418 1573 458 omnibus,
1592 419 1626 449 ad
1639 430 1728 458 quOS,
1748 421 1810 452 ἃς.
1829 419 1962 450 Salutem.
2343 433 2393 457 Aa.
2414 439 2458 466 ¹3=

1361 457 1459 486 Sciatis
1495 458 1554 487 und
2344 482 2371 494 it.
2395 479 2421 494 ι.

1303 494 1352 525 De
1374 467 1595 526 Gratiaqnost'm
1615 495 1722 534 speciali
1739 519 1748 534 ,
1772 497 1805 528 δε
1825 495 2046 527 consideratione
2066 496 2164 528 diutini
2189 497 2303 528 Laboris
2316 523 2326 538 ,
2344 507 2447 534 mmm,

1264 543 1351 569 quem
1363 555 1373 570 ,
1399 533 1573 563 Venerabilis
1593 533 1675 564 Pater
1688 558 1698 572 ,
1729 535 1842 564 Thomas
1862 537 1893 564 de
1916 535 2125 571 Brasityzglun:
2139 562 2147 574 ,
2172 536 2326 575 Episcopus
2342 555 2377 572 m,
2396 552 2439 578 19-

1265 569 1429 601 Exoniensis
1443 595 1452 609 ,
1476 571 1604 602 sustinuit
1623 573 1651 601 in
1671 573 1790 603 Servitio
1813 573 1943 603 cariffimi
1966 574 2087 603 Domitii
2109 576 2141 604 δε
2165 576 2220 606 Avi
2236 577 2325 606 nostri

1266 609 1356 651 Regis
1379 609 1506 640 defunc'ii
1525 611 1559 641 ὃ(
1584 609 1683 640 nostro
1696 634 1706 648 ,
1729 612 1757 640 in
1776 612 1886 642 diversis
1908 612 2039 649 Officiis,
2059 613 2091 643 ὃς
2108 623 2141 642 ex
2155 617 2232 645 causa
2247 615 2326 653 quod

1264 650 1320 685 iple
1335 648 1370 678 ad
1384 657 1515 688 magnam
1538 648 1666 678 AEtatem
1682 650 1796 680 devenit
1810 673 1819 688 ‚
1841 652 1873 681 &
1889 661 1947 682 non
1963 650 2056 689 potest
2068 652 2095 680 in
2109 653 2234 683 futurum
2249 655 2328 684 labo*

1267 697 1326 716 rare
1341 687 1444 729 absque
1458 688 1579 717 maxima
1592 687 1784 718 debilitatione
1798 690 1831 719 &
1847 689 2039 719 destruStione
2055 689 2192 727 Corporis
2207 694 2262 731 iiii,

1305 725 1506 755 Concellimus
1523 728 1547 756 ei
1561 727 1640 764 quod
1656 726 1710 764 ipse
1722 736 1834 757 exnunc
1847 736 2008 758 exoneratus
2030 728 2121 761 existit
2132 730 2167 759 cie
2183 730 2326 761 veniendo

1266 762 1300 793 ad
1318 763 1506 794 Parliamenta
1521 765 1565 794 vel
1581 763 1712 794 Concilia
1728 765 1823 795 nostra
1837 775 2025 804 quaecumque
2041 790 2050 804 ,
2072 767 2109 798 set
2123 769 2188 798 inde
2203 772 2327 800 omnino

1269 801 1301 832 sit
1314 802 1470 840 excusatus,
1487 803 1521 833 δε
1535 803 1626 840 ipsum
1641 803 1708 833 inde
1723 814 1776 841 pro
1789 805 1933 834 Termino
1948 806 2016 834 vitae
2030 806 2083 835 suae
2096 809 2256 838 excufiimus
2265 831 2275 846 ,

1306 839 1451 870 Nolentes
1465 841 1546 878 quod
1560 841 1630 879 ipse,
1650 844 1755 872 ratione
1773 842 1904 873 absentiae
1926 843 1980 874 suae
2001 854 2016 873 a
2036 843 2118 875 dictis
2140 845 2331 877 parliamentis

1268 878 1301 908 &
1319 878 1459 909 Conciliis
1473 879 1591 917 nostris,
1609 881 1655 910 seu
1668 880 1762 918 aliquo
1777 881 1945 911 eorumdem
1961 905 1970 919 ,
1994 891 2045 919 per
2060 882 2147 922 Nos,
2165 885 2211 914 vel
2227 885 2330 915 Haere-

1265 916 1316 985 {lfs
1331 917 1463 985 ηοίῗεᾶοε,
1477 917 1523 948 seu
1538 918 1687 948 Ministros
1704 919 1814 950 nostros
1831 920 2025 959 quoscumque
2040 944 2050 960 ‚
2073 921 2224 960 aliqualiter
2239 925 2330 964 impe-

1279 966 1286 984 i
1301 965 1330 984 us
1345 965 1387 985 exi
1416 965 1449 987 at.

1304 993 1576 1073 'ilpeigclcjzjfiegipud
1592 1032 1867 1074 westmonasterium,
1885 1035 2022 1066 vicesimo
2037 1036 2113 1067 sexto
2125 1037 2172 1067 die
2184 1038 2314 1078 Augusti.

1775 1113 1829 1140 Per
1844 1114 1937 1142 Breve
1951 1114 1982 1143 de
1997 1116 2116 1144 Privato
2128 1113 2228 1151 sigillo.

1270 1234 1297 1261 *τ
1317 1237 1507 1283 Trcngarum
1526 1263 1536 1278 ,
1569 1234 1651 1282 apud
1675 1234 1858 1282 Lelengham
1885 1247 2064 1282 captarum,
2088 1251 2126 1272 ex
2137 1248 2228 1284 parte
2244 1242 2333 1286 Regis
2351 1238 2366 1253 ³*
2378 1238 2446 1267 VH·

1634 1283 1758 1327 Castellae
1774 1284 1975 1329 Confirmatio·
2355 1278 2421 1313 ⁶44·

1305 1369 1451 1408 Ohannes,
1469 1370 1527 1401 Dei
1543 1369 1632 1407 gratia
1646 1393 1655 1407 ,
1683 1373 1745 1399 Rex
1765 1370 1885 1409 Castellae
1900 1394 1910 1409 ,
1938 1375 2079 1410 Legionis,
2098 1369 2136 1407 ὠ
2152 1372 2334 1412 Portugaliae,

1315 1409 1465 1447 universis,
1482 1410 1629 1446 praesentes
1644 1409 1751 1439 Literas
1764 1410 1942 1449 inspeeturis‚
1958 1411 2092 1441 Salutem.

1309 1447 1427 1478 Notum
1443 1448 1561 1478 facimus
1575 1448 1654 1486 quod
1670 1448 1740 1478 Nos
1754 1448 1874 1478 vidimus
1892 1450 1924 1478 &
1939 1451 2014 1479 bene
2029 1449 2267 1482 consideravimus
2274 1452 2336 1483 Te-

1272 1493 1375 1515 norem
1391 1487 1424 1517 &
1440 1486 1588 1517 Effeecum
1601 1487 1777 1525 Literarum,
1797 1497 1917 1525 quarum
1931 1488 2034 1518 Tenor
2046 1489 2186 1527 sequitur,

2355 1380 2484 1412 AnnD„

2382 1421 2468 1461 1389.

2355 1464 2407 1488 An.
2426 1469 2468 1496 ¹3·

2355 1504 2384 1526 R.
2404 1509 2431 1525 2.

1309 1561 1415 1601 Nous>
1431 1562 1550 1601 Nst‘ffs’,
1569 1573 1616 1600 par
1628 1564 1653 1593 la
1669 1574 1754 1601 grace
1769 1564 1804 1593 de
1821 1564 1897 1594 Dieu
1913 1588 1922 1600 ,
1941 1564 2068 1605 Evesque
2083 1566 2114 1595 de
2134 1569 2258 1606 Baieux,
2275 1565 2337 1602 &a
2359 1542 2399 1565 Ex
2415 1541 2487 1573 Orig.

1273 1607 1304 1629 ut
1328 1604 1358 1630 in
1380 1604 1486 1631 Literis
1507 1605 1671 1638 Tivugarum
1692 1603 1723 1632 de
1743 1606 1815 1632 Dat.
1838 1604 1882 1632 18.
1898 1603 1985 1641 Junii
2005 1604 2100 1634 ultimo
2114 1610 2257 1643 prieterito
2271 1630 2281 1644 ,
2299 1605 2337 1641 ὠ·

1273 1646 1340 1669 tunc
1361 1650 1384 1669 ιτ

1314 1639 1401 1717 Ωζεε)
1418 1678 1525 1710 Literas
1540 1702 1549 1718 ,
1572 1679 1696 1719 superius
1717 1678 1889 1716 transcriptas
1905 1703 1915 1716 ,
1933 1680 1966 1711 ὅτ
1979 1682 2078 1710 omnia
2091 1682 2125 1713 &
2140 1682 2243 1721 singula
2258 1684 2287 1712 in
2302 1684 2341 1713 eis

1274 1725 1432 1756 contenta,
1457 1728 1520 1755 quae
1543 1718 1634 1748 nostri
1659 1717 1775 1748 Nuncii
1793 1717 1916 1755 superius
1931 1721 2072 1750 nominati
2093 1720 2222 1751 fecerunt
2241 1721 2341 1752 nostro

1275 1755 1411 1787 Nomine
1431 1757 1465 1787 &
1486 1767 1539 1795 pro
1557 1756 1657 1787 Nobis
1673 1780 1682 1794 ,
1705 1766 1758 1787 nos
1778 1755 1913 1787 habemus
1934 1756 2041 1796 Grata,
2060 1759 2092 1789 &
2109 1759 2164 1795 ipsa
2179 1759 2341 1790 Laudamus

1275 1795 1309 1826 &
1323 1795 1541 1833 Approbamus,
1559 1795 1610 1834 &,
1627 1795 1746 1825 Tenore
1762 1794 1964 1834 Praesentium,
1984 1796 2199 1827 Confirmamus
2219 1798 2253 1828 ὃς
2269 1798 2341 1829 Pro-

1276 1834 1414 1864 mittimus
1428 1858 1437 1871 ,
1461 1834 1585 1871 legaliter
1600 1856 1610 1872 ,
1634 1834 1664 1863 in
1678 1834 1756 1864 bona
1770 1833 1858 1872 Fide,
1872 1834 1906 1864 ὃς
1920 1835 1947 1863 in
1964 1834 2066 1865 Verbo
2080 1836 2197 1875 Regio,
2215 1837 2249 1867 ὃς
2259 1836 2343 1875 Jura-

1276 1882 1339 1903 mus
1359 1873 1388 1902 in
1408 1871 1545 1903 Animam
1567 1872 1694 1903 nostram
1709 1897 1719 1911 ,
1743 1873 1886 1911 tangendo
1907 1873 2010 1904 Saneta
2033 1874 2091 1904 Dei
2109 1875 2275 1914 Evangelia,
2294 1876 2341 1906 hic

1276 1911 1436 1950 praesentia,
1456 1911 1537 1950 quod
1552 1911 1658 1942 Literas
1669 1911 1748 1949 supra
1767 1912 1942 1950 transcriptas
1956 1935 1965 1950 ,
1990 1913 2024 1943 &
2043 1913 2173 1951 Treugas
2187 1916 2224 1945 de
2239 1915 2342 1952 quibus

1276 1950 1342 1987 ipsae
1354 1949 1461 1981 faciunt
1473 1951 1667 1988 mentionem,
1683 1951 1716 1981 &
1731 1952 1830 1981 omnia
1842 1952 1875 1981 ὃς
1893 1950 1997 1990 singula
2016 1951 2066 1981 alia
2085 1953 2114 1982 in
2137 1953 2175 1982 eis
2190 1962 2344 1992 contenta,

1278 1988 1348 2019 Nos
1364 1989 1543 2020 Tenebimus
1561 1990 1594 2020 &
1614 1989 1794 2020 Servabimus
1808 2013 1818 2028 ,
1843 1991 1877 2020 &
1897 1989 2004 2020 Teneri
2023 1991 2057 2021 &
2079 1991 2188 2021 Servari
2207 1992 2344 2022 faciemus

1278 2037 1329 2065 per
1345 2027 1430 2066 Nos,
1448 2030 1482 2060 ὃς
1496 2039 1546 2067 per
1561 2027 1710 2067 Subjedtos
1723 2028 1854 2066 nostros,
1872 2027 1953 2058 dieto
1972 2028 2071 2059 nostro
2084 2031 2260 2070 Adversario
2274 2035 2343 2060 An-

1273 2065 1355 2104 gliae,
1374 2068 1408 2099 ὃ(
1420 2067 1470 2097 fibi
1484 2067 1623 2103 Subie&is
1637 2068 1670 2097 ὃς
1684 2067 1826 2106 Alligatis,
1846 2077 1898 2105 pro
1914 2068 1990 2106 ipsis,
2008 2068 2041 2098 ὃς
2054 2068 2106 2098 suis
2120 2068 2233 2106 Regnis
2243 2093 2253 2108 ,
2268 2069 2344 2100 Ter-

1278 2106 1331 2145 ris,
1350 2105 1457 2144 Patria,
1475 2106 1509 2137 δε
1525 2106 1690 2144 Dominiis,
1708 2108 1758 2144 ὃς,
1777 2106 1811 2136 ad
1831 2106 1962 2136 nostrum
1981 2106 2067 2145 legale
2086 2108 2168 2147 poffe
2181 2131 2190 2145 ,
2205 2108 2344 2139 faciemus

1279 2155 1311 2174 ea
1334 2144 1443 2175 Teneri
1465 2146 1499 2176 &
1521 2145 1629 2176 Servari
1651 2156 1701 2183 per
1724 2145 1837 2176 nostros
1850 2145 2006 2183 Alligatos,
2025 2145 2145 2183 superius
2162 2149 2342 2186 nominatos,

1279 2183 1314 2213 &
1328 2193 1377 2221 per
1391 2184 1527 2214 Subditos
1542 2184 1719 2222 eorundem,
1736 2185 1766 2214 in
1779 2184 1871 2215 forma
1886 2185 1920 2215 &
1935 2185 2026 2215 modo
2041 2186 2184 2216 contentis
2198 2186 2227 2216 in
2243 2185 2345 2217 Literis

1279 2222 1400 2260 superius
1413 2223 1590 2261 transcriptis.

1318 2300 1351 2330 In
1372 2302 1451 2339 cujus
1471 2303 1511 2332 rei
1523 2301 1738 2333 Testimonium
1757 2300 1820 2331 istas
1832 2302 1987 2339 'praesentes
2002 2301 2129 2340 Literas,
2146 2301 2244 2333 nostra
2257 2311 2344 2333 manu

1278 2339 1457 2379 Roboratas‚
1475 2341 1563 2380 Sigilli
1576 2340 1666 2371 nostri
1679 2341 1848 2379 appensione
1856 2341 1985 2380 juffimus
1999 2342 2184 2371 communiri.

1316 2415 1385 2447 Dat.
1402 2417 1431 2447 in
1446 2417 1542 2448 nostra
1556 2417 1681 2449 Civitate
1695 2417 1823 2455 Segohiae,
1842 2418 1871 2447 in
1886 2417 2028 2455 praesentia
2044 2417 2132 2448 nostri
2145 2417 2344 2456 Concilii,die

1279 2454 1380 2485 Tertia
1396 2455 1503 2486 Menfis
1518 2458 1710 2496 Septembris,
1729 2457 1817 2486 Anno
1839 2456 2002 2489 Nativitatis
2022 2456 2147 2487 Domini
2167 2456 2345 2495 Millesimo‚

1279 2493 1516 2534 Trecentesimo,
1534 2495 1728 2534 Ostogesimo
1742 2494 1846 2525 Nono.

1978 2537 2028 2564 ΥΟ
2055 2536 2081 2562 Ε
2091 2537 2119 2563 L
2146 2536 2170 2563 R
2179 2535 2206 2562 E
2216 2536 2242 2563 Y.

1520 2661 1569 2692 De
1591 2662 1728 2692 Licentia
1745 2659 1927 2705 impetrandi
1949 2659 2104 2704 Beneficia.

1286 2743 1378 2800 RE
1389 2743 1419 2774 X
1447 2744 1610 2783 Omnibus,
1627 2744 1661 2774 ad
1674 2754 1763 2782 quos,
1782 2745 1842 2775 &o
1862 2744 1997 2775 Salutem.
2363 2746 2482 2777 Ann.D

1382 2783 1479 2813 Sciatis
1493 2783 1588 2821 quod,
1608 2783 1644 2813 de
1659 2783 1759 2813 Gratia
1773 2783 1867 2813 nostra
1883 2784 1990 2821 speciali
2005 2808 2014 2821 ,
2033 2783 2235 2814 Conceffimus
2248 2784 2282 2815 &
2296 2782 2347 2813 Li·
2389 2786 2474 2825 1389.

1283 2822 1409 2852 centiam
1430 2821 1573 2852 Dedimus
1597 2821 1688 2861 Ligeo
1708 2822 1829 2860 nostro,
1853 2821 1985 2860 Johanm·
1998 2823 2030 2851 de
2045 2821 2169 2860 Killom,
2186 2822 2346 2852 Baccalario
2367 2828 2417 2852 An.
2438 2835 2480 2861 ¹3·

1283 2860 1320 2890 de
1330 2860 1419 2899 ‘Lege
1433 2884 1443 2898 ,
1465 2861 1546 2898 qubd
1569 2861 1623 2897 ipse
1637 2884 1646 2897 ,
1671 2862 1700 2890 iii
1714 2870 1902 2899 quocumque
1914 2859 2003 2890 Portu
2019 2862 2046 2890 in
2062 2861 2169 2899 Regno
2184 2860 2284 2890 nostro
2299 2861 2348 2890 sibi
2368 2868 2397 2890 R.
2419 2874 2444 2890 2.

1284 2898 1418 2936 placuerit
1435 2923 1444 2937 ,
1468 2900 1561 2929 vei-sus
1581 2898 1699 2928 Curiam
1715 2898 1879 2928 Romanam
1893 2899 2021 2935 transire,
2038 2900 2071 2930 δε
2086 2899 2191 2929 ibidem
2207 2899 2348 2930 Beneficia
2367 2905 2425 2928 Par.
2440 2911 2483 2937 ¹3·

1283 2937 1478 2968 Eccleliastica
1493 2961 1502 2975 ,
1525 2948 1595 2967 cum
1612 2936 1690 2966 Cura
1712 2937 1756 2967 vel
1773 2937 1831 2968 sine
1846 2937 1940 2975 Cura,
1955 2936 1991 2966 de
2002 2937 2181 2968 Sanclifflmo
2195 2937 2277 2968 Patre
2292 2948 2346 2967 no·
2364 2944 2391 2966 R.
2404 2949 2415 2965 2
2435 2947 2460 2974 p.
2473 2949 2499 2969 r,

1282 2976 1342 3006 stro
1366 2976 1440 3014 Papa
1463 2975 1618 3014 (videlicet)
1640 2976 1702 3005 talia
1722 2986 1749 3013 qi
1760 2975 1812 3006 alii
1834 2975 1927 3006 eidem
1951 2976 2131 3006 Sanctiffirno
2150 2975 2226 3006 Patri
2247 2976 2346 3006 nostro
2363 2988 2399 3006 m.
2421 2987 2463 3014 ις.

1282 3015 1439 3053 placuerit,
1464 3016 1612 3051 impetrare
1634 3014 1742 3054 possit-3
1766 3015 1791 3044 al
1804 3025 1856 3053 qua
1879 3013 2067 3045 Ordinatione
2088 3014 2134 3045 seu
2155 3014 2267 3046 Statuto
2283 3039 2293 3053 ,
2318 3016 2347 3045 in

1285 3055 1460 3085 contrarium
1475 3053 1573 3091 fatris,
1591 3062 1652 3083 non
1666 3053 1853 3085 obstantibus.

1321 3091 1354 3122 Iu
1372 3093 1466 3130 cujus,
1484 3093 1544 3122 &o

1320 3131 1409 3161 Teste
1429 3131 1515 3168 Rege
1533 3129 1608 3168 apud
1627 3129 1886 3170 westmonasterium
1900 3154 1910 3168 ‚
1936 3130 2072 3161 vicesimo
2092 3130 2198 3161 oe‘tavo
2217 3129 2263 3160 die
2278 3129 2348 3168 Sep-

1284 3172 1410 3202 tembris.

1794 3210 1846 3237 Per
1861 3210 1952 3237 Breve
1969 3208 2000 3237 de
2015 3210 2134 3237 Privato
2144 3205 2242 3243 Sigillo.

1284 3284 1455 3317 Consimiles
1476 3284 1583 3315 Literas
1602 3284 1707 3316 habent
1727 3284 1887 3324 subscripti,
1905 3285 1956 3316 sub
1969 3284 2068 3315 eadem
2085 3284 2177 3322 Data,
2196 3282 2347 3321 videlicet,

1322 3363 1467 3401 Johasmes
1481 3362 1513 3391 de
1529 3359 1666 3401 Sheffitrd,
1685 3361 1861 3400 Capellanus.

1322 3402 1412 3433 Teste
1426 3409 1455 3431 ut
1467 3401 1554 3438 supra.

1323 3441 1454 3470 Robertus
1467 3438 1628 3478 Askelaam,
1647 3438 1785 3471 Clericus,

1322 3479 1412 3510 Teste
1427 3477 1558 3515 utsupra.

1284 3565 1302 3572 -.

1459 3613 1571 3644 Contra
1589 3613 1753 3644 Mvitases
1768 3613 1803 3649 ὠ
1823 3609 2016 3655 Impqfitioncs
2031 3609 2164 3656 Papales.

1290 3695 1439 3750 REX,
1458 3694 1620 3726 Venerabili
1643 3697 1672 3725 in
1694 3695 1811 3726 Christo
1834 3694 1911 3725 Patri
1933 3696 1976 3724 W.
1994 3695 2092 3726 eadem
2105 3694 2206 3733 gratia,
2226 3693 2346 3724 Archie-
2362 3682 2439 3712 Affll*
2456 3681 2497 3712 D·

1364 3736 1461 3774 piscopo
1474 3734 1675 3776 cantuarienfi,
1699 3736 1784 3765 totius
1797 3734 1907 3774 Angliae
1922 3733 2037 3764 Primati
2047 3757 2057 3773 ,
2074 3734 2207 3764 Salutem.
2386 3722 2470 3760 1339·

1328 3773 1410 3804 Licet
1437 3783 1488 3803 vos
1510 3783 1570 3803 non
1591 3772 1671 3803 lateat
1693 3773 1828 3810 qualiter,
1852 3772 1887 3802 ad
1910 3773 2153 3803 conservationem
2173 3771 2287 3810 Jurium
2312 3773 2345 3803 &
2363 3764 2415 3789 ²¹⁰·
2436 3770 2478 3796 ¹3·

1287 3808 1535 3842 Consuetudinum
1559 3810 1653 3850 Regni
1674 3811 1764 3842 nostri
1783 3811 1894 3849 Anpliae
1915 3821 1948 3841 ac
1971 3810 2184 3848 Iiidempnitatis
2205 3811 2238 3840 δε
2262 3812 2345 3841 reclae
2364 3804 2392 3825 R.
2415 3809 2439 3825 ²*

1287 3849 1508 3881 Gubernationis
1536 3849 1641 3887 Populi
1667 3850 1755 3880 nostri
1774 3835 1895 3888 ejusdem
1911 3874 1921 3887 ,
1943 3849 2059 3879 vinculo
2076 3849 2234 3886 juramenti
2253 3850 2347 3880 sumus
2362 3837 2462 3888 olaufi
2469 3845 2497 3872 3·

1288 3888 1394 3919 astriffi
1409 3912 1418 3923 ,
1439 3899 1472 3919 ac
1493 3887 1529 3918 de
1546 3887 1616 3926 Jure
1635 3889 1669 3920 ὃς
1692 3888 1907 3918 Consuetudine
1927 3887 2068 3925 praedictis
2090 3887 2241 3926 Impositio
2255 3889 2345 3926 aliqua
2363 3880 2457 3929 1¹²4}
2470 3883 2496 3902 ¹⁶

1288 3926 1380 3957 eidem
1396 3926 1508 3964 Populo
1521 3926 1619 3957 nostro
1629 3951 1638 3966 ,
1656 3927 1759 3964 absque
1774 3926 1937 3957 Communi
1950 3925 2080 3956 Consilio
2096 3927 2129 3956 &
2145 3926 2263 3957 Assensu
2277 3928 2347 3966 ejus·
2364 3923 2399 3940 '⁷²'
2427 3923 2452 3947 ¹¹
2462 3933 2469 3940 ·

1287 3965 1356 3996 dem
1370 3965 1478 4003 Regni,
1496 3964 1555 3994 fieri
1571 3965 1616 3995 seu
1630 3966 1715 3995 levari
1727 3975 1787 3995 non
1804 3965 1902 3995 debeat
1914 3965 1949 3994 ab
1961 3964 2064 3994 eodem
2078 3966 2179 4002 quovis
2193 3965 2284 3996 modo
2293 3988 2301 4001 ,

1324 4004 1507 4041 Supplicante
1521 4003 1630 4040 insuper
1645 4003 1761 4040 Nobis,
1780 4005 1808 4033 in
1827 4003 2015 4033 Patliamento
2030 4003 2146 4040 nostro,
2165 4005 2237 4042 apud
2245 4003 2345 4032 &Vest-

1288 4043 1492 4072 monasterium
1511 4051 1601 4079 nuper
1620 4050 1721 4080 tento,
1749 4041 1936 4071 Comunitate
1957 4041 2078 4080 ejusdem
2103 4041 2202 4079 Regni
2215 4066 2224 4079 ,
2248 4050 2346 4071 contra

1290 4080 1450 4119 hujusmodi
1462 4080 1675 4118 impositiones,
1694 4081 1712 4100 *θ
1733 4079 1822 4110 Ciero
1839 4080 1932 4119 Regni
1946 4079 2036 4111 nostri
2050 4080 2189 4118 pra-dieti,
2207 4090 2255 4118 pei·
2270 4082 2345 4107 Sum-
2361 4080 2459 4144 ZVH,

2279 4128 2349 4146 mum
2380 4128 2428 4153 ἧς,
