2561 4251
690 183 722 224 13
758 184 798 224 ‘1'
884 185 920 225 A&
960 185 998 225 (3
1033 186 1073 227 ‘1'
1113 187 1149 226 A&

6 261 101 296 nn-D·
120 275 176 299 tate
190 267 224 299 &
238 268 422 306 Qantitate,
440 277 473 299 ac
488 269 572 299 etiam
586 268 621 299 de
635 269 798 308 Terminis,
817 271 920 309 Locis,
938 273 971 303 &
985 271 1086 302 Modis
1100 272 1183 304 Solu-

7 301 85 344 3395

5 351 29 370 ’6.
48 351 73 369 2.

0 2265 63 2293 vn.

123 308 235 337 tionum
250 308 283 337 &
296 307 523 337 Satisfaffionum
539 307 574 337 de
587 308 689 338 eisdem
699 331 707 346 ,
726 309 759 338 ὃς
782 310 902 346 Qanto
922 317 1052 347 tempore
1070 312 1182 347 praefata

123 345 178 375 filia
201 345 294 374 nostra
314 346 463 376 nobiscum
487 347 627 383 manebit,
647 357 679 376 ac
705 346 792 385 Ubi,
810 349 843 378 &
866 347 993 386 Quando
1010 371 1019 386 ,
1039 347 1183 387 Cujusque

124 383 273 421 Expenfis,
291 383 324 413 &
340 383 390 414 sub
405 385 473 423 Qia
485 384 578 415 forma
594 385 739 415 transmitti
761 386 893 424 debebit,
914 385 1130 425 Conveniendi,
1149 390 1181 419 &

124 421 329 452 Concordandi
337 444 345 458 ‚

163 459 294 490 Traeiata
307 461 391 490 etiam
407 461 440 492 ὃς
455 460 654 498 Concordata,
674 461 754 499 super
768 462 834 500 hiis,
853 463 925 492 inter
937 463 1008 500 ipsos
1020 462 1136 493 Patruos
1149 465 1182 495 &

125 495 307 528 Germanum
326 499 438 529 nostros
461 501 495 530 &
514 499 589 529 Tres
613 500 657 530 vel
682 500 765 529 Duos
778 501 901 537 ipsorum
917 509 951 530 ex
965 500 1021 530 una
1035 511 1129 541 parte,
1149 504 1182 533 &

123 537 216 567 dietos
228 535 427 567 Procuratores
441 539 474 569 ὃς
490 537 626 567 Nuncios
638 537 709 567 dieti
723 537 931 576 Consanguinei
945 539 1033 568 nostri
1049 549 1081 570 er:
1090 541 1182 578 altera,

122 583 258 612 quatenus
270 585 321 605 nos
336 578 436 614 tangit,
453 575 534 606 omni
549 576 719 613 Securitate,
735 576 864 613 legitima
878 578 911 608 ὃς
933 577 1068 616 honesta,
1087 580 1182 609 nomi-

123 623 161 643 ne
175 613 275 644 nostro
290 613 447 650 Firmandi‚

161 651 349 690 Similemque
368 652 550 682 Securitatem
571 650 606 681 ab
630 652 730 682 eisdem
755 652 987 684 procuratoribus
1008 655 1040 685 &
1057 655 1183 686 Nunciis

124 690 236 727 praesati
252 690 463 728 Consanguinei
477 690 565 720 nostri
577 690 712 729 Petendi,
731 691 902 729 Stipulandi,
921 693 952 722 ὃς
972 692 1156 731 Recipiendi,

164 728 211 758 Ab
226 729 342 766 ipsisque
355 728 589 759 Procuratoribus
604 731 637 760 &
656 729 797 767 Nunciis,
814 731 894 767 quod
908 731 984 760 idem
1006 731 1182 770 Consangui-

124 775 193 796 neus
208 766 304 797 noster
317 776 332 795 a
346 766 425 796 dieto
442 766 580 797 TraCtatu
590 790 599 804 ,
618 767 654 804 fi,
674 767 742 798 Deo
757 770 953 806 permittente,
973 769 1064 806 ipsum
1077 770 1182 800 firmari

124 806 291 844 contigerit,
307 805 461 835 nullatenus
475 805 612 843 deviabit,
631 806 815 836 Securitatem
832 806 967 845 Petendi,

163 843 330 881 Caeteraque
344 845 440 873 onmia
454 845 487 875 ὃς
501 844 604 879 singula
625 844 770 881 Faciendi,
790 844 935 881 Gerendi,
954 847 988 876 &
1009 845 1180 885 Exercendi,

123 890 189 918 quae
203 882 232 910 in
248 881 397 912 Praemisfis
413 883 441 913 ἃ
459 884 533 912 circa
547 881 687 911 Praemissa
703 882 851 912 necessaria
864 883 969 913 fuerint
990 884 1034 914 seu
1056 895 1181 921 quomo-

122 919 232 950 dolibet
253 929 411 958 oportuna,
431 924 465 951 &
487 930 549 957 quae
568 921 637 950 tanti
659 921 693 950 N
696 922 780 958 egotii
801 921 912 958 qualitas
930 922 1029 960 exigit,
1048 932 1081 952 ae
1095 924 1178 952 etiam

122 966 188 994 quae
201 958 271 989 Nos
286 959 440 989 faceremus
452 959 485 988 &
500 958 591 988 facere
603 958 746 995 possemus
761 959 779 988 fi
795 960 938 996 praesentes
948 959 1129 992 Personaliter
1135 962 1178 991 in-

121 996 301 1036 tereffemus,
317 998 401 1028 etiam
413 995 432 1026 fi
450 995 620 1026 Mandatum
635 998 776 1035 exigerent
789 998 875 1036 magis
888 998 1020 1037 speciale,

160 1034 378 1072 Promittentes,
397 1036 425 1064 in
440 1035 529 1065 verbo
554 1035 653 1074 Regis,
672 1035 740 1066 Nos
757 1035 880 1074 Rarum,
899 1036 1040 1075 Gratum,
1059 1038 1092 1067 ὃς
1116 1035 1177 1067 Fir-

122 1082 204 1103 mum
217 1075 356 1111 perpetuo
368 1074 509 1103 habituros
524 1083 713 1111 quaecumque
734 1084 782 1111 per
802 1074 893 1104 dictos
913 1075 1028 1105 Patmos
1050 1077 1083 1106 ὃς
1100 1074 1177 1106 Ger-

122 1121 240 1142 manum
258 1111 388 1149 nosttos,
406 1112 439 1142 δε
460 1111 534 1141 Tres
554 1112 599 1141 vel
619 1112 704 1142 Duos
725 1113 850 1149 ipsorum
873 1115 901 1142 in
921 1113 1039 1144 solidum
1056 1136 1066 1150 ,
1085 1114 1176 1153 Aera,

123 1150 229 1188 Gesta,
247 1149 417 1187 Conventa,
436 1149 636 1188 Concordata,
654 1150 809 1187 Promiffa,
828 1151 962 1190 Firmata,
981 1153 1014 1183 ὅ(
1037 1151 1176 1182 Procura-

122 1197 148 1219 ta
162 1189 267 1219 fuerint
283 1190 310 1218 in
323 1187 472 1218 Praemiffis
487 1190 520 1219 &
536 1189 662 1226 quolibet
670 1188 898 1228 Praemifforum,
916 1201 948 1221 ac
964 1200 1062 1221 contra
1075 1191 1174 1229 ea,seu

121 1236 224 1257 eorum
240 1227 345 1264 aliqua,
365 1237 423 1257 non
438 1228 551 1263 venire,
567 1237 619 1257 nec
636 1228 664 1256 in
680 1229 717 1257 eis
733 1228 853 1265 variare,

158 1265 307 1303 Qodque
327 1266 401 1295 diCta
424 1265 489 1295 Filia
508 1264 601 1295 nostra
622 1265 779 1304 hujusmodi
802 1265 993 1297 Contranum
1008 1291 1016 1305 ,
1047 1267 1066 1296 fi
1087 1267 1174 1306 ipsum

119 1305 253 1334 concludi
269 1304 435 1342 contigerit,
455 1303 561 1334 Ratum
577 1305 610 1335 &
620 1304 744 1335 Gratum
759 1304 873 1335 habebit
884 1305 954 1335 dum
969 1306 1003 1336 ad
1018 1305 1116 1336 Annos
1125 1306 1172 1336 de-

118 1344 228 1374 venerit
244 1343 415 1379 Pubertatis,

155 1380 286 1420 Ipsosque
303 1381 503 1410 Procuratores
521 1380 632 1411 nostros
645 1403 654 1419 ,
680 1391 734 1411 nec
755 1380 926 1411 Potestatem
941 1404 950 1419 ,
975 1382 1013 1411 eis
1034 1392 1082 1419 per
1104 1380 1173 1412 Nos

117 1429 167 1458 per
175 1420 320 1456 praesentes
327 1419 487 1448 attributam
497 1418 591 1455 ,nullo
600 1429 723 1456 unquam
739 1428 869 1458 tempore
878 1430 1010 1450 revocare
1025 1421 1173 1450 volumus:

156 1457 268 1494 Insuper
289 1456 368 1495 quod
389 1457 458 1487 dieti
480 1457 574 1487 Patrui
596 1459 629 1489 &
649 1457 810 1488 Germanus
823 1457 927 1494 nostri,
946 1458 982 1487 de
997 1457 1124 1487 Personis
1139 1458 1175 1487 de

119 1495 235 1527 Genere
255 1495 371 1532 nostro,
390 1497 423 1526 ὃ(
446 1495 482 1525 de
505 1494 681 1526 Conciliariis
700 1495 818 1533 nostris,
837 1496 931 1532 quales
947 1505 1109 1533 quantoque
1122 1506 1175 1525 nu-

117 1545 200 1565 mero
221 1535 271 1564 fibi
291 1535 438 1572 placuerit,
457 1544 489 1564 ac
513 1535 641 1571 quotiens
667 1534 826 1571 voluerint,
844 1534 938 1564 secum
960 1543 1084 1564 evocent
1097 1557 1106 1572 ,
1125 1535 1174 1570 qui

117 1573 201 1604 dietis
215 1572 351 1611 Negotiis
364 1572 464 1602 eisdem
479 1571 615 1609 assistant,
633 1572 666 1602 &
679 1581 711 1601 ea
724 1571 826 1602 faciant
839 1581 903 1609 quae
916 1572 966 1602 fibi
980 1572 1106 1603 duxerint
1126 1572 1175 1603 In-

111 1613 163 1652 jun
184 1611 274 1650 enda,
665 1648 670 1653 ι

156 1620 271 1689 &gibus
286 1648 458 1680 Mandamus
473 1655 503 1678 ut
516 1648 570 1686 eis,
588 1649 618 1678 in
633 1647 701 1686 hiis,
720 1656 832 1686 pareant
846 1656 978 1687 tanquam
994 1649 1101 1680 Nobis.

157 1688 192 1718 In
214 1698 338 1732 quorum
359 1686 575 1717 Testimonium
598 1686 727 1717 nostrum
749 1687 927 1725 praesentibus
942 1688 1041 1719 Literis
1056 1688 1175 1719 fecimus

117 1725 422 1803 Aliggffirglgisslalilitsrzlas,
441 1763 486 1793 die
507 1764 579 1793 xxix.
597 1763 752 1801 O&0bris,
768 1762 855 1793 Anno
878 1762 1003 1794 Domini
1026 1764 1174 1795 Milefimo

117 1803 337 1836 Trecentesimo
362 1802 560 1842 Nonagefimo
585 1802 719 1840 Qinto,
757 1802 791 1834 δε
810 1801 907 1841 Regni
936 1802 1025 1834 nostri
1044 1803 1172 1835 Decimo

116 1844 204 1876 Sexto
211 1865 221 1881 ,

151 1921 250 1953 D'une
261 1927 337 1959 part,

151 1998 189 2029 Et
203 2008 251 2037 par
263 1998 296 2028 &
309 2004 404 2034 entre,
421 2004 481 2027 noz
494 1995 643 2028 trescheres
656 1995 792 2036 Coufins,
810 1996 847 2027 les
863 2000 957 2027 Contes
970 1997 1121 2035 Roteland,
1135 1998 1169 2029 &

116 2036 291 2077 Mareschal,
311 2035 448 2073 Cousins,
467 2036 500 2066 &
514 2035 652 2066 Messieur
668 2034 793 2065 William
807 2035 831 2065 le
842 2040 918 2074 Scrop
935 2035 1120 2066 Chambellan
1130 2037 1168 2067 du

114 2075 155 2106 dit
168 2076 237 2114 Roy
257 2075 472 2111 d'Angleterre,
491 2084 564 2112 pour
578 2075 659 2105 &en
674 2073 761 2104 Nom
774 2074 899 2111 d'icelui,
918 2076 951 2105 &
971 2084 1018 2113 par
1039 2075 1170 2105 l'Auc'to-

113 2115 168 2145 rite
183 2115 216 2145 δε
232 2122 311 2144 vertu
325 2113 364 2143 du
378 2112 505 2150 Povoir,
522 2122 571 2150 par
589 2112 647 2143 Lui
660 2122 675 2142 a
688 2113 750 2143 eulx
766 2113 861 2143 donne
876 2113 909 2143 ὃς
924 2114 1043 2144 attribue
1060 2124 1096 2144 en
1110 2123 1170 2144 ces-

113 2160 140 2183 te
159 2154 246 2191 partie
260 2176 271 2190 ,
289 2162 339 2190 par
353 2151 392 2182 ses
405 2151 531 2189 Lettres,
550 2150 621 2182 dont
637 2150 663 2181 le
676 2150 793 2182 Teneur
808 2152 910 2190 ensuit,

114 2230 286 2286 RIcardus
301 2252 311 2267 ,
330 2228 389 2258 Dei
409 2227 495 2267 gratia
508 2250 517 2266 ,
535 2231 596 2258 Rex
617 2227 730 2264 Angliae
750 2227 788 2263 (ἐφ’
810 2231 948 2267 Franciae,
967 2229 1000 2259 ὃς
1022 2229 1168 2260 Dominus

192 2268 356 2305 Hiberniae,
374 2267 509 2297 omnibus
531 2266 637 2297 Christi
660 2267 800 2297 Fidelibus
814 2291 824 2305 ,
842 2268 876 2297 ad
897 2271 910 2285 ⁴⁵
931 2278 1002 2305 quos
1025 2269 1169 2306 praesentes

108 2305 215 2374 bitem
229 2306 425 2345 pervenerint,
443 2305 566 2336 Salutem
581 2307 615 2337 &
628 2304 714 2335 fidem
729 2305 873 2336 indubiam
895 2307 1073 2344 praesentibus
1091 2307 1170 2337 adhi-

131 2354 186 2375 ere.

146 2383 302 2415 Plasmator
314 2383 483 2413 Hominum
498 2382 554 2420 ipse
568 2381 664 2420 Deus,
684 2381 864 2412 Matrimonii
881 2382 958 2412 Bona
975 2383 1020 2420 pia
1041 2384 1170 2414 confide-

108 2422 216 2453 ratione
237 2422 423 2460 prospiciens,
440 2421 541 2451 Primo
564 2420 786 2451 Dominantium
807 2421 919 2459 Legem
941 2422 1040 2458 dedit,
1062 2424 1119 2460 qua
1135 2425 1168 2454 &

110 2461 167 2498 ejus
180 2461 317 2492 frueretur
331 2460 432 2498 Bonis,
449 2461 483 2491 &
496 2460 628 2497 Speciem
643 2461 819 2490 continuaret
835 2461 864 2489 in
878 2459 1009 2498 posteris,
1029 2461 1167 2498 Adjutorii

111 2499 162 2530 fibi
177 2499 234 2530 dari
247 2498 371 2538 legitima
384 2498 506 2536 gaudens
519 2498 740 2536 conjunctione,
758 2497 808 2528 sub
830 2498 944 2528 sincerae
964 2499 1120 2529 dilectionis
1136 2510 1168 2530 ac

110 2538 228 2568 Animae
241 2539 275 2569 &
291 2537 431 2575 Corporis
445 2537 581 2574 Unitate,
600 2546 635 2566 ex
650 2537 728 2574 cujus
741 2536 831 2575 legalis
845 2538 1054 2575 conjunfflonis
1063 2538 1168 2568 Foede-

110 2587 140 2606 re
154 2577 322 2614 plerumque
336 2577 466 2613 provenit
479 2574 548 2605 Deo
562 2583 638 2612 grata
652 2574 765 2605 Sobolis
782 2574 962 2613 Procreatio,
980 2575 1083 2606 linealis
1098 2577 1168 2608 Suc-

110 2614 198 2645 ceffio
208 2614 511 2653 ,Consanguineorum
525 2614 593 2643 hinc
609 2614 642 2643 &
659 2612 724 2643 inde
738 2613 879 2643 laudabilis
892 2613 1057 2653 Alligantia,
1073 2615 1167 2645 Amo-

110 2654 148 2683 ris
162 2653 290 2684 Soliditas
305 2655 334 2683 in
349 2653 487 2691 Diletstis,
506 2653 539 2683 ὃς
556 2651 786 2682 Discordantibus
801 2651 855 2682 Via
870 2651 959 2683 Pacis.

149 2691 224 2721 Haec
239 2692 307 2722 dum
324 2693 441 2721 internae
455 2690 683 2720 considerationis
698 2690 785 2720 oculo
809 2700 993 2729 renovamus,
1010 2701 1024 2720 a
1046 2700 1168 2729 petentes

108 2730 242 2769 praedicsta
266 2730 397 2760 Proficua
418 2729 518 2759 Nobis
538 2729 571 2759 ὃς
590 2728 694 2758 nostrae
716 2728 896 2768 Reipublicae
909 2739 961 2766 pro
975 2740 1013 2760 no
1041 2741 1073 2760 ro
1091 2739 1167 2761 tem-

112 2778 183 2805 pore
195 2768 297 2799 divinis
310 2769 430 2804 „nutibus
452 2767 579 2804 evenire,
598 2766 760 2803 divulgante
783 2767 857 2797 fama
877 2768 1000 2806 celebri,
1018 2769 1051 2798 &
1074 2769 1166 2798 credi-

109 2806 210 2836 bilium
223 2807 400 2844 personarum
408 2806 506 2836 crebra
514 2805 647 2834 relatione
659 2804 759 2834 nostris
771 2807 881 2835 auribus
895 2807 1068 2843 inculcante,
1077 2817 1166 2844 quan-

109 2853 137 2875 ta
151 2845 181 2874 in
197 2844 393 2882 praecariffima
408 2844 489 2874 nobis
504 2846 623 2874 Domina
639 2842 761 2882 Ysabella
772 2843 842 2873 Filia
859 2847 1038 2882 Primogenita
1054 2849 1165 2875 Domini

107 2883 207 2913 Karoli
221 2882 343 2922 cariffimi
357 2882 547 2920 Confimguinei
562 2880 643 2921 nostri
655 2885 778 2911 Franciae
793 2883 920 2912 refloreat
934 2884 1055 2914 Generis
1063 2883 1165 2914 Nobi-

106 2920 183 2959 litas,
203 2924 294 2960 vigeat
314 2922 347 2952 ὃς
372 2920 493 2951 Morum
517 2919 646 2951 honestas
669 2921 746 2957 (licet
767 2920 817 2950 sub
839 2921 929 2951 Annis
952 2922 1043 2952 adhuc
1066 2924 1166 2952 teneris

105 2959 190 2991 suerit
206 2960 368 2997 constituta)
384 2959 490 2997 Ipsam,
503 2959 538 2988 ad
552 2959 663 2989 laudem
682 2959 736 2989 Dei
752 2959 784 2989 &
799 2960 1000 2997 praediCtorum
1017 2960 1165 2991 Bonorum

107 2998 314 3036 expletionem,
333 2998 442 3028 summa
454 2997 593 3028 mediante
606 2997 709 3036 gratia,
728 3006 906 3035 peroptamus
929 2999 1032 3029 habere
1054 2997 1167 3038 Conju-

105 3045 173 3075 gem
185 3037 275 3068 divini
291 3039 324 3069 &
339 3037 456 3067 humani
471 3035 587 3066 Domus
600 3037 698 3073 pariter
711 3037 744 3067 &
761 3035 943 3066 Consortem.

143 3075 224 3106 Hinc
242 3076 283 3106 est
303 3076 401 3114 quod,

143 3112 194 3144 De
209 3113 340 3144 fidelitate
355 3116 388 3145 &
402 3113 552 3152 legalitate,
571 3112 758 3152 prudentia&
774 3113 1043 3151 circumspectione,
1063 3114 1167 3144 cariffi-

108 3161 225 3182 morum
254 3151 541 3188 Consanguineorum
565 3151 729 3181 nostrorum
747 3173 756 3189 ,
786 3152 923 3181 Ea'wardz'
951 3156 1060 3181 Comitis
1082 3156 1166 3182 Rota—

106 3187 208 3219 Iandiae
221 3214 230 3227 ,
249 3190 354 3219 Thomae
374 3193 481 3218 Comitis
502 3189 660 3227 Marescalli
678 3189 715 3224 (ξφ
736 3192 920 3227 Notingamiae
935 3213 944 3228 ,
963 3192 996 3221 &
1021 3193 1063 3220 W
1063 3191 1165 3221 illielmi

106 3226 132 3256 le
146 3231 222 3266 Scrop
235 3227 390 3259 Camerarii
405 3227 511 3265 nostri,
529 3227 562 3257 &
577 3237 678 3258 eorum
693 3228 855 3267 cujuslibet,
876 3229 995 3266 plenarie
1019 3229 1166 3259 confiden-

110 3274 151 3296 tes

145 3289 192 3335 A’d
212 3302 450 3335 Contrahendum
471 3302 613 3340 Sponsalia
633 3313 683 3341 per
703 3303 787 3334 verba
807 3303 842 3333 de
861 3305 973 3342 futuro,
991 3306 1036 3335 seu
1063 3305 1165 3336 Matri-

107 3345 240 3373 monium
256 3353 305 3380 per
318 3343 403 3372 verba
416 3341 452 3371 de
467 3340 610 3378 praesenn,
628 3351 695 3372 curn
717 3341 850 3378 praediCta
872 3343 1015 3380 Domina,
1034 3354 1166 3381 quocun-

106 3391 164 3418 que
184 3381 274 3411 modo
294 3380 507 3411 convenientius
528 3381 560 3410 &
583 3380 735 3410 ordinatius
747 3379 783 3409 de
793 3379 862 3417 Jure
878 3380 936 3410 fieri
951 3382 1068 3419 poterit,
1086 3383 1119 3412 ὅ(
1135 3384 1164 3412 in

104 3419 242 3457 eandem,
256 3421 319 3457 jure
331 3418 542 3455 Sponsaliorum
558 3426 588 3448 ut
603 3419 631 3447 in
645 3418 798 3455 Sponsam,
818 3418 864 3448 seu
885 3418 1064 3450 Matrimonii
1085 3428 1115 3450 ut
1135 3421 1163 3450 in

106 3457 241 3488 Uxorem
251 3480 260 3494 ,
279 3457 414 3487 Nomine
427 3456 526 3486 nostro
541 3456 773 3487 consentiendum
782 3479 792 3494 ,

145 3496 190 3526 Ac
205 3497 292 3525 verba
305 3495 515 3532 Sponsaliorum
530 3494 574 3525 seu
591 3494 771 3525 Matrimonii
792 3494 829 3524 de
848 3495 989 3534 praesenti,
1007 3505 1056 3534 per
1077 3496 1164 3534 ipsam

106 3535 172 3564 vice
187 3533 285 3564 mutua
294 3533 473 3570 proferenda,
481 3534 513 3563 &
529 3532 557 3562 C
567 3543 587 3562 o
598 3542 620 3562 N
631 3543 643 3563 s
654 3544 670 3564 E
682 3543 703 3564 N
713 3543 725 3564 s
734 3541 757 3563 U
766 3540 809 3571 M,
827 3533 856 3562 in
870 3543 922 3564 nos
936 3544 985 3572 per
996 3534 1083 3572 ipsam
1091 3545 1164 3573 prae-

108 3572 253 3609 bendum,
273 3571 467 3608 recipiendum
482 3571 514 3601 &
532 3572 754 3610 acceptandum,

146 3611 275 3640 Necnon
296 3609 329 3639 ad
351 3608 528 3639 tractandum
543 3634 553 3647 ,
571 3620 638 3640 cum
660 3610 911 3647 Procuratoribus,
931 3609 1112 3650 Parentibus,
1129 3613 1163 3644 &

107 3649 217 3679 Amicis
234 3648 355 3687 ejusdem
369 3647 526 3686 Dominae,
545 3647 581 3678 de
594 3647 694 3687 Dote,
713 3648 850 3679 Dotalitio
863 3672 872 3686 ,
892 3648 1060 3678 Donatione
1076 3661 1164 3689 prop-

107 3695 149 3717 ter
164 3687 304 3725 Nuptias,
322 3696 355 3716 ac
371 3686 447 3716 Arris
461 3687 490 3715 in
503 3686 555 3716 hac
569 3696 646 3724 parte
659 3686 876 3724 constituendis,
894 3688 927 3718 &
950 3697 1052 3717 eorum
1075 3690 1165 3729 lingn-

105 3725 201 3755 lorum
218 3726 358 3764 Qalitate
371 3725 403 3754 &
420 3724 603 3762 Qantitate,
621 3735 653 3755 ac
668 3727 751 3756 etiam
767 3725 803 3755 de
825 3725 988 3762 Terminis,
1008 3725 1112 3766 Locis,
1130 3729 1163 3759 &

107 3763 207 3793 Modis
218 3765 400 3795 Solutionum
416 3764 448 3793 &
462 3762 688 3792 Sarisfaffionum
711 3764 746 3793 de
768 3763 888 3800 eisdem,
906 3773 938 3793 ac
961 3765 1044 3793 etiam
1058 3776 1164 3803 quanto

107 3809 238 3839 tempore
254 3801 388 3840 Expenfis
402 3800 552 3831 Parentum
567 3802 600 3832 &
614 3801 789 3831 Amicorum
803 3801 903 3831 debeat
918 3801 1057 3833 sustentari
1066 3827 1075 3842 ,
1094 3814 1165 3834 nec..

108 3849 168 3869 non
180 3840 213 3869 ad
229 3850 316 3877 quem
329 3840 427 3870 locum
444 3838 577 3876 praedieta
589 3838 737 3877 Domina,
755 3840 788 3870 δε
803 3840 933 3877 quando,
951 3850 983 3870 ac
1006 3843 1084 3879 cujus
1107 3842 1165 3872 Ex-

109 3877 210 3914 penfis,
229 3879 262 3908 δί
279 3879 329 3908 sub
344 3888 399 3916 qua
414 3878 577 3916 forma,per
587 3876 718 3908 Parentes
732 3879 764 3909 &
780 3877 900 3908 Amicos
913 3879 1013 3910 debeat
1029 3880 1165 3911 transmit-

109 3917 148 3953 ti,
168 3916 398 3947 conveniendum
414 3916 446 3946 δε
460 3916 710 3954 concordandum,

148 3953 187 3983 Et
205 3963 260 3991 ea,
283 3964 348 3991 quae
365 3955 402 3985 fic
419 3955 482 3985 Tr<
498 3963 664 3985 AcTATA
680 3977 689 3992 ,
714 3953 957 3984 CONVENTA
972 3977 981 3992 ,
1006 3956 1038 3986 &
1059 3955 1164 3986 CON-

110 3999 305 4021 coRDATA
323 3992 442 4031 fuerint,
463 4002 595 4032 quatenus
610 3993 643 4022 ad
660 3992 728 4022 Nos
751 3993 864 4030 attinet,
882 3993 1053 4024 omnimoda
1075 3994 1165 4026 Secu-

110 4030 190 4060 ritate
198 4053 208 4067 ,
224 4029 344 4060 honesta
355 4032 388 4062 &
400 4031 539 4070 legitima,
556 4032 673 4062 nomine
689 4029 789 4060 nostro
806 4039 824 4060 F
833 4039 845 4059 1
857 4039 880 4059 R
888 4038 915 4060 Μ
924 4040 942 4060 A
952 4039 974 4060 N
985 4040 1034 4061 Du
1044 4040 1071 4062 M
1080 4056 1090 4071 ,

146 4067 532 4140 SiTmiletPffeJeffuVritatem
544 4070 663 4102 nomine
675 4068 774 4101 nostro
782 4091 793 4108 ,
811 4077 829 4099 P
838 4077 857 4099 Ε
865 4076 887 4099 T
897 4077 915 4100 Ε
924 4076 947 4099 N
958 4078 978 4100 D
986 4078 1008 4101 u
1018 4079 1063 4110 M,
1082 4078 1095 4101 s
1106 4079 1129 4101 T
1138 4080 1166 4103 1-

187 4117 237 4137 om.
305 4129 312 4136 .
358 4130 365 4139 .
425 4129 432 4137 .

1233 187 1703 233 PUssttoA.
2209 212 2282 255 113

1227 281 1463 316 pti-LANDUM
1489 276 1523 306 ὃς
1543 285 1808 308 RECIPIENDU
1822 284 1867 316 M,
1882 278 2231 321 JURANDUMQUE,
2250 286 2279 314 in

1226 310 1361 354 Animam
1376 312 1501 343 nostram
1510 337 1519 352 ,
1535 314 1617 350 ,quod
1636 314 1664 344 C
1675 326 1695 345 o
1706 324 1727 345 N
1738 325 1760 345 T
1772 326 1793 346 R
1804 327 1823 346 A
1833 327 1848 347 c
1858 326 1880 346 T
1891 327 1913 347 U
1923 326 1948 348 M
1971 319 2129 357 hujusmodi
2149 320 2280 351 RATUM

1226 349 1390 392 habebimus
1407 374 1415 388 ,
1443 362 1495 381 nec
1518 352 1689 383 potestatem
1714 355 1876 391 praesentem
1895 357 1934 386 eis
1952 357 2044 388 datam
2067 359 2281 398 revocabimus,

1227 387 1330 424 allqmd
1353 390 1407 431 vel,
1421 390 1554 420 faciemus
1575 400 1621 421 aut
1641 394 1855 429 procurabimus
1869 416 1878 432 ‚
1897 404 1944 431 per
1965 396 2042 432 quod
2062 396 2211 427 CoNTR
2222 407 2282 427 Ac-

1227 433 1303 468 Tus
1324 426 1498 466 huJuimodr,
1518 430 1560 458 seu
1574 430 1629 466 ejus
1650 430 1742 461 debita
1761 430 1997 470 consummatio,
2015 435 2043 462 in
2067 435 2127 464 casu
2150 445 2208 472 quo
2231 446 2281 473 per

1226 463 1317 506 dieios
1338 464 1537 496 Procuratores
1558 467 1603 496 seu
1622 477 1721 497 eorum
1741 469 1860 507 aliquem
1879 470 1933 508 fic,
1952 479 1982 500 ut
1996 473 2188 511 praemittitur,
2207 484 2279 504 con-

1227 502 1297 531 trahi
1313 504 1478 540 contigerit,
1495 504 1714 541 quomodolibet
1729 509 1829 544 poterit
1845 508 1991 546 impediri,

1265 539 1310 569 Ac
1325 542 1409 570 etiam
1425 541 1458 571 ad
1478 541 1500 571 P
1512 552 1528 572 Ε
1538 549 1560 571 Τ
1569 552 1586 572 Ε
1596 551 1616 572 Ν
1627 552 1646 572 D
1656 552 1676 572 u
1687 552 1712 573 Μ
1733 545 1931 584 Securitatem,
1949 546 2072 576 debitam
2086 550 2119 579 &
2140 548 2281 580 sufficien-

1226 584 1301 615 tem,
1322 588 1336 607 a
1351 578 1513 610 Parentibus
1528 580 1560 610 ὅ(
1578 580 1683 610 Amicis
1697 582 1782 613 diestae
1799 584 1936 614 Dominae
1952 584 2103 623 Ysabellae‚
2122 587 2202 625 quod
2223 589 2279 626 ipsa

1225 625 1240 645 a
1262 614 1316 645 Co
1326 625 1347 646 N
1357 625 1410 648 ΤΚ
1422 628 1441 647 A
1451 628 1467 648 c
1477 626 1529 647 TU
1550 619 1705 656 hujusmodi
1723 622 1873 652 nullatenus
1888 624 2017 661 variabit,

1264 654 1430 694 Creteraque
1455 658 1551 686 onmia
1570 658 1602 686 &
1625 657 1725 695 lingula
1746 668 1763 688 F
1773 669 1792 689 A
1802 670 1818 690 c
1828 670 1838 689 1
1850 670 1866 690 E
1878 669 1899 689 N
1909 670 1928 690 D
1937 670 1958 690 υ
1969 669 1996 690 Μ
2009 684 2018 699 ,
2044 671 2062 691 Ε
2072 671 2115 692 xc
2125 672 2141 692 E
2154 672 2176 693 R
2186 674 2202 694 c
2213 673 2230 694 Ε
2239 675 2279 696 N-

1226 701 1333 736 DUM,
1352 695 1385 724 &
1404 703 1713 725 EXPEDIENDUM
1733 707 1797 734 quae
1818 699 1846 727 in
1868 698 2016 729 Praemiffis
2039 709 2072 730 ac
2094 701 2167 730 circa
2181 712 2213 732 ea
2227 713 2277 734 ne-

1226 730 1336 760 ceffaria
1350 732 1454 763 fuerint
1468 733 1512 762 vel
1528 742 1685 771 oportuna,
1703 736 1736 765 &
1753 746 1816 773 quse
1840 737 1952 774 qualitas
1974 738 2132 775 hujusmodi
2154 739 2277 777 Negotii

1225 769 1258 799 δε
1272 779 1368 811 natura
1382 772 1495 810 exigunt
1508 771 1734 814 &Requirunt,
1753 775 1786 803 ὃς
1801 785 1864 812 quae
1880 785 1930 805 nos
1947 775 2098 806 faceremus
2117 777 2160 807 seu
2186 778 2278 810 facere

1225 807 1368 849 pollemus
1383 809 1401 838 si
1419 809 1596 845 personaliter
1611 811 1650 840 ibi
1667 811 1811 848 praesentes
1826 814 1960 850 effemus,
1978 815 2062 844 etiam
2077 815 2276 848 fiMandatum

1224 854 1337 880 exigant
1351 856 1614 885 quantumcumque
1631 848 1761 888 speciale,

1235 921 1239 926 ·
1262 883 1433 922 Praedietos,
1452 885 1645 923 Edwardum,
1665 886 1831 925 Thomam,
1849 889 1882 919 ὃς
1896 888 2092 920 Guillielmum
2103 914 2112 928 ,
2129 902 2162 922 ac
2177 903 2279 930 quem-

1222 920 1289 964 libet
1303 923 1471 953 eorumdem
1484 934 1532 963 per
1547 924 1572 953 se
1586 925 1618 955 ὃς
1633 926 1661 953 in
1676 925 1812 964 solidum,
1832 926 1943 956 nostros
1957 938 2055 966 veros,
2074 930 2226 969 legitimos,
2244 933 2279 963 ὃς

1222 959 1391 1002 indubitatos
1407 961 1623 1000 Procuratores,
1644 962 1840 1002 Negotiorum
1857 964 2007 1003 Gestores,
2027 968 2059 997 ὃ(
2074 962 2111 996 N
2113 970 2208 999 uncios
2218 971 2276 1007 spe-

1221 998 1320 1036 cules,
1335 1009 1530 1038 organumque
1546 1003 1624 1031 vocis
1638 1001 1758 1040 nostrae,
1776 1003 1803 1031 in
1819 1003 1967 1033 Praemiffis
1981 1005 2014 1034 δε
2033 1014 2132 1035 eorum
2150 1007 2276 1046 lingulis,

1222 1035 1429 1075 FAchth,
1449 1047 1723 1079 ORDINAMUS,
1741 1043 1996 1079 CREAMUS,&
2017 1051 2276 1076 CONSTITUI-

1223 1082 1281 1104 MU
1293 1084 1305 1105 s
1325 1085 1373 1113 per
1389 1077 1554 1115 praesente53

1259 1111 1462 1145 Promittentes
1471 1117 1516 1153 ,in
1531 1116 1620 1146 verbo
1636 1115 1731 1155 Regio
1740 1140 1749 1154 ,
1769 1115 1837 1147 Nos
1853 1117 1882 1146 R
1892 1127 1911 1146 A
1921 1126 1943 1146 T
1954 1127 1975 1148 U
1985 1127 2012 1148 M
2031 1120 2064 1150 &
2083 1119 2115 1150 G
2126 1129 2148 1150 R
2157 1130 2176 1150 A
2186 1128 2238 1150 TU
2248 1130 2275 1152 Μ

1221 1154 1360 1188 perpetuis
1375 1154 1550 1191 temporibus
1572 1163 1620 1184 HA
1630 1164 1646 1183 Ε
1656 1164 1666 1184 1
1677 1163 1700 1183 T
1709 1164 1730 1184 υ
1743 1163 1794 1184 Ru
1805 1163 1832 1185 M
1852 1157 1986 1194 quicquid
2007 1167 2054 1194 per
2077 1158 2277 1190 Procuratores

1221 1190 1334 1220 nostros
1347 1192 1512 1230 praeditstos,
1530 1193 1575 1223 vel
1598 1193 1718 1229 ipsorum
1739 1193 1877 1231 aliquem,
1897 1194 1944 1224 Ac
1954 1204 1976 1224 T
1985 1204 2006 1224 υ
2015 1205 2041 1225 Μ
2051 1219 2060 1233 ,
2079 1196 2109 1226 G
2120 1206 2137 1226 Ε
2149 1207 2160 1227 s
2169 1206 2222 1227 TU
2231 1206 2276 1237 M,

1220 1227 1265 1257 seu
1284 1227 1531 1260 PRocURATUM
1551 1231 1633 1261 fuerit
1647 1232 1676 1260 in
1691 1231 1840 1261 Praemiffis
1854 1233 1887 1263 &
1902 1232 2009 1271 singulis
2024 1233 2257 1275 Praemissorum,

1256 1265 1387 1306 Ipsosque
1410 1267 1609 1300 Procuratores
1627 1270 1660 1300 &
1682 1269 1818 1300 Nuncios
1840 1270 1967 1308 nostrOS,
1986 1273 2018 1303 δε
2038 1282 2137 1303 eorum
2153 1276 2276 1312 quemli-

1220 1303 1283 1341 bet,
1302 1306 1337 1334 ab
1352 1307 1434 1336 omni
1447 1317 1534 1338 onere
1548 1307 1688 1338 satisdandi
1708 1308 1848 1347 expresse,
1865 1309 1983 1339 Tenore
2004 1310 2186 1342 Praesentium
2205 1321 2228 1343 R
2240 1322 2275 1343 Ε-

1219 1350 1240 1370 L
1250 1352 1267 1372 Ε
1276 1353 1294 1372 ν
1303 1353 1321 1372 Α
1334 1352 1360 1373 M
1368 1353 1390 1373 u
1400 1354 1422 1373 s.

1256 1380 1275 1400 ³¹²
1294 1380 1327 1411 In
1342 1392 1465 1419 quorum
1486 1385 1617 1414 omnium
1638 1385 1670 1415 &
1692 1384 1862 1422 fingulorum
1885 1385 2103 1417 Testimonium
2123 1396 2206 1426 atque
2225 1389 2272 1419 Fi-

1216 1418 1282 1462 dem
1302 1419 1459 1457 pleniorem
1482 1422 1529 1452 has
1554 1422 1659 1452 Literas
1679 1422 1785 1452 nostras
1804 1422 1932 1454 Parentes
1953 1424 2012 1455 fieri
2033 1425 2171 1465 fecimus,
2188 1429 2222 1458 ὃς
2239 1428 2272 1458 fi-

1217 1457 1275 1494 gilli
1287 1458 1376 1488 nostri
1388 1461 1483 1499 magni
1498 1461 1666 1499 appensione
1680 1462 1792 1491 muniri.

1256 1533 1366 1578 Datum
1380 1535 1452 1573 apud
1468 1536 1630 1567 Manerium
1644 1537 1771 1568 nostrum
1788 1538 1823 1569 de
1843 1538 1990 1570 Chilterne
2008 1540 2147 1580 Langele,
2166 1541 2271 1574 Trice-

1217 1571 1288 1602 fimo
1302 1573 1348 1603 die
1364 1573 1553 1613 Decembris,
1570 1575 1656 1605 Anno
1671 1575 1794 1606 Domini
1811 1576 1966 1608 Millelimo
1973 1579 2190 1612 Trecentesimo
2198 1581 2269 1613 No-

1217 1611 1361 1650 nagefimo
1375 1613 1506 1651 Qinto,
1525 1612 1562 1644 Et
1576 1613 1672 1652 Regni
1686 1614 1775 1644 nostri
1789 1614 1917 1647 Decimo
1930 1616 2042 1656 Nono,

1256 1687 1374 1719 D'autre
1387 1698 1465 1729 part,

1254 1764 1360 1798 EsTt:
1380 1767 1531 1799 FAITES
1551 1767 1584 1799 &
1604 1767 1913 1800 CONTRAICTES
1931 1770 2214 1804 FIANSAILLES
2234 1775 2268 1805 ὃς

1215 1802 1263 1872 {Is
1272 1813 1289 1834 P
1298 1815 1349 1836 ου
1359 1816 1371 1837 s
1380 1817 1400 1837 A
1411 1815 1451 1837 tL
1461 1816 1481 1837 L
1492 1816 1510 1837 E
1522 1816 1534 1837 s
1553 1807 1591 1838 du
1614 1807 1654 1837 dit
1673 1807 1740 1847 Roy
1760 1808 1969 1847 d'Angleterre,
1988 1810 2021 1840 ὅ(
2045 1810 2081 1840 de
2094 1810 2191 1842 nostre
2209 1812 2269 1844 dite

1253 1854 1313 1875 rece

1254 1881 1278 1912 E
1289 1868 1330 1921 T:
1348 1894 1363 1914 a
1375 1883 1451 1914 ceste
1464 1884 1559 1921 cause,
1578 1884 1616 1914 les
1630 1884 1677 1914 diz
1691 1883 1800 1915 Contes
1815 1885 1848 1916 ὃς
1863 1884 2066 1924 Chambellan,
2084 1897 2156 1926 pour
2177 1890 2211 1920 δε
2228 1900 2268 1920 ou

1215 1919 1302 1951 Nom
1318 1922 1355 1952 du
1369 1922 1409 1953 dit
1423 1922 1491 1963 Roy
1505 1923 1718 1961 d’Anglererre,
1737 1925 1770 1954 &
1786 1934 1831 1961 par
1846 1933 1925 1955 vertu
1939 1924 1974 1954 de
1988 1925 2046 1954 leur
2055 1926 2162 1956 Povoir
2177 1928 2269 1959 dessus

1215 1959 1375 1999 transcript,
1391 1970 1476 1991 οΝτ
1495 1961 1705 2000 AccoRDE,
1723 1961 1907 2000 Pnoms,
1921 1962 2268 2006 ENcoveNAthss,

1213 1998 1247 2030 &
1262 1998 1390 2038 June,
1411 2000 1691 2038 AccoRDENT,
1711 2000 2265 2040 PROMETTEN·r,EncoNvE-

1214 2046 1237 2067 N
1247 2048 1266 2068 A
1277 2046 1299 2067 N
1310 2047 1350 2068 cr:
1361 2046 1383 2067 N
1394 2046 1416 2067 T
1426 2063 1435 2076 ,
1454 2039 1486 2069 ὅ(
1503 2046 1548 2077 Ju
1561 2047 1582 2068 n
1594 2048 1611 2068 Ε
1622 2047 1645 2068 N
1656 2047 1677 2068 T
1698 2049 1753 2077 que
1765 2038 1790 2068 le
1803 2039 1843 2068 dit
1860 2039 1927 2077 Roy
1943 2039 2137 2077 d’Angleterre
2156 2051 2266 2073 PRAN-

1213 2085 1294 2145 RsIRA
1314 2076 1410 2106 nostre
1429 2077 1486 2108 dite
1509 2076 1605 2107 Niece
1625 2087 1640 2108 a
1660 2077 1798 2115 Femme,
1817 2078 1849 2108 &
1864 2077 2002 2116 Espouse,
2022 2087 2102 2109 PAR
2124 2089 2263 2112 LoYAL

1260 2124 1422 2145 ARIAGE

1249 2153 1287 2184 Et
1297 2139 1516 2185 desmaint⁷enant
1529 2154 1608 2192 eulx,
1628 2164 1701 2192 pour
1716 2154 1749 2185 ὃς
1760 2164 1800 2184 ou
1816 2153 1902 2184 Nom
1924 2155 1961 2185 du
1982 2154 2023 2186 dit
2046 2155 2114 2196 Roy
2128 2157 2266 2197 d'Angle-

1211 2193 1349 2261 terlre,d&
1366 2202 1412 2261 past
1426 2201 1506 2224 vertu
1518 2193 1557 2224 du
1577 2193 1617 2224 dit
1637 2192 1744 2224 Povoir
1752 2216 1762 2232 ,
1780 2192 1840 2222 L'E
1851 2202 1862 2223 s
1870 2201 1888 2222 r»
1898 2202 1917 2222 o
1928 2202 1948 2223 υ
1960 2203 1972 2223 s
1982 2202 1999 2223 Ε
2009 2203 2032 2225 R
2041 2204 2060 2224 0
2071 2203 2090 2225 N
2102 2203 2125 2225 T
2141 2206 2189 2233 par
2211 2198 2265 2230 Pa-

1211 2241 1246 2261 ro
1256 2241 1284 2260 es
1318 2241 1332 2261 e
1345 2241 1394 2268 pre
1406 2240 1469 2269 ent,

1248 2269 1302 2307 Et,
1322 2271 1412 2307 parmi
1426 2280 1477 2308 ce,
1496 2269 1600 2307 Nous,
1619 2269 1702 2300 Ducs
1714 2269 1805 2300 deffus
1822 2278 1947 2308 nomez,
1967 2280 2038 2307 pour
2051 2272 2084 2302 &
2096 2282 2134 2303 ou
2148 2283 2220 2304 nom
2228 2275 2265 2306 de

1211 2318 1282 2338 mon
1295 2308 1335 2338 dit
1347 2308 1483 2348 Seigneur
1496 2308 1522 2338 16
1536 2308 1604 2347 Roy
1618 2310 1651 2340 &
1664 2309 1701 2338 de
1716 2309 1811 2338 nostre
1823 2309 1880 2338 dite
1899 2308 2011 2347 Niece,
2029 2310 2130 2341 Avons
2150 2311 2265 2343 Accor-

1208 2346 1244 2376 de
1259 2347 1293 2378 δε
1306 2345 1435 2385 Promis,
1455 2347 1624 2378 Accordons
1639 2348 1670 2377 &
1688 2347 1884 2384 Promettons,
1904 2357 1959 2385 que
1980 2347 2075 2379 nostre
2088 2349 2145 2380 dite
2167 2350 2264 2383 Niece

1210 2385 1328 2423 prandra
1343 2396 1358 2416 a
1374 2385 1450 2415 Mari
1466 2387 1499 2416 &
1512 2385 1624 2424 Espoux
1639 2385 1664 2415 16
1676 2385 1717 2416 dit
1732 2385 1801 2424 Roy
1817 2385 2029 2424 d'Angleterre,

1247 2423 1284 2454 Et
1298 2423 1518 2454 desmaintenant
1530 2423 1719 2462 l’Espousera,
1735 2433 1782 2461 par
1798 2423 1908 2455 Paroles
1921 2424 1956 2454 de
1969 2425 2092 2463 present,
2111 2435 2147 2456 en
2161 2426 2186 2457 la
2194 2427 2264 2459 Pre-

1209 2463 1291 2492 sence
1304 2462 1351 2493 des
1363 2462 1411 2492 diz
1424 2462 1534 2493 Contes
1548 2464 1581 2494 &
1596 2462 1800 2500 Chambellan,

1214 2500 1284 2569 &13
1300 2500 1344 2531 sur
1355 2511 1390 2531 ce
1404 2511 1456 2532 ont
1469 2500 1526 2531 este
1539 2502 1675 2531 obtenues
1690 2500 1918 2539 Dispensacions‚
1936 2500 2076 2532 souffilans
2089 2502 2155 2533 d’un
2163 2505 2263 2536 couste

1210 2548 1243 2569 e*
1282 2540 1365 2570 'autre

1246 2576 1260 2607 I
1268 2586 1289 2607 T
1300 2587 1317 2608 Ε
1328 2586 1353 2607 M
1362 2565 1446 2616 ,’que
1460 2578 1485 2607 le
1497 2577 1538 2607 dit
1555 2577 1756 2616 Monseigneur
1768 2576 1794 2607 le
1809 2576 1894 2617 Roy,
1913 2587 1927 2607 a
1939 2577 2047 2608 l’onure
2059 2579 2092 2610 δε
2105 2589 2178 2617 pour
2191 2591 2263 2612 con.

1207 2616 1373 2654 templation
1394 2616 1431 2646 du
1453 2616 1494 2646 dit
1514 2615 1611 2646 MAR
1622 2625 1719 2646 IAGE
1741 2616 1773 2646 &
1795 2626 1868 2653 pour
1888 2616 1915 2646 sa
1929 2616 1985 2646 dite
2001 2617 2087 2655 Fille,
2106 2618 2191 2649 &les
2204 2619 2264 2650 En-

1208 2655 1267 2684 fans
1282 2656 1330 2693 qui
1344 2655 1443 2684 istront
1458 2656 1491 2685 &
1512 2654 1619 2685 serront
1638 2663 1775 2694 procreez
1796 2654 1908 2685 d'icelui
1927 2653 1990 2685 MA
2001 2664 2024 2685 R
2035 2665 2046 2685 1
2056 2665 2074 2685 A
2085 2665 2107 2686 G
2118 2665 2135 2686 Ε
2147 2680 2156 2695 ,
2171 2658 2204 2688 ὃς
2225 2659 2264 2689 les

1208 2691 1389 2723 Descendans
1400 2692 1497 2730 d'eux,
1513 2693 1623 2723 baillera
1635 2695 1668 2724 δε
1680 2694 1770 2732 paiera
1783 2703 1817 2723 au
1832 2693 1873 2722 dit
1886 2692 1954 2736 R.⁰Y
1969 2694 2178 2763 d’AnfflIeterre,
2197 2707 2236 2727 ou
2245 2707 2260 2727 a

1207 2731 1258 2761 son
1272 2733 1377 2762 certein
1393 2731 1599 2769 Mandement,
1616 2731 1641 2761 la
1656 2731 1776 2762 Somme
1795 2732 1831 2761 de
1852 2730 1927 2761 Huit
1947 2731 2025 2762 Cens
2087 2733 2142 2763 illes
2159 2734 2181 2763 F
2183 2745 2262 2766 rancs

1205 2770 1296 2808 d'Or,
1314 2781 1352 2800 ou
1366 2771 1391 2800 la
1406 2770 1518 2808 valeur,
1534 2770 1592 2806 quil
1607 2777 1660 2799 ont
1673 2779 1757 2800 cours
1770 2780 1805 2800 en
1820 2769 1928 2800 France
1941 2770 1976 2800 de
1989 2770 2119 2809 Present,
2138 2773 2170 2802 &
2185 2773 2262 2804 selon

1206 2808 1232 2838 le
1249 2808 1333 2839 Marc
1349 2808 1422 2838 d'Or
1437 2818 1484 2846 par
1498 2808 1574 2838 ceste
1589 2807 1701 2845 forme,
1722 2806 1934 2846 C'estasfiivoir,

1243 2846 1338 2878 Troiz
1351 2847 1429 2878 Cens
1445 2846 1542 2877 Milles
1557 2846 1641 2876 Frans
1655 2855 1670 2876 a
1684 2846 1787 2876 l'Anell
1802 2846 1835 2877 &
1850 2845 2059 2877 Solennisacion
2073 2846 2110 2879 du
2124 2847 2164 2879 dit
2181 2848 2262 2880 MA-

1208 2894 1343 2916 RIAGE

1244 2923 1281 2955 Et
1295 2910 1372 2955 Cen’t
1384 2923 1478 2954 Milles
1495 2923 1596 2953 Francs
1611 2932 1648 2953 en
1661 2922 1686 2953 la
1701 2921 1739 2952 fin
1754 2921 1790 2952 de
1806 2921 1890 2960 l’An,
1907 2932 1985 2961 apres
1998 2924 2087 2962 ycelle
2105 2924 2263 2957 Solennila-

1206 2972 1273 2993 cion

1242 2985 1290 3032 Et²
1300 2999 1364 3030 ainsi
1383 2999 1430 3029 des
1452 2999 1527 3029 lours
1546 3009 1581 3029 en
1601 3007 1700 3037 avant,
1718 2998 1796 3029 Cent
1814 2997 1911 3029 Milles
1934 3000 2034 3038 Frans,
2055 3000 2132 3032 d’An
2144 3012 2180 3033 en
2197 3003 2261 3042 An,

1203 3039 1320 3078 Jusques
1335 3050 1350 3068 a
1364 3038 1443 3068 Plain
1456 3038 1603 3068 Paiement
1617 3037 1735 3068 d'iceulx
1751 3037 1824 3067 Huit
1837 3037 1914 3068 Cens
1931 3037 1987 3067 Mil
2004 3039 2101 3078 Frans,

1245 3078 1301 3107 Les
1322 3077 1404 3115 quelx
1426 3086 1497 3106 mon
1517 3077 1556 3106 dit
1576 3077 1710 3115 Seigneur
1730 3076 1755 3106 le
1769 3075 1838 3116 Roy
1854 3075 1962 3108 Donne
1976 3077 2009 3108 &
2023 3085 2124 3116 otroye
2137 3087 2151 3107 a
2165 3078 2189 3108 sa
2204 3079 2260 3111 dite

1209 3116 1277 3145 Fille
1292 3126 1364 3153 pour
1380 3117 1411 3146 ὃς
1427 3124 1462 3144 cn
1475 3114 1530 3145 lieu
1544 3114 1579 3144 de
1592 3123 1662 3145 touz
1676 3114 1821 3153 Partages,
1840 3114 2024 3153 Appenages,
2043 3116 2260 3148 Succeffionsde

1208 3154 1279 3185 Pere
1293 3156 1326 3185 &
1342 3154 1376 3184 de
1390 3153 1492 3191 Mete,
1511 3155 1544 3184 &
1557 3161 1647 3183 autres
1662 3153 1757 3183 Droiz
1773 3152 1980 3191 quelconques,
1998 3164 2053 3192 que
2060 3154 2139 3193 Elle,
2155 3155 2261 3186 ses-En-

1207 3193 1281 3231 fans,
1299 3193 1331 3223 δί
1344 3193 1380 3222 les
1395 3191 1574 3222 Descendans
1588 3191 1695 3230 d¹eulx,
1714 3191 1786 3220 leurs
1800 3190 1906 3229 Hori-s,
1925 3192 2104 3223 Succeffours
2114 3215 2122 3228 ‚
2141 3194 2174 3223 &
2187 3196 2260 3224 aians

1207 3233 1303 3269 cause,
1319 3231 1482 3269 pourroient
1498 3229 1663 3260 Demander
1698 3230 1852 3268 reclamer,
1870 3231 1903 3260 δε
1917 3232 2013 3269 avoir,
2029 3241 2066 3261 en
2081 3230 2212 3261 Meubles
2220 3242 2259 3264 ou

1206 3269 1372 3307 Hetitages,
1387 3279 1426 3298 ou
1441 3268 1593 3307 Royaume
1607 3268 1644 3298 de
1659 3253 1682 3298 1Ξ
1684 3277 1783 3305 rance,
1801 3278 1840 3298 ou
1853 3276 1930 3298 autre
1945 3278 2012 3306 part.
2061 3307 2066 3312 ,

1244 3308 1375 3338 Pourveu
1386 3329 1394 3345 ,
1412 3308 1569 3337 toutevoies
1581 3329 1591 3344 ,
1609 3316 1663 3344 que
1688 3316 1722 3336 ce
1744 3316 1779 3336 ne
1800 3315 1880 3343 porte
1898 3316 1990 3337 aucun
2009 3306 2151 3345 prejudice
2169 3317 2202 3337 au
2218 3308 2259 3340 dit

1207 3346 1273 3386 Roy
1293 3345 1487 3375 d'An‘rleterre
1502 3369 1511 3382 ,
1527 3355 1563 3374 ne
1582 3355 1597 3374 a
1617 3345 1655 3375 ses
1674 3344 1759 3375 Hoirs
1774 3368 1784 3381 ,
1802 3342 1979 3374 Successeurs
1995 3367 2004 3382 ,
2029 3355 2064 3375 ne
2086 3346 2159 3375 aians
2179 3348 2260 3377 cause

1207 3395 1292 3423 quant
1312 3394 1346 3414 au
1368 3370 1454 3413 Droit
1475 3384 1508 3414 &
1530 3384 1674 3421 Qierele,
1694 3392 1750 3420 que
1769 3382 1795 3412 16
1815 3383 1855 3412 dit
1877 3382 1945 3420 Roy
1960 3382 2157 3420 d'Angleterre
2171 3386 2260 3414 main-

1207 3426 1275 3453 tient
1288 3433 1302 3452 a
1317 3422 1439 3460 present,
1460 3421 1493 3451 &
1509 3421 1657 3451 Monfieur
1672 3422 1698 3452 le
1712 3420 1795 3458 Roy,
1812 3430 1850 3450 ou
1866 3422 2021 3459 contraire,
2039 3431 2111 3459 pour
2127 3421 2198 3461 Lui,
2220 3423 2260 3453 ses

1205 3461 1311 3498 Hoirs,
1330 3460 1525 3498 Succclleurs,
1541 3460 1574 3490 &
1590 3461 1662 3489 aians
1678 3458 1785 3496 Cause,

1244 3500 1281 3530 Et
1296 3500 1387 3529 Parmi
1403 3508 1436 3527 ce
1452 3508 1521 3535 que,
1539 3498 1587 3528 des
1602 3498 1620 3528 fi
1636 3497 1693 3528 tost
1709 3507 1763 3535 que
1778 3496 1829 3526 elle
1843 3495 1898 3526 sera
1914 3496 2015 3536 Angiee
2028 3497 2063 3528 de
2078 3497 2185 3528 Douze
2199 3498 2259 3529 Ans

1205 3539 1365 3576 acompliz,
1384 3535 1461 3573 Elle,
1478 3536 1514 3565 de
1530 3535 1683 3566 l'auftorite
1695 3535 1733 3565 du
1746 3535 1785 3565 dit
1799 3534 1868 3575 Roy
1876 3535 2085 3574 d’Angleterre,
2104 3536 2259 3567 Renonce-

1205 3586 1234 3606 ra
1252 3587 1267 3606 a
1287 3584 1356 3606 touz
1374 3574 1412 3604 les
1432 3573 1481 3604 diz
1502 3573 1629 3613 Partages
1645 3597 1654 3612 ‚
1678 3575 1845 3611 Apennages
1858 3597 1867 3610 ,
1891 3572 2068 3604 Successions
2083 3599 2091 3612 ,
2116 3576 2149 3605 &
2169 3584 2259 3605 autres

1204 3614 1298 3645 Droiz
1311 3612 1515 3652 quelconques,
1533 3623 1604 3650 pour
1618 3613 1684 3649 elle,
1703 3613 1741 3642 ses
1755 3612 1803 3641 diz
1815 3610 2127 3649 Enfans,Descendans
2136 3612 2258 3651 ,Hoirs,

1205 3652 1381 3683 Successeurs
1393 3675 1402 3687 ,
1421 3651 1453 3681 &
1476 3651 1548 3680 aians
1569 3651 1671 3688 cause,
1690 3650 1727 3680 Et
1746 3660 1759 3679 a
1779 3659 1813 3679 ce
1834 3649 2031 3680 l'AuCtorisera
2044 3675 2053 3688 ,
2077 3650 2142 3680 senz
2165 3661 2259 3682 aucun

1205 3691 1361 3727 contredit,
1378 3688 1472 3726 refuz‚
1489 3699 1529 3719 ou
1544 3689 1639 3728 delay,
1658 3689 1684 3718 le
1698 3689 1737 3718 dit
1754 3687 1823 3726 Roy
1838 3687 2046 3727 d'Engleterre,
2064 3699 2112 3726 par
2132 3689 2157 3719 la
2179 3690 2260 3720 meil-

1206 3730 1265 3760 leur
1278 3731 1310 3760 &
1325 3729 1384 3765 plus
1397 3726 1474 3756 seure
1489 3729 1609 3757 maniere
1622 3737 1677 3765 que
1691 3727 1757 3756 faire
1769 3727 1795 3756 se
1810 3735 1907 3763 pourra
1916 3750 1924 3763 ,

1243 3767 1279 3798 Et
1301 3768 1337 3797 les
1358 3765 1405 3794 diz
1427 3763 1553 3803 Contes,
1572 3765 1731 3802 Roteland,
1752 3763 1922 3801 Mareschal,
1939 3765 1971 3795 δε
1983 3764 2188 3804 Chambellan,
2206 3774 2259 3797 ont

1206 3806 1317 3836 Promis
1335 3805 1367 3834 δε
1388 3802 1635 3841 Enconvenance,
1654 3802 1832 3833 Promettent
1852 3803 1885 3833 &
1898 3802 2176 3842 Enconvenancent,
2194 3805 2258 3836 des-

1206 3845 1393 3879 maintenant,
1415 3851 1443 3870 es
1466 3841 1566 3871 Noms
1587 3851 1641 3878 que
1661 3841 1751 3871 dessus
1765 3865 1774 3877 ,
1792 3851 1847 3878 que
1866 3841 1892 3870 le
1913 3841 1953 3871 dit
1975 3841 2042 3880 Roy
2063 3842 2258 3880 d’Angleterre

1205 3881 1382 3913 Aucftorisera
1397 3878 1491 3908 nostre
1506 3879 1561 3910 dite
1577 3879 1688 3916 Niece,
1705 3880 1760 3909 dez
1776 3878 1851 3909 fitost
1867 3889 1920 3916 que
1934 3879 1986 3910 elle
2000 3880 2054 3909 sera
2067 3890 2105 3910 ou
2119 3880 2160 3910 dit
2181 3881 2260 3921 Aage

1205 3921 1241 3951 de
1265 3920 1370 3949 Donze
1379 3918 1453 3955 Ans,
1469 3917 1502 3947 &
1519 3917 1595 3948 sitost
1608 3918 1673 3955 q'uil
1687 3928 1722 3947 en
1736 3918 1806 3947 serra
1820 3918 1915 3954 requiz
1933 3927 2004 3954 pour
2018 3918 2086 3948 faire
2099 3918 2124 3948 la
2136 3918 2191 3949 dite
2198 3919 2260 3950 Re-

1205 3959 1373 3989 nonciacion
1383 3980 1392 3994 ,
1411 3955 1435 3984 la
1450 3955 1488 3985 lui
1503 3955 1559 3985 fera
1574 3956 1639 3985 faire
1655 3965 1702 3993 par
1717 3956 1754 3985 les
1769 3955 1913 3985 Meilleurs
1929 3957 1962 3985 &
1984 3956 2043 3994 plus
2059 3957 2146 3987 seures
2164 3958 2258 3989 forme

1205 3999 1238 4029 ὃς
1255 3996 1376 4026 maniere
1390 4004 1444 4032 que
1457 3994 1522 4023 faire
1536 3994 1562 4024 se
1575 4004 1692 4031 pourra;

1244 4035 1393 4069 Pourveu,
1411 4041 1490 4062 toute
1510 4033 1603 4070 voies,
1620 4042 1690 4069 que,
1707 4041 1741 4062 ce
1755 4040 1790 4060 ne
1812 4039 1894 4068 porte
1912 4041 2003 4063 aucun
2016 4033 2157 4072 prejudice
2170 4044 2203 4064 au
2217 4033 2258 4063 dit

1204 4073 1274 4114 Roy
1293 4071 1503 4111 d’Angleterre,
1522 4080 1558 4101 ne
1578 4080 1592 4101 a
1613 4070 1651 4101 ses
1672 4069 1776 4138 blgoirs,
1794 4069 1972 4103 Succeffeurs
1987 4090 1999 4110 ,
2013 4080 2050 4102 ne
2069 4073 2141 4105 aians
2162 4071 2256 4108 cause,

2173 4114 2259 4147 quant

2301 262 2376 315 Arm.
2386 285 2427 315 D,

2323 324 2409 367 ³396·

2298 366 2350 390 th.
2373 371 2399 389 2.

2293 1393 2310 1410 ³*
2324 1395 2392 1423 VII„

2293 1431 2356 1467 817.
