2561 4251
199 147 280 202 148
609 126 1887 183 CONVENTIONES‚L1TERAE,

44 232 122 265 Ann.
138 231 180 264 D.
1339 217 1448 262 Regis,-
2380 206 2457 239 Ann.
2473 209 2512 243 D,
2532 185 2533 188 Ἴ
2549 182 2561 247 'l

67 270 151 311 1368.
1335 256 1478 292 Dominis,
2402 248 2486 286 1368·
2560 263 2561 267 ,

43 314 118 339 Edv.
138 320 164 348 3·
445 316 529 360 Papa
555 311 600 346 ad
622 314 748 359 Regem,
774 307 811 342 de
826 307 1004 351 Provistone.
1334 292 1423 323 Petro
1438 291 1474 323 de
1493 290 1602 331 Lascya
2379 287 2448 314 Ην.
2465 295 2492 326 3-
2518 305 2523 309 -
2550 284 2561 311 i*

1328 330 1464 370 Johanne
1483 330 1519 361 de
1539 327 1708 367 Branketre,
2532 337 2534 339 >

1332 371 1375 398 Et
1390 368 1551 400 Willielmo
1569 368 1605 399 de
1622 367 1789 406 Thrinton,

43 420 97 446 An·
111 425 158 453 42·
194 397 583 472 Uffibanu⁵·Epis⁶⁰pu⁵A
601 397 705 428 Servus
720 393 875 425 Servorum
892 392 961 430 Dei,
973 390 1115 423 cariffimo
1127 390 1158 420 in
1171 387 1261 419 Chri·
1331 409 1461 438 Notariis
1477 410 1565 446 Regis·

351 438 442 476 Filio,
460 437 561 468 Edwar
637 434 713 473 Regi
729 433 840 473 Angliae
853 430 971 470 illustri,
990 430 1115 461 Salutem
1127 429 1160 460 &
1176 427 1259 467 Apo-

581 446 601 466 o

43 461 85 522 {jc
97 464 178 531 ζόη-ἕ,
194 482 322 515 stolicam
337 476 581 509 Benedictioriem.
598 458 619 518 '²
845 509 850 514 ⁸

43 533 70 559 in
89 534 152 560 Tur.
231 519 343 551 Gratiae
366 515 484 547 Divinae
499 514 656 544 Praemium
670 510 704 542 ὃ(
718 510 904 541 Praeconium
918 507 1053 538 humanae
1065 505 1153 536 laudis
1166 503 1261 541 acqui-

192 561 278 595 ritur,
296 557 336 595 si,
350 565 401 594 per
426 553 570 585 Secularoe
594 550 755 588 Principes,
774 547 966 579 Ecclefiarum
989 545 1128 582 PraelatiS,
1145 543 1260 583 praescr·
1629 533 1692 566 Pro
1715 531 1831 564 Comite
1849 527 1886 562 de
1900 530 2027 563 Marre.

45 579 70 598 π’
90 577 119 608 ς’
192 600 245 630 tim
268 595 455 626 Ecciefiarum
476 589 691 622 Cathedralium
714 587 862 627 Regimini
876 583 1107 621 Praesidentibus,
1123 581 1260 620 oportuni

74 1802 93 1822 *
114 1802 165 1830 v1.

64 1850 132 1877 597·

190 636 296 668 favoris
311 632 477 665 Praesidium
491 630 523 661 δε
538 629 648 660 Honor
661 627 772 658 debitus
786 624 974 665 impendatur.

230 673 353 705 Dudum
381 669 517 709 siquidem
536 667 716 699 Provisiones
737 665 871 695 omnium
896 661 1080 693 Ecclefiarum
1103 658 1262 690 Cathedra-

193 714 282 751 lium,
299 720 403 743 extunc
419 710 449 739 in
469 708 550 738 antea
569 713 779 742 vacaturarum,
796 712 845 741 per
867 700 1074 732 Transsationes
1086 699 1121 729 de
1137 697 1261 728 Praelatis

193 761 307 789 earum,
327 748 447 779 ubilibet
461 745 639 782 constitutis,
658 754 707 782 per
725 752 775 772 nos
788 740 929 772 faciendas
944 738 1135 777 imposterum
1148 736 1184 767 ad
1199 735 1262 766 alias

194 790 333 822 Ecclesias
347 785 545 822 Cathedrales,
563 793 632 815 tunc
645 790 790 817 vacantes,
810 782 843 810 &
858 780 888 809 in
902 778 985 809 antea
1000 785 1157 815 vacaturas,
1172 774 1260 806 Ordi-

193 829 302 861 nationi
317 828 350 858 δε
365 824 551 864 Dispositioni
564 821 668 852 nostrae
680 821 811 851 duximus
825 816 1036 853 Reservandas,

231 867 428 898 Decernentes
453 872 557 894 extunc
581 861 690 891 irritum
716 860 749 890 Sc
775 859 857 887 inane
883 857 903 886 si
921 855 997 885 secus
1019 855 1100 894 super
1120 853 1188 891 hiis,
1212 861 1262 890 per

192 907 388 946 quoscumque
402 926 412 941 ,
430 902 527 941 quavis
548 900 734 936 auctoritare,
751 897 868 928 scienter
889 894 933 925 vel
956 895 1130 933 ignoranter,
1148 892 1262 922 contin-

191 950 509 1015 gessgffggndffgiverb
519 1001 529 1017 ,
546 974 674 1008 Ecclesia
685 972 910 1012 Wygorniensi,
928 980 962 1000 ex
978 980 1014 1001 eo
1028 969 1151 1000 Pastoris
1163 967 1261 998 solatio

195 1021 330 1054 destituta
344 1019 423 1060 quod
439 1017 524 1055 Nos,
540 1013 742 1046 Venerabilem
757 1012 882 1042 Fratrem
898 1007 1262 1046 nostrum,Willielmum,

195 1061 368 1101 Episcopum
381 1055 644 1097 Wygornierisem,
662 1053 691 1081 in
706 1049 962 1090 Archiepiscopum
976 1045 1207 1078 cantuariensem
1221 1044 1263 1075 E-

193 1101 320 1137 lthum,
337 1098 403 1129 licet
423 1095 587 1133 absentem,
603 1103 619 1123 a
640 1089 786 1127 vinculo,
802 1097 861 1126 quo
880 1087 972 1118 eidem
985 1084 1191 1125 Wygorniensi
1206 1082 1264 1113 Ec·

193 1139 305 1176 clesiae,
322 1137 369 1167 cui
383 1144 452 1166 tunc
470 1140 605 1171 praeerat,
621 1129 768 1161 tenebatur
776 1130 792 1165 ,'
800 1127 836 1157 de
850 1126 979 1156 Fratrum
994 1124 1159 1154 nostrorum
1175 1121 1263 1152 Con-

195 1178 275 1214 filio,
294 1176 327 1207 &
349 1174 376 1206 A
397 1172 527 1204 ostolicae
542 1168 691 1201 Potestatis
705 1165 892 1204 plenitudine,
910 1162 1101 1201 absolventes,
1120 1161 1213 1199 ipsum
1227 1160 1263 1191 ad

195 1214 351 1248 Ecclesiam
403 1209 622 1246 antuariensem,
639 1215 708 1238 tunc
729 1212 901 1242 vacantem,
919 1202 1097 1233 Au&oritate
1118 1197 1265 1240 Apostoli-

197 1254 232 1286 αἱ
241 1278 251 1293 ,
264 1253 396 1284 duximus
409 1247 631 1281 transferendum
640 1242 842 1284 ,praeficiendo
855 1251 923 1272 eum
936 1240 1022 1271 dietae
1036 1239 1170 1271 Ecclefiae
1185 1237 1264 1269 Cari-

194 1291 321 1325 tuariensi
336 1292 366 1321 in
381 1287 634 1327 Archiepiscopum
651 1285 683 1315 δε
700 1281 864 1319 Pastorem,

235 1331 303 1362 Nos
317 1330 352 1360 ad
373 1327 572 1359 Provisionem
588 1323 670 1362 ipsius
692 1321 735 1352 W
755 1318 907 1360 gornierisis
927 1317 1065 1349 Ecclesiae
1085 1316 1207 1347 celerem
1229 1314 1264 1346 &

197 1370 329 1409 felicem,
347 1367 382 1398 de
403 1365 461 1406 qua
474 1364 582 1402 nullus,
599 1370 699 1400 praeter
751 1369 802 1398 os,
819 1358 853 1389 ea
867 1359 947 1396 vice,
965 1356 992 1387 se
1007 1356 1198 1386 intromittere
1211 1363 1265 1394 po-

196 1417 304 1445 tuerat,
323 1416 416 1444 neque
432 1411 540 1443 poterat
559 1400 781 1440 (Reservatione
800 1399 834 1430 &
854 1396 984 1427 Decreto
1000 1393 1208 1425 Obfistentibus
1221 1393 1265 1423 su-

195 1447 342 1486 pradictis)
362 1455 399 1475 ne
420 1443 474 1481 ipsa
487 1439 693 1480 Wigorniensis
706 1437 830 1468 Ecclesia
844 1436 960 1466 diutinae
972 1433 1127 1465 vacationis
1142 1433 1266 1471 subjace-

197 1496 239 1517 ret
251 1482 470 1519 incommodis,
487 1480 607 1518 paternis
622 1479 654 1509 &
667 1475 780 1508 solicitis
792 1474 896 1506 Studiis
909 1472 1106 1509 intendentes,

236 1523 307 1556 Post
324 1521 568 1553 Deliberationem
577 1541 586 1556 ,
604 1526 691 1554 quam
705 1515 785 1554 super
799 1514 851 1544 hiis
863 1522 931 1543 cum
945 1511 1049 1542 eisdem
1063 1510 1204 1541 Fratribus
1216 1508 1266 1539 ha-

199 1564 314 1594 buimus
334 1561 516 1601 diligentem,
534 1556 654 1587 demum
675 1554 728 1591 ad,
747 1551 946 1583 venerabilem
967 1550 1096 1581 Fratrem
1117 1547 1266 1586 nostrum,

197 1601 392 1635 Willielmum
413 1594 671 1635 wygorniensem‚
687 1602 756 1624 tunc
777 1590 1005 1627 cicestrensem,
1020 1587 1212 1626 Episcopum,

237 1638 428 1670 Consideratis
457 1635 619 1666 Grandium
643 1633 782 1664 virtutum
805 1630 908 1660 meritis
929 1629 962 1659 &
985 1627 1149 1657 muneribus
1168 1625 1269 1665 gratia-

200 1688 265 1710 rum
276 1702 286 1717 ,
304 1678 404 1717 quibus
418 1674 572 1706 Personam
584 1671 672 1709 suam,
691 1677 776 1709 prout
791 1668 1001 1708 fidedignorum
1016 1665 1194 1704 percepimus
1205 1664 1269 1695 Te-

201 1717 340 1748 stimonio
348 1740 356 1754 ,
375 1713 529 1745 Altissimus
542 1711 681 1750 insignivit
689 1732 698 1747 ‚

238 1755 386 1795 Qiodque
407 1753 462 1790 ipse
481 1750 673 1786 Willielmus,
691 1747 738 1786 qui
755 1745 904 1785 Regimini
927 1742 1050 1781 ejusdem
1066 1741 1201 1773 Ecclefiae
1216 1739 1269 1771 Ci-

201 1794 344 1825 cestrensis
366 1793 501 1822 haetenus
523 1787 694 1820 laudabiliter
717 1784 851 1826 praefuit,
876 1783 1019 1822 praefatam
1033 1782 1052 1801 *
1070 1781 1270 1820 Wygornien-

200 1833 256 1864 sem
273 1832 432 1864 Ecclesiam
446 1829 512 1860 sciet
524 1828 557 1859 &
571 1826 695 1866 poterit,
710 1823 828 1855 auctore
841 1822 993 1859 Domino,
1009 1819 1149 1852 salubriter
1164 1820 1269 1861 guber-

200 1882 283 1908 nare,

241 1910 404 1942 Direximus
415 1906 526 1938 Oculos
540 1902 644 1935 nostrae
658 1901 769 1932 mentis.

236 1948 414 1980 Intendentes
434 1946 517 1985 igitur
531 1965 541 1982 ,
566 1944 625 1974 tam
647 1941 733 1972 dietae
761 1938 897 1970 Ecclesiae
917 1935 1122 1978 Wygornienfi
1137 1958 1148 1974 ,
1179 1935 1268 1974 qu'am

199 1989 258 2029 ejus
278 1987 370 2026 Gregi
385 1985 547 2017 Dominico
557 2004 567 2021 ,
584 1981 725 2011 salubriter
739 1978 906 2018 providere,

237 2027 331 2066 Ipsum
356 2024 546 2055 Willielmum
568 2031 582 2050 a
596 2019 735 2056 Vinculo,
754 2028 814 2056 quo
832 2016 918 2047 distae
930 2014 1064 2046 Ecclefiae
1079 2012 1268 2051 Cicestrenfi,

199 2068 247 2098 cui
261 2075 329 2096 tunc
344 2071 477 2102 praeerat,
488 2057 694 2096 tenebatur,de
706 2056 831 2094 ipsorum
848 2055 977 2086 Fratrum
989 2052 1119 2084 Consilio
1135 2053 1168 2084 &
1184 2052 1268 2090 Apo-

200 2105 309 2136 stolicae
322 2101 470 2134 Potestatis
486 2097 674 2140 plenitudine,
690 2095 880 2132 absolventes,

238 2143 331 2181 Ipsum
355 2142 388 2172 ad
410 2140 552 2180 praefatam
570 2134 807 2176 Wygorriiensem
824 2131 1000 2171 Ecclesiam,
1018 2130 1184 2161 auctoritate
1214 2130 1268 2160 'rae-

199 2183 291 2214 diCta.
313 2181 443 2211 duximus
462 2175 702 2212 transferendum,
722 2172 868 2211 ipsumque
889 2171 926 2201 illi
948 2170 1125 2208 praefecimus
1147 2170 1176 2199 in
1228 2169 1270 2205 pi-

201 2222 324 2259 scopum
340 2221 373 2251 &
387 2217 534 2248 Pastorem
544 2238 554 2253 ,
571 2214 678 2245 Curam
694 2214 727 2244 &
743 2210 1027 2242 Admiriistrationem
1043 2208 1122 2246 ipsius
1135 2207 1270 2238 Ecclesiae

201 2257 421 2299 Wygorniensis
436 2256 529 2286 eidem
546 2253 724 2289 Willielmo,
744 2251 773 2280 iri
788 2249 979 2289 Spiritualibus
993 2249 1026 2280 &
1040 2246 1247 2284 'semporalibu

200 2299 322 2339 plenarie
343 2293 556 2327 committendo
571 2314 582 2330 ,
613 2289 789 2327 liberamque
811 2289 860 2319 sibi
881 2287 1035 2319 tribuendo
1054 2285 1216 2316 Licentiarn
1234 2256 1271 2315 affl

201 2338 321 2369 eandem
341 2334 500 2365 Ecclesiam
518 2330 692 2366 transeundi,

242 2373 335 2406 Firma
348 2372 428 2403 ducti
444 2369 545 2401 fiducia
561 2368 659 2407 quod,
679 2366 759 2405 ipsius
773 2364 915 2395 Willierni
931 2363 1006 2394 Actu
1022 2364 1055 2395 &
1070 2361 1167 2401 Operi
1181 2361 1270 2397 (illius

205 2411 368 2445 Clementia
389 2411 526 2450 dirigente
548 2418 563 2438 a
585 2416 645 2445 quo
668 2404 863 2435 universorum
885 2402 1064 2432 carismatum
1077 2401 1152 2431 dona
1168 2410 1270 2437 prove-

205 2454 303 2489 niunt)
323 2450 466 2490 praelibata
487 2446 609 2478 Ecclesia
627 2442 860 2482 Wygornienfis,
878 2450 926 2479 per
949 2441 1030 2480 ipsius
1052 2439 1204 2469 Willielmi
1219 2449 1270 2470 cu-

205 2492 304 2522 riosam
325 2489 460 2519 solertiam
476 2509 486 2523 ,
508 2486 645 2522 suumque
669 2482 862 2513 Ministerium
885 2478 1059 2517 studiosum,
1084 2477 1214 2508 Honoris
1236 2479 1269 2509 δε

206 2529 395 2567 prosperitatis
408 2525 608 2563 multiplicibus
622 2521 750 2558 proficiet
765 2518 954 2549 incrementis.

246 2568 390 2604 Quocirca
410 2564 591 2594 Serenitatem
612 2561 735 2600 Regiam
760 2566 894 2595 rogamus
918 2556 950 2587 &
972 2555 1118 2586 hortamur
1138 2556 1244 2585 attente
1261 2577 1271 2593 ,

209 2609 341 2646 quatinus
352 2603 475 2634 eundem
491 2601 664 2639 Episcopum
674 2600 745 2636 ,una
760 2606 826 2626 cum
844 2594 969 2626 Ecclesia
984 2595 1032 2624 suo
1047 2594 1198 2624 commissa
1212 2593 1273 2623 Re-

209 2647 308 2686 gimini
319 2667 328 2681 ,
343 2642 448 2672 habens
470 2650 521 2678 pro
542 2638 638 2669 divina
652 2638 685 2668 δε
701 2635 877 2674 Apostolicae
893 2633 970 2664 Sedis
984 2636 1015 2663 ὃ(
1031 2632 1127 2663 nostra
1142 2642 1273 2663 reveren-

208 2685 246 2716 tia
267 2680 428 2722 propensius
442 2677 678 2713 commendatos,
698 2675 734 2704 sic
748 2673 849 2704 eisdem
867 2681 895 2702 te
911 2672 1039 2702 exhibeas
1056 2672 1164 2701 Favore
1178 2671 1273 2710 Regio

207 2722 391 2757 benivolum,
411 2719 443 2749 ὃς
469 2719 497 2746 iri
519 2715 757 2752 oportunitatibus
777 2711 946 2751 gratiosum,
962 2710 1041 2746 quod
1062 2710 1140 2739 idem
1155 2709 1273 2747 Episco-

209 2772 277 2801 pus,
296 2770 343 2797 per
368 2757 512 2788 Auxilium
528 2755 603 2785 Tuae
616 2753 728 2791 gratiae,
748 2752 776 2780 in
792 2748 947 2780 commisso
961 2749 1009 2778 sibi
1025 2747 1158 2778 Eccleliae
1174 2748 1274 2786 praefa-

211 2811 248 2831 (ιε
273 2798 446 2837 Regimine,
462 2794 555 2824 utilius
576 2791 711 2831 proficere
734 2790 839 2826 valeat,
856 2786 945 2826 tuque
964 2786 1081 2823 proinde
1101 2787 1276 2824 consequaris

211 2839 331 2870 Praemia
353 2834 488 2866 felicitatis
508 2841 620 2862 aeternae
637 2853 646 2868 ,
676 2831 709 2860 δε
733 2827 801 2858 Nos
822 2828 908 2857 etiam
930 2824 1134 2855 Celsitiidinerri
1153 2824 1276 2864 Regiam

209 2877 361 2913 condignis
380 2872 516 2912 poffimus
534 2873 563 2901 in
583 2870 718 2900 Domino
735 2866 858 2896 laudibus
874 2864 1086 2895 commendare.

248 2915 319 2946 Dat.
338 2912 478 2951 viterbii,
498 2921 515 2941 v
532 2909 574 2940 Id.
588 2908 742 2944 octobris,
761 2902 945 2937 Pontificatsis
961 2901 1047 2933 nostri
1065 2902 1152 2932 Anno
1173 2901 1258 2932 sexto.

251 2995 340 3022 Anno
363 2991 491 3026 Domini,
511 2984 672 3026 Millefimo,
690 2980 896 3023 Trecentefimo,
914 2977 1079 3020 Sexagefimo
1101 2988 1168 3008 nono
1187 2989 1196 3007 .-

213 3081 248 3100 πο
267 3080 276 3098 .-
302 3066 340 3102 &⁴
362 3069 472 3096 Domini
487 3062 626 3094 Edwardi
639 3065 717 3099 Regii·
735 3059 867 3097 Angliae,
885 3061 971 3087 Tertii
986 3068 1004 3085 a
1019 3053 1183 3096 conquestu,
1201 3077 1238 3094 σς

215 3106 358 3148 dragefimo
376 3107 474 3139 tertio,
499 3102 576 3143 infra
596 3101 754 3137 Palatium,
778 3103 807 3128 in
825 3101 939 3127 Camera
967 3095 1043 3137 ipstus
1060 3096 1170 3125 Domini
1187 3097 1282 3132 Regis,

859 3134 977 3175 Quarta
1001 3135 1042 3163 die
1060 3131 1163 3171 Menfis
1180 3131 1284 3170 Junii,

218 3186 352 3215 Dominus
371 3181 535 3211 Willielmus
557 3180 588 3208 a'e
612 3181 711 3213 Lenn,
737 3174 879 3214 Episcopus
904 3171 1111 3212 ngornienfis,
1129 3169 1191 3200 olim
1215 3175 1286 3200 Cice-

216 3147 290 3185 apud
315 3142 572 3182 westmonasterium
594 3148 674 3178 prope
698 3138 833 3174 London,

212 3222 343 3265 strenfir,
358 3220 445 3250 eodem

214 3377 310 3416 &ostro
326 3379 391 3413 Regi
406 3373 539 3415 informa
554 3369 690 3409 Capituli,

264 3453 323 3490 Ego
341 3451 497 3491 Epifiopus,
515 3451 630 3479 mutatis
648 3444 805 3484 mutandis,
821 3444 853 3473 de
871 3441 1066 3482 jurejurando,
1082 3438 1122 3476 ᾤ’
1143 3438 1214 3470 alias
1229 3450 1289 3470 con-

222 3489 326 3531 ficeta,
345 3488 493 3529 astantibus
512 3486 549 3523 (ῤ’
564 3484 757 3525 praesbntibus,

267 3527 417 3558 Venerabili
433 3530 536 3565 Patre,
551 3528 668 3555 Domino
681 3521 845 3553 Wiiiielmo
858 3520 894 3550 de
908 3519 1092 3561 W'ykeham,
1110 3514 1291 3558 PVyntonienfi

227 3567 380 3673 Ερὲἶῗξζέ
389 3607 522 3646 Domino,
536 3599 772 3669 JohanneGDuce
792 3596 978 3635 Lancastriae,

299 3651 311 3672 t
381 3652 461 3673 omas
478 3654 492 3671 e
504 3651 533 3671 us
552 3644 651 3670 Fratre
695 3647 803 3668 ormano
818 3647 827 3666 :

268 3681 411 3717 Ricardo‚
491 3654 502 3680 Ι

270 3719 432 3749 ΑνιιηᾰεῖᾹε
440 3740 451 3757 ,

273 3756 438 3787 Humfredo
455 3755 491 3787 de
508 3754 617 3792 Bown‚

273 3797 307 3824 H
307 3794 438 3832 erefordi'ae
447 3817 456 3832 ,

276 3832 405 3875 Tbomae
420 3834 454 3862 de
471 3831 548 3862 Bello
567 3829 683 3867 Campo
690 3850 700 3866 ,

278 3871 453 3908 llmrmuyk,

279 3908 421 3936 Comitibus
428 3929 437 3944 ,

278 3947 418 3981 Dominis,
614 3959 619 3964 ·

279 3982 439 4012 willielmo
458 3981 589 4026 Domino
607 3981 643 4011 de
662 3981 813 4018 Latymer,
832 3978 992 4018 Seneftallo‚

219 4041 221 4043 ·
280 4020 374 4053 Alano
393 4020 427 4052 de
445 4019 571 4058 Buxhill,
588 4022 759 4063 Camenam,

1234 2981 1284 3008 In-

214 3031 329 3061 diHione
338 3027 474 3067 septimd:
491 3026 528 3060 (sy
543 3023 722 3063 Pontificatu'is
731 3024 842 3052 Domini
857 3022 940 3057 Papae
949 3019 1077 3057 praedieii
1092 3020 1283 3077 Septimooffn-

1234 3067 1285 3085 ua-

462 3222 578 3249 Domino
593 3215 677 3256 nostro
691 3218 759 3251 Rege
773 3221 835 3243 tunc
844 3216 975 3251 praeleme
983 3234 993 3249 ,
1011 3212 1185 3240 renunciavit
1199 3209 1284 3240 Libe-

220 3264 321 3292 ratiom'
342 3258 536 3297 ’temporalium
549 3254 626 3294 ipfiur
641 3252 815 3292 Episropatzis
828 3260 875 3290 per
891 3254 992 3289 Papam
1000 3248 1092 3289 fatJae
1100 3246 1169 3288 fibi,
1188 3246 1227 3282 (ἐν
1243 3258 1284 3276 re-

221 3302 386 3335 nunciavit,
423 3297 495 3327 uoad
514 3295 577 3331 hac,
595 3296 667 3323 omni
689 3295 777 3328 vigori
798 3290 835 3325 ὠ
850 3289 955 3328 effidlm'
971 3292 1131 3319 Literarum
1147 3285 1286 3326 Apostoli-

222 3349 315 3368 carum
331 3345 389 3375 prae
410 3337 544 3371 illarum,
562 3332 600 3367 &
626 3330 720 3361 deind&
732 3329 797 3368 fecit
814 3326 1075 3367 Fidelitatemficam
1088 3325 1159 3355 didio
1171 3328 1287 3355 Domino
1320 3326 1420 3362 cont-ra

1295 615 1495 678 THomas,
1511 615 1633 660 Comes.
1644 616 1681 647 de
1700 613 1799 652 Marte
1819 614 1857 646 de
1869 614 1982 653 Scotia,
2000 614 2085 646 habet
2100 614 2209 647 Literas
2221 615 2308 656 Regis
2320 615 2357 647 de
2372 618 2441 650 Ann
2465 619 2497 652 D

1374 654 1553 700 Conductu,
1567 653 1726 699 veniendo,
1736 656 1805 698 ⁴tam
1824 664 1874 692 per
1886 654 2026 692 Terram,
2044 660 2132 692 quam
2146 664 2196 694 per
2210 654 2311 693 Mare,
2326 656 2356 686 in
2400 643 2474 698 1338
2498 646 2506 653 ⁰

1296 695 1438 733 Regnum
1457 694 1585 739 Anghae,
1602 695 1636 726 &
1654 692 1721 738 alibi
1734 694 1805 725 infra
1820 693 1994 723 Dominium
2008 693 2042 724 &
2055 693 2230 725 Potestatem
2247 693 2360 732 Regis,
2374 701 2427 725 An.
2441 684 2484 734 42·

1296 743 1365 765 curn
1388 732 1555 764 Duodecim
1576 732 1752 772 ArmigeriS,
1771 731 1882 771 Viginti
1905 729 1930 761 E
1951 731 2010 769 uis,
2027 733 2060 764 &
2080 732 2204 764 Famulis
2217 733 2286 772 suis,
2304 732 2360 763 ibi·
2376 741 2405 763 Ε.
2429 746 2456 773 3.
2482 719 2490 727 ²

1296 773 1364 803 dem
1387 772 1542 810 morando,
1567 772 1601 802 &
1621 771 1724 801 exinde
1747 771 1782 802 ad
1804 778 1892 809 partes
1946 770 2123 803 ransmarinas
2143 772 2234 804 verfiis
2256 772 2360 812 Amyas
2377 779 2444 802 Scor.
2461 786 2495 812 4²

1296 811 1482 849 transeundo,
1500 811 1534 842 &
1557 811 1658 841 exinde
1679 811 1709 841 in
1732 810 1840 842 dictum
1862 809 2001 846 Regnum
2019 808 2108 848 Regis
2130 811 2288 850 redeundo,
2310 820 2360 851 per
2377 816 2406 840 Ε.
2429 822 2455 850 3.
2502 797 2508 804 '

1297 860 1391 882 unum
1408 850 1526 881 Annum
1542 849 1692 880 duraturas.
2378 860 2415 880 m.
2435 860 2461 890 3.

1337 888 1426 920 Teste
1441 888 1522 929 Rege
1535 888 1609 928 apud
1621 886 2051 927 Westmonasterium,decimo
2064 887 2141 919 sexto
2154 887 2200 918 die
2215 887 2363 920 octobris.

1930 965 1984 996 Per
1998 962 2083 1005 ipficm
2099 966 2205 1004 Regem.

1621 1086 1650 1113 ἦ*
1670 1090 1727 1122 Pro
1752 1090 1840 1122 Duce
1866 1086 2046 1134 Juliacensi.
2381 1107 2399 1127 ,ι
2415 1109 2468 1138 VI·

1304 1173 1430 1244 REI&
1449 1173 1580 1220 uniyerfis
1601 1173 1765 1220 &fingulifo'
1780 1173 2025 1220 VicecomitibuS,
2043 1172 2218 1213 Major-ibus,
2235 1175 2365 1215 Ballivis,
2382 1147 2459 1216 5Ᾰ9Π8ῃ
2472 1144 2505 1216 D
2521 1148 2528 1158 ι

1338 1213 1589 1291 ὃεὶωιὸηὲίξὲἓζὸε
1603 1213 1659 1243 alus
1673 1213 1815 1245 Fidelibus
1829 1214 1880 1245 suis
1892 1236 1902 1253 ,
1917 1213 1951 1245 ad
1967 1223 2056 1253 quOS,
2073 1213 2134 1245 &c-
2151 1213 2284 1246 Salutem.
2404 1224 2488 1263 1368.
2505 1210 2512 1216 ¹

1337 1290 1417 1335 Cum
1438 1291 1614 1322 Willielmus
1633 1290 1702 1321 Dux
1713 1290 1875 1336 Juliacenfis
1887 1290 1920 1321 ad
1936 1289 2005 1335 Nos
2017 1300 2108 1329 nuper
2122 1291 2153 1320 in
2167 1289 2301 1331 Angliam
2313 1302 2363 1324 ve·
2380 1267 2437 1329 ἔνι’
2451 1273 2500 1299 42'

1299 1337 1387 1375 nerit,
1406 1330 1449 1373 &⁴
1461 1331 1498 1361 ab
1519 1329 1624 1374 eodem
1640 1329 1765 1370 Regno,
1782 1330 1818 1362 de
1834 1330 1965 1361 Licentia
1979 1329 2093 1370 nostra,
2109 1329 2144 1361 ad
2160 1337 2249 1369 partes
2260 1331 2364 1363 Trans·
2380 1310 2455 1368 ὡς·
2474 1349 2489 1367 2

1300 1376 1419 1400 marinas
1433 1372 1463 1399 lit
1477 1368 1626 1406 rediturus,
2433 1350 2472 1374 '4
2493 1361 2501 1369 ⁶

1301 1407 1516 1476 9,ἀὸγιχιῖῑςετρίῐῃυιε
1534 1407 1624 1452 ipsum
1646 1407 1781 1447 Ducem,
1798 1418 1832 1439 ac
1855 1407 2018 1453 Homines,
2035 1408 2070 1439 &
2085 1406 2261 1446 Familiares,
2278 1407 2366 1453 iisque
2380 1382 2411 1455 ξ,
2423 1387 2504 1453 23,‘n,‚⁴

1350 1465 1363 1477 i
1388 1457 1519 1477 umerum
1533 1447 1663 1485 Triginta
1677 1447 1880 1486 Personarum,
1893 1446 1927 1478 ad
1941 1447 2029 1478 dietas
2044 1446 2137 1479 Partes
2164 1455 2242 1479 extra
2256 1445 2367 1478 dietum

1302 1483 1333 1515 R
1391 1495 1440 1530 um
1454 1485 1584 1516 nostrum
1600 1486 1785 1524 transeundo;
2144 1469 2154 1486 ⁷
2386 1464 2434 1492 ²⁰³

1304 1533 1381 1593 ‘erist
1402 1524 1471 1555 ideo
1492 1526 1575 1557 vobis
1596 1525 1778 1563 mandamus,
1793 1524 1855 1559 ὠς.
1874 1530 1906 1554 ut
1927 1527 1956 1554 in
1969 1523 2098 1563 similibus
2113 1524 2145 1555 de
2160 1524 2299 1555 condam
2313 1526 2368 1555 Li-

1341 1602 1375 1633 In
1393 1603 1489 1640 cujus,
1508 1603 1569 1635 &c.
1585 1602 1671 1641 usque
1684 1602 1718 1633 ad
1735 1601 1863 1633 Ostabas
1876 1600 1974 1632 saneti
1988 1600 2125 1640 Martini,
2140 1601 2276 1641 proximo
2291 1601 2368 1633 futu-

1304 1650 1361 1677 ηε,
1378 1641 1528 1671 duraturas.

1339 1678 1429 1711 Teste
1444 1679 1526 1719 Rege
1538 1678 1611 1718 apud
1626 1677 1834 1711 Westmonast.
1847 1678 1985 1710 vicesimo
1998 1678 2104 1710 octavo
2117 1677 2162 1709 die
2176 1677 2326 1711 octobris.

1918 1756 1972 1786 Per
1989 1753 2074 1795 ipficm
2090 1757 2196 1794 Regem.

1436 1896 1470 1918 ro
1492 1880 1661 1918 comitibus
1685 1881 1721 1916 de
1745 1883 1793 1917 Ta
1821 1880 1960 1925 nkarvill
1983 1883 2019 1920 &¹
2035 1877 2195 1928 Salesburg
2199 1892 2233 1928 g.

1309 1967 1454 2025 REX,
1472 1971 1533 2002 &c.
1552 1967 1686 2000 Salutem.

1424 2008 1524 2040 Sciatis
1559 2007 1620 2039 uod

1343 2045 1442 2085 Cum,
1467 2018 1592 2092 prciiles
1611 2030 1690 2091 Viri,
1709 2044 1819 2076 Comes
1839 2044 1876 2075 de
1895 2042 2080 2082 Tankarvssl,
2097 2042 2207 2074 Cornes
2223 2043 2259 2075 de
2279 2042 2368 2075 Sales-
2388 2059 2431 2083 An
2477 2065 2492 2083 2

1304 2083 1345 2129 bt!
1402 2110 1411 2125 ‚
1428 2086 1565 2127 Magister
1587 2083 1770 2116 Guillielmus
1790 2083 1954 2114 Dormantz
1973 2082 2127 2120 Chivaler,
2145 2083 2177 2114 &
2196 2081 2321 2122 Jacobus
2334 2084 2371 2115 de
2389 2098 2410 2121 E
2436 2065 2475 2092 ‘4
2495 2075 2505 2084 “

1304 2121 1363 2155 Ric
1385 2135 1401 2155 e
1425 2124 1560 2157 Decanus
1580 2123 1617 2155 de
1641 2123 1741 2162 Parys,
1763 2122 1800 2153 de
1819 2122 1950 2153 Licentia
1972 2120 2085 2159 nostrii,
2105 2122 2135 2151 in
2157 2121 2294 2161 Regnum
2315 2132 2370 2154 no-
2386 2104 2468 2161 naric-
2495 2136 2522 2160 ,ρ

1306 2160 1395 2194 strum
1413 2164 1540 2203 Angiiae‚
1563 2172 1598 2194 ex
1612 2163 1694 2194 certis
1709 2161 1809 2200 causis,
1827 2162 1855 2191 in
1870 2161 2001 2200 proximo
2015 2160 2067 2190 sirit
2082 2161 2208 2198 venturi,
2387 2176 2409 2199 Ε
2467 2141 2522 2200 'tn‘

1339 2201 1519 2247 Suscepimus
1539 2202 1625 2241 ipsos,
1644 2200 1792 2239 Comites,
1811 2199 2008 2237 Gulielmum,
2024 2199 2058 2228 &
2073 2197 2237 2238 Jacobum,
2254 2202 2369 2232 venien-
2413 2193 2418 2199 “
2442 2181 2465 2211 3¹
2511 2191 2518 2199 ⁶

1304 2239 1344 2270 do
1365 2252 1396 2286 in·
1413 2242 1549 2286 Regnum
1571 2240 1701 2271 nostrum
1721 2239 1909 2277 praedictum,
1926 2247 1995 2268 cum
2017 2235 2145 2267 Centum
2164 2237 2314 2276 Equitibus
2335 2240 2372 2272 de
2411 2230 2419 2238 ⁶

1306 2278 1455 2311 Comitiva
1473 2281 1535 2318 sua,
1556 2280 1589 2311 &
1606 2288 1707 2310 eorum
1722 2278 1919 2316 Hominibus,
1935 2276 2094 2315 Hertiesiis,
2111 2274 2173 2311 &c-
2188 2284 2219 2306 ut
2236 2281 2265 2307 in
2276 2277 2370 2317 fimili-

1305 2320 1354 2350 bus
1369 2321 1400 2350 de
1415 2321 1552 2351 Condus‘lu
1569 2321 1682 2348 Literis.

1343 2359 1376 2389 In
1391 2361 1488 2405 cujus,⁷
1506 2360 1567 2407 etc.
1583 2357 1667 2398 usque
1683 2355 1717 2386 ad
1732 2355 1810 2386 diem
1823 2353 2013 2385 Dominicam
2029 2353 2059 2383 in
2072 2351 2173 2385 Media
2184 2353 2369 2395 Qadragefi-

1305 2406 1535 2478 ωῗέῑξὲοῗὶιῗέἓ
1548 2395 1929 2477 {giigaffledsilnigi'iaassferium
1937 2454 1947 2471 ,
1966 2430 2109 2463 tricesimo
2125 2429 2172 2461 die
2187 2430 2335 2464 Ot‘hibris.

2387 1976 2466 2009 Ann.
2474 1976 2520 2009 D:

2411 2026 2424 2047 1
2430 2016 2494 2055 368.

1987 2511 2041 2539 Per
2055 2506 2139 2548 ipfim
2156 2510 2262 2546 Regem.

1329 2638 1544 2684 Confoederatio
1564 2639 1652 2684 Regis
1675 2637 1804 2668 Francia
1821 2645 1889 2666 cum
1916 2635 2048 2666 Henrico
2067 2630 2191 2675 Castellae
2202 2658 2212 2674 ,
2243 2640 2346 2664 contra

1714 2686 1824 2729 Regem
1842 2681 1968 2728 Angliae.

1348 2774 1382 2805 N
1401 2773 1581 2805 NOMINE
1602 2771 1797 2807 D0M1Nr,
1815 2767 1953 2798 ΑΜΕΝ.

1382 2813 1428 2843 Ad
1443 2821 1625 2852 perpetuam,
1646 2808 1847 2844 Fraternitatis,
1865 2801 2361 2841 Confoederationis‚&Amicitiae,

1350 2855 1426 2885 Inter
1442 2876 1451 2890 ,
1476 2850 1617 2881 Illustrem
1641 2850 1676 2880 ὃς
1703 2845 1893 2885 Magnificum
1920 2844 2014 2874 Princi
2037 2852 2105 2881 eru,
2132 2841 2271 2873 Karolum
2285 2865 2295 2880 ,
2318 2841 2377 2871 Dei

1314 2893 1433 2929 Gratia,
1458 2890 1571 2929 Regem
1601 2888 1794 2923 Francorum,
1816 2884 1941 2914 Fratrem
1969 2892 2010 2912 rio
2037 2890 2099 2912 rum
2131 2879 2318 2917 cariffimum,
2342 2888 2377 2910 ex
2392 2871 2446 2896 Aa.
2460 2877 2510 2905 4²·

1315 2933 1396 2963 Parte
1415 2929 1488 2967 una,
1509 2930 1542 2959 &
1557 2927 1624 2958 Nos
1637 2925 1818 2960 Henricum‚
1835 2921 1933 2954 eadem
1945 2919 2063 2957 Gratia,
2079 2917 2211 2949 Casteiiae
2223 2919 2256 2950 &
2271 2918 2377 2958 Legio-
2391 2910 2412 2933 F.
2441 2916 2466 2943 3·

1315 2972 1374 3010 nis,
1393 2980 1428 3000 ex
1442 2969 1524 3000 Parte
1538 2965 1623 2997 altera
1638 2964 1770 2994 initamm
1780 2983 1790 2999 ,
2396 2944 2468 2989 Infra

1357 3009 1535 3040 Memoriam
1542 3029 1552 3045 ,
2396 2981 2519 3011 Brblrotb.

1351 3048 1390 3079 Et
1405 3056 1454 3085 ut,
2394 3025 2484 3050 Coton.

1352 3084 1576 3118 Nonnullorum
1597 3076 1804 3112 Dementium,
1821 3071 1908 3103 More
1922 3069 2062 3116 Serpentis
2073 3070 2222 3102 inficientis
2233 3072 2379 3103 venenose
2394 3061 2490 3088 TRA-
2500 3065 2527 3096 3·

1314 3126 1438 3163 Terras,
1457 3122 1604 3154 Cornibus
1627 3116 1703 3147 elatis
1725 3113 1758 3144 &
1770 3112 1917 3155 effraenato
1930 3109 2050 3153 Capite,
2069 3109 2298 3141 Discurrentium
2312 3110 2380 3141 hinc

1316 3164 1399 3201 inde,
1418 3163 1519 3192 insanie
1535 3160 1568 3189 &
1582 3157 1704 3190 Furore,
1720 3151 1753 3181 N
1757 3159 1806 3182 utu
1819 3150 1934 3185 divmo,
1949 3147 2072 3179 totaliter
2085 3149 2244 3188 exdrpatis,

1358 3202 1484 3241 Populus
1499 3196 1599 3228 Fidelis
1614 3195 1642 3224 in
1658 3190 1844 3228 tranquilitate
1861 3187 1941 3218 Pacis
1954 3188 2046 3225 vivat,

1357 3239 1518 3276 Didiusque
1539 3235 1604 3265 Rex
1626 3231 1767 3268 Franciae,
1786 3227 1880 3258 Frater
1896 3224 1991 3257 noster
2004 3225 2158 3257 cariffimris
2168 3249 2178 3265 ,
2196 3227 2230 3259 &
2245 3225 2315 3257 Nos
2329 3224 2383 3256 Vi-

1319 3287 1362 3309 res
1375 3278 1439 3309 Cor
1480 3277 1530 3311 ris,
1550 3270 1756 3306 Substantiam,
1771 3267 1804 3298 &
1818 3265 1968 3303 Subdstos,
1982 3264 2061 3295 nullo
2075 3266 2210 3297 obviante
2223 3265 2383 3303 contrario,

1435 3286 1562 3346 fffideles
1576 3318 1714 3349 exponere
1727 3306 1884 3342 valeamus,

1361 3356 1460 3394 Ligae,
1477 3349 1762 3383 Confoederationes,
1777 3344 1881 3381 Pacta,
1897 3341 2105 3381 Fratemitates,
2120 3341 2284 3380 Amicitiae,
2301 3339 2384 3372 Con.

1323 3396 1488 3430 ventiones,
1505 3393 1539 3422 &
1553 3388 1705 3420 Tractatus
1720 3384 1805 3422 facti,
1823 3383 1855 3413 ὃς
1871 3381 1962 3417 facia,
1980 3380 2042 3412 sunt

1361 3432 1438 3464 Inter
1455 3431 1523 3462 Nos
1528 3426 1726 3498 i>praedictum
1744 3422 1926 3458 Hernicum,
1943 3419 2058 3459 Regem
2078 3417 2210 3450 Casteuae
2226 3418 2260 3450 &
2280 3417 2386 3457 Legio-

1401 3481 1417 3501 e
1474 3470 1505 3499 n*
1555 3475 1611 3498 arte

1324 3480 1574 3547 msEtJbtllogileS,
1596 3488 1777 3536 F’ranciscum
1791 3497 1826 3528 de
1840 3495 2035 3534 Petiliolibus,
2051 3494 2268 3527 Vicecomitem
2280 3492 2386 3530 Rodae,

1326 3549 1516 3580 Admirallum
1533 3544 1675 3579 Fraiiciae,
1687 3539 1849 3580 johannem
1863 3535 1900 3565 de
1912 3534 1976 3573 Rya
1990 3534 2156 3566 Dominum
2171 3533 2207 3564 de
2221 3531 2388 3568 Nebboris‚

1327 3587 1438 3618 Milites
1480 3583 1662 3616 Consiliarios
1686 3580 1720 3611 &
1740 3584 1771 3607 ut
1791 3575 1990 3605 Procuratores
2008 3573 2093 3612 dieti,
2120 3573 2221 3604 Fratris
2237 3568 2387 3606 kan'ffimi,

1328 3626 1376 3658 Re
1397 3628 1417 3656 is
1430 3610 1573 3659 Franciae,
1589 3621 1693 3650 virtute
1706 3613 1854 3649 Potestatis
1864 3613 1913 3643 sibi
1928 3612 2000 3644 datae
2007 3634 2017 3650 ‚
2033 3621 2068 3643 ex
2080 3611 2180 3648 altera,

1367 3635 1431 3704 &ii
1447 3664 1481 3695 &
1502 3670 1568 3701 quae
1581 3659 1728 3697 secuntur,

1366 3742 1391 3772 P
1401 3750 1424 3771 R
1434 3748 1446 3770 1
1455 3747 1482 3770 M
1492 3741 1512 3770 ὸ
1531 3736 1698 3773 (videlicet)
1716 3730 1796 3774 quod
1816 3728 1886 3760 Nos
1898 3727 2060 3764 Henricus,
2073 3725 2139 3757 Rex
2154 3721 2302 3760 Castellae,
2317 3730 2390 3760 prae-

1331 3778 1478 3818 dicSh‘isque
1491 3777 1576 3808 Filius
1585 3774 1679 3806 noster
1693 3769 1922 3809 primogenitus,
1937 3775 2017 3796 natus
2030 3772 2075 3795 aut
2087 3763 2251 3806 nascituruS,
2269 3760 2370 3801 Regna
2379 3783 2390 3799 ‚

1331 3818 1450 3855 Terrae,
1468 3816 1576 3852 Patria,
1594 3814 1627 3844 &
1652 3811 1764 3843 Subditi
1783 3808 1886 3843 nostri,
1903 3805 2013 3840 sumuS,
2031 3803 2064 3832 δε
2086 3810 2188 3831 erimus
2207 3808 2242 3830 ex
2260 3809 2338 3830 nunc
2350 3799 2388 3830 de

1333 3865 1457 3894 caetero,
1473 3856 1530 3885 una
1551 3861 1620 3883 cum
1632 3850 1714 3883 dieto
1730 3848 1855 3884 Karolo,
1872 3844 1954 3880 Rege
1967 3841 2161 3883 Francorum,
2179 3838 2275 3869 Fratre
2290 3837 2391 3868 nostro

1334 3893 1497 3931 cariffimo,
1513 3892 1644 3929 Filioque
1663 3887 1878 3926 primogenito,
1895 3887 1962 3911 nato
1980 3887 2027 3908 aut
2047 3878 2203 3914 nascituro,
2221 3876 2268 3907 seu
2290 3876 2390 3907 Primo

1336 3932 1436 3968 Regni
1458 3931 1496 3961 sui
1518 3929 1660 3966 Haerede,
1681 3927 1810 3963 Regno,
1827 3923 1847 3942 ³¹²
1863 3916 1974 3953 Terrfi,
1992 3915 2102 3953 Patria,
2121 3917 2155 3948 &
2178 3915 2302 3960 Subdids
2321 3908 2422 3951 Μὴ*
2440 3908 2494 3939 VI:

1336 3971 1427 4006 boni,
1445 3969 1522 4007 veri,
1539 3967 1633 3998 fideles
1653 3961 1868 3997 Confoederati,
1886 3956 1919 3986 ὃ(
1932 3953 2102 3986 adhaerentes
2118 3955 2232 3993 Amici,
2249 3960 2392 3991 tamquam
2404 3955 2467 3984 599·

1336 4007 1435 4039 nostro
1447 4017 1514 4039 vero
1527 4006 1615 4037 Fratri
1630 4002 1746 4035 naturali
1761 4002 1793 4033 &
1809 3998 1975 4031 Germano,
1992 3994 2037 4026 tali
2051 3993 2159 4033 modo,
2175 3992 2394 4067 videlicethd
