2561 4251
711 159 824 206 ET
907 159 1178 205 ACTA
1260 156 1746 204 PUBLICA.
2251 176 2334 216 147

16 252 100 288 *Ana
108 251 150 283 D.
207 247 267 286 Pro
290 257 350 292 quo
369 252 469 290 vobis,
487 250 646 290 caeterisque
663 248 801 289 Praelatis,
819 260 853 282 ac
868 249 958 280 Clero
973 248 1059 280 dietae
1074 248 1235 280 Provinciae
1429 287 1434 293 .
1449 288 1454 293 ¹
1569 288 1575 293 ψ
1637 287 1642 293 .
1661 288 1666 293 ,
1895 286 1901 292 ·
1959 281 1961 283 ,
2021 287 2025 293 ,
2060 286 2066 293 ·
2204 285 2209 291 ι
2340 246 2464 282 AnnD.

0 307 1 311 ¹
43 292 129 332 1383·
169 293 269 326 vestrae
283 292 370 331 magis
386 291 474 320 teneri
487 290 630 321 voluimus
646 291 676 319 in
691 290 836 327 futurum,
1124 326 1129 331 .
1304 285 1472 331 Confimilia
1494 286 1593 331 Brevia
1615 286 1771 331 diriguntur
1787 284 1914 330 Persoms
1927 285 2095 331 subscriptis,
2112 284 2148 316 de
2163 284 2322 324 huJusmodi
2361 290 2443 328 1383.

12 335 71 363 iaie.
92 341 118 360 τ.
207 331 275 362 Nos
295 330 330 360 de
357 329 509 366 quantitate
527 329 597 359 dieti
618 328 755 365 Subsidii,
781 328 850 358 curn
872 325 1039 357 concessum
1060 325 1144 356 fuerit
1160 348 1169 363 ,
1193 335 1226 356 ac
1266 324 1496 356 Proclamatione
1510 336 1539 356 in
1554 325 1634 356 Villis
1650 325 1806 362 subscriptis
1820 324 1967 363 facienda,
1986 325 2133 364 Videlicet,
2339 328 2391 356 Ric.
2410 337 2436 357 2.

13 3942 34 3962 ⁸
53 3944 119 3972 VIL

16 3991 79 4017 379-

168 370 205 401 de
221 369 363 400 Termino
381 365 427 397 seu
447 366 592 397 Terminis
611 367 764 398 Solutionis
784 365 925 404 ejusdem,
947 363 1131 395 certificantes
1152 363 1226 393 indi>-

170 409 244 476 larg}
263 444 339 482 hoc,
357 442 427 474 sicut
446 442 528 480 Nos,
544 445 578 475 &
597 442 750 473 Honorem
765 441 911 479 nostrum,
931 449 964 472 ac
978 439 1169 470 Salvationem
1191 440 1224 471 &

169 482 377 526 Defensionern
398 480 532 512 Ecclefiae
553 483 586 512 &
609 481 704 519 Regni
726 480 946 519 praedictorum,
963 478 1092 517 diligitis,
1109 479 1227 510 nullate-

169 532 222 554 nus
235 528 378 552 omittatis.

207 589 296 621 Teste
311 590 393 631 Rege
405 591 479 629 apud
493 586 802 626 Westmonastetiuin‚
819 587 914 618 xxviii.
932 585 980 617 die
987 586 1121 625 Januarii.

642 667 696 695 Per
709 665 791 705 ipficm
805 667 902 702 Regem
917 662 955 699 ὠ,
969 663 1120 693 Concilium.

406 793 455 825 De
470 795 571 825 Precio
594 796 631 827 V
628 796 748 825 inarum
765 790 993 824 proclamando.

144 910 150 917 ⁸
173 874 308 932 REX,
327 876 433 915 Majori
450 876 487 911 ὠ
502 877 704 907 vicecomitibus
718 875 882 912 Londoniae,
900 874 1033 905 Salutem.

269 914 367 952 Cum,
386 916 416 945 in
438 915 626 945 Parliamento
647 914 764 952 nostro,
781 914 855 951 apud
873 911 1180 950 Westmonasterium,
1198 912 1228 941 in

170 950 306 983 Crastino
328 953 513 991 Animarum,
535 947 624 982 Anno
645 952 741 992 Regni
763 950 852 982 nostri
871 951 1002 989 Quinto,
1029 960 1109 981 tento
1122 975 1132 988 ,
1154 951 1227 981 inter

171 999 285 1021 caeteras
306 991 506 1022 Ordinationes
525 992 560 1023 &
581 990 759 1021 Concordias
777 990 876 1027 fat-stas,
896 991 1073 1020 contineatur
1093 988 1191 1027 quod,
1207 988 1227 1018 fi

170 1029 265 1066 aliquis
278 1029 414 1068 Anglicus
429 1037 533 1060 extunc
559 1029 652 1059 versus
675 1029 695 1048 ³*
718 1032 807 1067 partes
827 1028 1057 1065 Transmarinas,
1072 1037 1126 1065 pro
1148 1027 1229 1056 Vinis

170 1064 335 1104 Vasconiae‚
353 1066 389 1096 de
403 1066 541 1105 Rupella,
559 1067 668 1108 Oseye,
685 1068 718 1098 &
729 1067 765 1097 de
780 1067 900 1105 ispania,
919 1076 952 1097 ac
973 1065 1054 1096 Vinis
1073 1066 1109 1096 de
1129 1065 1228 1103 Rino,

170 1105 307 1145 proficisci
322 1105 422 1143 vellet,
439 1106 473 1136 ad
489 1115 520 1136 ea
534 1105 568 1136 ad
583 1106 686 1144 aliquas
700 1106 795 1136 Partes
816 1105 887 1135 infra
908 1105 983 1135 idem
1004 1103 1140 1142 Regnum
1167 1104 1227 1134 An-

166 1144 232 1213 {liae
246 1142 427 1181 adducenda,
440 1144 484 1174 illa
496 1154 555 1174 non
569 1145 721 1184 venderet,
735 1154 789 1175 nec
805 1144 927 1174 vendere
942 1142 1050 1180 poffet,
1064 1143 1134 1172 infra
1148 1142 1224 1172 idem

201 1190 327 1219 egnum,
346 1182 397 1212 sub
411 1182 503 1213 Poena
520 1183 714 1214 Forisfaerurae
724 1181 907 1219 eorumdem,
926 1182 996 1212 ultra
1010 1180 1142 1211 Precium
1156 1181 1227 1211 infe-

167 1221 224 1250 rius
237 1220 388 1251 limitatum
406 1221 562 1258 (videlicet)

206 1258 314 1289 Unum
327 1258 470 1297 Dolium,
486 1260 522 1290 de
536 1259 646 1291 meliori
662 1260 740 1291 Vino
761 1258 923 1295 Vasconiae,
941 1257 977 1288 de
998 1256 1107 1296 Oseye,
1126 1256 1171 1288 vel
1191 1256 1227 1286 de

166 1296 287 1335 Ispania,
304 1307 357 1334 pro
371 1297 500 1328 Centum
514 1297 634 1335 Solidis,
1166 1333 1171 1338 ⁸

205 1335 244 1366 Et
257 1336 308 1366 alia
322 1335 425 1373 Dolia,
443 1336 478 1367 de
493 1337 643 1367 communi
656 1336 752 1375 Vino,
770 1335 806 1366 de
820 1335 921 1366 eisdem
935 1334 1047 1372 Patriis,
1067 1343 1119 1371 pro
1133 1342 1229 1362 mino-

167 1375 190 1404 ri
214 1373 318 1405 Precio
335 1397 344 1412 ,
373 1375 451 1413 quta
469 1375 596 1405 valorem
617 1375 684 1405 Vini
706 1374 835 1415 praedieti
858 1373 1011 1411 (videlicet)
1037 1382 1090 1410 pro
1112 1371 1228 1408 Septem

168 1411 294 1450 Marcis,
313 1413 368 1443 Sex
384 1412 490 1443 Marcis
503 1414 536 1444 &
551 1413 680 1450 dimidia,
699 1414 745 1445 vel
760 1413 815 1444 Sex
833 1412 953 1448 Marcis,
1091 1425 1094 1428 ⁴

207 1451 252 1481 Ac
268 1451 374 1481 Unum
389 1451 529 1489 Dolium,
547 1451 582 1482 de
597 1452 705 1482 meliori
720 1451 799 1482 Vino
812 1451 848 1480 de
864 1449 999 1487 Rupella,
1019 1458 1070 1485 pro
1077 1447 1137 1491 ,Sex
1147 1445 1228 1477 Mar-

168 1490 225 1527 cis,
242 1489 274 1520 &
296 1488 418 1519 Doliurn
437 1489 473 1519 de
491 1491 545 1520 alio
567 1490 612 1520 tali
635 1490 732 1528 Vino,
750 1490 786 1519 de
809 1489 915 1518 minori
938 1487 1056 1524 Precio,
1072 1495 1149 1524 JuXta
1170 1485 1227 1529 Va-

167 1527 261 1557 iorem
282 1527 404 1565 ejusdem
425 1527 492 1558 Vini
517 1528 671 1565 (videlicet)
690 1538 742 1565 pro
765 1528 904 1566 Quinque
920 1525 1027 1555 Marcis
1042 1527 1075 1556 &
1095 1524 1227 1562 dimidia,

167 1566 310 1610 Qinque
323 1565 448 1604 Marcis,
465 1567 598 1604 Qatuor
611 1565 718 1596 Marcis
732 1567 765 1597 &
780 1564 916 1603 dimidia,
934 1564 978 1595 vel
1000 1564 1132 1602 Qatuor
1147 1562 1228 1593 Mar-

167 1613 208 1635 cis

203 1627 250 1674 A'c
271 1641 366 1681 Pipae,
384 1643 418 1674 &
437 1642 486 1673 alia
506 1642 575 1672 Vasa
590 1642 626 1672 de
642 1643 745 1673 minori
759 1642 926 1680 quantitate,
944 1639 1114 1671 eorumdem
1133 1638 1227 1670 Vino-

166 1691 231 1714 rum
245 1681 403 1712 vendantur
417 1681 452 1712 ad
466 1680 564 1713 eadem
578 1680 692 1719 Precia,
704 1682 782 1719 quta
795 1689 881 1712 ratam
893 1679 1051 1710 Doliorum
1065 1681 1098 1711 &
1114 1680 1227 1709 bonita-

167 1728 226 1750 tem
239 1718 308 1750 Vini
323 1719 465 1758 praecliffi,

203 1757 242 1789 Et
261 1757 354 1797 quoad
376 1758 545 1796 Retalliam,
570 1758 607 1789 de
626 1757 764 1796 praediffls
789 1757 888 1789 Novis
906 1756 987 1788 Vinis
1009 1756 1044 1787 de
1069 1755 1224 1794 vasconia,

167 1795 277 1836 Oseye,
294 1797 327 1827 &
348 1795 470 1835 Ispania,
500 1798 570 1828 infra
590 1796 665 1827 idem
688 1796 843 1835 Regnum,
869 1805 918 1834 per
942 1795 1078 1834 Anglicos
1099 1794 1225 1825 adductis

165 1835 213 1865 seu
233 1834 420 1873 adducendis,
439 1835 520 1873 quod
541 1836 656 1872 Lagena
675 1835 711 1865 de
734 1835 844 1865 meliori
865 1833 911 1865 tali
932 1833 1027 1872 Vino,
1045 1833 1116 1864 infra
1140 1830 1224 1870 Reg—

166 1882 239 1903 num
253 1873 384 1903 nostrum
399 1874 586 1912 praedidium,
603 1874 652 1904 sub
666 1872 759 1904 Poena
775 1872 797 1902 F
799 1872 971 1903 orisfacfiturae
984 1873 1068 1903 totius
1090 1871 1166 1902 Vasis
1189 1872 1223 1902 &

166 1910 237 1942 Vini
259 1921 323 1951 erga
342 1922 412 1950 nos,
430 1912 500 1943 ultra
521 1913 577 1944 Sex
596 1912 737 1943 Denarios
750 1921 811 1942 non
825 1911 977 1948 vendatur,
995 1910 1034 1941 set
1047 1910 1133 1948 infra,
1144 1911 1223 1948 juxra

165 1950 293 1980 valorem
314 1950 449 1989 eiusdem,
475 1952 508 1982 &
530 1951 642 1991 Lagena
662 1951 698 1981 de
721 1950 833 1981 meliori
854 1949 932 1980 Vino
949 1948 985 1979 de
1009 1949 1145 1986 Rupella‚
1169 1957 1222 1987 pro

167 1988 302 2057 leatuor
316 1988 462 2028 Denariis,
480 1991 514 2021 &
526 1991 612 2029 infra,
629 1988 784 2021 secundum
799 1988 935 2019 Valorem
947 1987 1085 2026 ejusdem:

232 2027 337 2065 tquod
352 2027 462 2058 Vinum
475 2029 512 2059 de
526 2027 626 2067 Rino,
646 2028 719 2058 infra
738 2028 847 2058 dietum
866 2027 1002 2066 Regnum
1023 2025 1223 2057 adducendum

168 2064 236 2105 (pro
250 2076 285 2096 eo
298 2065 376 2104 quod
391 2065 460 2098 Vasa
476 2076 530 2098 nec
547 2067 652 2098 Amuae
664 2066 733 2097 Vini
746 2066 783 2097 de
795 2065 877 2096 Rino
888 2074 950 2096 non
964 2065 1113 2095 continent
1133 2063 1224 2094 Men-

165 2103 259 2134 suram
279 2104 316 2134 de
334 2104 425 2141 certo)
448 2105 608 2136 ordinatum
629 2106 662 2136 δε
683 2103 891 2136 concordatum
914 2104 1003 2134 extitit
1017 2103 1098 2142 quod
1111 2103 1224 2141 Lagena

166 2142 293 2173 melioris
309 2142 376 2173 Vini
392 2143 428 2173 de
445 2143 525 2174 Rino
537 2145 568 2174 in
582 2143 708 2181 Groffo,
725 2153 779 2174 nec
793 2142 828 2173 ad
844 2142 993 2172 Retalliam
1002 2164 1012 2180 ,
1029 2142 1133 2172 alicubi
1152 2142 1224 2172 infra

166 2180 306 2220 Regnum
329 2181 514 2219 praedietum,
533 2192 583 2220 per
605 2182 754 2222 praedictos
778 2181 936 2220 Anglicos,
963 2180 1033 2211 ultra
1050 2180 1104 2211 Sex
1126 2179 1225 2211 Dena—

166 2220 239 2257 rios,
257 2219 307 2250 sub
324 2219 414 2250 Poena
429 2221 579 2259 praedieta,
599 2231 660 2252 non
672 2220 827 2259 vendatur,

205 2257 243 2288 Et
257 2259 339 2288 etiarn
356 2259 437 2296 siquis
451 2259 590 2296 Anglicus
604 2260 768 2290 recusaverit
783 2260 816 2290 δε
831 2258 952 2289 noluerit
974 2257 1047 2289 Vina
1068 2257 1128 2295 sua,
1144 2256 1225 2287 Ven-

165 2295 268 2327 dirioni
280 2297 420 2335 exposita,
438 2307 491 2334 pro
506 2297 605 2329 Precio
620 2298 697 2336 supra
714 2298 849 2335 limitato,
867 2298 897 2328 in
909 2296 1019 2327 Grosso
1034 2295 1174 2333 vendere,
1187 2296 1225 2326 set

166 2344 199 2364 ea
213 2336 323 2365 tannim
335 2335 369 2365 ad
384 2336 534 2367 Retalliam
549 2337 593 2368 seu
609 2337 664 2367 alio
677 2336 768 2367 modo
782 2335 903 2368 vendere
924 2335 1045 2366 voluerit
1065 2335 1135 2365 ultra
1154 2334 1224 2364 Pre-

166 2374 247 2403 cium
269 2374 392 2411 superius
412 2375 581 2414 limitatum,
600 2377 629 2406 in
650 2375 778 2406 fraudem
798 2375 831 2405 δε
852 2382 949 2405 contra
961 2373 1084 2404 formam
1100 2372 1224 2403 Ordina-

166 2412 252 2442 tionis
271 2412 429 2451 praedic'tae,
447 2414 566 2444 habeant
588 2413 730 2452 Maiores,
750 2412 864 2451 Ballivi,
890 2414 923 2444 ὃς
946 2412 989 2442 alii
1012 2411 1224 2443 Gubernatores

164 2448 313 2488 Civitatis,
333 2450 433 2491 Burgi,
453 2451 555 2489 Villae,
573 2461 619 2483 aut
641 2452 750 2483 alterius
770 2452 862 2489 Loci,
889 2452 918 2481 in
938 2460 1061 2489 quorum
1081 2450 1224 2481 Potestate

164 2487 210 2529 seu
220 2488 421 2526 Jurisdietione
438 2490 514 2520 dieta
528 2491 600 2521 Vina
616 2492 803 2528 reperientur,
822 2490 879 2520 five
900 2490 982 2520 fuerit
1003 2489 1074 2519 inFra
1096 2489 1224 2519 Liberta-

163 2533 205 2556 tes
228 2527 283 2558 sive
306 2536 398 2567 extra,
422 2527 611 2567 Potestatem,
633 2539 682 2566 per
703 2529 924 2559 Ordinationem
946 2527 1127 2566 praedidiam,
1146 2526 1224 2565 post-

163 2574 250 2609 quam
268 2565 390 2604 Emptor
404 2568 603 2598 rationabiliter
621 2567 776 2598 Monetam
797 2577 849 2605 pro
861 2566 965 2597 eisdem
980 2565 1061 2596 Vinis
1073 2566 1157 2596 semel
1178 2566 1223 2597 vel

163 2603 207 2633 bis
223 2603 372 2635 Venditori
385 2605 553 2636 eorumdem
566 2605 709 2636 Vinorum
723 2606 872 2644 optulerit,
888 2605 1097 2635 Liberationem
1108 2614 1224 2635 eorum-

163 2641 231 2672 dem
248 2643 389 2674 Vinorum
407 2645 435 2674 in
451 2643 581 2681 Bargania
595 2645 773 2675 existentium
787 2644 871 2674 dietis
886 2643 1070 2681 Emptoribus
1092 2643 1222 2680 faciendi,

165 2681 208 2726 ὣςἱ
223 2690 253 2710 ea
261 2683 433 2748 ,dquamcito
453 2681 520 2713 iude
537 2683 658 2722 requisiti
677 2683 797 2721 fuerint,
812 2682 948 2713 liberandi
961 2692 1013 2720 pro
1028 2681 1130 2712 Precio
1144 2682 1224 2719 supe-

166 2728 224 2760 rius
235 2729 270 2748 or
292 2729 384 2758 mato,

204 2756 238 2786 ht
259 2757 277 2786 si
299 2760 358 2795 quis
378 2758 523 2789 dirstorum
546 2759 681 2799 Major-is,
700 2759 887 2797 Ballivorum,
904 2759 950 2789 seu
973 2758 1092 2789 aliorum
1106 2757 1222 2788 Guber-

164 2802 296 2824 natorum
312 2818 321 2833 ,
349 2796 497 2835 postquam
519 2798 586 2827 inde
604 2798 699 2828 debite
719 2798 863 2835 requisitus
884 2798 985 2835 fuerit,
1011 2797 1223 2827 Liberationem

163 2833 326 2876 praedifflim
345 2835 435 2865 facere
456 2836 638 2874 recusaverit,
661 2837 695 2866 ὃς
718 2837 797 2876 super
815 2836 872 2866 hoc
896 2836 993 2866 debite
1015 2836 1222 2873 convincatur,

164 2871 315 2903 forisfaciat
334 2881 398 2913 erga
418 2883 471 2904 nos
487 2873 623 2905 Valorem
644 2874 788 2905 vinorum
802 2874 1005 2913 praedistorum
1025 2874 1063 2904 sic
1085 2875 1223 2905 emendo-

163 2919 238 2941 rum.

203 2948 370 2981 Intentionis
395 2959 491 2982 tamen
520 2951 626 2983 nostrae
646 2962 706 2982 non
727 2951 817 2982 existit
839 2950 919 2989 quod
939 2950 1104 2981 Tabernarii
1125 2952 1159 2983 &
1181 2951 1225 2981 alii

164 2985 335 3019 Venditores
356 2988 515 3028 Vinorum,
534 3000 564 3022 ea
584 2992 612 3020 in
634 2991 754 3021 Patriam
780 3000 828 3028 per
848 2989 999 3020 Carectam
1023 2989 1168 3020 Cariantes
1188 2991 1222 3021 &

163 3026 218 3055 alio
242 3027 350 3066 modo,
371 3038 419 3065 per
443 3029 548 3059 dietam
569 3029 806 3067 ordinationem,
826 3028 960 3059 Precium
980 3028 1148 3058 eorumdem
1170 3028 1222 3059 Vi-

163 3074 269 3095 norum
285 3087 294 3103 ,
327 3075 380 3103 pro
398 3066 565 3104 Sumptibus
588 3066 709 3108 Cariagii
724 3092 733 3106 ,
757 3077 807 3106 per
828 3077 878 3097 eos
897 3066 1097 3098 rationabiliter
1118 3067 1223 3098 sacien-

163 3102 205 3132 dis
214 3126 224 3139 ‚
241 3103 358 3133 exaltare
370 3105 492 3142 valeant,
509 3114 595 3143 prout
605 3114 669 3137 ante
683 3108 746 3137 haec
760 3115 889 3143 tempora
901 3107 992 3136 extitit
1005 3105 1168 3136 ordinatum
1178 3130 1187 3143 ,

203 3140 242 3184 Et
263 3140 413 3185 specialiter
439 3153 498 3173 non
518 3145 652 3174 exaltetur
669 3146 747 3183 super
770 3144 913 3184 Lagenam
937 3143 1006 3173 Vini
1021 3154 1073 3181 pro
1087 3143 1221 3181 Cariagio

166 3177 380 3222 Quinquaginta
393 3180 548 3211 Miliarium
561 3183 609 3212 nisi
623 3191 734 3214 tantum
748 3183 855 3213 Unum
868 3182 1018 3220 Obolum,
1035 3183 1069 3212 ὃς
1083 3182 1222 3220 similiter,

165 3226 220 3254 pro
237 3219 340 3247 minori
362 3218 406 3248 seu
428 3220 524 3255 majori
547 3219 678 3259 Cariagio
701 3221 788 3259 quarn
809 3222 1022 3260 Qinquaginta
1046 3219 1221 3259 Miliaribus,

165 3254 297 3298 exaltetur
311 3256 390 3293 super
404 3256 546 3295 Lagenam
560 3257 631 3288 Vini
641 3260 719 3296 juxra
732 3259 836 3289 Raram
845 3282 855 3298 ,
872 3260 906 3290 &
923 3269 982 3290 non
996 3259 1139 3297 ultra,sub
1153 3259 1221 3290 Poe-

166 3303 202 3324 na
214 3293 399 3325 fonsfacsturae
413 3295 580 3325 eorumdem
596 3295 739 3327 Vitiorum
749 3319 759 3335 ,

204 3331 259 3370 Et,
275 3333 341 3376 licet
360 3342 466 3376 nuper,
483 3334 512 3362 in
533 3332 719 3365 Parliamento
742 3335 894 3373 praedicto,
920 3335 1092 3367 Ordinatum
1113 3336 1223 3374 fuisset,

166 3369 246 3407 quod
269 3369 358 3408 aliqua
377 3370 450 3401 Vina
470 3370 575 3401 Dulcia
596 3373 626 3402 in
651 3372 698 3402 Re
718 3383 758 3403 no
780 3373 880 3403 nostro
897 3374 1035 3411 praeditsto
1050 3374 1223 3413 nullatenus,

164 3408 216 3438 sub
237 3408 422 3452 Forissactura
443 3410 628 3449 eorumdem,
647 3420 686 3448 po
731 3410 848 3441 Festum
872 3411 1117 3450 SanetiJohannis
1130 3412 1223 3450 Bapti-

165 3445 230 3483 stae,
250 3448 383 3484 proximo
405 3450 595 3488 praeteritum,
611 3449 645 3479 ad
670 3449 819 3480 Retalliam
838 3450 1041 3487 venderentur,
1056 3451 1093 3480 de
1116 3450 1222 3481 assensu

164 3493 259 3528 tamen
281 3484 479 3524 Praelatorum,
499 3486 618 3518 Ducum
654 3486 824 3525 Comitum,
844 3488 1003 3527 Baronum,
1021 3489 1055 3519 δε
1076 3488 1223 3519 Commu-

164 3531 283 3566 nitatum
297 3522 395 3567 Regni
411 3525 537 3560 praedicti
572 3527 601 3555 in
616 3511 806 3557 Parliarnento
820 3526 934 3565 nostro,
950 3527 1023 3564 apud
1036 3527 1224 3557 Westmona—

166 3561 399 3605 steriumlulrimo
412 3570 510 3600 tento,
528 3548 699 3595 Ordinatum
712 3565 765 3596 fuit
783 3566 816 3597 &
839 3564 1056 3596 Concordatum
1077 3565 1157 3602 quod
1178 3575 1225 3596 ea-

164 3599 233 3643 dem
255 3599 327 3629 Vina
350 3599 453 3630 Dulcia
471 3602 576 3639 ubique
596 3603 625 3632 in
647 3603 753 3642 Regno
772 3604 929 3643 praedidio,
950 3604 984 3635 ad
1007 3603 1141 3634 Precium
1164 3614 1223 3642 quo

165 3636 239 3668 Vina
255 3639 290 3668 de
306 3636 443 3682 Vasconia
456 3639 489 3669 &
505 3639 638 3671 Rinenfia
650 3642 736 3671 vendi
750 3643 917 3681 contigerit,
933 3644 966 3674 ὃ(
986 3652 1044 3672 non
1064 3642 1150 3680 ultra,
1172 3643 1222 3672 sub

165 3675 256 3706 Poena
270 3676 468 3707 Forisfac‘turae
484 3678 668 3716 eorumdem,
681 3680 715 3709 ad
735 3679 887 3710 Retalliarn
908 3681 993 3712 vendi
1014 3689 1162 3719 poterunt,
1180 3681 1223 3710 di-

166 3713 215 3744 ἃᾶ
230 3716 315 3750 priori
331 3715 516 3746 Ordinatione
530 3726 588 3746 non
601 3718 745 3756 obstante,

198 3752 272 3795 ‘Nos
295 3754 443 3789 (volentes
462 3753 550 3785 dietas
567 3754 747 3786 Concordias
765 3757 799 3787 ὅ(
817 3757 1017 3788 Ordinationes
1036 3760 1065 3788 in
1084 3758 1222 3789 omnibus

164 3788 218 3832 suis
236 3791 368 3823 Articulis
387 3792 583 3823 inviolabiliter
602 3794 753 3830 observari)
775 3794 867 3825 Vobis
884 3796 1085 3835 PraecipimuS,
1104 3797 1222 3830 firmiter

164 3837 357 3872 intumentes,
376 3831 455 3867 quod
477 3831 620 3868 praedietas
639 3832 841 3863 Ordinationes
859 3835 891 3864 &
911 3833 1107 3873 Concordias,
1133 3839 1160 3867 in
1179 3837 1221 3867 di-

164 3865 211 3895 &a
231 3865 353 3909 Civitare
370 3870 464 3899 nostra
485 3870 662 3908 Londoniae,
680 3871 712 3901 ὃ(
732 3872 876 3902 Suburbiis
896 3873 1033 3910 ejusdem,
1057 3875 1106 3904 ubi
1125 3885 1222 3905 neces—

164 3904 190 3932 se
207 3902 312 3947 fuerit,
335 3906 447 3942 publice
466 3908 640 3939 Proclamari
659 3910 692 3939 &
713 3909 824 3939 Teneri
841 3910 945 3940 faciatis
962 3935 971 3950 ,
994 3912 1072 3949 juxta
1095 3913 1220 3945 formam

162 3941 387 3985 ordinationum
410 3946 443 3975 &
469 3946 700 3977 Concordiariim
725 3948 950 3987 predictarum,
977 3950 1009 3981 &
1028 3951 1107 3989 hoc,
1134 3952 1183 3982 sub
1200 3954 1218 3972 *ε

161 3989 240 4019 gravi
259 3979 445 4015 Forisfauura
462 3984 575 4024 nostra,
591 3986 746 4016 nullatenus
764 3987 908 4017 omittatis.

196 4055 287 4088 Teste
304 4055 389 4089 Reae
406 4059 479 4094 apud
498 4060 806 4102 westmonasterium,
825 4062 924 4095 Primo
941 4064 988 4095 die
999 4064 1129 4104 Januarii.

249 4099 323 4125 Tom.
341 4098 399 4126 ΙΙΙ.
419 4099 452 4127 Ρ.
470 4100 529 4128 ΙΙΙ.

1302 400 1409 438 Majori
1423 402 1456 432 ὅτ.
1472 401 1581 433 Ballivis
1593 401 1678 432 Villae
1694 400 1782 432 Novi
1798 399 1894 432 Castri
1910 399 2004 432 subtus
2022 400 2146 432 Limam.

1339 438 1429 470 Teste
1444 447 1474 469 ut
1488 439 1576 476 supra.

1298 513 1460 554 Justiciario
1472 514 1521 545 suo
1536 514 1655 546 Cestriae
1669 515 1714 546 vel
1727 516 1782 553 ejus
1799 516 2021 547 Locumtenenti
2036 515 2144 546 ibidem
2158 526 2191 547 ac
2215 515 2320 548 Carne<

1263 555 1339 585 rario
1352 553 1402 584 suo
1416 552 1546 583 Cestriae.

1301 591 1391 623 Teste
1404 591 1486 630 Rege
1502 591 1576 629 apud
1589 591 1899 631 Westmonasterium‚
1917 593 1954 623 iii.
1972 593 2018 624 die
2041 592 2065 623 F
2066 593 2193 623 ehi-uarii.

1572 718 1630 748 Pro
1653 713 1880 748 Mercatoribus
1895 714 2018 762 Januae.

1264 797 1379 855 REX
1400 797 1541 829 cariffimo
1561 798 1716 830 Avunculo
1732 800 1782 831 suo
1791 824 1806 845 ².
1817 800 1946 840 Johanni
1960 803 2024 838 Regi
2038 795 2160 846 castellae
2172 802 2210 838 ό
2225 806 2321 842 Legio-
2338 805 2414 838 Arm,
2427 808 2467 839 Ι),-

2359 847 2444 887 1383.

1302 911 1347 942 Ex
1369 915 1447 951 gravi
1470 909 1704 952 Conquestione,
1724 913 1906 946 Dile&orurn
1926 915 2023 954 nobis,
2040 916 2163 945 Danielis
2178 918 2208 947 de
2223 922 2321 958 Mare,
2336 892 2436 959 gaf*

1409 991 1413 994 ι
1656 992 1660 997 .
1729 993 1732 996 Ι
1758 992 1762 996 ¹
1878 953 2020 996 Johannis
2042 954 2184 998 de'Garlffi
2205 956 2321 988 Merca·
2337 968 2423 1005 Claus⁴
2441 966 2471 992 6,

1266 996 1362 1032 torum
1378 988 1508 1021 Civitatis
1521 990 1637 1035 januae,
1654 1001 1683 1020 in
1696 990 1820 1038 Civitate
1834 992 1931 1021 nostra
1946 992 2108 1022 Londoniae
2125 992 2321 1037 Commoran-
2340 1010 2435 1043 [ἰὰ-Ρ,
2446 1013 2470 1031 1,

1265 1035 1356 1065 tium,
1375 1038 1427 1066 pro
1448 1038 1528 1059 certo
1546 1029 1695 1059 didicimus
1718 1029 1796 1068 quod
1821 1029 1950 1067 quaedam
1971 1029 2077 1060 Groffa
2094 1030 2187 1061 Navis
2210 1033 2323 1068 (vocata
2340 1053 2375 1072 m,
2396 1054 2422 1072 2,
2437 1068 2455 1079 Α

1265 873 1295 903 ἃ
1338 840 1397 905 nSisl,
1412 836 1492 868 Duci
1510 836 1701 875 Lancastriae,
1719 839 1762 869 vel
1782 849 1839 878 ejus
1855 838 2035 870 Cancellario
2047 850 2077 870 in
2090 841 2205 872 Ducatu
2220 843 2322 880 praedi-

1296 883 1330 911 o,
1369 885 1385 905 a
1397 884 1483 906 utem.

1264 949 1383 990 Cosmati
1402 954 1515 996 quyq,
1534 951 1679 991 Humftedi
1699 952 1807 991 Pynell,
1824 955 1857 984 &

1266 1063 1369 1096 Carrik
1389 1066 1425 1097 de
1442 1066 1543 1105 Janua)
1567 1067 1678 1098 diverfis
1701 1067 1787 1097 Bonis
1808 1068 1842 1098 δε
1867 1067 2048 1098 Mercandisis
2067 1068 2137 1106 suis,
2155 1070 2189 1100 &
2202 1070 2322 1102 aliorum

1267 1102 1484 1143 Mercatorum,
1503 1105 1682 1135 Concivium
1696 1107 1825 1143 suorum,
1844 1105 1971 1136 Civitatis
1982 1106 2096 1145 Januae,
2113 1109 2210 1143 magni
2234 1107 2322 1140 Pretii

1265 1143 1299 1173 &
1315 1142 1439 1181 Valoris‚
1457 1152 1583 1181 carcata,
1601 1144 1730 1174 Velando
1743 1144 1821 1181 supra
1836 1143 1920 1174 Mare
1935 1144 2025 1174 versus
2038 1145 2177 1182 Regnum
2190 1147 2323 1178 nostruin

1265 1181 1395 1248 Anffilsiae’
1410 1190 1486 1212 extra
1500 1183 1609 1212 resim-n
1630 1181 1752 1212 Cursum
1767 1183 1862 1220 suum,
1881 1192 1930 1219 per
1943 1181 2100 1213 Procellam
2116 1183 2225 1214 Oceani
2236 1185 2323 1225 Mag-

1265 1220 1296 1248 ni
1356 1221 1407 1249 aris
1422 1243 1431 1257 ,
1457 1230 1490 1251 ac
1509 1219 1686 1250 Horribilem
1706 1221 1921 1260 Tempestatem
1941 1221 2079 1258 eiusdem,
2104 1223 2232 1260 propulsa
2252 1224 2321 1256 hinc

1265 1256 1333 1287 inde
1356 1259 1389 1289 &
1407 1258 1455 1288 diu
1477 1259 1605 1296 fatigata,
1622 1257 1793 1296 tandemque
1814 1259 1892 1295 super
1920 1258 2093 1289 Sabulonem
2105 1282 2114 1297 ,
2130 1270 2190 1290 non
2207 1262 2256 1291 lon
2277 1264 2293 1292 ὲ
2306 1273 2323 1294 a

1265 1295 1372 1333 Terra,
1398 1306 1487 1334 prope
1507 1297 1657 1328 Abbatiatn
1679 1298 1767 1328 beatae
1790 1296 1892 1327 Mariae
1911 1296 1947 1326 de
1968 1297 2118 1328 Fourneux
2132 1321 2142 1336 ,
2167 1301 2197 1328 in
2219 1310 2234 1329 e
2274 1310 2323 1331 em

1268 1332 1398 1371 Ducatu,
1417 1337 1516 1374 agitata
1531 1335 1603 1373 fuit,
1622 1336 1654 1365 &
1672 1335 1779 1365 ibidem
1792 1335 1884 1366 adhuc
1900 1335 2007 1371 existit,

1303 1372 1451 1411 Quodque
1466 1373 1544 1403 Bona
1558 1375 1590 1404 ὃς
1612 1373 1799 1404 Mercandisae
1813 1374 1873 1411 illa,
1889 1374 1965 1403 unde
1980 1383 2083 1410 magna
2104 1374 2169 1405 Pars
2190 1377 2322 1413 gravibus

1267 1409 1426 1441 Laboribus
1447 1412 1618 1442 eorumdem
1639 1411 1835 1443 Mercatorum
1858 1413 1891 1443 δε
1916 1411 2135 1443 Marinariorum
2157 1422 2240 1452 atque
2253 1415 2323 1447 alio-

1266 1457 1332 1478 rum
1353 1449 1558 1487 mediantibus,
1575 1450 1673 1480 salvata
1692 1451 1733 1481 est
1754 1452 1787 1482 &
1807 1450 1841 1480 ad
1862 1450 1985 1480 Terram
2006 1450 2111 1481 ibidem
2125 1452 2254 1491 reducta,
2272 1463 2323 1491 per

1265 1487 1420 1517 nonnullos
1439 1487 1582 1518 Homines
1602 1490 1722 1524 partium
1746 1488 1907 1518 earumdem
1923 1511 1933 1525 ,
1961 1496 2132 1527 quamquam
2161 1492 2322 1522 Lodewicus

1264 1524 1401 1563 Jambons
1424 1524 1459 1557 de
1477 1526 1568 1564 Janua
1589 1526 1742 1564 Patronus,
1761 1536 1794 1556 ac
1817 1526 2012 1564 Mercatores,
2031 1527 2064 1557 &
2085 1527 2231 1560 Marinarii
2248 1531 2321 1568 ejus-

1264 1564 1331 1594 dem
1354 1564 1463 1602 Navis,
1480 1564 1593 1595 favente
1614 1563 1673 1595 Dei
1693 1563 1872 1602 Clementia,
1901 1563 1969 1594 Vivi
1989 1565 2147 1603 evaserunt,
2171 1577 2220 1604 per
2242 1569 2321 1606 quod

1268 1601 1429 1633 Wreccum
1442 1602 1509 1633 inde
1525 1603 1646 1633 minime
1661 1602 1717 1633 dici
1731 1603 1840 1641 posset,
1859 1602 2048 1638 multipliciter
2069 1603 2251 1643 elongantur,
2266 1607 2323 1638 dis-

1262 1641 1426 1680 trahuntur,
1443 1650 1528 1680 atque
1549 1640 1728 1679 diffipantur,
1745 1651 1799 1671 nec
1819 1641 1863 1670 illa
1878 1641 1995 1678 praefatis
2007 1640 2133 1672 Patrono
2155 1644 2187 1672 &
2204 1643 2321 1676 Merca-

1263 1680 1388 1718 toribus,
1425 1689 1577 1719 uamquam
1599 1679 1647 1719 ipsi
1670 1688 1723 1717 pro
1742 1680 1824 1709 omni
1845 1680 1957 1716 labore,
1975 1680 2050 1709 circa
2069 1680 2257 1711 Salvationem
2277 1683 2322 1713 di-

1264 1717 1378 1748 &orum
1423 1728 1549 1749 onorum
1572 1726 1622 1756 per
1643 1717 1787 1748 Homines
1808 1717 1908 1748 Patriae
1931 1718 2001 1747 illius
2011 1718 2155 1756 apposito,
2170 1719 2322 1752 satisfacere

1262 1756 1461 1787 rationabiliter
1477 1757 1529 1787 sint
1542 1757 1643 1795 parati,
1661 1756 1807 1787 restituere
1820 1755 1962 1793 hucusque
1977 1764 2164 1794 curaverunt,
2178 1760 2321 1789 autetiam

1261 1794 1430 1834 voluerunt,
1448 1796 1478 1826 in
1498 1795 1586 1827 nostri
1607 1793 1817 1835 Contemptum
1832 1795 1865 1826 &
1887 1794 2012 1832 ipsorum
2027 1794 2189 1826 Patroni&
2205 1796 2321 1828 Merca-

1262 1840 1358 1864 torum
1374 1833 1541 1872 Dampnum
1557 1844 1617 1864 non
1634 1833 1783 1865 modicum
1798 1835 1832 1865 &
1866 1843 2013 1871 ravamen,

1296 1871 1390 1902 Unde
1404 1873 1486 1902 nobis
1499 1873 1687 1910 supplicarunt
1701 1872 1752 1902 fibi
1764 1882 1813 1909 per
1865 1882 1896 1902 os
1909 1871 1945 1901 de
1960 1871 2103 1902 Remedio
2117 1872 2282 1909 providere:

1298 1910 1336 1940 Et
1356 1911 1419 1948 quia
1440 1921 1490 1948 per
1512 1912 1690 1950 Alligantias,
1707 1912 1780 1941 inter
1801 1910 1868 1941 Nos
1887 1911 1920 1941 &
1942 1910 2003 1941 illos
2020 1910 2055 1940 de
2077 1910 2185 1949 Janua,
2200 1912 2249 1942 diu
2262 1912 2319 1951 est,

1261 1949 1340 1979 initas
1355 1951 1388 1980 δε
1406 1949 1507 1988 saetas,
1524 1959 1610 1988 prout
1624 1949 1712 1987 scitis,
1726 1949 1878 1987 januenses
1889 1949 1950 1979 illos
1964 1948 1999 1979 de
2015 1947 2108 1979 nostra
2128 1948 2261 1981 Amicitia
2272 1951 2319 1982 fo-

1261 1996 1292 2017 re
1306 1988 1340 2018 &
1355 1987 1549 2019 Benivolentia
1583 1999 1615 2019 ro
1630 1996 1711 2019 certo
1723 1996 1898 2026 reputamus,

1297 2025 1343 2057 Ac
1362 2026 1471 2065 insuper
1493 2037 1552 2065 prae
1564 2028 1613 2057 atis
1635 2026 1772 2064 Daniele,
1789 2025 1945 2063 cosmato,
1961 2024 2139 2064 Humfrido,
2163 2027 2318 2065 &Johan-

1261 2074 1316 2103 ne,
1334 2075 1367 2095 ac
1388 2065 1513 2103 quodam
1533 2065 1590 2095 alio
1606 2065 1756 2104 januensi,
1775 2064 1848 2094 Filio
1867 2064 2020 2101 (videlicet)
2044 2064 2151 2101 praefati
2168 2065 2320 2097 Lodewici

1261 2102 1378 2134 Patroni
1393 2104 1453 2142 (qui
1480 2104 1514 2134 ad
1534 2104 1603 2135 Nos
1627 2104 1660 2135 ὃς
1682 2103 1851 2134 Concilium
1862 2102 2011 2140 nostrum,
2030 2112 2083 2139 pro
2105 2111 2180 2139 parte
2200 2103 2318 2135 Patroni

1261 2143 1294 2173 &
1316 2141 1514 2173 Mercatorum
1535 2142 1658 2180 ejusdem
1682 2141 1794 2180 Navis,
1809 2142 1868 2179 jam
1882 2141 1971 2177 venit)
1989 2150 2086 2171 coram
2102 2139 2239 2173 Concilio
2263 2153 2320 2173 no-

1261 2179 1321 2210 stro
1341 2181 1420 2219 super
1440 2180 1591 2211 Praemiffis
1614 2180 1785 2210 Examinatis
1806 2179 1951 2218 diligenter
1964 2178 2177 2217 atqueJuiatis,
2197 2181 2246 2218 ipsi
2266 2182 2320 2212 ibi-

1261 2218 1327 2248 dem
1343 2219 1514 2250 asseruerunt
1529 2219 1652 2258 expresse
1667 2219 1771 2249 dietam
1794 2218 1911 2249 Navem
1925 2227 1957 2247 ac
1971 2218 2068 2248 omnia
2081 2217 2160 2248 Bona
2178 2219 2207 2248 in
2222 2219 2321 2251 eadem

1260 2257 1343 2287 fuisse
1356 2260 1469 2296 propria
1482 2257 1562 2288 Bona
1576 2258 1699 2295 ipsorum
1715 2257 1747 2288 ὃς
1762 2256 1880 2288 aliorum
1890 2255 2073 2295 Januensium
2083 2277 2092 2293 ,
2105 2264 2136 2286 ut
2149 2257 2322 2296 praedictum

1261 2295 1318 2334 est,
1335 2305 1420 2334 prout
1432 2297 1480 2335 ipfi
1491 2296 1601 2334 ,modis
1615 2296 1751 2327 omnibus
1766 2295 1866 2333 quibus
1881 2295 2016 2326 convenit
2029 2295 2061 2325 &
2075 2294 2317 2334 debuerint,pr0-

1261 2334 1326 2365 bare
1340 2334 1402 2365 sunt
1415 2336 1517 2373 parati,

1299 2372 1389 2403 Vobis
1410 2373 1583 2404 Mandamus
1604 2372 1683 2411 qued
1706 2373 1787 2403 certis
1806 2371 1926 2402 discretis
1949 2370 2102 2401 Officiariis
2123 2371 2220 2402 vestris
2237 2395 2247 2410 ,
2273 2373 2319 2404 vel

1259 2411 1317 2441 aliis
1333 2411 1457 2443 Subditis
1468 2412 1565 2443 vestris
1580 2410 1711 2442 Ducatus
1726 2410 1871 2448 praediffi,
1889 2409 2040 2454 dequibus
2055 2410 2210 2449 confiditis,
2228 2421 2262 2442 ac
2276 2412 2320 2443 di-

1261 2447 1336 2480 lecto
1352 2451 1449 2488 nobis,
1467 2450 1596 2488 Johanni
1607 2451 1638 2480 de
1655 2449 1780 2487 Orwell,
1796 2449 1933 2480 Servienti
1945 2448 2045 2479 nostro
2067 2448 2102 2479 ad
2124 2445 2231 2487 Arma,
2246 2456 2320 2481 con-

1255 2488 1378 2526 jund'tim
1399 2490 1432 2520 &
1453 2490 1581 2527 divisim,
1598 2488 1633 2518 ad
1657 2487 1870 2519 informandum
1891 2487 1934 2523 se,
1953 2488 2002 2516 viis
2026 2487 2059 2518 &
2076 2487 2168 2517 modis
2182 2489 2320 2520 omnibus

1260 2528 1361 2565 quibus
1376 2528 1475 2558 melius
1491 2528 1523 2559 ὃ(
1540 2527 1657 2558 celerius
1674 2534 1825 2564 poterunt,
1842 2525 1886 2555 vel
1902 2534 2002 2555 eorum
2018 2525 2115 2562 aliquis
2130 2527 2320 2564 poterit,tam

1260 2565 1414 2602 (videlicet)
1437 2576 1484 2604 per
1505 2566 1699 2604 Inquiiitiones
1717 2564 1783 2594 inde
1804 2565 1856 2594 rite
1877 2563 2040 2601 capiendas,
2058 2574 2091 2594 ac
2107 2574 2156 2601 per
2169 2563 2321 2595 Examina-

1260 2604 1351 2634 tiones
1365 2604 1521 2643 faciendas,
1540 2607 1625 2642 quam
1636 2603 1692 2634 alio
1708 2603 1798 2633 modo
1813 2601 1934 2641 possibili
1948 2611 2151 2640 quocumque,
2166 2602 2245 2640 super
2258 2603 2320 2641 ple-

1260 2652 1296 2672 na
1311 2644 1426 2673 veritate
1440 2642 1653 2674 Praemifforum
1663 2664 1672 2680 ,

1296 2680 1342 2711 Ac
1365 2681 1516 2719 specialiter
1535 2681 1571 2711 de
1592 2681 1672 2711 Navi
1694 2681 1727 2711 ὃς
1747 2680 1882 2710 omnibus
1897 2678 1983 2709 Bonis
1996 2678 2029 2709 δε
2045 2678 2230 2709 Mercandisis
2244 2679 2318 2717 ipso-

1260 2727 1324 2749 rum
1341 2719 1541 2750 Mercatorum
1556 2721 1585 2749 in
1599 2719 1720 2756 partibus
1735 2719 1803 2756 illis,

1298 2756 1336 2787 Et
1350 2758 1386 2789 de
1402 2758 1498 2788 Pretio
1511 2758 1556 2788 seu
1570 2756 1676 2788 Valore
1687 2757 1855 2787 eorumdem
1864 2780 1874 2794 ,

1297 2795 1343 2826 Ac
1362 2796 1399 2826 de
1419 2796 1601 2827 Nominibus
1619 2796 1751 2826 omniurn
1772 2795 1806 2825 &
1821 2793 1993 2833 singulorum
2008 2793 2055 2832 qui
2071 2793 2184 2824 Partem
2196 2793 2318 2832 aliquam

1261 2833 1409 2865 Bonorum
1423 2834 1593 2865 eorumdem
1608 2834 1799 2870 abstulerunt,

1297 2871 1336 2904 Et
1353 2873 1387 2903 ad
1406 2875 1483 2911 cujus
1499 2873 1543 2903 vel
1563 2882 1687 2911 quorum
1705 2871 1810 2901 Manus
1829 2869 1907 2899 Bona
1925 2869 1969 2899 illa
1987 2869 2175 2907 postmodum
2193 2869 2315 2900 devene-

1260 2920 1341 2979 ἓυῐπ,
1361 2913 1394 2943 &
1412 2912 1461 2942 ubi
1474 2911 1566 2941 adhuc
1584 2910 1722 2948 existunt,
1741 2919 1800 2948 quo
1819 2908 1939 2946 TitulO,
1958 2907 2103 2946 Qaliter,
2118 2909 2151 2939 ὃς
2167 2908 2238 2946 Qio
2253 2919 2318 2939 mo-

1281 2960 1300 2980 o

1296 2972 1341 3019 Ᾰε
1358 2988 1394 3019 de
1414 2989 1549 3018 omnibus
1570 2987 1628 3018 aliis
1645 2985 1890 3023 circumstantiis,
1910 2985 1982 3014 circa
2008 2984 2152 3015 Praemissa
2164 2985 2320 3016 necessariis

1259 3027 1305 3059 vel
1318 3029 1465 3064 oportunis
1472 3049 1481 3063 ,

1297 3065 1316 3085 *¹¹
1337 3065 1374 3097 Et
1387 3066 1421 3096 ad
1436 3065 1553 3095 Navem
1566 3064 1640 3094 illam
1655 3073 1687 3094 ac
1700 3063 1799 3093 omnia
1813 3062 1864 3092 alia
1879 3061 1957 3092 Bona
1977 3061 2009 3092 ὃ(
2032 3060 2226 3093 Mercimonia
2243 3073 2314 3103 prae—
2329 3080 2347 3098 ,η
2369 3074 2436 3107 νη.

1258 3103 1349 3142 dieta,
1366 3104 1384 3134 si
1404 3104 1481 3134 Bona
1501 3103 1684 3142 januensium
1699 3102 1815 3139 fuerint,
1834 3108 1865 3131 tit
1880 3100 2048 3137 praedieturn
2063 3100 2121 3137 est,
2140 3101 2314 3138 ubicumque

1258 3144 1292 3173 &
1306 3144 1335 3172 in
1349 3151 1538 3181 quorumcum
1562 3152 1596 3172 ue
1613 3141 1747 3171 Manibus
1760 3141 1875 3170 inventa
1888 3139 2007 3176 fuerint,
2028 3138 2087 3168 tam
2102 3138 2172 3168 infra
2186 3138 2313 3168 Liberta-

1258 3190 1315 3219 teS,
1334 3182 1419 3219 quarn
1435 3189 1524 3218 extra,
1552 3192 1561 3209 i
1578 3187 1685 3216 extent,
1704 3178 1749 3210 vel
1773 3177 1790 3207 si
1810 3187 1871 3207 non
1893 3186 2004 3214 exrent,
2023 3175 2156 3206 Valorem
2178 3176 2221 3206 seu
2244 3176 2314 3207 Pre-

1257 3221 1330 3250 tium
1351 3218 1519 3250 eorumdem
1538 3218 1658 3248 arestetis
1677 3219 1706 3246 iri
1731 3215 1866 3246 Manibus
1887 3215 1999 3245 illorum
2021 3215 2115 3252 quiea
2129 3213 2313 3245 distraxerunt

1259 3259 1303 3288 vel
1327 3258 1482 3288 habuerunt
1496 3279 1505 3294 ,
1528 3266 1560 3285 ac
1583 3256 1661 3286 Bona
1681 3255 1724 3285 illa
1747 3255 1792 3284 vel
1813 3253 1949 3284 Valorem
1970 3253 2138 3290 praedietum
2165 3251 2314 3294 (satisfac‘to

1259 3297 1332 3333 prius
1346 3296 1522 3326 Hominibus
1536 3294 1662 3325 Partium
1676 3293 1839 3324 earumdem
1856 3302 1908 3330 pro
1924 3291 2036 3322 Labore
2050 3292 2082 3321 &
2096 3290 2227 3327 Expenlis
2243 3292 2313 3330 luis,

1260 3335 1279 3364 li
1293 3345 1364 3373 quos
1378 3335 1467 3365 forsan
1483 3334 1557 3363 circa
1573 3333 1761 3363 Salvationem
1777 3331 1921 3361 ditstorum
1934 3329 2081 3372 Bonorum
2093 3329 2126 3359 δε
2145 3328 2313 3359 Mercandi-

1258 3374 1347 3403 sarum
1367 3372 1555 3411 apposuerint)
1575 3370 1693 3409 Juliano
1713 3369 1782 3409 cybo
1804 3369 1961 3399 Mercator!
1979 3366 2096 3410 Januae,
2112 3375 2184 3409 'pro'
2197 3367 2314 3404 praefato

1260 3412 1437 3449 Lodewico,
1456 3410 1631 3440 liberandum
1652 3411 1685 3440 &
1709 3408 1743 3439 de
1769 3407 1856 3438 Facto
1882 3406 1989 3443 integre
2009 3406 2118 3435 liberari
2132 3404 2314 3445 faciendum,

1259 3461 1307 3488 per
1324 3451 1427 3481 Literas
1441 3448 1559 3486 vestraS,
1578 3448 1762 3478 committatis
1777 3445 1861 3475 Vices
1877 3442 1998 3480 vestras,
2099 3482 2102 3485 Ι

1295 3489 1402 3518 Dantes
1416 3488 1539 3524 insuper,
1556 3486 1675 3516 Tenore
1696 3486 1851 3515 Literarum
1873 3481 2047 3525 vestrarum,
2067 3479 2241 3512 Vicecorniti
2263 3492 2313 3513 ve-

1258 3525 1316 3557 stro
1331 3526 1514 3561 Lancastriae,
1534 3524 1696 3562 caeterisque
1713 3521 1864 3556 Ministris,
1880 3519 2049 3563 OfficmrnS,
2067 3519 2100 3549 ὃς
2120 3518 2242 3550 Subditis
2262 3530 2314 3551 ve-

1259 3564 1320 3595 stris
1336 3566 1449 3596 firmiter
1464 3565 1492 3593 in
1508 3562 1665 3600 Mandatis,
1684 3570 1817 3599 quatenus
1829 3558 1910 3588 dictis
1932 3557 2028 3599 vestris
2039 3556 2258 3601 'Commissuriis
2278 3559 2313 3589 δε

1261 3613 1362 3634 eorum
1381 3603 1512 3638 cuilibet,
1528 3602 1557 3630 in
1579 3599 1729 3630 Praemiffis
1750 3598 1884 3639 omnibus
1905 3596 2057 3639 &lingulis
2069 3595 2202 3625 faeiendis
2217 3597 2249 3626 &
2264 3606 2314 3627 ex-

1259 3642 1365 3679 plendis
1382 3665 1390 3679 ‚
1416 3648 1526 3678 pareant
1540 3661 1550 3677 ,
1572 3639 1705 3669 obediant
1719 3660 1728 3675 ,
1751 3647 1783 3666 ac
1803 3635 1954 3678 efficaciter
1977 3633 2147 3676 intendant,
2176 3635 2312 3679 quodque

1257 3681 1433 3710 consulentes
1446 3679 1496 3708 lint
1510 3676 1613 3707 eisdem
1627 3678 1659 3706 &
1674 3676 1835 3706 Auxliantes
1851 3681 1979 3710 quotiens
1990 3673 2023 3702 &
2040 3681 2123 3709 prout
2135 3671 2202 3715 inde
2209 3672 2313 3705 fuerint

1258 3720 1393 3756 requisiti,
1409 3727 1440 3746 ac
1455 3717 1538 3746 etiam
1553 3715 1703 3752 praedictos
1716 3713 1874 3744 Patronum
1885 3710 2065 3755 Mercatoresae
2075 3711 2107 3739 δε
2124 3709 2311 3753 Marinarios,

1255 3764 1388 3795 tanquam
1411 3756 1528 3786 Amicos
1550 3754 1583 3783 δε
1605 3752 1758 3782 Benivoios
1779 3751 1871 3789 Regni
1892 3749 2005 3785 nostri,
2029 3749 2101 3777 dum
2122 3747 2228 3791 ibidem
2249 3748 2310 3780 fue.

1257 3797 1330 3833 rint,
1350 3796 1422 3824 bene
1438 3794 1469 3823 ὃς
1482 3791 1602 3822 honeste
1625 3791 1808 3827 pertinerent,
1828 3790 1861 3820 &
1874 3787 1963 3824 ipsos,
1984 3796 2041 3830 quo
2055 3786 2211 3829 voluerint,
2228 3796 2314 3825 expe-

1261 3833 1321 3864 dito
1342 3833 1492 3869 Negotio,
1510 3839 1579 3860 cum
1599 3829 1678 3859 Navi
1700 3830 1733 3860 &
1758 3828 1842 3858 Bonis
1864 3826 1915 3856 suis
1935 3825 2090 3863 praedffim,
2107 3823 2194 3855 libere
2206 3826 2320 3858 transire

1279 3879 1429 3901 ern'llttant.

1258 3881 1277 3909 p
1295 3909 1384 3939 Teste
1405 3908 1490 3946 Rege
1507 3903 1582 3944 apud
1602 3903 1912 3940 Westmonasterium,
1935 3900 2050 3932 decimo
2072 3908 2172 3939 quarto
2189 3902 2235 3934 die
2258 3902 2314 3934 Fe-

1257 3949 1369 3978 bruarii.

1985 3978 2038 4006 Por
2053 3977 2205 4009 concilium.

1746 4098 1776 4129 T
1792 4109 1812 4130 2
2264 4098 2318 4125 Pro

2330 3118 2391 3154 380.
