2561 4251
92 302 170 334 Ann.
182 299 223 332 D.

120 349 207 379 1400.

95 384 158 407 Hen.
175 389 204 415 4.

89 536 167 569 Ann.
182 537 224 568 D.

112 585 199 615 1400.

87 618 140 643 An.
163 625 187 643 i.

90 658 124 680 H.
147 663 176 689 4.

87 691 151 719 ibid.
160 701 197 721 m.

75 1618 93 1637 ⁸
123 1618 207 1646 VIII.

92 1666 155 1693 ¹4¹·

73 1709 150 1741 Ann.
165 1707 206 1739 D,

92 1757 180 1788 1400.

71 1790 126 1815 An.
146 1797 169 1814 i.

69 1829 105 1853 H.
119 1836 149 1862 4.

71 1864 137 1900 Vas.
157 1873 181 1892 ι.

68 1903 106 1930 H·
117 1912 189 1939 4.m·

808 214 917 257 ET
998 220 1263 263 ACTA

266 383 358 427 Super
387 382 720 471 Praefintationibnsgd
729 387 878 480 GBemfiscf‘a
896 393 926 421 in
949 390 1058 434 Infidis
1078 392 1114 425 de
1133 393 1255 443 Jeresty

757 446 829 467 arne
844 449 852 467 ε
849 448 883 484 y.

241 513 321 568 RE
332 515 379 554 X,
397 515 549 547 Cariffimo
562 516 783 554 Consanguineo
799 519 863 559 suo,
882 521 1022 553 Edwardo
1043 527 1140 556 Comiti
1160 527 1293 558 Rotelan-

314 553 383 592 a'iae,
402 553 524 598 Custodi
537 554 690 586 Insularum
706 557 862 588 nostrarum
869 559 905 589 de
914 559 1039 600 Jeresey,
1055 564 1196 604 Gemesey
1222 567 1291 597 Serk

243 588 275 635 ὃς
290 591 424 633 Aurney,
442 593 488 623 vel
500 602 558 631 ejus
573 593 689 624 Locum
702 597 809 626 tenenti
825 597 949 636 ibidem,
966 609 998 630 ac
1017 600 1124 633 Ballivis
1146 604 1179 646 ἑῇ(
1190 589 1291 642 ‚furatis

241 629 381 661 metarum
395 630 547 661 Insularum
560 631 694 669 deJerese
727 634 759 663 ὃ(
775 634 934 676 Gernesey,
950 636 1080 668 Sahitem.

277 668 460 699 Attendentes
475 669 588 706 qualiter
603 669 679 700 diver
692 680 717 700 ιε
738 670 884 712 Personae,
902 676 932 705 in
946 675 1027 706 dietis
1047 677 1143 708 [usulis
1156 689 1291 711 commo-

236 714 342 744 rantes,
359 706 496 737 Beneficia
511 708 544 738 δε
560 706 669 739 Officia
683 708 894 750 Ecclesiastica,
914 722 962 749 per
972 713 1074 745 Literas
1088 715 1217 748 Patentes
1226 718 1291 749 Do-

238 745 311 774 mini
326 744 457 774 Richardi
478 748 658 783 nuper-Regis
671 747 784 784 Angliae
796 749 918 780 Secundi
926 751 989 788 post
1004 751 1201 792 Conquestum
1210 778 1220 793 ,
1237 767 1290 787 oc-

236 791 355 820 cupant,
375 783 403 812 in
419 783 518 821 quibus
532 783 680 827 Canonice
694 795 752 816 non
765 786 826 818 sunt
843 787 978 819 Institutae
995 800 1049 821 nec
1066 791 1214 831 Induitae,

271 820 317 851 Ac
337 821 461 853 volentes
479 822 599 859 promde
612 823 692 860 quod
711 833 811 855 omnes
832 826 866 856 δε
887 827 1001 863 singulae
1020 828 1147 861 Personae
1163 855 1173 870 ,
1196 833 1288 872 aliqua

233 857 371 890 Beneficia
389 859 434 890 seu
451 859 561 891 Officia
578 859 772 892 Ecclesiastica
790 864 818 892 in
835 863 917 894 dietis
934 864 1030 896 Infulis
1049 877 1239 909 occupantes,

268 897 314 928 Ad
330 907 412 937 quae,
432 908 480 935 per
494 898 692 929 Venerabilem
711 899 840 939 Patrem,
860 904 969 932 Petrum
994 905 1146 945 Episcopu'm
1165 909 1287 940 Nanne⁴=

232 935 393 975 tenensem,
411 935 678 967 Administratorem
697 937 833 969 Ecclesiae
851 939 1091 983 Constancienfis,
1110 946 1230 977 indietis
1238 946 1286 978 In-

231 973 294 1004 sulis
308 974 344 1004 de
354 973 464 1013 Jeresey
478 976 512 1006 ὅς
527 974 687 1016 Gernesey,
704 977 866 1009 auctoritate
892 979 1058 1017 Apostolica
1071 1005 1082 1021 ,
1105 983 1267 1021 deputatum
1276 1009 1287 1024 ‚

235 1012 358 1042 minime
371 1012 432 1043 sunt
448 1012 602 1051 Admiffae,

268 1049 322 1080 Per
339 1049 406 1080 Nos
421 1050 513 1080 eidem
530 1050 673 1098 Episcopo
686 1052 780 1084 debite
798 1054 1016 1095 Praesententur,

265 1088 359 1118 Vobis
376 1090 410 1120 ὃς
425 1089 540 1120 cuilibet
553 1089 678 1121 vestrum
698 1091 874 1130 injungimus
897 1095 930 1125 &
950 1094 1119 1127 Mandamus
1135 1099 1212 1136 quod
1232 1099 1285 1130 sta-

229 1126 298 1164 tim,
316 1127 378 1157 visis
395 1127 594 1166 Praesentibus,
612 1130 642 1159 iri
659 1128 727 1160 locis
741 1130 882 1162 dietarum
901 1132 1051 1163 Insularum
1067 1134 1103 1165 de
1117 1136 1226 1175 Jeresey·
1250 1139 1283 1168 &

228 1163 387 1212 Gernesex,
406 1165 454 1195 ubi
477 1167 574 1197 melius
591 1167 722 1205 expedire
743 1169 865 1200 videritis
881 1192 891 1208 ,
905 1171 1030 1214 'publice
1047 1172 1219 1204 Proclamari
1243 1177 1284 1206 sa-

226 1203 697 1287 5231¹355ss34335525q532gss225
713 1206 974 1277 {Z‘gffissd’maiffi
982 1210 1121 1287 ῗὲιῗιῖἔῖῗέἶ
1139 1214 1282 1282 ἕὲ“,·,ξ)ἑῗᾱ

225 1278 290 1309 dem
305 1279 433 1318 Institui,
452 1281 485 1311 &
501 1281 603 1311 Indum
621 1283 767 1321 tenentur)
784 1285 960 1323 optinentes,
979 1287 1011 1315 &
1025 1297 1056 1316 ea
1072 1288 1172 1318 habere
1182 1290 1282 1320 volen-

226 1325 283 1356 tes,
302 1328 385 1356 penes
400 1319 484 1356 Nos,
502 1321 534 1351 &
550 1319 756 1351 Cancellarium
774 1322 900 1353 nostrum
924 1324 1058 1362 Angliae,
1083 1336 1135 1363 pro
1158 1327 1280 1358 Praesen-

224 1357 376 1387 tationibus
390 1357 455 1387 inde
470 1358 602 1389 habendis
617 1358 642 1389 se
658 1359 814 1398 divertant,
832 1361 850 1390 si
866 1361 915 1391 sibi
928 1362 1047 1393 viderint
1055 1364 1280 1403 expedire,alio-

224 1395 312 1462 {um'
330 1396 358 1425 in
375 1395 515 1427 dictarum
531 1396 710 1428 Personarum
725 1397 854 1437 defectu,
874 1409 924 1436 pro
938 1399 1128 1438 Dispositione
1136 1403 1278 1435 dietorum

249 1432 432 1464 eneficionim
446 1436 479 1465 δε
495 1434 671 1466 Officiorum
690 1436 864 1468 intendimus
878 1437 1017 1468 ordinare.

262 1471 351 1502 Teste
365 1471 450 1510 Rege
466 1473 539 1510 apud
555 1473 830 1514 tfflstmonasterium,
848 1485 864 1505 x
877 1475 923 1507 die
938 1476 1021 1507 Maii.

345 1599 372 1626 ᾖ
397 1605 491 1648 Super
514 1606 666 1649 Regimine
685 1604 857 1649 Aquitania,¹
880 1607 1138 1642 procuratorium.

221 1686 300 1743 RE
311 1686 341 1718 X
360 1686 508 1719 Universis
522 1688 555 1719 &
573 1687 697 1725 Singulis
714 1688 850 1719 Fidelibus
858 1689 1041 1728 nostris,&c.
1060 1692 1087 1720 in
1097 1690 1211 1723 Ducatu
1221 1702 1275 1723 no·

292 1725 350 1756 stro
365 1725 526 1763 Aquitaniae
540 1728 573 1757 &
589 1727 711 1767 qualibet
723 1728 782 1765 ejus
796 1736 872 1765 parte
888 1727 1086 1768 existentibus,
1105 1729 1239 1761 Salutem.

259 1766 357 1797 Sciatis
369 1764 446 1803 qu'od
457 1787 467 1803 ,

255 1804 340 1835 'Cum
357 1802 485 1834 Ducatus
510 1802 670 1842 Aquitaniae
687 1803 720 1834 ad
745 1803 813 1833 Nos
838 1804 923 1843 pleno
935 1804 1002 1844 Jure
1019 1807 1155 1844 pertinere
1176 1807 1273 1839 nosca-

253 1852 266 1873 r

221 1852 323 1914 tubios
339 1905 350 1921 ,
371 1879 495 1920 ejusdem
518 1878 649 1911 Ducatsis
673 1881 783 1912 utilitati
807 1882 840 1912 ὃς
856 1882 942 1922 quieti
967 1882 1124 1921 prospicere
1155 1885 1272 1923 cupien-

220 1928 304 1990 tesAc
319 1957 354 1989 de
370 1955 532 1994 Fidelitate,
549 1956 697 1995 industria,
713 1958 1024 1997 &circumspeffione,
1041 1959 1273 1992 VenerabilisPa-

216 1999 264 2029 tris
280 1995 473 2035 Archiepiscopi
490 1994 707 2034 Burdegalenfis,
727 2006 760 2026 ac
782 1997 879 2027 dileeti
900 1997 933 2028 &
954 1997 1040 2028 fidelis
1062 1999 1272 2038 Consanguinei

215 2035 305 2068 nostri
321 2038 443 2072 Hugom's
456 2033 480 2062 le
495 2033 641 2073 Despenfir
656 2033 760 2065 Militis
774 2057 784 2072 ,
806 2045 921 2065 necnon
942 2036 1040 2067 dileeti
1063 2036 1170 2067 Clerici
1185 2038 1272 2068 nostri

217 2074 351 2113 Magistri
365 2075 477 2103 Henrici
492 2073 590 2101 Bowet
607 2073 743 2110 utriusque
755 2072 829 2111 Juris
845 2073 1001 2112 Dostoris,
1027 2083 1061 2105 ac
1078 2075 1175 2106 dileeti
1192 2076 1225 2106 &
1239 2075 1272 2105 fi-

216 2113 287 2145 delis
310 2111 411 2143 Militis
426 2110 512 2141 nostri
534 2110 674 2153 Jphannis
688 2111 792 2151 Trailly
806 2111 926 2150 Majoris
941 2112 1071 2144 Civitatis
1085 2113 1189 2144 nostrze
1202 2114 1271 2145 Bur-

215 2152 336 2189 degaliae
345 2173 356 2189 ,
371 2151 454 2189 plene
469 2149 566 2180 confisi
577 2171 587 2188 ,
914 2176 916 2179 ,

248 2189 369 2221 Eosdem
392 2187 647 2228 Archiepiscopum
663 2211 673 2226 ,
695 2187 857 2226 Hugonem
869 2211 879 2227 ,
901 2187 1062 2219 Henricurn
1079 2212 1088 2227 ,
1113 2190 1147 2221 &
1161 2190 1269 2228 Johan-

215 2239 300 2266 nem,
320 2228 470 2265 Quatuor,
488 2226 577 2263 Tres,
595 2228 628 2258 δε
658 2227 741 2258 Duos
756 2237 856 2258 eorum
879 2228 1018 2265 (quorum
1038 2229 1155 2259 alterum
1177 2229 1272 2259 diero-

215 2277 279 2297 rum
295 2266 423 2297 Militum
436 2275 525 2295 unum
536 2263 591 2295 effe
611 2265 760 2303 volumus)
778 2265 814 2296 de
835 2266 1003 2296 avisamento
1027 2264 1153 2296 Concilii
1180 2267 1268 2298 nostri

215 2306 360 2342 Fecimus,
377 2303 580 2334 Ordiiiavimus
614 2304 647 2334 δε
668 2303 878 2341 Deputavimus
892 2326 901 2342 ,
925 2313 958 2335 ac
973 2326 983 2341 ,
1008 2304 1127 2335 Tenore
1148 2304 1271 2336 Praesen-

213 2345 286 2375 tium
304 2366 312 2381 ,
335 2343 477 2380 Facimus,
505 2325 729 2380 Consiituimus,
747 2341 935 2380 Ordinamus,
953 2343 985 2372 &
1006 2341 1185 2379 Deputamus
1215 2354 1269 2374 no-

214 2382 283 2413 stros
297 2381 510 2418 Procuratores,
528 2379 664 2418 Auores,
683 2380 862 2418 Attornatos,
879 2381 913 2411 &
927 2380 1165 2419 Commiffarios,

253 2421 361 2451 Dantes
374 2420 408 2450 &
422 2418 621 2449 Concedentes
634 2418 735 2449 eisdem
749 2418 920 2449 Potestatem
933 2419 1094 2458 generalem
1107 2442 1116 2457 ,
1135 2421 1167 2450 ὃς
1182 2418 1269 2450 Man-

211 2459 310 2490 datum
324 2457 456 2496 speciale,
476 2456 510 2487 ad
519 2456 748 2494 Recipiendum,
767 2457 999 2498 Adquirendum,
1018 2457 1052 2487 N
1054 2457 1250 2489 anciscendum
1260 2481 1269 2497 ,

210 2498 246 2528 &
263 2496 505 2535 Adipiscendum,
522 2495 619 2525 nostro
633 2495 781 2533 Nomine,
800 2496 832 2526 &
847 2505 899 2532 pro
917 2495 1032 2533 Nobis,
1052 2497 1181 2535 plenam,
1199 2497 1269 2526 libe-

212 2546 289 2573 ram,
304 2546 416 2572 veram,
435 2535 588 2572 integram,
602 2533 721 2571 realem,
738 2535 772 2565 δε
788 2533 965 2571 corporalem
980 2533 1199 2573 Poiseffionem,
1223 2535 1267 2566 seu

213 2575 305 2612 quasi,
319 2576 353 2605 ὃς
366 2573 500 2603 Seiiinam
515 2572 598 2602 totius
605 2572 675 2602 dieti
697 2571 783 2602 nostri
803 2571 934 2602 Ducatus
948 2572 1162 2610 Aquitaniae,&
1176 2574 1268 2611 cujus-

213 2614 281 2643 libet
297 2613 386 2642 Partis
399 2610 520 2649 ejusdem
537 2632 546 2647 ,
565 2620 634 2640 curn
648 2620 728 2640 mero
750 2611 783 2640 ὅ(
801 2611 891 2640 mixto
912 2610 1057 2649 Imperio,
1075 2611 1128 2641 alta
1144 2612 1177 2642 ὃ(
1194 2612 1267 2641 bassii

207 2651 420 2690 jurisdictione,
439 2649 600 2680 Vocatione
617 2650 650 2680 δε
671 2648 791 2678 Ditione
812 2649 1032 2688 quibuscumque
1046 2673 1055 2687 ,
1077 2660 1110 2680 ac
1133 2651 1266 2679 omnibus

211 2690 392 2727 aliisJuribus
408 2689 441 2719 &c
456 2687 630 2716 Pertinentiis
647 2687 793 2724 univcrlis,
1178 2726 1184 2731 ,

249 2728 380 2758 Necnon
397 2728 430 2757 ad
441 2724 599 2763 jurandum
608 2747 617 2762 ,
626 2726 659 2756 ὃς
671 2725 870 2762 Juramentum
886 2725 1073 2762 praestandum
1090 2726 1117 2755 in
1128 2725 1263 2755 Animam

211 2766 333 2796 nostram
348 2788 357 2803 ,
383 2765 417 2795 de
438 2762 580 2794 Tenendo
602 2765 635 2794 &
651 2762 838 2793 observando
859 2765 955 2794 omnia
978 2765 1011 2795 &
1029 2764 1128 2802 singula
1146 2763 1265 2794 Privile-

208 2806 273 2848 gia,
294 2805 465 2840 Libertates,
484 2801 676 2839 Franchefias,
692 2801 813 2839 Statura,
833 2801 940 2839 Foros,
959 2801 1201 2844 ConsuetudineS,
1216 2801 1264 2832 U-

208 2846 266 2881 sus,
285 2844 318 2873 ἃ
334 2841 528 2873 Observantics
540 2839 728 2870 Ecclesiarum
736 2862 746 2877 ,
755 2840 937 2870 Praelatorum
947 2842 995 2878 ,ὃς
1005 2839 1260 2883 Ecclesiasticarum

209 2882 392 2912 Personarum
407 2903 417 2918 ,
439 2879 612 2916 Patriarum,
635 2878 851 2908 Provinciarum
870 2901 878 2915 ‚
905 2878 1074 2916 Terrarum,
1093 2879 1263 2916 Comitum,

208 2920 440 2955 Vicecomitum,
458 2917 619 2954 Baronum,
640 2916 798 2946 Civitatum
812 2939 821 2953 ,
842 2916 994 2955 Villarum,
1014 2917 1180 2953 Locorum,
1202 2915 1260 2947 Ca-

209 2958 349 2995 strorum,
368 2957 443 2996 Quae
456 2956 490 2986 ὃς
505 2956 600 2993 Quies,
618 2955 759 2985 retroatstis
780 2956 954 2992 temporibus
966 2977 976 2993 ,
999 2955 1125 2993 Subditi,
1144 2955 1262 2985 Habita-

209 3006 298 3035 tores,
316 2997 348 3026 ὅτ,
362 2994 469 3025 Incolae
483 2994 551 3023 dieti
566 2993 693 3023 Ducatsis
706 2993 792 3023 nostri
805 2993 974 3030 habuerunt,
988 2993 1020 3023 ὅ(
1039 2994 1066 3022 in
1089 2994 1189 3031 quibus
1211 3003 1260 3024 ex-

208 3037 339 3073 titerunt,
357 3035 390 3065 &
403 3043 452 3072 pei·
465 3031 662 3071 Progenitores
674 3041 706 3061 ac
721 3032 914 3061 Antecessoies
926 3032 1053 3069 nostros,
1066 3033 1092 3060 in
1110 3032 1200 3062 Nova
1211 3041 1260 3061 eo-

208 3084 271 3104 rum
289 3073 481 3110 Receptione,
503 3072 536 3102 &
552 3069 730 3100 Poss'effionis
743 3069 890 3107 adeptione
906 3069 1034 3106 praediciti
1050 3068 1198 3108 Ducatus,
1219 3069 1260 3100 est

205 3113 265 3143 fieri
277 3112 442 3142 consuetum
452 3122 462 3147 2,
807 3147 811 3152 .
1088 3147 1092 3152 ⁵

242 3151 288 3181 Ac
303 3151 387 3180 etiam
402 3148 436 3179 ad
450 3146 659 3184 Recipiendum
673 3147 705 3177 &
729 3145 941 3189 Admittendum
954 3145 1109 3190 ‘Homartia
1127 3169 1136 3190 ,
1156 3147 1188 3177 &
1204 3146 1258 3185 Ju-

204 3196 330 3220 tamenta
345 3187 494 3223 fidelitatis,
512 3187 547 3214 ab
562 3186 698 3215 omnibus
714 3184 809 3222 Ligeis
823 3185 855 3215 ὃ(
873 3184 994 3214 Subditis
1016 3184 1117 3226 nostris
1130 3185 1236 3215 ibidem
1246 3209 1256 3223 ‚

204 3237 264 3258 tarn
280 3226 401 3257 Praelatis
414 3226 446 3256 ὅ(
465 3222 624 3254 Nobilibus
639 3245 649 3260 ,
670 3223 753 3261 quam
773 3222 1030 3253 Communitatibus
1053 3223 1175 3260 ejusdem
1191 3224 1256 3253 Du-

207 3274 334 3341 caigtsq’ue
347 3301 381 3332 ad
398 3299 606 3340 Recipiendum
628 3299 662 3330 ὃ(
684 3298 898 3329 Admittendum
922 3297 956 3328 ad
977 3297 1080 3328 nostras
1099 3297 1204 3329 Pacem
1219 3302 1252 3331 ὃ(

204 3343 352 3377 Gratiam,
371 3340 390 3370 fi
406 3342 439 3372 ὃς
455 3346 538 3375 prout
550 3337 652 3367 eisdem
667 3336 896 3367 Prociiratoribus
917 3336 1018 3366 nostris
1037 3336 1069 3378 ad
1096 3336 1254 3367 Utilitatem

200 3383 236 3413 ὃς
251 3378 407 3411 Honorem
421 3376 532 3407 nostros
544 3376 671 3412 expedire
693 3375 832 3405 videbitur
847 3398 856 3413 ,
877 3384 978 3405 omnes
1001 3375 1033 3404 &
1051 3375 1172 3418 singulos
1194 3375 1255 3406 Ini-

201 3421 294 3449 micos
307 3419 340 3449 ὃς
357 3415 484 3447 Rebelles
498 3413 621 3452 nostrOS,
641 3414 688 3452 qui
702 3414 736 3445 ad
750 3413 942 3444 obedientiam
958 3412 1081 3443 nostram
1098 3423 1192 3443 venire
1200 3424 1254 3444 vo-

201 3458 320 3493 luerint,
652 3491 657 3496 ,
766 3495 767 3498 ¹
847 3490 852 3495 ,
1125 3491 1130 3495 .

238 3495 274 3526 Et
290 3491 508 3524 Pardonandutn
524 3490 557 3521 δε
572 3488 788 3521 Remittendum
805 3488 1027 3527 quibuscumque
1042 3489 1199 3526 Gentibus,
1222 3501 1253 3520 e-

199 3534 269 3565 tiam
285 3534 302 3563 ii
320 3531 455 3568 Anglici,
472 3528 605 3566 Wallici,
622 3529 720 3568 Scoti,
736 3528 901 3571 Hiberniei,
922 3527 1078 3565 Vascones,
1096 3527 1252 3572 Francige-

198 3582 259 3609 nae,
278 3571 321 3601 seu
336 3569 480 3607 cujuscurn
504 3577 538 3597 ue
552 3567 657 3597 alterius
672 3567 805 3597 Nationis
824 3565 957 3609 existant,
981 3575 1113 3609 quaecum
1136 3576 1169 3596 ue
1185 3566 1251 3596 Cri*-

198 3611 277 3641 mina
297 3607 385 3638 Laesae
400 3606 487 3645 Mage
512 3605 575 3642 atis,
594 3604 745 3643 Roberias,
762 3605 939 3641 Latrocinia,
957 3603 1081 3642 Pilerias,
1140 3603 1250 3648 urdras,

198 3659 233 3680 ac
248 3648 343 3678 omnia
357 3645 407 3676 alia
423 3646 456 3676 δε
471 3643 572 3682 fingula
586 3642 732 3681 Crimina,
751 3642 990 3682 Transgressiones
1003 3664 1013 3679 ,
1038 3643 1072 3672 &
1089 3640 1248 3679 Melprisio-

197 3697 245 3718 nes
260 3686 295 3716 de
310 3684 482 3721 temporibus
497 3682 656 3719 retroaetis,
673 3682 730 3711 tam
749 3690 845 3711 contra
862 3680 1046 3710 Carissimum
1069 3679 1250 3723 Pati-einno-

196 3725 283 3756 strum
300 3723 418 3753 Ducem
447 3719 616 3751 Lancastriae
631 3742 640 3757 ,
664 3720 749 3759 quam
766 3718 965 3755 Progenitores
987 3719 1019 3748 &
1035 3716 1249 3749 Praedecessores

196 3763 308 3795 nostros
324 3760 422 3796 Reges
437 3757 571 3795 Angliae,
588 3757 672 3787 Facta
684 3758 717 3786 &
733 3756 888 3794 Perpetrata
961 3794 966 3799 ι
1053 3794 1057 3799 ,
1162 3795 1167 3800 1

233 3802 360 3832 Necnon
376 3798 454 3832 illos,
475 3797 521 3834 qui
537 3797 565 3824 in
579 3795 658 3825 dieto
675 3795 789 3825 Ducatu
804 3796 872 3824 inter
896 3804 912 3824 e
929 3792 1086 3836 Discordias
1101 3792 1248 3833 suscitant,

194 3840 228 3870 &
246 3849 294 3876 per
309 3837 428 3867 modum
439 3834 561 3864 Patrium
577 3834 740 3863 abinvicem
755 3832 816 3862 ssint
830 3832 925 3868 divisi,
944 3831 1128 3874 mediantibus
1144 3834 1248 3862 amica-

195 3877 297 3908 bilibus
311 3874 489 3905 Traetatibus
513 3873 545 3902 δε
571 3871 827 3908 ordinationibus,
852 3869 886 3900 ad
907 3869 1060 3900 Unitatem
1081 3869 1114 3899 &
1137 3869 1247 3901 Bonum

194 3913 362 3946 concordiae
380 3909 610 3946 Revocandum,
687 3947 691 3952 Ι
856 3946 861 3951 .

233 3954 278 3983 Ac
293 3952 328 3982 ad
343 3950 502 3981 Faciendum
518 3947 762 3985 Congregationes
770 3945 912 3975 Gentium
927 3945 1084 3975 Armorum
1095 3955 1152 3987 pro
1160 3945 1249 3976 Fadio

192 3992 334 4027 Guerrae,
353 3999 385 4018 ac
399 3990 483 4018 etiam
507 3986 701 4025 Equitationes
717 4007 727 4022 ,
752 3985 786 4014 ὃς
809 3983 978 4013 Ponendum
999 3983 1168 4014 Obsidiones
1192 3992 1247 4021 pro

194 4027 336 4060 Custodia
354 4025 491 4056 Villarum
509 4026 541 4055 ὅ(
555 4023 771 4059 Fortalitiorum,
789 4021 833 4051 seu
848 4030 900 4060 pro
914 4021 964 4051 alia
980 4031 1153 4058 quacumque
1165 4021 1248 4052 Cau-

195 4069 221 4103 sa
230 4063 424 4138 'Jiliegdlisttigign
445 4063 504 4134 iiiiid
510 4061 549 4133 gc:
551 4065 799 4137 &3312leer
813 4096 922 4128 easdem
935 4096 1042 4128 Gentes
1058 4095 1201 4128 Mandans
1213 4098 1246 4129 &

1347 226 1818 275 PUBLICA.

1334 310 1486 350 Praeceptis
1500 325 1618 354 eorum,
1638 317 1669 346 in
1686 328 1717 348 ea
1731 329 1826 357 parere
1840 330 1872 350 ac
1889 321 1972 351 etiam
1988 321 2104 353 obedire
2114 344 2122 359 ,

1356 351 1417 396 ¹Ac
1435 352 1467 381 ad
1485 353 1717 386 convocandum
1732 359 1766 389 &
1783 357 2028 395 Congregandum
2044 361 2191 400 Ptaelatos,
2207 360 2390 400 Nobiles,&
2431 363 2524 400 *1400-

1333 386 1529 431 Communes,
1547 394 1674 429 quotiens
1687 395 1719 425 ὃς
1734 396 1844 433 quando
1860 406 1930 434 opus
1944 398 2043 436 fuerit,
2064 409 2116 436 pro
2135 398 2387 429 Deliberatione&
2410 396 2473 420 hm·
2491 403 2520 428 4·

1332 425 1516 458 AVisamento
1530 432 1695 461 eorumdem
1711 434 1863 472 habendis,
1879 435 1957 472 super
1966 436 2140 475 Regimine,
2158 438 2387 474 Gubernatione‚

1331 472 1364 493 ac
1384 464 1462 495 Statu
1477 467 1548 497 dieti
1562 467 1709 508 Ducatfis,

1341 540 1346 544 .
1365 501 1403 533 Et
1419 503 1451 532 ad
1467 503 1679 542 Requirendum
1695 530 1704 545 ,
1727 508 1886 539 Petendum
1901 532 1911 548 ,
1937 511 1968 541 δε
1985 511 2156 542 Habendum
2175 523 2275 543 eorum
2300 513 2386 543 Auxi-

1329 538 1413 578 lium,
1432 552 1484 578 pro
1500 543 1639 574 Tuitione
1660 547 1694 576 &
1708 546 1778 577 salva
1800 547 1936 578 Custodia
1958 548 2083 580 Partium
2107 552 2286 588 earumdem,
2304 559 2386 589 prout

1328 577 1403 608 casus
1418 579 1582 611 necessitatis
1597 585 1716 621 exegerit
1732 586 1765 615 &
1780 586 1929 624 exposcat,

1368 616 1413 660 Ac
1431 617 1540 655 insuper
1553 619 1586 662 ad
1603 619 1764 652 faciendum
1782 623 1852 654 Fieri
1868 626 1902 655 ὃς
1917 623 1994 654 Cudi
2012 624 2165 656 Monetam
2187 626 2256 657 Auri
2279 627 2313 657 &
2329 628 2384 658 Ar-

1329 662 1425 692 genti,
1445 666 1477 686 ac
1492 657 1510 675 *
1527 665 1610 687 etiam
1628 658 1780 690 Monetam
1797 661 1942 699 Nigram,
1961 663 1994 693 &
2009 663 2043 693 ad
2059 663 2229 694 Faciendum
2245 665 2300 695 illas
2312 664 2382 695 Mo-

1328 701 1404 722 netas
1418 693 1500 724 talem
1514 693 1638 737 Cursum
1655 698 1687 728 &
1706 698 1837 729 Valorem
1851 700 1970 738 habere,
1996 711 2079 738 prout
2099 701 2216 732 Honori
2232 705 2265 734 δε
2283 702 2378 734 Com-

1329 731 1419 771 modo
1433 730 1532 762 nostris
1545 734 1666 765 viderint
1679 737 1823 775 expedire,
1842 738 1875 768 &
1891 738 1925 767 ad
1941 739 2066 777 legitime
2079 739 2259 771 Punieiidum
2282 742 2379 772 Recu-

1326 770 1412 812 Iantes
1426 769 1459 800 ὃς
1474 769 1674 812 Delinquentes
1687 775 1716 803 in
1729 785 1761 805 ea
1774 784 1867 814 parte,
1886 777 2127 813 quemadmodum
2145 778 2229 809 Casus
2243 780 2377 816 exigat&

1333 815 1470 845 requirat,

1339 882 1343 886 ¹
1364 844 1494 887 Necnon
1510 847 1542 876 ad
1560 846 1745 888 Ponendum,
1763 850 1978 890 Ordinandum,
1996 854 2030 884 &
2054 853 2256 891 Deputandum
2279 854 2381 886 Consi-

1326 880 1433 920 liarios,
1453 894 1506 921 pro
1523 884 1738 918 Gubernatione
1758 890 1829 920 dieti
1852 890 1978 921 Ducatsis
2024 900 2065 922 tot
2081 894 2114 923 ὃς
2145 893 2226 931 tales,
2243 904 2311 932 quos
2325 904 2378 931 pro

1325 919 1447 951 Honore
1462 923 1495 953 &
1513 922 1644 954 Utilitate
1658 925 1758 956 nostris
1778 929 1811 958 &
1833 928 1953 965 ejusdem
1977 913 2108 960 lfiucatus
2125 930 2253 962 duxerint
2273 932 2377 971 eligen-

1324 957 1376 1001 dos
1388 981 1396 997 ,
1414 959 1532 998 Iplisque
1547 971 1694 1000 propterea
1709 964 1879 996 Faciendum
1895 966 2021 1003 assignari
2037 978 2200 1003 congruum
2217 971 2249 1000 ὃς
2263 972 2380 1001 rationa-

1325 995 1380 1026 bile
1399 997 1566 1040 Regardum
1580 1022 1591 1038 ,
1611 1002 1688 1038 juxta
1712 1005 1808 1034 merita
1832 1005 2014 1043 eorumdem,
2032 1016 2065 1036 ac
2091 1004 2268 1037 Consiliarios
2290 1008 2380 1046 ipsos,

1325 1044 1453 1072 quotiens
1471 1037 1572 1067 eisdem
1590 1037 1820 1071 Procuratoribus
1840 1042 1941 1072 nostris
1962 1044 2092 1081 expedire
2114 1044 2267 1083 videbitur,
2288 1046 2379 1076 Amo-

1325 1074 1469 1113 vendum,
1487 1076 1520 1105 &
1535 1076 1602 1106 alios
1615 1077 1684 1108 loco
1698 1088 1798 1109 eorum
1817 1079 1987 1112 Ponendum
1997 1104 2007 1119 ,

1363 1112 1458 1151 Atque
1473 1113 1506 1143 ad
1531 1114 1711 1152 Capiendum
1730 1117 1764 1147 ὃτ-
1787 1117 1972 1149 Firmandum
1989 1120 2118 1156 Treugas
2136 1121 2168 1151 ὅτ,
2192 1120 2379 1153 Abstinentias

1326 1148 1464 1193 Guerrae,
1481 1152 1510 1181 in
1527 1153 1655 1187 Partibus
1671 1155 1850 1196 Aquitaniae,
1870 1159 1922 1187 una
1938 1167 2005 1188 cum
2024 1158 2151 1189 Inimicis
2167 1160 2199 1190 &
2214 1158 2379 1192 Rebellibus

1322 1187 1439 1226 nostris,
1457 1189 1520 1220 tales
1537 1192 1574 1222 ὃς
1587 1201 1638 1228 pro
1662 1201 1888 1232 tantortempore
1903 1218 1912 1233 ,
1939 1205 2021 1233 prout
2051 1196 2211 1228 discretioni
2233 1198 2378 1230 dictorum

1323 1224 1541 1258 procuratorum
1562 1229 1742 1269 nostrorum,
1758 1233 1792 1262 ad
1806 1233 1960 1264 Honorem
1978 1234 2010 1264 ὅτ,
2024 1233 2226 1267 Commodum
2234 1236 2378 1275 nostrum,

1334 1266 1481 1300 expediens
1493 1267 1615 1297 videatur
1623 1291 1632 1306 ,

1357 1301 1392 1332 Et
1416 1303 1449 1347 ad
1473 1304 1701 1336 Concedendum
1723 1306 1834 1338 ulterius
1855 1308 1942 1339 salvos
1963 1310 2130 1341 Condut‘tus
2153 1311 2377 1352 quibuscumque

1324 1339 1447 1371 Personis
1462 1352 1513 1379 pro
1527 1353 1605 1374 tanto
1620 1353 1765 1383 tempore,
1783 1346 1936 1378 secundum
1959 1350 2033 1386 quod
2055 1350 2160 1379 eisdem
2184 1349 2377 1382 Procuratori-

1321 1378 1370 1407 bus
1385 1380 1486 1410 nostris
1500 1382 1639 1412 videbitur
1651 1384 1797 1420 expedire,

1357 1416 1536 1460 Ulteriusque
1551 1420 1749 1451 Ordinandum
1764 1431 1816 1461 pro
1829 1422 1900 1457 salva
1923 1422 2077 1462 Custodia,
2094 1425 2246 1464 Tuitione,
2264 1428 2297 1457 &
2313 1427 2374 1458 De-

1321 1453 1444 1485 fensione
1458 1457 1529 1488 dieti
1549 1458 1678 1489 Ducatsis
1687 1482 1697 1497 ,

1355 1494 1400 1523 Ac
1415 1497 1510 1525 omnia
1523 1496 1573 1526 alia
1587 1499 1620 1528 &
1635 1497 1737 1536 singula
1753 1499 1914 1530 faciendum
1924 1523 1933 1537 ,
1950 1500 2161 1540 Exercendum,
2180 1503 2212 1532 ὃ(
2222 1502 2372 1541 Exequen-

1318 1529 1405 1570 dum,
1424 1543 1488 1569 quae
1502 1534 1606 1576 ‘cedere
1620 1544 1748 1572 poterunt
1764 1537 1798 1567 ad
1815 1537 2019 1569 Commodum
2036 1537 2160 1569 Partium
2175 1542 2355 1580 earumdem,

1355 1569 1393 1600 Et
1408 1569 1605 1603 Promittimus
1622 1573 1689 1603 Nos
1704 1573 1831 1614 Rarum,
1848 1576 1881 1606 ἂ
1895 1576 2035 1614 Gratum,
2052 1588 2086 1608 ac
2109 1578 2237 1609 Firmum
2261 1580 2370 1611 habitu-

1316 1617 1361 1637 ros
1381 1609 1516 1647 quicquid
1539 1611 1624 1641 iidem
1638 1610 1836 1644 Procuratores
1851 1614 1940 1645 nostri
1955 1616 2072 1646 fecerint
2092 1617 2122 1646 in
2138 1616 2305 1656 Praemissis,
2324 1627 2370 1649 aut

1317 1646 1410 1682 aliquo
1425 1647 1655 1686 Praemifforum,

1313 1721 1341 1752 d.
1354 1684 1421 1753 Dgst1
1438 1686 1488 1729 sub
1506 1686 1669 1718 testimonio
1691 1687 1784 1726 Sigilli
1804 1689 1890 1720 nostri
1922 1691 1951 1719 in
1974 1690 2082 1720 Palatio
2103 1691 2189 1730 nostro
2207 1695 2255 1723 W
2280 1705 2314 1723 m.
2337 1696 2370 1725 ,xi

1335 1732 1360 1753 ie
1420 1734 1464 1754 aii.
1863 1734 1871 1740 “
2242 1750 2246 1757 ·

2321 252 2337 279 i
2349 240 2368 279 8
2376 253 2395 292 3

2416 314 2491 346 Arm.
2502 315 2546 348 D.

2404 678 2424 697 ²*
2451 680 2536 708 vm.

2426 720 2488 753 142.

1730 1805 1783 1833 Per
1804 1803 1886 1843 ipsum
1902 1804 2039 1845 Custockm
2056 1804 2094 1840 ᾤ’
2113 1806 2265 1838 Concilium.

1562 1929 1611 1960 De
1627 1928 1751 1974 Treugis
1767 1930 1899 1960 Franciae
1924 1926 2136 1974 Obfirvandis.

1312 2007 1392 2070 LE
1411 2009 1468 2040 Ro
1479 2020 1491 2041 1
1509 2021 1524 2041 a
1538 2019 1600 2042 tous
1616 2011 1712 2050 ceulx,
1731 2014 1778 2050 qui
1793 2023 1839 2043 ces
1855 2013 1963 2043 Lettres
1976 2022 2085 2044 verront
2095 2037 2103 2052 ,
2119 2014 2204 2046 Salut.
2384 2002 2461 2034 Ann-
2474 2003 2518 2037 D·

1405 2047 1518 2087 Come,
1535 2050 1601 2080 l’An
1614 2050 1649 2080 de
1663 2049 1760 2081 Grace
1778 2051 1861 2081 Mille
1877 2061 1940 2082 ccc.
1959 2051 2028 2081 lxxx.
2047 2054 2079 2083 &
2097 2055 2152 2082 xvi.
2413 2051 2499 2080 ¹400·

1350 2085 1457 2117 Vivant
1469 2087 1523 2118 lors
1539 2089 1584 2119 feu
1598 2087 1692 2118 nostre
1707 2089 1843 2120 treschere
1860 2088 1968 2119 Coufin
1982 2090 2095 2119 Richart
2104 2113 2114 2128 ,
2131 2091 2166 2121 de
2181 2092 2280 2123 bonne
2299 2093 2366 2125 Me-
2390 2084 2442 2108 An.
2470 2091 2496 2110 ¹·

1313 2125 1420 2192 ωίῗῑᾴκῖ,
1439 2125 1574 2163 n'adgairs
1588 2129 1638 2157 Roi
1650 2127 1855 2166 d'Engleterre,
1874 2127 1969 2158 nostre
1983 2128 2200 2168 Predeceiiour,
2220 2141 2273 2169 que
2288 2131 2364 2164 Dieu
2386 2123 2468 2184 ᾗῇ

1313 2171 1330 2191 a
1353 2172 1381 2191 oi
1402 2174 1418 2194 e
2467 2180 2473 2186 ·

1350 2186 1493 2233 Cerra'ines
1508 2203 1626 2234 Trieues
1643 2204 1782 2241 generales
1795 2203 1902 2235 eussent
1914 2203 1970 2234 este
1978 2204 2102 2243 pauses,
2119 2205 2160 2236 sur
2178 2208 2300 2238 certaine
2309 2208 2367 2239 for-
2388 2205 2411 2223 ¹·
2432 2200 2467 2223 H.
2486 2206 2514 2232 4·-

1311 2249 1376 2277 me,
1393 2249 1470 2271 entre
1483 2241 1508 2271 le
1522 2242 1562 2272 dit
1577 2242 1711 2281 n’adgairs
1740 2242 1808 2282 Roy
1837 2243 1923 2274 d'une
1943 2252 2002 2280 part
2015 2266 2024 2281 ,
2051 2244 2194 2275 &nostre
2217 2246 2310 2286 Coufin
2334 2248 2368 2277 de
2386 2243 2422 2261 '⁷¹'
2446 2243 2498 2269 ¹²³

1313 2281 1416 2308 France
1430 2280 1549 2318 d'autre,

1347 2316 1401 2347 Les
1416 2318 1506 2356 queles
1520 2319 1636 2349 Trieues
1657 2318 1767 2349 feurent
1789 2318 1980 2349 solennement
1998 2318 2093 2357 Jurees
2106 2343 2115 2358 ,
2140 2321 2172 2351 &
2188 2320 2325 2353 Promises
2350 2335 2364 2354 a

1310 2353 1402 2385 Tenir
1416 2358 1498 2386 d'une
1513 2366 1571 2395 part
1587 2358 1620 2387 &
1636 2357 1756 2396 d'autre,
1774 2357 1880 2388 sicome
1895 2367 1923 2387 es
1938 2357 2045 2387 Lenres
2060 2357 2103 2388 sur
2116 2368 2150 2389 ce
2166 2358 2243 2389 faites
2258 2360 2297 2391 est
2305 2363 2364 2399 plus

1309 2403 1325 2422 a
1340 2393 1414 2430 plein
1429 2405 1552 2425 contenu
1562 2418 1572 2433 ,

1346 2431 1446 2463 Savoir
1465 2434 1562 2464 faisons
1581 2444 1634 2472 que
1652 2433 1757 2471 Nous,

1312 2470 1409 2536 F(Qui
1433 2482 1467 2501 en
1485 2482 1519 2503 ce
1536 2472 1617 2510 Fait,
1644 2474 1677 2503 &
1700 2481 1763 2503 tous
1776 2480 1862 2503 autres
1877 2494 1887 2510 ,
1910 2471 2028 2505 voulons
2050 2472 2187 2510 procedet
2208 2474 2243 2504 de
2265 2476 2362 2506 bonne

1336 2517 1356 2536 o
1384 2531 1393 2545 ²

1346 2517 1571 2578 IZl'entendissnes
1592 2559 1678 2586 onqes
1694 2571 1704 2587 ,
1729 2559 1764 2578 ne
1786 2546 1938 2578 entendons
1958 2549 2039 2578 venir
2060 2558 2246 2581 aucunernent
2264 2561 2363 2582 contre

1308 2594 1360 2623 ce,
1380 2595 1433 2622 que
1452 2597 1486 2616 en
1502 2587 1577 2617 ceste
1593 2597 1696 2619 timere
1711 2596 1798 2617 avons
1813 2586 1923 2616 Promis
1938 2586 1970 2617 &
1982 2586 2066 2624 Jure‚·
2089 2589 2159 2617 mais
2167 2589 2286 2621 voulons
2301 2591 2363 2620 Te—

1307 2623 1367 2661 nir,
1386 2625 1419 2654 &
1435 2624 1502 2654 faire
1515 2626 1605 2656 Tenir
1622 2625 1658 2655 de
1675 2625 1767 2655 nostre
1783 2633 1858 2662 part,
1873 2624 1937 2654 sanz
1959 2624 2131 2663 enfraindre,
2148 2626 2185 2656 les
2201 2627 2270 2658 dites
2282 2628 2364 2659 Trie-

1308 2671 1370 2698 ues,
1391 2662 1447 2692 leur
1463 2672 1554 2701 temps
1569 2665 1683 2701 durant,
1701 2664 1766 2694 ainli
1782 2673 1867 2693 come
1883 2661 1993 2693 Promis
2006 2663 2038 2694 &
2048 2663 2114 2701 Jure
2130 2664 2243 2695 l‘avons.

1308 2737 1328 2767 S
1343 2699 1386 2767 Ei]
1408 2701 1568 2739 Tesmoing
1584 2702 1620 2732 de
1635 2712 1668 2732 ce
1687 2711 1757 2732 nous
1771 2711 1860 2732 avons
1874 2701 1922 2731 fait
1939 2710 2041 2732 mettre
2056 2712 2070 2732 a
2085 2712 2131 2732 ces
2145 2702 2252 2733 Lettres
2266 2704 2359 2735 nostre

1329 2748 1361 2767 ee
1375 2762 1380 2767 .

1339 2776 1420 2806 Dori.
1438 2787 1474 2807 en
1487 2776 1571 2817 nostre
1595 2776 1688 2807 Palais
1708 2778 1740 2807 de
1762 2777 1868 2817 Westm.
1890 2777 1915 2807 le
1930 2777 1995 2814 xviij
2010 2777 2075 2814 jour
2087 2777 2121 2807 de
2139 2777 2207 2821 M³y
2231 2779 2298 2809 l'An
2321 2781 2356 2811 de

1303 2813 1398 2846 Grace
1414 2815 1496 2847 Mille
1513 2817 1620 2856 Quatre
1631 2816 1745 2854 Centz,
1760 2817 1792 2848 ὃ(
1805 2817 1839 2847 de
1854 2815 1949 2846 nostre
1965 2814 2094 2845 Roialme
2108 2815 2228 2847 Primer.

1843 2893 1901 2921 Pur
1919 2891 1944 2920 le
1962 2893 2011 2920 Roi
2025 2902 2058 2921 en
2069 2891 2122 2930 fim
2141 2891 2251 2932 Confiil.

1300 2967 1386 3028 LE
1404 2968 1434 2999 R
1444 2979 1463 2999 o
1475 2979 1485 2999 i
1507 2980 1520 2999 a
1534 2978 1598 2999 tous
1611 2968 1706 3007 ceulx,
1726 2966 1784 3002 &a
1795 2975 1823 2997 ut
1833 2967 1920 3007 fhpra
1935 2966 2012 3007 usque
2027 2967 2158 3006 ihi,mais
2173 2970 2299 3009 voilons,
2318 2971 2356 3006 ὠ
2401 2963 2463 2993 Ibid.

1373 3015 1436 3037 tunc
1450 3008 1501 3047 fic,
1517 3008 1548 3037 ὅ(
1565 3008 1744 3038 Promettons
1757 3007 1847 3037 Tenir
1863 3007 1894 3036 &
1911 3005 1995 3044 faire,
2008 3003 2068 3040 (ἐκ.
2086 3007 2217 3046 utsupra.

1340 3046 1420 3077 Doti.
1439 3055 1468 3077 ut
1493 3047 1582 3084 supra.
1998 3085 2002 3089 ,

1835 3084 1892 3111 Par
1913 3081 1936 3114 le
1951 3085 2002 3111 Rot
2021 3093 2054 3112 en
2065 3082 2119 3121 an
2138 3083 2248 3123 Consi’i'l.

1450 3211 1497 3242 De
1519 3207 1725 3241 Concordana'o
1743 3207 1834 3253 fitper
1859 3205 2045 3249 Restitutione
2065 3209 2185 3253 Reginis.

1296 3294 1351 3348 R
1362 3294 1423 3324 EX
1434 3317 1443 3332 ,
1461 3293 1620 3324 Venerabili
1632 3293 1661 3323 in
1676 3291 1799 3335 Christo*
1810 3291 1883 3321 Patri
1900 3290 2033 3335 Waltero·
2046 3291 2144 3333 eadem
2168 3292 2255 3337 gratia
2278 3295 2345 3331 Epi-
2367 3287 2441 3319 Ann.
2459 3286 2500 3321 152

1366 3332 1443 3372 scopo
1460 3332 1686 3371 Dunolmenfi,ac
1703 3330 1854 3374 Catiliimo
1870 3329 2091 3372 Consangumeo
2107 3333 2156 3375 lon
2173 3333 2278 3367 T1;0mae
2294 3336 2344 3361 Co-
2385 3337 2472 3366 1400-

1292 3375 1352 3401 miti
1367 3374 1410 3401 W
1414 3376 1534 3408 gumiae,
1553 3380 1682 3408 necnon,
1699 3369 1806 3399 dileetis
1820 3368 1852 3398 &
1866 3367 1990 3397 fidelibus
2008 3369 2060 3397 iuis
2076 3367 2221 3397 Wzllrelmo
2246 3372 2339 3399 Heron
2365 3370 2417 3393 Aa.
2432 3373 2494 3397 i.H.

1292 3409 1381 3439 Mditi
1428 3410 1527 3438 omino
1542 3409 1577 3438 de
1601 3409 1672 3447 Say,
1691 3409 1723 3438 δε
1744 3405 1887 3442 Magistro
1908 3407 2021 3435 Ricardo
2040 3406 2070 3434 de
2086 3405 2166 3435 Halm
2187 3405 2339 3439 Canonico
2361 3414 2399 3448 4⁴.

1291 3448 1425 3478 Ecclefiae
1441 3446 1611 3476 Cathedralis
1626 3447 1698 3477 beati
1715 3444 1789 3475 Petri
1806 3444 1955 3481 Eborum,
1972 3444 2103 3474 Salutem,
2361 3443 2474 3471 Ih1d.m.

1330 3487 1426 3516 Sciatis
1441 3486 1518 3522 quod
1537 3485 1619 3521 Nos,
2363 3488 2388 3515 3.

1326 3525 1374 3555 De
1389 3523 1546 3561 Fidelitate,
1564 3522 1713 3562 legalitate,
1730 3522 1763 3551 &
1778 3519 1909 3550 industria
1917 3519 2011 3551 vestris
2021 3519 2162 3558 providis,
2182 3520 2340 3557 plenissime

1290 3562 1478 3598 confidentes,
1771 3598 1776 3602 η
1813 3597 1817 3602 .
1863 3597 1868 3602 ,
2018 3597 2021 3600 Ι
2224 3598 2228 3601 -
2276 3599 2280 3603 ¹

1325 3601 1344 3620 ³¹²
1364 3600 1410 3631 Ad
1429 3598 1668 3646 Respondendum
1684 3596 1938 3634 Requisitionibus,
1957 3595 2036 3626 fatris
2057 3595 2135 3633 super
2150 3595 2338 3630 Restitutione
2362 3603 2380 3623 ¹*
2407 3606 2487 3633 vlu.

1287 3638 1445 3670 Carilsimae
1461 3636 1686 3673 Consanguinee
1702 3635 1804 3665 nostre
1823 3633 1945 3670 Ifizbellae
1967 3636 2074 3677 Regina>
2089 3634 2201 3669 Angliae
2225 3645 2258 3665 ac
2284 3636 2340 3666 Βο-
2382 3652 2444 3678 ¹43·

1288 3687 1389 3707 norum
1406 3678 1437 3706 &
1459 3675 1600 3714 jocalium
1616 3675 1729 3704 suorum
1744 3673 1889 3710 facienda,
1906 3672 1985 3708 super
1996 3672 2099 3702 endem
2123 3671 2340 3715 Traetandum,

1288 3714 1548 3752 Appunc‘tuandum
1559 3735 1568 3749 ,
1585 3713 1617 3743 δε
1634 3712 1746 3742 finaliter
1755 3710 2016 3747 concordandum,
2025 3720 2094 3740 cum
2108 3708 2261 3741 Carissimo
2268 3715 2337 3742 Con-

1279 3753 1427 3792 samuineo
1443 3750 1528 3791 nostro
1544 3753 1684 3787 Franciae,
1704 3749 1747 3779 seu
1763 3748 1842 3786 ipfius
1860 3747 2126 3783 Ambaffiatoribus,
2146 3747 2340 3780 procuratori-

1290 3776 1356 3829 bus,
1382 3790 1415 3821 N
1420 3791 1505 3819 unciis
1518 3813 1528 3826 ,
1553 3797 1599 3818 aut
1621 3788 1766 3825 Deputatis
1781 3809 1791 3824 ,
1815 3786 1997 3816 sufficientem
2025 3785 2197 3816 Potestatem
2219 3788 2257 3817 ab
2275 3789 2336 3825 ipso

1286 3829 1504 3866 Consinguirico
1521 3826 1619 3856 nostro
1635 3826 1758 3856 Francia:
1774 3824 1808 3854 ad
1823 3824 1879 3854 hoc
1897 3825 2080 3862 habentibus,
2276 3861 2285 3868 Α

1325 3868 1416 3898 Vobis
1433 3866 1581 3904 Qiatuor,
1595 3865 1627 3895 &
1640 3864 1744 3893 Tribus
1760 3861 1883 3892 vestrum
1900 3862 2037 3900 (quorum
2056 3863 2173 3892 alterum
2197 3861 2338 3900 vestrum,

1286 3915 1336 3935 vos
1350 3903 1457 3942 praefati
1478 3902 1613 3940 Episcope
1637 3903 1670 3932 &
1690 3902 1799 3931 Comes
1812 3923 1822 3938 ,
1847 3910 1934 3930 unum
1955 3899 2169 3942 eise—volumus)
2190 3899 2325 3940 Plenam,

1284 3943 1399 3973 Terrore
1413 3942 1611 3978 Praesentium,
1627 3939 1843 3970 Committimus
1859 3939 1893 3967 &
1910 3937 2094 3967 Conterimus
2113 3936 2282 3968 Potestatem

1323 3980 1488 4017 Ceteraque
1503 3979 1600 4008 omnia
1614 3979 1646 4008 ὃς
1662 3977 1765 4014 lingula
1784 3975 1954 4018 Faciendum
1964 3997 1973 4012 ,
1998 3974 2194 4018 Exercendum
2204 3999 2213 4012 ,
2235 3979 2267 4006 &
2284 3960 2339 4016 Ex-

1286 4019 1476 4057 pediendum,
1497 4027 1559 4055 qua:
1574 4018 1602 4046 in
1618 4014 1785 4051 PraerniffiS,
1802 4016 1834 4044 ὃς
1851 4023 1925 4043 circa
1947 4023 1979 4043 ea
1999 4013 2150 4047 necessaria
2176 4013 2276 4055 suerint
2295 4016 2341 4043 leti

1286 4056 1498 4096 quomodelibet
1513 4063 1667 4094 oportuna,
1686 4063 1717 4083 ac
1739 4062 1802 4089 quae
1820 4051 1946 4089 Qualitas
1962 4052 1994 4081 &
2013 4051 2121 4082 Natura
2138 4050 2262 4087 Negotii
2289 4051 2342 4080 hu—

1283 4095 1401 4134 jusmodi
1416 4095 1574 4133 exigunt&
1593 4094 1754 4130 requirunt,
1772 4092 1804 4122 ὃς
1824 4091 1901 4128 Quae
1920 4088 1987 4119 Nos
2001 4088 2173 4126 faceremus,
2191 4089 2237 4119 seu
2251 4087 2354 4163 {esur}R
