2561 4251
798 136 918 180 ET
999 138 1265 183 ACTA

55 226 180 260 Anni).
241 221 373 257 Bacularii
393 223 463 256 vero
484 223 696 263 (cujuscumque
714 224 874 262 Facultatis)
898 227 926 256 in
950 225 1021 257 Villa
1035 228 1181 264 praesentes
1196 227 1256 264 (In->

74 267 158 312 r380.

53 311 105 335 Ric.
120 315 149 336 2.

37 2639 54 2657 ⁶
77 2642 145 2669 VH.

37 2685 104 2714 ²4²·

205 266 366 302 ceptoribus
378 263 562 293 solummodo
576 263 708 300 exceptis)
726 263 954 303 Repetitionibus
962 265 1257 304 Disputationibusque

206 304 330 334 Publicis
344 302 512 332 Doctorum
526 302 559 332 &
577 301 784 339 Magistrorum
797 303 850 333 suae
864 303 1009 334 Facultatis
1026 304 1097 345 (sola
1107 304 1257 335 Infirmita-

205 345 239 374 tis
253 341 344 372 Causa
357 339 500 370 dumtaxat
512 339 641 377 excepta)
661 341 690 369 in
712 339 822 370 Habitu
840 342 968 380 decenti,
988 341 1122 372 Interesse
1142 351 1256 373 tenean—

205 391 265 418 tur,
282 380 330 409 nisi
352 377 459 408 Custos
479 378 645 416 praedidtus,
663 387 710 409 aut
730 379 786 416 ejus
807 379 892 410 Vices
914 390 1031 419 gerens,
1048 381 1108 420 ipso
1128 381 1258 421 absente,

204 427 303 450 eorum
320 416 483 447 Absentiam
497 417 624 447 habuerit
639 417 804 446 excusatam.
996 441 1003 444 ,

241 456 349 486 ITEM
365 477 375 493 ,
403 456 529 486 Scolares
548 455 676 495 praedieti
698 455 846 486 Tabernas
864 456 967 494 absque
988 457 1144 487 rationabili
1166 457 1259 489 Causa

201 505 261 526 non
278 503 452 524 excerceant:

239 532 287 563 De
302 532 336 562 N
339 533 568 571 egotiationibus,
586 530 650 560 alias
664 529 782 561 Clericis
797 531 833 560 de
840 531 911 569 Jure
924 531 1070 572 Inhibitis,
1087 533 1115 564 se
1129 544 1189 565 non
1210 535 1259 565 In-

201 578 366 648 Πεὲιῐξὲξιῑ,
375 609 420 641 vel
436 608 545 644 Canes,
564 606 634 636 infra
649 605 783 636 Mansum
799 607 988 648 praedidtum,
1006 610 1084 641 nullo
1100 611 1190 642 modo
1199 611 1260 642 Re-

246 658 262 677 e
279 659 296 677 n
317 658 322 677 :

203 655 395 717 thLlaetsentes
408 685 436 713 in
452 682 541 720 Villa,
559 691 636 713 eirtra
650 682 785 713 Mansum
803 687 968 724 proprium,
986 687 1088 724 absque
1104 687 1194 718 Causa
1218 699 1260 719 ra-

202 726 347 761 tionabili,
362 724 395 753 &
408 721 525 761 optenta
538 720 691 760 Custodis,
709 722 754 753 vel
770 723 826 761 ejus
842 723 930 754 Vices
951 727 1087 764 gerentis,
1107 726 1259 766 Licentia,

202 773 263 793 non
278 762 462 801 pern0&ent:
639 798 644 803 ¹
1005 802 1010 807 ¹
1093 803 1097 808 Ι

239 801 394 831 Extraneos
409 800 480 829 vero
495 798 540 828 vel
559 798 755 836 Propmquos,
771 798 804 828 ad
819 801 990 832 morandum
1004 808 1075 831 inter
1090 804 1178 842 ipsos,
1196 803 1258 833 abs-

200 849 257 878 que
272 838 404 869 Licentia
415 838 484 868 dicti
502 836 653 874 Custodis,
672 847 732 866 non
747 837 943 868 introducant:

237 876 478 907 Garcionesinfra
494 875 627 906 Mansum
641 874 808 911 praedic‘tum
826 876 904 906 nullo
918 876 1009 907 modo
1032 878 1189 917 retineant,
1207 879 1255 909 nisi

199 924 253 952 pro
273 925 373 947 eorum
398 914 530 952 Expenfis
543 938 553 951 ,
585 913 694 951 singulis
720 912 887 949 Septimanis
900 938 909 951 ,
936 916 1012 953 juxta
1033 915 1257 947 Ordinationem

199 952 352 992 Custodis,
369 963 421 992 pro
436 961 566 989 tempore
582 960 641 989 quo
656 950 694 981 fic
715 949 856 990 steterint,
874 952 959 984 dietae
979 953 1138 986 Comitivae
1157 955 1257 986 satisfa-

198 1001 288 1022 ciant:

236 1030 322 1061 Extra
334 1027 555 1059 Universitatem
571 1027 752 1066 praedietam,
771 1028 873 1066 absque
886 1030 955 1060 disti
970 1030 1122 1070 Custodis,
1140 1041 1187 1063 aut
1200 1033 1256 1071 ejus

199 1067 283 1099 Vices
297 1068 434 1105 gerentis,
452 1067 581 1103 licentia,
598 1066 687 1096 nullus
701 1066 845 1096 dictorum
860 1068 1017 1099 Scolarium
1031 1070 1057 1100 se
1075 1072 1215 1110 absentet,
1236 1072 1255 1101 si

198 1109 286 1143 vero,
306 1106 341 1136 de
359 1106 486 1135 Licentia
500 1105 650 1143 custodis,
669 1106 713 1135 vel
737 1107 794 1143 ejus
815 1105 1053 1146 Vicesgerentis,
1071 1109 1167 1147 aliquis
1182 1110 1256 1140 Sco-

195 1144 294 1174 larium
310 1144 512 1182 praedictorum
525 1143 620 1174 absens
632 1143 729 1181 fuerit,
747 1153 821 1174 exrra
837 1144 1057 1176 Univerlitatem
1072 1148 1254 1187 praedistam,

197 1191 251 1220 pro
266 1183 311 1213 sua
326 1182 415 1213 Causa
433 1183 573 1221 singulari,
592 1182 736 1212 statuimus
751 1182 831 1220 quod
844 1193 898 1220 pro
912 1192 1060 1223 tempore,
1078 1196 1138 1224 quo
1153 1187 1190 1217 sic
1205 1188 1255 1217 ab·

197 1221 257 1251 sens
270 1221 370 1260 fuerit,
384 1221 473 1251 nichil
486 1221 639 1251 commodi
651 1221 686 1250 ab
700 1221 772 1251 Aula
785 1222 936 1260 praedicta,
954 1223 998 1253 seu
1021 1224 1151 1254 Custode
1172 1225 1254 1255 Aulae

197 1260 356 1297 praedietae,
374 1260 522 1290 vendicare
544 1259 646 1297 poterit
666 1267 713 1289 aut
735 1259 866 1298 debebit,
886 1260 1088 1292 Commodum
1111 1265 1181 1293 vero
1202 1264 1254 1294 hu-

192 1298 316 1336 jusmodi
340 1299 499 1336 Absentiae,
517 1298 562 1328 seu
586 1298 744 1336 hujusmodi
761 1297 974 1336 Absentiarum,
993 1301 1021 1329 in
1034 1301 1253 1339 Reparationem

197 1338 231 1368 &
244 1336 484 1368 Emendationem
500 1336 670 1367 Domorum
687 1336 769 1366 Aulae
783 1336 927 1374 praedietae
941 1339 1111 1376 integraliter
1130 1350 1255 1372 conver-

198 1384 278 1406 tatur.

232 1414 303 1444 Hoc
326 1414 411 1445 etiam
432 1413 467 1443 de
493 1413 669 1451 Scolaribus,
690 1413 879 1444 Admittendis
901 1415 929 1444 in
950 1414 1053 1445 Aulam
1070 1415 1252 1455 praedictam,

194 1453 328 1483 volumus
349 1453 487 1482 observari
510 1452 662 1490 (videlicet)
686 1452 782 1490 quod,
801 1453 903 1482 virtute
920 1452 1034 1490 alicujus
1051 1453 1178 1485 Mandati
1200 1465 1254 1485 no-

197 1491 264 1529 stri,
282 1491 361 1521 dic'to
378 1490 501 1521 Custodi
513 1490 631 1528 directi,
651 1489 694 1520 seu
711 1489 899 1527 imposterum
922 1490 1077 1530 dirigendi,
1094 1493 1163 1523 ultra
1183 1493 1254 1524 Nu-

194 1537 309 1559 merum
327 1529 501 1566 Scolarium,
521 1529 548 1557 in
571 1528 746 1558 Fundatione
762 1527 929 1558 eorumdem
949 1537 1089 1569 taxarum,
1108 1532 1198 1562 nullus
1217 1532 1254 1563 de

194 1575 301 1599 caetero
313 1567 492 1604 admittatur,
513 1566 562 1596 nili
578 1567 606 1596 in
619 1566 679 1603 ipso
692 1566 832 1596 Mandato
846 1567 962 1606 nostro,
977 1567 1058 1599 diffito
1073 1569 1196 1601 Custodi
1212 1571 1252 1602 sic

192 1605 359 1645 dirigendo,
378 1616 431 1643 pro
443 1605 537 1643 aliquo
552 1604 658 1635 Scolari
673 1605 710 1635 fic
729 1605 933 1644 Admittendo,
948 1608 1031 1638 etiarn
1047 1607 1117 1640 ultra
1132 1609 1252 1640 Nume-

193 1653 260 1675 rum
274 1644 458 1682 praedietum,
474 1644 583 1673 mentio
599 1642 646 1674 fiat
661 1644 797 1681 specialis:
895 1680 907 1688 δ

231 1683 269 1714 Et
283 1683 364 1721 quod
381 1682 580 1713 Admittendus
592 1681 627 1711 de
639 1691 761 1720 caetero,
780 1682 849 1712 infra
871 1683 1041 1714 Numerum
1061 1686 1249 1725 praedidtum,

192 1722 279 1752 bonae
294 1720 525 1752 Conversationis
538 1720 628 1758 fit,&
643 1720 772 1752 honestae
785 1720 889 1751 AEtatis
904 1722 1131 1790 Qatuordecim
1149 1725 1251 1755 Anno—

192 1770 256 1791 rum
271 1761 316 1791 vel
329 1760 416 1797 ultra,
434 1759 470 1790 de
484 1769 543 1797 quo
557 1759 688 1789 volumus
703 1759 783 1798 quod
796 1759 914 1798 praefato
960 1761 1069 1800 ustodi,
1089 1763 1250 1801 fidedigno—

191 1808 256 1829 rum
271 1799 453 1835 testimonio,
470 1797 517 1828 fiat
528 1797 754 1836 fides3qubdque
768 1799 843 1835 talis,
862 1799 899 1829 fic
917 1799 1133 1840 Admittendus,
1151 1802 1250 1833 inRe-

191 1838 261 1877 gulis
272 1835 506 1868 Gramaticalibus
516 1837 554 1867 ita
564 1836 733 1867 sufficienter
746 1837 777 1867 sit
789 1837 956 1876 instrutstus‚
976 1839 1055 1877 quod
1068 1842 1199 1878 congrue
1219 1843 1249 1871 in

191 1877 263 1908 Arte
277 1876 424 1907 dialectica
439 1875 548 1906 studere
561 1876 731 1913 poterit,seu
745 1876 776 1905 in
788 1876 878 1914 aliqua
891 1876 942 1906 alia
955 1877 1154 1917 Facultate,ad
1165 1889 1251 1918 quam

190 1915 320 1953 praefatus
334 1914 439 1946 Custos
449 1939 457 1953 ,
476 1914 540 1952 post
555 1914 798 1945 Examinationem
813 1916 847 1947 &
863 1915 1072 1947 Admiffionem
1090 1920 1164 1957 ejus,
1179 1919 1251 1949 dux-

191 1954 243 1983 erit
258 1953 338 1984 illum
354 1953 571 1991 Deputandum.

228 1990 261 2020 In
275 1992 366 2022 arduis
382 1993 514 2031 Negotiis
529 1993 562 2023 &
579 1992 688 2029 magnis
701 1991 787 2022 dietae
801 1991 919 2023 Domiis
934 1994 1061 2030 praefatus
1075 1994 1200 2034 Custos,
1215 1996 1250 2026 fi-

189 2039 227 2060 ne
242 2029 387 2061 Consensu
402 2032 535 2061 omniurn
550 2030 723 2069 Sociorum,
740 2031 785 2061 vel
800 2032 909 2069 majoris
923 2031 1010 2063 Partis
1022 2043 1140 2073 eorum,
1159 2035 1248 2065 nichil

189 2076 354 2109 attemptet,
373 2071 403 2099 in
415 2070 472 2100 aliis
482 2072 552 2101 vero
576 2068 715 2106 Negotiis
736 2069 858 2107 ejusdem
880 2069 999 2102 Domus
1021 2071 1127 2102 Custos
1147 2073 1251 2111 praedi-

190 2107 252 2137 &us
267 2108 379 2139 ordinet
392 2110 425 2140 ὃς
439 2108 585 2146 disponat,
603 2116 686 2145 prout
700 2107 825 2139 Utilitati
845 2107 964 2140 Domus
987 2111 1130 2148 praedid'tae
1146 2112 1248 2143 melius

190 2145 292 2177 viderit
306 2146 437 2185 expediri.
973 2188 977 2192 ¹
1074 2188 1078 2193 .

227 2184 242 2214 Ι
249 2193 272 2215 τ
281 2195 299 2215 E
310 2194 338 2216 Μ
355 2210 364 2224 ,
387 2185 406 2216 S
416 2193 439 2215 T
449 2195 467 2215 A
477 2193 500 2214 T
509 2193 531 2215 υ
540 2194 551 2214 1
559 2193 616 2215 MU
627 2194 639 2215 s
659 2184 740 2223 quod
762 2185 854 2215 nullus
873 2185 1031 2218 Scolarium
1051 2187 1138 2218 <11stae
1162 2188 1248 2219 Aulae

188 2222 312 2261 Repasta
333 2225 438 2262 privata
451 2247 460 2262 ,
478 2224 514 2254 de
535 2223 701 2263 Sumptibus
720 2223 766 2257 seu
787 2223 921 2262 Expenfis
940 2227 1142 2256 communibus
1162 2227 1249 2258 diCtae

188 2261 325 2301 Domfw,
341 2273 441 2300 capere
453 2262 617 2300 praesumat,
636 2262 686 2292 nili
708 2263 756 2300 qui
779 2263 816 2292 fic
838 2265 995 2303 acceperit,
1015 2275 1067 2303 pro
1086 2265 1246 2303 hujusmodi

188 2299 335 2340 Repastis,
353 2302 507 2332 secundum
523 2300 744 2331 Ordinationem
764 2301 834 2331 dieti
855 2301 1008 2341 Custodis,
1029 2304 1154 2342 plenarie
1173 2300 1247 2335 satis-

187 2339 270 2370 faciat
285 2339 458 2370 Comitivae:
475 2340 496 2370 s1
510 2341 571 2378 quis
583 2341 654 2369 vero
668 2339 826 2370 Scolarium
841 2340 1046 2378 praedictorum
1069 2343 1247 2373 contrafece-

187 2379 237 2416 rit,
252 2387 299 2409 aut
321 2378 501 2409 Ordinationi
522 2378 590 2408 dieti
613 2377 748 2408 Custodis
768 2388 838 2409 cum
858 2378 965 2410 effeetu
987 2390 1082 2418 parere
1104 2381 1245 2420 noluerit,

187 2416 281 2447 Trina
296 2417 464 2447 Monitione
476 2416 634 2455 praemissa,
652 2426 667 2446 a
682 2418 865 2454 perceptione
878 2417 1067 2449 Exhibirionis
1088 2419 1192 2450 nostrae
1216 2422 1244 2451 in

187 2453 294 2486 Domo
307 2455 441 2494 praedicit&
450 2479 460 2495 ,
477 2455 622 2494 quousque
635 2465 729 2493 parere
748 2456 887 2494 voluerit,
903 2455 1039 2489 Custodis
1050 2459 1166 2497 Judicio
1180 2458 1247 2489 Sus—

207 2494 332 2525 endatur.

185 2503 206 2532 p
223 2531 239 2562 I
248 2542 271 2563 T
281 2542 297 2563 E
308 2542 335 2563 M
344 2556 353 2571 ,
368 2533 387 2563 S
396 2541 419 2563 τ
428 2542 448 2563 A
457 2541 480 2563 τ
489 2542 512 2563 υ
522 2542 533 2563 1
543 2541 601 2563 Mu
611 2542 623 2563 s
645 2532 681 2571 fi,
701 2543 750 2570 per
764 2531 924 2564 Custodem
960 2535 1031 2566 fadia
1045 2534 1244 2567 Convocatio-

184 2580 221 2601 ne
235 2571 396 2602 Scolarium
412 2571 666 2609 praedi&orum,in
680 2571 754 2602 dieta
768 2557 959 2604 Univerfitale
969 2582 1038 2604 tunc
1053 2575 1242 2613 praesentium,

183 2611 334 2647 contingat
351 2610 485 2648 Aliquem
498 2610 542 2640 seu
558 2610 677 2647 Aliquos
699 2610 735 2640 de
756 2610 915 2641 Scolaribus
935 2613 1091 2652 praediffis,
1110 2623 1158 2651 per
1181 2613 1245 2644 Cu-

184 2648 297 2679 stodem
309 2652 342 2680 &
359 2649 502 2687 Majorem
523 2649 637 2679 Partem
661 2648 819 2679 Comitivae
841 2658 910 2680 tunc
930 2652 948 2671 ²*
970 2652 1123 2689 praesentis,
1141 2651 1175 2681 ad
1195 2653 1243 2682 ali-

184 2687 263 2724 quod
278 2688 420 2720 Officium
430 2711 439 2726 ,
454 2697 631 2718 concernens
646 2687 807 2718 Utilitatem
822 2686 1023 2720 Communem
1039 2689 1157 2720 Domfis
1172 2700 1244 2727 prae-

184 2726 286 2763 dictae,
305 2727 349 2757 seu
372 2727 405 2756 ad
427 2726 516 2763 aliqua
533 2727 614 2765 ipsius
635 2725 754 2756 Domus
774 2726 904 2763 Negotia
927 2729 1131 2769 prosequenda,
1148 2728 1243 2772 Eligi,

185 2763 358 2800 Nominari,
376 2774 422 2795 aut
436 2763 593 2802 Deputari,
612 2764 692 2800 quod
713 2774 772 2794 non
796 2764 875 2795 liccat
898 2766 935 2796 iic
956 2767 1077 2804 Electo,
1095 2767 1243 2797 Nomina-

187 2810 233 2840 to,
253 2811 298 2832 aut
313 2802 479 2840 Deputato,
497 2803 542 2832 seu
558 2803 595 2832 sic
618 2802 739 2840 Eleius,
758 2802 940 2843 Nominatis,
958 2814 1003 2836 aut
1024 2804 1191 2842 Deputatis,
1209 2817 1243 2836 o-

185 2849 237 2871 nus
261 2840 433 2879 Electionis,
452 2839 686 2877 Nominationis,
705 2850 750 2870 aut
774 2840 972 2879 Deputationis
991 2844 1166 2883 hujusmodi,
1183 2845 1244 2875 abs-

184 2888 242 2917 que
262 2879 341 2910 causa
366 2878 539 2917 rationabili,
557 2888 643 2917 quam
665 2878 941 2923 Custospraedidntus
955 2881 1064 2912 duxerit
1079 2892 1242 2921 acceptare,

185 2918 407 2955 quomodolibet
421 2917 578 2948 Recusare:
597 2917 753 2955 sumptibus
767 2919 804 2947 {ic
829 2922 1025 2958 prosecuturo,
1044 2930 1089 2952 aut
1110 2922 1243 2959 prosecu-

185 2956 271 2994 turis,
290 2955 420 2993 Negotia
432 2955 609 2986 Communia
621 2956 708 2986 dictae
722 2955 840 2987 Domus
859 2957 894 2988 de
914 2961 1065 2990 communi
1085 2960 1242 2991 ministran-

184 2995 226 3024 dis
240 3007 250 3033 ς
276 2995 333 3025 hoc
353 2997 436 3026 etiarn
459 2995 478 3025 S
489 3003 511 3023 T
522 3003 571 3025 AT
582 3004 604 3025 U
616 3005 633 3025 E
647 3003 668 3025 N
678 3003 700 3024 Τ
710 3004 727 3024 Ε
739 3004 750 3025 s
775 2995 855 3033 quod
879 2998 1063 3036 quiscumque
1082 2998 1241 3030 Scolarium

184 3033 404 3072 praedictorum,
423 3033 473 3064 sub
487 3033 579 3063 forma
593 3033 745 3073 praedicta,
761 3035 795 3063 ad
809 3034 952 3066 Officium
966 3036 1003 3067 fic
1019 3036 1133 3067 Eletsms
1147 3038 1241 3077 fuerit,

184 3073 218 3103 &
235 3082 284 3110 per
299 3071 458 3103 Custodem
474 3072 635 3109 Admiss'us,
650 3073 852 3110 juramentum
867 3074 1144 3113 praestetCorporale
1160 3077 1241 3117 disto

185 3109 327 3149 Custodi,
345 3111 425 3148 quod
445 3111 534 3148 bene,
553 3111 586 3142 &
607 3110 740 3148 fideliter,
760 3121 793 3141 ac
815 3111 977 3152 diligenter,
997 3115 1024 3144 in
1047 3113 1160 3145 Officio
1173 3116 1239 3154 suo,

185 3148 387 3178 administrabit
402 3159 454 3186 pro
467 3148 639 3179 Commodo
654 3148 815 3180 Communi
832 3151 950 3182 Domus
966 3152 1118 3190 praedictae.

224 3186 269 3216 IT
281 3196 297 3216 E
309 3195 335 3216 M
351 3209 360 3224 ,
385 3188 434 3216 ST
445 3195 543 3216 ATUI
553 3195 631 3217 Mos
652 3188 731 3225 quod
754 3188 900 3220 Senescalli
922 3191 1004 3221 Aul-„e
1023 3192 1166 3229 praeditstae
1180 3215 1189 3230 ,
1207 3203 1240 3223 ac

187 3225 271 3255 etiam
294 3225 493 3254 Procuratores
513 3225 717 3264 Eccleliarum,
735 3227 814 3257 dieto
835 3228 969 3268 Colle-gio
987 3232 1240 3270 appropriatarum,

185 3264 223 3292 de
244 3263 368 3293 Pecunia
390 3264 565 3300 communi,
585 3264 672 3294 nichil
692 3265 839 3302 disponant
859 3267 904 3297 vel
927 3268 1050 3305 solvant,
1069 3269 1172 3307 absque
1193 3270 1242 3300 Li-

185 3303 277 3332 centia
292 3302 325 3332 &
339 3301 517 3331 Au&oritate
530 3301 599 3331 dicti
613 3301 765 3339 Custodis,
783 3305 828 3333 vel
842 3305 898 3342 ejus
915 3306 998 3336 Vices
1024 3311 1164 3346 gerentis,
1183 3310 1242 3346 ipio

185 3340 312 3377 absente,
328 3341 361 3371 &
376 3340 412 3369 de
429 3339 632 3369 Administratis
646 3350 694 3378 per
708 3341 822 3371 eosdem
838 3343 965 3373 Fidelem
981 3344 1165 3383 Compotum
1181 3348 1243 3377 red-

185 3377 252 3408 dant
273 3378 354 3408 dieto
371 3377 508 3415 Custodi,
526 3378 620 3408 saltem
641 3379 724 3409 semel
748 3380 776 3408 in
791 3379 895 3419 Anno,
913 3382 947 3412 δε
961 3382 1039 3421 super
1053 3384 1110 3414 hoc
1124 3385 1242 3422 praefato

188 3414 311 3447 Custodi
329 3416 476 3454 corporale
489 3416 621 3453 praestent
631 3416 842 3455 Juramentum.

224 3454 352 3492 ITEM,
372 3454 467 3492 quod,
486 3455 505 3484 si
523 3457 583 3493 quis
596 3455 753 3486 Scolarium
775 3456 860 3486 dietae
881 3456 963 3488 Aulae
986 3459 1175 3497 Religionem
1199 3462 1245 3491 in-

186 3494 316 3523 traverit:
335 3493 380 3522 vel
397 3493 432 3522 de
445 3501 552 3523 caetero
566 3493 741 3524 Beneficium
755 3493 980 3527 Ecclesiasticum
990 3498 1174 3536 ,secundum
1195 3511 1245 3531 ve-

186 3540 252 3561 rum
267 3531 393 3561 valorem
410 3532 562 3569 Annuum,
581 3532 694 3562 Decem
704 3532 868 3564 Marcarum
883 3535 1067 3566 effeetualiter
1079 3538 1113 3568 &
1126 3537 1245 3575 pacifice

186 3570 267 3600 fuerit
282 3569 439 3604 Assecutus:
460 3570 504 3599 vel
514 3570 543 3599 in
559 3570 780 3610 Temporalibus
795 3572 996 3612 Poffeffiones,
1013 3574 1180 3615 Pensiones,
1198 3586 1244 3607 aut

186 3608 341 3646 Redditus,
361 3607 487 3638 Centum
501 3607 630 3647 Solidos,
647 3609 800 3641 secundum
814 3622 910 3642 veram
926 3611 1246 3652 AEstimationem,An-

186 3648 293 3678 nuatim
320 3647 442 3677 valentes
457 3669 466 3684 ,
498 3646 611 3686 adeptus
642 3648 724 3678 suerit
738 3661 747 3687 3
776 3649 869 3680 statim
884 3675 893 3687 ,
919 3650 983 3688 post
1011 3652 1133 3690 elapsum
1162 3655 1244 3684 unius

186 3685 277 3716 Anni:
300 3685 319 3715 si
337 3687 408 3716 vero
424 3684 618 3724 Beneficium,
638 3686 675 3716 fic
688 3687 821 3724 adeptum
831 3713 840 3725 ,
857 3689 892 3718 ad
907 3689 1041 3720 Valorem
1050 3691 1244 3729 Qadraginta

188 3722 338 3754 Librarum
358 3724 500 3753 annuatim
523 3723 549 3753 se
570 3725 718 3762 extendat,
737 3734 804 3756 tunc
826 3726 936 3766 statim,
955 3728 1043 3759 Anno
1063 3730 1183 3760 minime
1198 3740 1246 3761 ex-

187 3762 317 3801 pec‘tato,
337 3772 353 3792 a
365 3762 440 3792 dista
455 3761 525 3791 Aula
541 3763 652 3800 penitus
667 3763 697 3792 sit
712 3763 860 3794 Exclusus:

224 3798 296 3831 Illud
311 3801 388 3831 idem
404 3801 440 3831 de
454 3811 507 3838 eo,
525 3801 573 3838 qui
588 3801 623 3830 ab
638 3800 709 3831 Aula
726 3802 874 3840 prredic‘ta,
891 3804 988 3833 animo
1016 3805 1147 3836 Studium
1168 3805 1245 3837 dese-

189 3837 287 3876 rendi,
305 3840 463 3876 recesserit,
481 3838 543 3877 seu,
562 3839 591 3868 in
605 3839 658 3876 ipsa
674 3838 777 3870 Domo
794 3843 1052 3879 manens,ceffante
1066 3845 1149 3875 causa
1162 3847 1245 3876 ratio-

189 3875 274 3905 nabili
288 3899 297 3913 ,
315 3886 400 3914 quam
414 3876 520 3908 Custos
539 3876 687 3916 praeditstus
708 3877 816 3908 duxerit
839 3889 998 3919 acceptare,
1019 3881 1129 3912 studere
1150 3884 1247 3921 negle-

189 3914 277 3981 xgrsit,
293 3915 344 3958 nisi
359 3915 600 3947 adMonitionem
615 3915 684 3946 dieti
700 3914 835 3947 Custodis
850 3918 875 3948 se
891 3920 1100 3959 emendaverit,
1116 3922 1247 3954 volumus

188 3961 208 3981 o
239 3961 335 3982 ervari.

224 3988 350 4027 ITEM,
371 3992 450 4029 quod
472 3993 562 4024 nullus
585 3992 743 4023 Scolarium
766 3993 986 4034 praedietorum,
1004 3996 1154 4035 postquam
1170 3997 1246 4039 Igni-

185 4030 294 4068 regium
309 4027 446 4067 pulsatum
460 4030 542 4063 fuerit
554 4031 628 4072 apud
643 4030 799 4064 Ecclesiam
815 4033 902 4065 beatae
916 4033 1020 4066 Mariae
1035 4037 1063 4066 in
1087 4035 1179 4077 Villa,
1197 4047 1246 4069 ex-

1300 231 1341 257 tra
1366 226 1498 259 Mansum
1517 232 1682 269 proprium,
1701 233 1803 272 absque
1824 234 1901 265 causa
1923 236 2101 276 rationabili,
2120 237 2147 268 se
2166 232 2303 278 absentet,
2323 236 2356 272 8(

1301 265 1382 309 quod
1396 265 1492 297 Portae
1506 271 1631 306 praediCti
1647 270 1759 310 Manli,
1777 282 1824 309 per
1839 273 1954 312 lingulas
1968 276 2082 314 nostes,
2102 275 2238 308 Clavibus
2261 279 2293 310 ὃς
2309 279 2360 310 Se-

1303 314 1373 333 rurls
1387 303 1534 336 firmentur
1549 310 1583 339 ὃ(
1596 309 1766 340 claudantur.

1340 341 1412 386 IT'u
1424 351 1468 382 M,
1488 347 1566 382 quod
1587 348 1678 378 nullus
1698 348 1842 379 di&orum
1858 349 2032 389 Scolarium,
2052 352 2122 383 infra
2136 353 2360 386 Univerfitatem

1302 380 1483 425 praedic‘tatm,
1502 384 1591 415 indies
1604 386 1647 416 vel
1662 387 1919 426 consuetudinarie,
1937 389 2102 420 Balilardum
2118 400 2227 431 portet,
2245 393 2290 424 seu
2311 395 2360 424 ali-

1301 428 1392 455 quem
1408 420 1492 450 alium
1509 421 1681 463 Cultellum‚
1699 425 1790 456 Statui
1804 425 1986 457 Clericorum
2003 427 2192 460 Indecentern.

1340 456 1384 500 I'T
1394 466 1463 501 ΕΜ,
1483 460 1562 496 quod
1577 461 1667 492 nullus
1681 463 1838 494 Scolarium
1854 466 2056 503 praedictorum
2072 469 2165 506 Arcu,
2185 468 2360 508 Fistulfi,aut

1303 492 1405 525 Balista
1419 497 1489 526 infra
1506 497 1639 542 Mansum
1657 502 1824 537 praediCtum
1840 505 1877 534 uti
1894 505 2056 543 praesumat,
2075 516 2127 536 nec
2141 508 2194 538 alio
2216 518 2361 545 quocum-

1303 533 1477 601 qulekfflp’
1497 535 1656 567 Scolaribus
1671 537 1843 580 Inhonesto,
1863 552 1909 573 aut
1922 542 2056 581 Collegio
2069 544 2168 576 nostro
2190 545 2359 584 Dampnoso

1305 581 1342 601 ve
1403 582 1499 603 ocivo.

1342 609 1468 649 ITEM,
1488 611 1568 649 quod
1585 612 1674 643 nullus
1686 614 1830 647 diciorum
1851 617 2028 658 Scolarium,
2047 629 2146 652 contra
2169 621 2359 654 Honestatem

1304 646 1489 687 Clericalem,
1509 650 1682 682 Sotularibus
1705 663 1794 684 utatur
1814 655 1969 694 Rostratis‚
1988 658 2051 695 post
2075 661 2154 690 unius
2180 660 2285 692 Menlis
2308 662 2357 693 de-

1304 687 1433 725 cursum,
1452 698 1467 718 a
1481 696 1611 725 tempore
1627 692 1734 721 notitia:
1749 693 1938 725 istiuslStatuti
1954 696 2003 725 sibi
2017 699 2273 730 communicandae.

1342 723 1355 753 I
1365 734 1387 754 T
1398 734 1415 754 E
1426 734 1471 763 M,
1491 727 1571 764 quod
1591 728 1707 765 quilibet
1728 731 1884 762 Scolarium
1906 734 2124 774 praedic'torum,
2142 738 2178 768 de
2196 737 2358 769 Liberatura

1303 761 1365 799 sua,
1383 763 1432 792 fibi
1446 763 1504 807 fieri
1518 765 1599 808 faciat
1613 765 1731 797 Robam
1747 768 1879 800 Talarem
1890 793 1899 808 ,
1917 771 2065 803 decentem
2089 776 2120 805 δε
2140 776 2288 806 honestam
2304 787 2357 814 pro

1301 799 1380 830 Statu
1400 801 1546 832 Clerrcali:
1566 805 1618 842 ὃς,
1638 804 1657 834 si
1679 805 1832 838 Bacularius
1853 809 1954 847 fuerit,
1973 810 2089 841 Robam
2111 824 2178 843 cum
2197 816 2333 845 Tabardo
2347 839 2358 852 ,

1303 837 1411 882 Gradui
1424 839 1474 870 suo
1487 850 1718 882 competentem,
1733 845 1768 876 de
1783 845 1916 883 praedicta
1929 847 2092 887 liberatura,
2112 852 2160 881 libi
2180 852 2260 884 faciat
2283 853 2359 884 ordi-

1304 885 1368 905 nari.

1340 914 1595 948 STATUIMUS
1619 919 1727 957 insuper
1742 946 1752 959 ,
1777 923 1858 960 quod
1878 922 1984 954 Custos
2006 925 2088 957 Aulae
2111 929 2252 966 praediehe
2266 954 2275 967 ,
2307 931 2357 968 qui

1302 962 1380 995 nunc
1391 954 1431 984 est
1438 978 1451 998 ,η
1465 956 1499 986 ὃς
1515 958 1563 994 qui
1577 967 1629 994 pro
1643 966 1771 996 tempore
1785 961 1882 999 fuerit,
1901 963 2017 1000 praesens
2038 965 2065 994 in
2081 966 2179 996 eadem
2189 991 2197 1004 ,
2216 967 2359 999 Sustenta-

1303 1000 1412 1022 tionem
1434 998 1490 1024 live
1511 995 1765 1028 Alimentationem
1789 1001 1924 1037 percipiat
1945 1001 2114 1032 cotidianam
2127 1029 2135 1041 ‚
2151 1015 2202 1042 pro
2216 1007 2242 1035 se
2258 1006 2291 1036 &
2306 1007 2358 1036 Fa-

1303 1030 1383 1073 mulo
1395 1031 1460 1070 suo,
1479 1034 1506 1062 in
1524 1033 1597 1064 Aula
1611 1035 1761 1075 praediesta,
1780 1038 1816 1068 de
1832 1038 2008 1076 Sumptubus
2020 1040 2064 1071 seu
2079 1041 2213 1079 Expensis
2225 1053 2358 1075 commu-

1301 1067 1384 1099 nibus
1399 1069 1483 1101 dierae
1497 1070 1635 1110 Domus,
1650 1075 1754 1104 eodem
1769 1076 1858 1106 modo
1873 1086 1932 1115 quo
1944 1078 1988 1107 alii
2003 1079 2145 1110 Custodes
2160 1081 2281 1119 ejusdem
2296 1082 2359 1114 Au-

1300 1105 1334 1136 lae
1370 1107 1592 1141 Praedeceffores
1604 1111 1657 1150 sui,
1674 1113 1774 1144 melius
1789 1115 1935 1152 percipere
1947 1117 2162 1150 consueverunt.

1323 1184 1327 1189 ‚
1362 1155 1384 1176 T
1394 1156 1412 1177 E
1423 1156 1450 1178 M
1486 1149 1566 1186 quod
1582 1150 1744 1190 Senescalli,
1763 1153 1872 1193 singulis
1888 1154 1977 1185 Annis
1991 1156 2128 1196 eligendi,
2147 1159 2175 1187 in
2191 1157 2263 1188 Aula
2286 1168 2358 1196 prae-

1299 1182 1391 1228 dista,
1407 1186 1441 1216 ad
1458 1171 1600 1226 llegimen
1615 1188 1807 1227 Expensarum
1824 1191 2081 1233 Commensalium,
2099 1196 2248 1235 postquam
2265 1196 2359 1229 Electi

1301 1223 1424 1261 fuerint,
1443 1226 1475 1256 δε
1492 1236 1541 1263 per
1554 1225 1716 1259 Custodem
1731 1229 1869 1269 Admissi,
1883 1230 2081 1269 juramentum
2096 1235 2225 1271 praestent
2241 1234 2359 1274 Corpo-

1300 1261 1357 1291 rale
1369 1262 1448 1292 dicto
1464 1261 1606 1303 Custodi,
1624 1268 1704 1304 quOd
1718 1269 1792 1298 circa
1811 1278 1910 1300 eorum
1930 1269 2036 1302 Officia
2054 1272 2225 1310 diligentiam
2244 1274 2359 1306 adhibe-

1299 1299 1387 1330 bunt:
1406 1303 1458 1338 &,
1474 1302 1626 1334 secundum
1642 1315 1741 1336 eorum
1755 1306 1985 1347 Poffibilitatem,
2007 1312 2174 1342 unanimiter
2187 1312 2358 1351 adjuvabunt

1301 1339 1380 1382 quoti
1408 1338 1542 1383 Exlpensae
1571 1342 1785 1376 Commensales
1799 1369 1808 1383 ,
1839 1346 2010 1386 fingulorum
2038 1348 2196 1381 Scolarium
2211 1374 2221 1389 ,
2246 1351 2358 1391 lingulis

1300 1376 1483 1444 {epum-anis,
1501 1380 1639 1411 summam
1656 1383 1886 1421 Qatuordecim
1898 1385 2088 1417 Denariorum
2103 1389 2259 1420 nullatenus
2273 1399 2357 1421 exce-

1322 1423 1386 1452 ant,

1337 1452 1391 1496 Illis
1411 1454 1578 1491 Septimanis
1597 1459 1736 1498 exceptis,
1753 1461 1780 1489 in
1803 1462 1903 1499 quibus
1924 1462 2002 1493 Festa
2024 1463 2190 1503 Principalia
2209 1465 2255 1496 vel
2270 1468 2355 1497 etiam

1301 1490 1412 1529 Majora
1426 1492 1559 1530 Duplicia
1577 1498 1726 1536 contigerit
1740 1501 1869 1537 evenire,
1885 1511 2000 1531 necnon
2016 1502 2066 1532 illis
2088 1504 2226 1542 exceptis,
2242 1505 2269 1534 in
2289 1506 2355 1543 qui-

1298 1528 1366 1573 bus,
1385 1541 1439 1568 pro
1455 1531 1564 1575 honore
1576 1533 1699 1573 Collegii
1715 1537 1906 1568 conservando
1916 1562 1925 1577 ‚
1944 1540 1989 1570 vel
2005 1542 2089 1570 etiam
2114 1544 2219 1572 ratione
2234 1542 2356 1574 Pareita—

1299 1575 1331 1599 tis
1355 1569 1388 1600 δε
1409 1568 1536 1601 Caristiae
1559 1573 1750 1612 Victualium,
1767 1574 1873 1606 Custos
1895 1577 2061 1617 praedictus,
2080 1588 2126 1611 aut
2140 1581 2196 1618 ejus
2210 1581 2294 1612 Vices
2307 1592 2356 1622 ge-

1299 1616 1379 1646 rens,
1397 1608 1457 1647 ipso
1468 1609 1595 1649 absente,
1613 1611 1690 1643 aliter
1705 1612 1813 1644 duxerit
1825 1614 1888 1645 fore
1900 1615 2086 1653 statuendum.

1335 1644 1349 1675 I
1359 1655 1445 1676 TEM
1461 1671 1471 1686 ,
1489 1648 1721 1681 STATUIMU
1732 1661 1744 1681 s
1764 1652 1844 1689 quod
1861 1676 1870 1692 ,
1888 1656 2022 1692 quamdiu
2047 1657 2080 1687 &
2100 1658 2230 1695 quotiens
2248 1657 2355 1697 Custos

1296 1685 1463 1731 praedictus,
1482 1688 1591 1718 ratione
1610 1688 1710 1721 Officii
1732 1689 1884 1730 Custodis,
1902 1692 1938 1723 de
1961 1693 2054 1724 Vadiis
2076 1696 2194 1733 receptis
2210 1718 2219 1733 ,
2238 1698 2355 1727 nomine

1297 1723 1453 1755 Scolarium
1467 1726 1670 1762 praedictorum
1708 1727 1890 1767 Compotum
1902 1732 1935 1762 ad
1952 1731 2131 1763 Scaccarium
2147 1733 2277 1764 nostrum
2293 1735 2356 1765 red-

1296 1761 1363 1792 dere
1382 1771 1521 1802 teneatur,
1540 1766 1645 1797 tamdiu
1725 1769 1826 1798 totiens
1846 1769 1997 1809 Expensae,
2017 1781 2066 1808 per
2088 1772 2178 1810 ipsum
2193 1772 2353 1803 Custodem

1294 1801 1494 1832 rationabiliter
1517 1802 1616 1843 fache,
1635 1806 1708 1835 circa
1730 1806 1838 1836 diEmm
1862 1806 2045 1847 Compotum
2058 1809 2176 1842 fideliter
2195 1811 2215 1830 ’¹‘
2235 1812 2354 1842 redden-

1295 1837 1383 1878 dum,
1401 1840 1493 1871 eidem
1507 1840 1629 1873 Custodi
1646 1845 1682 1875 de
1695 1843 1858 1876 Communi
1879 1847 2072 1879 ministrentur
2092 1860 2125 1880 ac
2146 1848 2263 1881 fideliter
2284 1850 2354 1881 allo-

1294 1886 1410 1909 centur:

1333 1916 1404 1947 Hoc
1427 1918 1512 1948 etiam
1533 1917 1553 1949 S
1563 1927 1585 1948 Τ
1596 1930 1615 1949 A
1624 1928 1676 1950 τυ
1686 1931 1703 1951 E
1715 1930 1737 1951 Ν
1747 1930 1770 1951 Τ
1780 1931 1797 1953 E
1808 1931 1820 1953 s
1839 1923 1920 1962 quod
1941 1923 2048 1955 Custos
2070 1925 2223 1964 praedictus
2234 1951 2244 1964 ,
2274 1927 2354 1966 super

1297 1953 1373 1985 felici
1392 1955 1546 1993 Regimine
1567 1958 1650 1989 Aulae
1671 1960 1816 1997 praediCtae
1830 1984 1839 1999 ,
1864 1962 2066 2002 dictorumque
2087 1965 2244 1995 Scolarium
2257 1988 2267 2004 ,
2300 1977 2354 2004 pro

1296 1995 1403 2031 majore
1424 2004 1501 2032 parte
1525 1996 1602 2026 Anni
1621 1999 1689 2028 inibi
1711 2000 1801 2031 trahat
1822 1999 1959 2038 Moram,
1978 2003 2026 2032 nili
2049 2012 2083 2032 ex
2103 2004 2180 2034 causa
2194 2005 2351 2035 rationabili

1295 2032 1385 2069 ipsum
1399 2033 1490 2064 abeffe
1506 2036 1670 2074 contigerit:
1690 2038 1723 2067 δε
1739 2037 1819 2076 quod
1835 2039 1932 2077 aliquis
1945 2040 2066 2071 Scolaris
2087 2041 2167 2072 Aulae
2189 2042 2351 2081 praeditstte,

1294 2070 1331 2100 de
1345 2073 1496 2102 communi
1512 2072 1629 2105 Affensu
1643 2075 1768 2113 ipsorum
1782 2076 1916 2108 Custodis
1936 2079 1969 2109 ὃς
1991 2079 2149 2110 Scolarium
2172 2081 2353 2120 deputandis,

1295 2117 1327 2139 ut
1349 2109 1464 2140 Locum
1484 2120 1580 2142 tenens
1601 2114 1681 2151 ipsius
1702 2113 1838 2146 Custodis
1851 2140 1860 2154 ,
1893 2116 1926 2146 ad
1950 2117 2079 2154 Negotia
2109 2119 2256 2149 Forinseca
2273 2142 2283 2157 ,
2309 2120 2352 2151 di-

1295 2148 1372 2178 ‹stam
1388 2149 1491 2180 Aulam
1504 2153 1659 2191 tangentia,
1677 2153 1868 2192 prosequenda
1885 2156 1919 2186 δε
1932 2156 2104 2195 expedienda
2117 2157 2149 2188 sit
2160 2158 2316 2189 intendens.

1331 2186 1456 2226 ITEM,
1476 2190 1556 2226 quod
1579 2191 1694 2228 quilibet
1715 2192 1873 2223 Scolarium
1893 2195 2110 2233 praedffitorum,
2129 2196 2200 2226 dum
2220 2197 2249 2226 in
2272 2197 2353 2228 Uni-

1295 2225 1423 2257 versitate
1436 2227 1572 2265 praedicta
1587 2230 1705 2266 praesens
1720 2232 1859 2270 extiterit,
1878 2232 1906 2262 in
1925 2232 2032 2264 Tribus
2054 2233 2285 2265 Proceffionibus
2321 2246 2352 2266 e-

1293 2265 1447 2303 neralibus,
1466 2276 1532 2304 quae
1543 2265 1614 2298 fiunt
1626 2278 1675 2305 per
1692 2268 1927 2309 Univerfitatem,
1946 2282 2000 2309 pro
2016 2272 2095 2303 Statu
2115 2272 2284 2304 Universalis
2318 2285 2350 2306 c-

1293 2303 1400 2342 cleliae,
1417 2312 1500 2342 atque
1516 2304 1623 2344 Regis,
1640 2308 1673 2337 &
1689 2306 1801 2348 Regni,
1819 2310 1848 2339 in
1862 2309 2025 2345 Liberatura
2046 2310 2108 2348 sua,
2126 2312 2277 2342 secundum
2292 2314 2350 2344 exi-

1294 2343 1421 2377 gentiam
1444 2344 1483 2374 iui
1495 2343 1589 2374 Status
1622 2345 1756 2376 decenter
1771 2348 1804 2377 δε
1817 2348 1937 2378 honeste
1954 2349 2199 2388 intersit3excepta
2213 2351 2292 2382 causa
2300 2351 2349 2382 In-

1292 2379 1442 2418 firmitatis,
1461 2382 1505 2412 vel
1519 2383 1567 2413 nili
1581 2369 1686 2414 Custos
1701 2385 1869 2424 praedkstus,
1886 2396 1933 2418 aut
1954 2388 2010 2426 ejus
2028 2387 2147 2419 Locum
2173 2397 2289 2428 tenenS,
2307 2392 2350 2429 ip-

1293 2418 1345 2448 sius
1360 2419 1522 2451 Absentiam
1535 2421 1661 2452 habuerit
1676 2424 1843 2454 excusatam.

1331 2457 1441 2497 Quod,
1461 2460 1479 2489 fi
1501 2458 1597 2498 aliquis
1616 2460 1758 2492 dictorum
1779 2462 1938 2493 Scolarium
1960 2465 1990 2493 in
2009 2464 2109 2496 Studio
2129 2475 2188 2496 non
2202 2465 2350 2505 proficiat,

1291 2496 1413 2527 cessante
1427 2497 1509 2528 causa
1521 2500 1690 2538 rationabili,
1714 2510 1800 2538 quam
1815 2501 1920 2532 Custos
1933 2503 2081 2539 piaedisttis
2096 2504 2206 2535 duxerit
2221 2515 2350 2542 accepta-

1289 2544 1339 2572 re,
1356 2535 1401 2565 vel
1417 2535 1556 2574 Rixosus,
1575 2537 1762 2576 Vagabundus
1796 2549 1844 2570 aut
1859 2539 2055 2579 Criminosus,
2073 2542 2118 2573 seu
2133 2543 2313 2574 Temerarius
2321 2546 2350 2574 in

1290 2573 1375 2603 alium
1389 2575 1473 2604 etiam
1488 2578 1575 2612 quam
1592 2575 1751 2607 Custodem
1770 2563 1919 2609 l‘ercussor
1938 2581 2075 2619 eXtiterit,
2092 2582 2120 2611 in
2136 2583 2230 2619 primo
2244 2582 2351 2612 Trans-

1290 2612 1381 2650 greffu
1394 2613 1529 2650 notabili,
1550 2614 1586 2644 de
1599 2625 1659 2652 quo
1674 2626 1722 2652 per
1739 2616 1840 2647 Testes
1853 2617 1988 2656 idoneos,
2006 2629 2053 2650 aut
2072 2619 2127 2650 alio
2148 2620 2240 2650 modo
2261 2620 2350 2659 legiti-

1289 2660 1356 2687 mo,
1375 2660 1474 2680 coram
1488 2651 1568 2682 dii‘co
1584 2652 1731 2692 Custode,
1749 2655 1929 2687 affidentibus
1943 2657 2038 2687 secum
2054 2657 2109 2688 Sex
2133 2658 2169 2688 de
2189 2658 2349 2697 Majoribus

1289 2687 1388 2719 Gradu
1403 2688 1488 2720 clietae
1502 2689 1620 2722 Domus
1632 2692 1736 2730 Sociis,
1755 2694 1906 2725 summarie
1922 2695 2006 2726 fuerit
2019 2695 2197 2734 ConviCtus,
2217 2706 2285 2728 tunc
2299 2708 2349 2735 per

1288 2727 1403 2757 eosdem
1427 2729 1581 2767 corrigatur
1600 2731 1633 2761 &
1652 2733 1781 2769 puniatur
1803 2731 1898 2764 Poena
1913 2733 2119 2772 Suspensionis,
2137 2746 2152 2766 a
2167 2737 2348 2773 perceptione

1288 2764 1478 2797 Exhibitionis
1489 2767 1611 2807 nostrae,
1628 2770 1657 2800 in
1674 2769 1780 2801 Domo
1795 2771 2004 2810 praedidffiffler
2020 2782 2130 2804 certum
2146 2782 2272 2812 tempuS,
2284 2776 2347 2812 jux-

1288 2812 1314 2834 ta
1334 2804 1494 2836 Arbitrium
1515 2807 1700 2847 eorumdem,
1719 2809 1873 2840 secundum
1896 2811 2072 2852 Qalitatem
2095 2812 2129 2842 &
2147 2812 2347 2850 Qantitatem

1289 2841 1399 2874 Deliffi
1415 2844 1640 2876 moderandum:
1661 2848 1691 2876 in
1707 2847 1831 2878 secundo
1846 2848 2028 2885 Transgressu
2043 2848 2135 2879 Poena
2158 2849 2344 2887 Duplicetur:

1287 2882 1316 2911 in
1338 2882 1647 2921 Tertio‘Transgreffu
1667 2885 1838 2924 Triplicetur
1855 2895 1861 2914 τ
1881 2887 1910 2916 in
1931 2886 2044 2925 Qarto
2066 2897 2136 2918 vero
2159 2887 2344 2928 Transgreffu

1289 2920 1546 2960 Qadruplicetur3
1566 2923 1628 2961 vel,
1645 2923 1665 2952 si
1682 2923 1882 2963 Incorrigibilis
1898 2925 2038 2962 videatur,
2056 2935 2140 2963 tunc,
2155 2926 2264 2965 judicio
2281 2926 2346 2957 Cu-

1286 2958 1375 2989 stodis
1388 2961 1421 2991 &
1437 2961 1548 2998 majoris
1563 2961 1596 2991 ὃς
1609 2962 1722 2992 sanioris
1736 2964 1817 3000 partis
1833 2962 1991 2994 Scolarium
2003 2965 2209 3001 praedistorum
2219 2989 2228 3003 ,
2245 2966 2345 2997 adusta

1285 2996 1392 3029 Domo
1405 2999 1525 3030 totaliter
1535 3009 1746 3031 ammoveatur:

1323 3036 1353 3067 Si
1373 3039 1434 3075 quis
1456 3040 1526 3068 vero
1547 3037 1707 3069 Scolarium
1729 3039 1950 3078 praedictorum,
1972 3040 2048 3071 Ausu
2064 3043 2228 3080 temerario,
2247 3042 2345 3072 adver-

1286 3076 1350 3107 sum
1364 3076 1525 3107 Custodem
1539 3075 1625 3106 dietae
1641 3077 1722 3108 Aulae
1735 3079 1832 3108 animo
1847 3079 1872 3108 ei
1886 3078 2026 3110 Nocendi
2034 3079 2207 3117 ,Cultellum
2221 3089 2345 3110 extraxe-

1287 3116 1339 3153 rit,
1357 3117 1445 3146 autin
1470 3114 1559 3153 ipsum
1574 3114 1735 3147 Custodem
1751 3117 1844 3155 (quod
1865 3117 1942 3155 absit)
1970 3128 2068 3148 manus
2089 3119 2213 3157 injecerit
2231 3119 2345 3149 violem-⁷

1286 3161 1324 3183 tas
1340 3154 1416 3192 ,seu
1435 3163 1621 3192 quocumque
1641 3154 1696 3185 alio
1718 3155 1809 3185 modo
1826 3156 1924 3186 illicito
1942 3156 2022 3186 dieto
2045 3155 2167 3187 Custodi
2186 3167 2293 3200 ¹nocere
2310 3167 2343 3187 ac

1288 3192 1457 3230 Dampnum
1472 3192 1619 3229 corporale
1635 3194 1660 3222 ei
1676 3194 1804 3231 infligere
1817 3204 1935 3224 conatus
1947 3194 2045 3232 fuerit,
2062 3205 2109 3225 aut
2133 3195 2191 3225 fieri
2211 3206 2344 3239 procura-

1287 3234 1359 3262 verit
1373 3242 1421 3269 per
1434 3231 1459 3261 se
1471 3231 1515 3261 vel
1531 3240 1580 3268 per
1593 3231 1692 3269 alium,
1713 3232 1848 3270 liquidem
1864 3233 1900 3262 de
1915 3233 2071 3271 hujusmodi
2091 3233 2224 3270 Delitsto,
2244 3243 2344 3271 nequi-

1288 3279 1329 3300 ter
1345 3278 1519 3308 perpetrato,
1538 3270 1620 3299 etiam
1636 3279 1686 3309 per
1701 3270 1835 3301 Unicum
1850 3270 1970 3302 Testem
1988 3272 2111 3302 Fidelem
2121 3294 2130 3309 ,
2149 3274 2203 3301 una
2217 3272 2344 3310 cumju-

1289 3317 1417 3339 ramento
1430 3307 1581 3346 Custodis,
1599 3308 1709 3346 liquido
1722 3309 1896 3348 constiterit,
1916 3310 1935 3340 S
1945 3318 1967 3339 'r
1979 3320 1998 3339 A
2007 3318 2030 3339 τ
2041 3318 2063 3340 U
2075 3319 2084 3339 1
2095 3317 2150 3352 niu
2162 3318 2174 3339 s
2193 3309 2274 3347 quod
2290 3320 2343 3347 pro

1289 3347 1450 3385 hujusmodi
1473 3346 1640 3376 Commisso
1659 3348 1749 3378 taliter
1774 3348 1965 3386 Delinquens,
1981 3349 2017 3390 ab
2040 3358 2120 3377 omni
2137 3347 2343 3379 Emolumento

1289 3386 1372 3416 Aulae
1392 3385 1550 3423 praedidae,
1570 3385 1628 3422 ipso
1647 3386 1741 3424 fasio,
1759 3397 1812 3424 pro
1832 3396 1965 3423 perpetuo
1983 3388 2014 3429 {it
2034 3385 2168 3429 Privatus.

1328 3425 1398 3454 ITE
1409 3432 1435 3453 M
1449 3446 1458 3461 ,
1482 3423 1538 3453 hoc
1561 3433 1614 3461 pro
1637 3424 1767 3455 Articulo
1793 3425 1915 3461 Regulae
1946 3424 2076 3467 duximus
2102 3423 2346 3468 interserendum3¹

1289 3463 1387 3500 quod,
1408 3463 1426 3492 li
1447 3463 1590 3499 contingat
1608 3462 1731 3500 aliquem
1748 3463 1789 3503 der
1801 3463 1960 3493 Scolaribus
1979 3462 2064 3492 111&ae
2082 3462 2162 3506 Aulae
2177 3486 2187 3500 ,
2204 3473 2233 3492 in
2252 3466 2345 3507 torma

1289 3502 1436 3538 praedicta,
1457 3509 1490 3529 ex
1511 3499 1603 3538 Culpa
1623 3501 1684 3538 sua,
1704 3512 1719 3531 a
1739 3501 1814 3531 dicta
1829 3500 1934 3530 Domo
1950 3510 2127 3544 ammoveri,
2146 3511 2199 3538 pro
2215 3501 2343 3545 Restitu-

1288 3541 1367 3570 tione
1383 3538 1555 3576 impetranda
1565 3561 1574 3576 ,
1592 3538 1626 3568 ad
1635 3539 1702 3569 Nos
1719 3550 1766 3577 per
1781 3540 1824 3577 se,
1842 3539 1887 3568 vel
1901 3549 1950 3576 per
1964 3539 2066 3582 aliurn,
2085 3548 2344 3583 preces-porrigen-

1289 3579 1344 3616 do,
1363 3578 1472 3609 ulterius
1487 3587 1545 3606 non
1560 3577 1686 3615 instabit,
1703 3580 1754 3616 &,
1772 3578 1805 3607 ad
1824 3576 1908 3606 istum
1931 3577 2090 3608 Articulum
2113 3577 2229 3621 fideliter
2247 3578 2342 3608 obser-

1289 3617 1432 3652 vandum,
1451 3615 1578 3646 Scolares
1591 3617 1715 3653 praedicti
1736 3615 1886 3653 specialiter
1901 3616 2047 3654 jurentur,
2064 3626 2097 3646 ac
2114 3624 2214 3659 ettam,
2232 3617 2268 3646 de
2287 3626 2343 3647 cae-

1288 3663 1369 3692 tero,
1386 3655 1501 3692 quilibet
1516 3654 1730 3692 Admittendus,
1749 3657 1776 3684 in
1791 3654 1840 3695 suo
1855 3653 1996 3697 Ingressis,
2014 3654 2164 3698 speeiahter
2175 3663 2292 3698 juretur.

1326 3695 1357 3724 Si
1374 3702 1467 3723 autem
1483 3694 1552 3722 inter
1568 3692 1694 3722 Scolares
1712 3693 1863 3730 praedictos
1876 3694 1967 3730 aliqua
1989 3693 2127 3723 Diffeniio
2145 3697 2228 3736 tuerit
2245 3692 2344 3723 subor-

1289 3739 1333 3770 ta,
1351 3733 1400 3761 nili
1417 3732 1487 3760 inter
1501 3731 1544 3769 se,
1560 3731 1651 3761 Sociis
1666 3730 1874 3766 Mediantibus,
1894 3731 1963 3761 infra
1977 3730 2120 3774 Triduum
2135 3740 2236 3776 poterit
2248 3732 2344 3776 sedari,

1289 3781 1359 3802 tunc
1381 3769 1486 3799 Custos
1506 3769 1675 3806 praediCtus,
1693 3779 1761 3799 cum
1781 3770 1836 3799 Sex
1858 3769 1951 3800 Sociis
1965 3769 2051 3799 die‘cae
2069 3768 2204 3808 Domus,
2223 3770 2343 3814 MaJOEl-

1290 3810 1342 3839 bus
1358 3808 1475 3845 Gradu,
1493 3817 1526 3836 ex
1541 3807 1738 3846 praesentibus,
1758 3818 1810 3845 pro
1824 3806 1991 3838 Concordia
2004 3809 2032 3836 in
2046 3808 2098 3837 hac
2111 3816 2187 3852 parte
2202 3808 2344 3853 facienda,

1288 3848 1443 3878 secundum
1458 3846 1535 3883 quod
1550 3847 1588 3875 eis
1600 3845 1741 3877 videbitur
1754 3846 1907 3876 iecundum
1921 3846 2018 3876 Deum
2033 3846 2066 3876 &
2076 3846 2221 3889 justitiam
2241 3847 2345 3877 facien-

1289 3886 1359 3916 durn
1371 3909 1380 3923 ,
1398 3886 1540 3922 disponere
1554 3886 1587 3914 &
1602 3885 1732 3915 ordinare
1749 3893 1896 3922 procuret,
1915 3886 1965 3921 &,
1984 3883 2060 3927 quod
2074 3885 2130 3927 ipse
2144 3884 2249 3915 Custos
2271 3896 2345 3924 prae—

1290 3925 1349 3955 fato
1363 3923 1453 3953 modo
1466 3923 1573 3952 duxerit
1586 3922 1790 3960 ordinandum,
1809 3923 1911 3960 absque
1926 3922 2152 3965 contradichone
2165 3924 2343 3968 observetur:

1290 3963 1387 4000 quod,
1409 3961 1425 3990 li
1442 3960 1504 3991 Pars
1518 3962 1646 3991 alterutra
1660 3961 1818 4000 hujusmodi
1835 3961 2015 4004 Ordinationi
2028 3971 2123 4005 parere
2145 3962 2312 4001 neglexerit,
2328 3972 2344 3991 a

1291 4001 1478 4038 Percept10ne
1497 3999 1699 4037 cujuscumque
1720 4000 1916 4030 Emolumenti
1930 4023 1940 4037 ,
1956 4009 1985 4028 in
2005 3998 2083 4030 dtCta
2101 3999 2222 4038 Domo,
2238 4009 2343 4039 quous‹

1291 4049 1348 4078 que
1363 4047 1457 4077 parere
1469 4038 1590 4070 voluerit
1603 4038 1761 4077 hujusmodi
1776 4038 1975 4077 Ordinationi,
1992 4038 2104 4077 penitus
2117 4038 2304 4107 Excludatgri-
2314 4083 2346 4103 Λή

2381 238 2455 272 Anti.
2469 235 2510 275 D..

2403 282 2486 326 ¹1380.

2380 324 2432 348 ch.
2452 330 2479 348 2.

2375 1827 2394 1846 *Β
2416 1828 2483 1857 νΙΙο

2371 1876 2438 1903 243.
