2561 4251
704 158 820 209 'ET
903 156 1176 209 ACTA
1257 156 1746 211 PUBL'IQA.

21 253 95 285 Ann.
107 251 149 281 D.
167 255 261 293 ribus,
277 254 323 285 seu
342 261 445 285 eorum
467 252 549 284 alicui
563 251 744 292 Inimicatur,
763 253 808 284 vel
823 252 1036 291 Inimicabitur,
1054 254 1085 282 in
1099 251 1226 292 Regnis,

42 291 128 331 1383·
165 294 282 331 Terris,
300 293 343 323 seu
361 291 508 322 Dominiis
524 292 625 322 nostris
638 293 772 330 receptari
786 293 829 323 vel
843 292 965 330 aliquem
978 292 1082 322 habere
1096 291 1225 322 favorem

20 332 71 360 Ric·
92 340 118 358 2-
164 342 224 363 non
247 331 362 362 debebit
384 329 430 360 vel
451 331 571 368 poterit,
597 332 691 361 immo
714 331 806 368 potius
827 330 1017 367 arrestabitur,
1035 331 1172 367 capietur,
1192 332 1226 362 &

164 372 292 438 punbetslr
310 377 341 399 ut
360 367 456 398 noster
475 368 608 400 Publicus
626 368 778 408 Inimicus,
796 368 866 400 dolo
887 370 921 400 &
944 367 1041 399 fraude
1056 367 1225 399 cessantibus

187 419 215 439 Ul
238 418 255 438 u
266 415 392 443 cumque

166 419 186 447 q
205 445 316 483 Insuper
329 430 527 476 Promittimus
542 447 596 484 pro
620 445 735 484 Nobis,
755 445 943 481 HaeredibuS,
961 442 994 475 &
1014 443 1227 475 Successoribus

169 483 285 520 nostris,
301 483 383 521 quod
406 484 424 503 ²*
449 485 662 521 procurabimus
682 493 818 521 quantum
842 484 871 512 in
891 483 974 513 nobis
990 482 1031 512 est
1048 483 1081 513 &
1098 482 1226 520 possibile

170 522 253 554 fuerit
266 521 403 552 faciemus
414 530 446 552 ut
460 532 561 552 omnes
575 521 691 558 Amici,
709 521 788 552 Colli
808 522 860 559 ati,
878 521 912 551 &
927 520 1125 552 Confoederati
1138 521 1228 552 nostri

175 561 229 591 smt
246 560 374 598 praedicti
394 559 496 591 Fratris
515 560 603 589 nostri
617 558 766 597 cariffimi,
818 559 960 597 aeredum,
977 560 1010 590 &
1027 559 1229 590 Successorum

173 599 290 630 suorum
305 600 364 630 veri
381 600 414 630 &
428 597 544 635 perfeffl
558 596 674 635 Amici,
693 596 912 637 Confoederati,
929 607 962 629 ac
977 599 1062 629 etiam
1075 597 1230 637 Colligati,

167 637 252 668 Dolo
266 638 298 668 ὃς
312 637 467 668 Fraudibus
480 635 581 672 procul
597 637 698 674 motis,

206 676 244 707 Et
266 673 414 706 Praemiffi
435 683 506 712 nos,
528 673 680 711 Haeredes,
705 674 738 705 &
760 674 940 706 Succeffores
961 674 1071 713 nostri,
1095 682 1230 713 tanquam

166 715 373 754 praediCtorum
386 711 591 742 Romanorum
606 713 639 743 &
654 713 782 743 Boemiae
794 713 899 753 Regis,
918 713 1093 750 Haeredum,
1111 715 1145 744 &
1159 713 1233 743 Suc—

168 754 313 784 cessorum
328 751 444 781 suorum
459 752 519 781 veri
534 751 641 781 Fratres
656 752 689 783 &
703 751 851 790 Colligati,
867 753 945 790 juxta
957 751 1167 789 possibilitatem
1181 761 1233 781 no-

168 791 272 829 stram,
289 789 504 827 procurabimus
526 789 559 820 &
582 789 737 828 faciemus,
756 790 776 819 fi
793 791 827 821 &
849 792 877 820 in
899 798 1037 827 quantum
1058 788 1232 826 Regnorum

167 832 202 861 &
216 828 426 860 Dominiorum
438 826 604 858 nostrorum
620 829 798 858 occurrentia
809 828 982 866 permiserint
995 828 1124 866 negotia,
1144 827 1234 858 Diffi-

170 868 342 904 mulatione,
359 865 457 904 Dolo,
477 867 510 897 &
525 865 632 896 Fraude
647 865 816 896 cessantibus
830 866 1063 904 quibuscumque.

208 904 277 936 Dat.
304 905 332 934 in
356 902 463 935 Palatio
485 903 585 934 nostro
606 902 845 971 Wstmofferig
873 904 922 935 sub
941 903 1047 939 Magni
1069 903 1159 940 Sigilli
1180 914 1235 934 no-

171 943 220 974 stri
241 942 443 980 Testimonio,
469 942 559 972 Anno
580 941 704 971 Domini
766 942 903 980 illefimo,
929 941 1172 981 Trescentefimo,
1190 942 1236 971 O-

171 983 223 1013 ἃο
243 982 331 1012 esimo
345 980 488 1018 secundo,
507 979 616 1010 Mensis
630 978 729 1010 Martii
741 980 787 1011 die
802 980 930 1019 decima,
949 980 1045 1019 Regni
1063 979 1153 1011 nostri
1173 980 1237 1011 An-

171 1031 213 1052 no
246 1029 321 1052 exto.

21 500 37 519 ο
60 501 129 529 vu.

22 539 86 577 383·

394 1147 488 1192 Super
506 1146 653 1178 Cruciata
672 1145 807 1192 Epifiopi
823 1145 1031 1194 Norwycetgst‘s.

30 1228 106 1268 Arm,
122 1233 164 1266 D,
184 1220 328 1286 REX,
353 1229 461 1261 dilecto
482 1230 549 1268 sibi,
573 1230 680 1260 Thomae
702 1229 830 1269 Savylle,
856 1229 995 1261 Servienti
1016 1230 1064 1261 suo
1085 1230 1119 1260 ad
1139 1230 1242 1269 Arma,

53 1275 136 1313 1333,
262 1269 408 1298 Benedic‘lo
430 1266 572 1307 Magistro
587 1268 706 1301 Domsis
720 1268 871 1308 Hospitalis
885 1267 921 1298 de
936 1268 1097 1307 Hautpaiis,
1116 1270 1149 1300 &
1166 1269 1242 1300 Wil-

30 1319 83 1343 An,
99 1318 126 1341 ὁ,
178 1304 264 1337 lielmo
277 1307 308 1337 de
322 1307 410 1345 Kele,
429 1307 564 1339 Salutem.

31 1358 60 1381 R.
83 1363 109 1380 2,
219 1345 318 1377 Sciatis
332 1346 430 1384 quod,

32 1398 88 1420 Pat.
103 1393 129 1419 6.
220 1383 302 1414 Cum
316 1384 512 1422 quamplures,

31 1437 61 1460 R.
72 1438 129 1468 ²·P·
141 1438 166 1456 2,
216 1422 400 1454 Advocantes
415 1423 441 1453 se
456 1419 657 1453 Procuratores
672 1423 706 1453 ὃς
722 1419 907 1461 Attornatos,
925 1422 1099 1453 Venerabilis
1113 1422 1140 1452 in
1158 1421 1246 1451 Chri-

32 1476 69 1497 η,
85 1479 109 1504 7,
127 1471 153 1497 d,
179 1459 238 1529 stos
246 1459 350 1509 Patris,
368 1464 482 1492 Henrici
501 1460 624 1502 Episcopi
643 1463 787 1499 Norwici,
806 1461 886 1500 super
907 1460 1068 1498 Potestate,
1086 1460 1137 1490 fibi
1163 1470 1246 1490 com-

179 1509 219 1529 mi
231 1510 277 1538 sa,

217 1537 301 1576 Hiis,

222 1576 285 1614 Qui
302 1576 383 1612 super
404 1574 554 1613 Cruciata,
572 1576 623 1607 fibi
643 1585 659 1606 a
674 1574 747 1607 Sede
760 1574 926 1614 Apostolica
942 1575 1094 1615 concessa,
1111 1575 1147 1606 de
1160 1575 1249 1606 Bonis

180 1614 232 1647 suis
244 1615 426 1645 contribuere
441 1615 600 1653 voluerint,

219 1653 350 1684 Diversas
365 1652 470 1683 Literas
486 1652 713 1689 procuratorias,

218 1692 286 1761 Sfug
293 1691 427 1722 Nomine
442 1693 476 1724 &
488 1691 589 1731 Sigillo
602 1691 684 1730 ipfius
699 1690 850 1730 Episcopi,
869 1691 897 1720 in
912 1690 965 1722 hac
988 1699 1065 1730 parte
1085 1691 1156 1722 falso
1175 1700 1248 1722 con-

181 1733 227 1763 tro
240 1740 255 1767 a
287 1740 314 1760 as

217 1752 391 1806 Consig’nari
412 1768 463 1805 &,
481 1777 578 1799 earum
599 1769 719 1806 virtute,
748 1767 866 1798 diversas
885 1768 1075 1800 Pecuniarum
1097 1768 1246 1806 Summas,

180 1809 303 1838 nomine
316 1807 398 1846 ipsius
413 1805 560 1846 Episcopi,
578 1817 594 1837 a
605 1806 717 1838 diverfis
729 1805 825 1846 Regni
845 1806 934 1837 nostri
954 1806 1130 1838 Christicolis
1150 1807 1245 1846 colligi

183 1847 318 1884 fecerint,
338 1848 372 1878 ὅ(
394 1846 423 1874 in
443 1845 505 1875 usus
527 1846 589 1876 suos
604 1846 732 1884 proprios
746 1846 894 1882 converti,
909 1846 937 1875 in
952 1845 1124 1877 Animarum
1139 1845 1248 1876 suarum

182 1889 268 1925 'grave
282 1883 446 1914 Periculum
460 1883 494 1914 &
508 1884 696 1915 retardationis
710 1883 838 1923 Negotii
850 1884 933 1923 ipsius
947 1883 1081 1923 Episcopi
1105 1883 1249 1915 Cruciatae

184 1924 241 1955 suae
257 1922 402 1961 praedictae
417 1922 614 1960 manifestum,

227 1961 266 1992 Et
287 1961 354 1992 Nos
377 1959 534 1998 (Nolentes
554 1962 643 2000 ipsum
664 1961 839 2000 Episcopum
860 1960 949 1992 taliter
969 1961 1124 1992 defraudari
1144 1962 1172 1991 in
1195 1961 1249 1992 hac

187 2000 276 2040 parte)
291 1999 488 2044 assignavimus
502 2010 571 2039 vos,
590 2000 787 2038 conjunctim,
802 2000 835 2031 ὃς
849 1999 1022 2039 divifim,ad
1035 2000 1251 2039 inquirendum,

187 2041 222 2072 &
241 2039 298 2068 aliis
317 2040 368 2068 vus
390 2038 423 2069 ὃ(
448 2037 541 2068 modis
565 2036 665 2077 quibus
680 2038 781 2069 melius
795 2039 829 2070 &
844 2039 960 2069 celerius
973 2039 1103 2077 expedire
1115 2039 1251 2078 videritis,

186 2087 241 2109 vos
263 2077 360 2107 debite
383 2075 595 2108 informandum
616 2076 652 2107 de
675 2075 901 2115 quibuscumque
915 2077 1040 2107 Summis
1055 2077 1249 2108 Denariorum

185 2118 220 2149 &
233 2115 289 2146 aliis
303 2114 389 2146 Bonis
398 2137 407 2153 ,
425 2124 474 2153 per
488 2114 646 2154 hujusmodi
661 2115 842 2146 Advocantes
855 2115 881 2145 se
894 2115 1097 2147 Procuratores
1117 2116 1197 2155 ipsius
1210 2116 1251 2147 E-

186 2155 292 2194 p‘scopi
309 2177 319 2191 ,
347 2163 415 2183 cum
436 2163 496 2183 non
519 2154 588 2193 fint,
608 2155 638 2184 in
650 2153 797 2185 Auxilium
813 2152 957 2185 Cruciatae
972 2155 1133 2192 praedic‘tae,
1152 2154 1251 2193 Datis,

218 2192 343 2230 olletstis,
362 2193 395 2224 ὃς
410 2191 561 2230 Receptis,
580 2193 613 2224 &
627 2203 677 2231 per
693 2193 797 2232 Qos,
812 2192 859 2224 vel
873 2193 993 2231 Quem,
1011 2192 1094 2232 Ubi,
1111 2194 1251 2232 Quando,

187 2231 334 2271 Qaliter,
352 2232 386 2262 &
429 2230 579 2269 uomodo,
598 2232 633 2261 δε
645 2231 680 2262 ad
694 2231 872 2268 Receptores
885 2231 1052 2262 eorumdem
1069 2233 1250 2270 capiendum,

187 2271 222 2302 δε
238 2269 362 2300 Prisonae
373 2278 414 2299 no
441 2279 494 2306 rae,
515 2269 662 2308 quousque
675 2268 900 2300 satisfactionem
915 2271 1084 2301 eorumdem
1104 2271 1197 2301 eidem
1213 2270 1252 2300 E-

185 2309 307 2351 piscopo
327 2316 374 2338 aut
393 2307 445 2338 suis
465 2309 538 2338 veris
559 2308 593 2339 &
614 2309 744 2347 legitimis
766 2308 1002 2339 Procuratoribus
1021 2309 1141 2340 fecerint
1155 2311 1183 2339 in
1198 2309 1252 2340 hac

186 2356 281 2388 parte,
301 2345 560 2384 committendum,
578 2348 612 2378 &
629 2348 659 2377 in
674 2346 777 2378 eisdem
785 2346 908 2377 Prisonis
922 2347 1057 2378 custodiri
1072 2347 1254 2387 faciendum,

225 2385 263 2416 Et
277 2384 346 2416 ideo
361 2384 445 2415 vobis
458 2383 630 2416 Mandamus
643 2385 724 2424 quod
740 2387 817 2416 circa
830 2386 977 2417 Praemissa
1002 2386 1148 2426 diligenter
1160 2387 1252 2418 inten-

188 2425 259 2457 datis
272 2424 302 2453 in
315 2423 409 2453 forma
422 2423 572 2461 praedicta:

191 2491 194 2495 ,
230 2462 342 2492 Damus
363 2471 458 2492 autem
478 2462 612 2493 universis
633 2464 667 2494 &
688 2462 798 2502 singulis
811 2463 1055 2502 Vicecomitibus,
1075 2463 1253 2504 Maioribus,

187 2500 315 2538 Ballivis,
334 2499 492 2539 Ministris,
511 2502 545 2532 &
558 2499 699 2531 Fidelibus
712 2501 832 2539 nostris,
849 2502 919 2533 infra
935 2502 1090 2533 Libertates
1111 2505 1145 2534 &
1160 2511 1234 2534 extra
1244 2527 1253 2541 ,

189 2540 310 2571 Tenore
330 2537 513 2570 Praesentium
526 2563 536 2577 ,
560 2540 590 2569 in
612 2536 754 2571 Mandatis
774 2540 853 2578 quod
880 2541 962 2572 vobis
978 2565 987 2578 ,
1013 2542 1047 2572 ὃς
1069 2541 1185 2573 cuilibet
1204 2552 1254 2573 ve-

190 2577 310 2645 strum,1
317 2577 348 2607 in
363 2577 512 2609 Praemiffis
526 2577 661 2609 faciendis
675 2579 709 2610 δε
723 2578 895 2618 exequendis
904 2604 913 2618 ,
925 2586 1038 2618 pareant
1050 2581 1084 2612 &
1098 2580 1255 2619 intendant,

213 2624 279 2648 rout
312 2624 382 2647 ecet.

191 2626 211 2657 p
227 2655 262 2686 In
278 2655 370 2692 cujus,
390 2655 451 2686 &c.

266 2692 357 2724 Teste
371 2693 455 2735 Rege
467 2693 541 2732 apud
552 2692 827 2736 Wstmonasterium,
845 2694 961 2727 decimo
975 2696 1076 2734 quinto
1086 2695 1132 2726 die
1147 2694 1256 2727 Martii.

938 2774 991 2801 Per
1002 2771 1154 2802 Concilium.

195 2894 255 2928 Pro
274 2892 392 2928 Thomu
408 2892 444 2927 de
464 2896 575 2929 ildonte
590 2896 689 2928 Aemo
705 2922 715 2938 ‚
739 2905 842 2928 contra
864 2895 1057 2930 'Cardinalem
1077 2895 1115 2930 de
1132 2898 1256 2941 Ufflnis·

51 2975 129 3008 Ann.
137 2974 180 3008 D.
198 2981 254 3036 R
265 2978 330 3010 EX
351 2978 516 3025 Omnibus,
534 2979 568 3010 ad
583 2990 675 3028 qpos,
692 2981 753 3025 &o
772 2980 906 3027 Salutem.
943 3015 953 3029 ·.
1159 3015 1161 3017 ,
1223 3023 1227 3028 .

72 3016 157 3054 1383.
295 3018 375 3057 Quia
388 3027 548 3056 accepimus
562 3018 642 3057 quod
658 3014 775 3057 quidam
784 3043 794 3057 ,
811 3019 966 3050 Cardmalcs
980 3020 1011 3050 de
1021 3020 1176 3060 Malapell,
1195 3022 1259 3053 alias

51 3058 135 3121 {sn-'f
197 3056 233 3087 de
247 3056 377 3094 Urfinis,
395 3056 575 3096 Alienigena,
592 3067 625 3096 a,
643 3057 825 3088 Sanffiffimo
838 3058 922 3089 Patre
943 3059 1060 3098 nostro,
1078 3060 1188 3090 Urbano
1203 3063 1260 3090 Pa-

197 3099 232 3134 p'a
248 3099 329 3125 Sexto
345 3094 525 3126 Decanatum
539 3095 674 3127 Ecclefiae
688 3095 860 3127 Cathedralis
873 3097 989 3135 Sarum,
1009 3097 1188 3137 Dignitatem
1202 3099 1260 3130 ele-

200 3134 321 3172 Ctivam,
340 3134 373 3165 &
387 3135 522 3172 majorem
538 3134 601 3172 post
614 3134 829 3174 Episcopalem,
848 3145 949 3167 contra
963 3135 1160 3168 Concordiam
1170 3162 1180 3176 ,

238 3171 314 3202 Inter
326 3195 336 3208 ,
357 3172 442 3202 sacrae
463 3173 613 3203 memoriae
626 3196 635 3212 ,
659 3173 826 3204 Dominum
848 3176 1001 3212 Gregorium
1021 3178 1126 3214 Papam
1147 3177 1261 3207 Undeci-

200 3220 288 3247 mum,
306 3210 356 3246 δί,
372 3210 454 3240 clarae
475 3212 622 3254 memoriae
640 3211 802 3242 Dominum
823 3213 996 3243 Edwardum
1011 3217 1112 3244 Avum
1125 3215 1260 3255 nostrum,

200 3249 323 3286 failam,
341 3249 374 3279 &
387 3258 436 3287 per
454 3247 619 3279 Dominum
633 3249 773 3279 Urbanum
789 3253 894 3289 Papam
908 3255 1019 3282 Sextum
1036 3252 1260 3293 Confirmatam,

240 3287 322 3331 Licet
337 3286 452 3331 quidam
462 3309 472 3324 ,
489 3285 602 3330 Thornas
616 3287 647 3317 de
663 3291 761 3317 Monte
774 3291 885 3327 Acuto,
904 3289 1138 3328 Consanguineus
1153 3292 1260 3331 noster,

200 3327 235 3357 δε
250 3325 422 3356 Llcentiatus
443 3335 471 3354 in
496 3324 623 3362 Legibus
636 3348 646 3363 ,
671 3325 781 3356 diCtum
797 3326 978 3358 Decanatum
993 3329 1049 3359 five
1065 3330 1261 3370 Dignitatem,

199 3374 250 3402 per
263 3363 446 3394 Electionem
461 3362 587 3401 Capituli
602 3386 613 3403 ,
638 3363 672 3395 &
683 3373 732 3402 per
747 3363 996 3397 Confimationern
1009 3367 1202 3407 Dioecesiani,
1219 3370 1262 3400 le-

202 3403 305 3441 gitime
321 3402 353 3432 sit
366 3402 520 3440 affecutus,

238 3441 257 3461 ἢ*
277 3440 458 3478 Impetravit‚

240 3479 318 3518 Qae
334 3479 451 3516 quidem
464 3477 645 3522 Impetratio‚
662 3480 764 3518 vigore
778 3479 880 3512 Statuti
894 3480 961 3512 inde
975 3481 1042 3513 editi
1056 3506 1065 3520 ,
1081 3484 1187 3522 absque
1202 3485 1263 3521 spe-

203 3517 268 3550 ciali
281 3518 315 3549 &
331 3516 457 3555 expressa
472 3516 601 3548 Licentifi⁴
613 3517 728 3556 nostra,
746 3529 795 3557 per
807 3520 1012 3553 avisamentum
1019 3520 1149 3552 Concilii
1161 3523 1262 3562 nostri,

202 3567 262 3588 non
277 3554 370 3594 potest
383 3565 438 3586 nec
451 3555 535 3586 debet
547 3555 636 3586 sortiri
649 3557 804 3594 effed’cum,

238 3595 381 3625 Volumus
400 3593 478 3632 quod
498 3593 532 3624 ali
554 3603 597 3625 uae
617 3594 723 3626 Literae
745 3596 850 3628 nostrae
865 3597 902 3628 de
917 3597 1064 3636 Licentia,
1078 3608 1132 3637 pro
1145 3600 1263 3637 praefato

201 3633 342 3664 Cardinali
361 3632 398 3663 de
419 3631 543 3676 Malepel
568 3633 658 3676 ,alias
673 3633 710 3665 de
723 3634 855 3674 Ursinis,
871 3635 906 3666 ad
917 3635 1123 3668 Posseffionem
1138 3638 1262 3676 ejusdem

202 3671 368 3703 Decanatsis
388 3671 433 3702 seu
453 3670 605 3710 Dlgnitans
624 3680 673 3709 per
690 3672 781 3710 ipsum
800 3674 847 3705 vel
860 3674 1060 3706 Procuratores
1072 3676 1135 3707 suos
1150 3678 1263 3715 capien-

202 3710 284 3748 dam,
303 3721 363 3741 non
377 3710 459 3747 fiant,
474 3719 530 3740 nec
544 3709 755 3749 concedantur,

241 3748 392 3780 Nolumus
404 3749 481 3779 enim
496 3748 575 3786 quod
591 3747 766 3779 Incumbens
787 3750 816 3779 in
838 3750 918 3780 dicto
931 3750 1082 3782 Decanatu
1096 3753 1140 3783 seu
1157 3752 1263 3793 Digni-

204 3793 277 3824 tate,
294 3796 326 3818 ut
342 3787 512 3826 praedictum
534 3785 576 3817 est
589 3809 598 3823 ,
619 3796 635 3816 a
655 3786 828 3818 Posseffione
839 3788 884 3818 sua
897 3789 1019 3826 ejusdcm
1037 3790 1202 3822 Decanatfis
1217 3792 1263 3822 seu

205 3823 376 3892 DiIgnitatis,
392 3836 442 3897 pgcr
455 3825 690 3863 Impetrationem
704 3826 883 3866 hujusmodi,
900 3827 932 3858 fit
945 3828 1079 3866 expulsus.

259 3873 278 3892 n
291 3873 384 3902 cujus,
438 3875 464 3895 c.

204 3900 331 3969 tiiTeste
346 3902 427 3941 Rege
438 3902 513 3942 apud
527 3905 687 3934 Manerium
708 3903 740 3933 de
751 3901 886 3941 Eltham,
902 3903 1018 3935 decimo
1029 3904 1108 3936 sexto
1120 3905 1168 3936 die
1183 3905 1265 3938 Mar-

52 3131 117 3159 lbid.

52 3177 90 3198 m.
106 3171 134 3197 6.

57 3450 74 3469 ⁴
90 3453 159 3481 v11.

60 3490 127 3527 384.

772 3982 826 4010 Per
843 3982 970 4010 Literam
984 3981 1015 4011 de
1030 3985 1159 4020 signetto.

2247 180 2324 232 '¹49²

2020 330 2023 333 ι
2350 280 2478 325 Amris

1287 342 1346 372 Pro
1365 338 1588 387 Archieptfiopo
1610 342 1809 385 Auentinensi,
1835 352 1938 375 contra
1960 343 2147 379 Adhaerentes
2173 346 2298 382 Roberto
2345 331 2451 400 Κῗῇξῖ]

1711 392 1876 437 Antipapae.

1270 472 1326 525 R
1336 470 1362 501 E
1372 470 1403 501 X
1417 494 1427 509 ,
1452 471 1560 503 dilectis
1580 473 1617 516 &.
1635 473 1763 504 fidelibus
1775 475 1840 513 suis,
1861 476 1976 508 Locum
1991 477 2069 510 suum
2082 481 2186 512 tenenti
2201 480 2257 513 sive
2270 481 2321 514 Se-
2343 491 2395 518 An.
2409 490 2439 518 6.

1343 509 1464 553 qescallo
1478 510 1528 555 suo
1542 510 1720 558 Aquitaniae„
1738 512 1938 553 Universisque
1950 518 1983 546 &
1999 517 2107 557 fingulis
2125 519 2320 559 Magnatibus,
2345 533 2373 556 R,
2395 537 2421 557 2.

1267 555 1300 577 ac
1323 547 1522 592 ³¹¹.¹⁵..Sub.d¹s¹⁸
1543 549 1637 593 Ligeis
1651 572 1661 587 ,
1688 551 1847 591 fidelibus,
1875 554 2029 586 Officiariis
2043 580 2052 594 ,
2071 558 2103 587 ὃ(
2122 557 2259 590 Ministris
2271 560 2323 590 suis
2348 567 2413 594 msc.
2431 566 2461 594 6.

1268 583 1402 616 Dominu
1422 586 1462 617 sui
1484 586 1662 626 Aquitaniae,
1687 589 1847 621 Laudarum
1860 614 1869 628 ,
1894 591 2039 632 Bigorrae,
2064 595 2098 626 ὃς
2121 595 2248 635 Agenni.
2268 608 2322 636 pro
2346 609 2366 632 R
2386 615 2400 632 2
2419 614 2444 634 m

1268 631 1398 668 tempore
1410 624 1606 663 existentibus,
1625 626 1658 656 ὃ(
1673 636 1773 657 eorum
1789 629 1922 668 cuilibet,
1939 631 2072 663 Salutem.
2234 629 2248 663 ,‘
2347 628 2375 681 9·-
2406 626 2412 633 ⁸
2446 627 2454 633 „

1308 662 1450 700 MaJestati
1465 663 1570 694 nostrae
1583 664 1684 702 regiae,
1702 664 1876 697 Venerabilis
1890 667 1989 707 Pater,
2008 671 2101 702 Frater
2110 674 2206 702 Petrus
2220 673 2250 702 de
2261 677 2326 705 An·
2370 664 2376 671 “

1266 698 1375 744 ἕῖαᾱαι,
1387 701 1491 744 ’ὅπως
1513 702 1553 733 Pa
1574 703 1629 746 inae
1650 702 1795 746 Professor
1811 727 1822 743 ,
1843 704 2077 747 Archiepiscopus
2091 709 2281 750 Axitanenfis,
2298 715 2329 745 in

1271 737 1414 782 Dominio
1428 739 1528 771 nostro
1569 749 1700 778 quitaniae
1709 764 1718 778 ,

1309 775 1367 806 Cu1
1373 799 1383 815 ,
1402 787 1451 815 per
1473 778 1637 809 Dominum
1659 779 1799 809 Urbanum
1818 783 1922 820 Papam
1936 786 2063 824 Sextum,
2081 787 2255 818 Universalis
2270 788 2329 820 Εε-ἶ

1274 814 1366 844 clesiae
1380 815 1535 858 Summum
1552 816 1724 848 Pontificem
1740 841 1750 857 ,
1764 819 1800 850 de
1817 820 2068 861 Archiepiscopatu
2081 827 2218 862 praedirsto
2232 828 2284 857 rite
2295 829 2330 860 &

1273 851 1424 884 Canonice
1439 853 1479 884 est
1492 856 1651 893 provisum,

1310 890 1366 922 Per
1402 893 1522 923 uandam
1546 893 1621 924 suam
1643 894 1884 932 Supplicationem
1897 919 1907 935 ,
1923 899 2005 929 nobis
2017 899 2187 939 exhibitam,
2205 906 2334 942 conquess

1273 929 1364 960 rendo
1388 930 1543 970 ignificavit
1556 931 1698 962 humiliter
1713 935 1746 963 &r
1760 933 1884 973 devote,
1903 937 1982 973 quod
1998 936 2106 968 Civitas
2117 961 2126 976 ,
2143 941 2176 970 &
2193 940 2335 972 Dicecesis

1274 969 1318 998 sua
1333 992 1343 1007 ,
1369 979 1401 1000 ac
1423 969 1518 1008 Major
1542 970 1606 1000 Pars
1628 970 1789 1001 Provinciae
1809 973 1864 1002 suae
1888 973 2060 1005 Axitanenlis
2074 1000 2083 1013 ,
2108 978 2186 1007 dicto
2202 978 2336 1010 Domino

1275 1006 1399 1038 Summo
1417 1008 1553 1038 Pontifici
1576 1010 1610 1040 ὃς
1633 1008 1700 1039 Sedi
1724 1009 1900 1047 Apostolicae
1923 1012 2120 1044 Inobedientes
2139 1016 2173 1046 δε
2189 1016 2340 1056 RebelleS,

1275 1049 1429 1085 Antipapae
1444 1047 1560 1077 Roberto
1580 1047 1795 1085 dampnabiliter
1815 1049 1849 1080 ὃ(
1876 1050 2030 1082 scismatice
2044 1052 2229 1085 obediunt&
2244 1055 2339 1086 adhae4

1276 1092 1355 1122 rent,

1313 1122 1463 1161 Qio'dque
1482 1124 1598 1161 quidam
1622 1124 1799 1155 Adversarius
1819 1125 1880 1156 suus
1894 1126 2173 1167 Archiepiscopatum
2189 1130 2285 1170 illum,
2304 1131 2339 1163 &

1278 1161 1444 1206 Provifio'ne
1465 1162 1569 1194 sinistra
1589 1163 1669 1200 ipsius
1693 1163 1840 1202 Antipapae
1855 1187 1864 1202 ,
1890 1165 2064 1204 impetravit,
2079 1169 2113 1199 &
2127 1169 2197 1198 sein
2214 1170 2338 1201 eundem

1277 1200 1558 1244 Archiepiscopatum
1575 1220 1585 1239 ,
1609 1211 1658 1239 per
1679 1201 1808 1232 favorem
1832 1202 2081 1244 Scismaticorum,
2099 1207 2207 1238 ibidem
2221 1208 2340 1240 subdole

1277 1238 1400 1275 1ntrus1t,
1418 1240 1452 1270 &
1475 1239 1586 1269 dietum
1608 1239 1888 1278 Archiepiscopatum
1906 1252 2050 1280 occupare
2068 1244 2162 1275 nititur
2187 1248 2338 1284 perperam

1278 1278 1311 1308 &
1332 1277 1427 1314 inique
1442 1301 1452 1314 ,
1476 1278 1537 1307 tam
1558 1279 1587 1308 in
1607 1277 1749 1315 praedietae
1766 1278 1907 1309 Romanae
1930 1280 2065 1312 Eccleliae
2081 1283 2113 1313 &
2130 1284 2197 1314 dicii
2215 1284 2339 1316 Domini

1279 1314 1393 1345 Summi
1407 1315 1569 1355 Pontificis,
1588 1317 1674 1354 quam
1688 1318 1716 1346 in
1733 1317 2026 1357 nostrIPraejudicium
2040 1322 2196 1353 maximum
2214 1322 2341 1355 &Con-

1279 1362 1513 1437 terfftgkclr‘g‘e’idem
1529 1392 1669 1431 Majestati
1683 1392 1787 1436 nostrae
1802 1394 1929 1438 praefatus
1946 1395 2182 1436 Archiepiscopus
2194 1398 2344 1431 instantius

1282 1429 1492 1472 supplicaverit,
1513 1440 1544 1462 ut
1592 1441 1691 1462 contra
1712 1431 1871 1470 hujusmodi
1885 1433 2048 1465 Rebellium
2063 1436 2096 1466 &
2113 1437 2343 1470 scismaticorum

1282 1467 1466 1506 Propositum
1479 1471 1512 1500 &
1530 1484 1538 1498 r
1567 1469 1670 1500 alitiam
1685 1469 1825 1500 salubriter
1841 1471 2087 1512 restringendum,
2104 1476 2138 1505 &
2152 1476 2298 1507 Remedio
2311 1478 2342 1507 in

1282 1508 1432 1575 hasiatparoe
1445 1507 1624 1546 providendo
1638 1508 1816 1546 dignaremur
1830 1510 1981 1542 exrendere
1998 1511 2150 1545 Brachium
2166 1514 2268 1555 Regiae
2282 1514 2342 1546 Po-

1283 1556 1311 1577 te
1365 1556 1401 1584 is,

1318 1583 1386 1613 Nos
1393 1606 1402 1622 ,

1319 1621 1367 1653 Ut
1381 1622 1456 1653 idem
1472 1620 1706 1661 Archiepiscopus
1721 1621 1879 1654 Civitatem
1889 1646 1899 1663 ,
1916 1624 2093 1664 Dioecesim,
2110 1618 2143 1658 Sc
2159 1627 2346 1661 Provinciam

1283 1659 1340 1690 suas
1360 1661 1507 1698 praedidias
1527 1662 1635 1692 facilius
1658 1661 1748 1692 valeat
1768 1663 1896 1700 optinere
1909 1687 1918 1700 ,
1943 1665 1976 1695 ὃς
2000 1665 2121 1702 ipsarum
2136 1666 2345 1698 possessionem

1282 1698 1430 1743 pacificam
1451 1700 1582 1738 adipisci,
1601 1710 1661 1739 quo
1673 1701 1771 1740 majori
1791 1701 1874 1733 fuerit
1896 1702 2075 1735 Auctoritate
2098 1703 2196 1742 Regia
2209 1716 2346 1738 commu-

1285 1746 1377 1776 nitus,

1320 1775 1375 1815 Et,
1392 1785 1424 1808 ut
1442 1776 1554 1808 Subditi
1573 1777 1703 1809 Civitatis
1718 1800 1728 1816 ,
1747 1777 1906 1818 Dioecefis,
1921 1781 1954 1812 ὃς
1968 1780 2132 1812 Provinciae
2148 1782 2348 1820 praedictarum

1283 1814 1318 1844 ad
1340 1826 1437 1846 veram
1458 1815 1658 1846 Obedientiam
1680 1816 1749 1847 dieti
1764 1817 1886 1847 Domini
1901 1815 2014 1849 Summi
2031 1820 2176 1851 Pontificis
2197 1831 2233 1852 eo
2248 1823 2350 1853 melius

1283 1853 1317 1884 &
1341 1853 1425 1885 citius
1446 1854 1632 1892 inclinentur,
1652 1864 1711 1893 quo
1723 1855 1749 1885 se
1763 1857 1955 1893 prospexerint
1974 1866 2092 1896 utroque
2108 1858 2214 1889 Gladio
2228 1863 2348 1899 punien-

1284 1891 1336 1922 dos
1352 1915 1362 1930 ,
1388 1893 1407 1923 si
1427 1894 1457 1922 in
1479 1903 1580 1924 eorum
1600 1893 1803 1924 obduraverint
1823 1896 1999 1932 pertinaciter
2020 1897 2155 1928 Scilmate
2175 1901 2207 1930 <St
2223 1899 2347 1939 Errore,

1284 1930 1412 1962 volentes
1425 1933 1570 1962 meritorie
1582 1932 1746 1972 providere,

1321 1969 1412 2000 Vobis
1431 1971 1464 2002 &
1485 1970 1600 2001 cuilibet
1619 1969 1746 2002 vestrum
1759 1994 1768 2009 ,
1788 1972 1817 2001 in
1832 1971 1899 2002 Fide
1916 1973 1948 2004 ὃς
1966 1972 2129 2013 Ligeantifi,
2149 1976 2250 2013 quibus
2266 1978 2351 2010 nobis

1286 2010 1422 2039 tenemini
1436 2033 1446 2046 ,
1472 2008 1587 2040 firmiter
1607 2009 1784 2048 Injungimus
1799 2011 1833 2041 δε
1850 2010 2021 2042 Mandamus
2037 2013 2116 2051 quod
2133 2023 2233 2045 contra
2250 2016 2351 2055 praedi-

1287 2047 1369 2078 ctum
1389 2048 1558 2085 Antipapam
1573 2072 1583 2085 ,
1611 2048 1644 2078 &
1667 2048 1848 2080 Scismaticos
1868 2051 1893 2080 ei
1908 2050 2049 2089 faventes,
2067 2053 2216 2089 praefitum
2233 2054 2353 2086 Archie-

1287 2086 1436 2124 piscopum
1452 2087 1554 2125 juvetis
1576 2084 1704 2117 Confilio
1722 2109 1731 2124 ,
1751 2087 1880 2125 Auxilio,
1899 2089 1932 2118 &
1946 2088 2071 2128 Favore,
2086 2090 2203 2129 Verbo,
2220 2093 2253 2123 ὃς
2269 2092 2352 2131 Ope-

1289 2134 1335 2162 re,
1354 2126 1403 2163 &,
1422 2124 1442 2155 fi
1458 2125 1569 2155 necesse
1581 2124 1664 2156 fuerit
1681 2147 1691 2162 ,
1708 2125 1801 2156 Manu
1817 2126 1936 2158 Armaza
1949 2129 1976 2157 in
1991 2127 2165 2160 Posseffione
2178 2130 2352 2169 adipiscenda

1289 2163 1416 2195 Civitatis
1431 2187 1441 2202 ,
1466 2163 1608 2194 Dioecesis
1623 2186 1633 2202 ,
1659 2162 1825 2195 Castrorum
1842 2188 1852 2203 ,
1877 2165 2028 2197 Locorum
2045 2191 2055 2205 ,
2073 2165 2298 2208 Jurisdich'onzs,
2316 2171 2350 2201 ὅτ.

1287 2201 1450 2232 Provinciae
1470 2202 1583 2242 suorum
1599 2224 1608 2240 ,
1631 2202 1665 2232 ὃς
1683 2202 1716 2232 ad
1738 2202 1946 2242 Repellendum
1971 2206 2003 2236 ὃς
2016 2204 2195 2242 Capiendum
2215 2208 2352 2240 Adversa-

1289 2241 1366 2271 rium
1378 2241 1457 2271 suum
1473 2241 1626 2278 intrusum,
1644 2242 1677 2272 «Sc
1693 2241 1851 2280 quoscumq
1862 2252 1887 2272 ie
1904 2243 1930 2272 ei
1949 2243 2090 2281 faventes,
2110 2246 2142 2275 ὃς
2157 2245 2190 2275 ad
2207 2255 2255 2276 eos
2270 2257 2355 2278 com-

1289 2279 1451 2317 pellendum
1479 2279 1558 2310 disto
1579 2279 1713 2310 Domino
1734 2279 1858 2311 Urbano
1882 2280 1966 2319 Papae
1985 2281 2072 2313 Sexro
2094 2306 2103 2321 ,
2129 2293 2261 2322 tanquan.
2283 2294 2356 2317 vero

1293 2318 1395 2357 Papae,
1413 2318 1546 2356 obedire,
1564 2318 1597 2347 δε
1616 2318 1650 2348 ad
1667 2318 1922 2349 contradicendum
1938 2320 2018 2351 dicto
2033 2321 2197 2361 Antipapae,
2219 2334 2268 2361 per
2283 2324 2362 2363 Cap-

1291 2357 1400 2388 tionem
1420 2358 1453 2388 &
1476 2356 1683 2387 Detentionem
1705 2356 1916 2396 Personarum,
1939 2359 1972 2389 &
1995 2370 2044 2397 per
2070 2360 2297 2398 (⁷)c.:upati0neni
2318 2365 2353 2395 δε

1290 2394 1533 2426 Confiscationem
1555 2394 1703 2426 Locorum
1717 2419 1727 2434 ,
1753 2394 1921 2427 Castrorum
1936 2420 1946 2435 ,
1963 2396 2136 2436 Terrarum,
2155 2401 2187 2430 δε
2206 2400 2356 2432 Bonorum

1290 2434 1405 2465 suorum
1427 2443 1679 2472 quorumcumque
1693 2459 1702 2471 ,
1726 2434 1759 2465 &
1780 2445 1829 2474 per
1850 2434 2058 2467 Executionem
2078 2437 2115 2467 de
2135 2439 2359 2480 euraciendam,

1286 2473 1365 2511 juxra
1378 2471 1528 2504 Proceffus
1540 2473 1573 2503 &
1587 2473 1740 2504 Sententias
1755 2472 1950 2512 ApollolicaS,
1965 2476 1998 2507 ὃς
2012 2475 2148 2507 Mandata
2161 2477 2257 2508 nostra
2264 2479 2358 2519 Regia

1291 2512 1370 2549 super
1385 2512 1437 2541 hiis
1451 2511 1514 2541 alias
1530 2512 1678 2547 publicata.

1330 2550 1398 2592 Dat.
1418 2552 1446 2579 in
1461 2550 1567 2580 Palatio
1582 2550 1682 2580 nostro
1699 2549 1805 2588 Wstm.
1823 2550 1874 2581 sub
1890 2550 2089 2592 MagniSigilli
2106 2554 2197 2585 nostri
2205 2554 2356 2587 Testimo-

1291 2590 1357 2627 nio,
1374 2589 1490 2619 decimo
1505 2587 1581 2618 sexro
1595 2587 1640 2619 die
1654 2587 1761 2619 Martii.

1796 2668 1849 2695 Per
1864 2669 1957 2697 Breve
1973 2668 2004 2698 de
2016 2670 2135 2698 Privato
2150 2667 2250 2708 sigillo.

2374 2788 2394 2811 ⁴*
2404 2794 2470 2825 vn.

2378 2831 2441 2868 385.

1294 2876 1440 2936 REX,
1457 2876 1665 2907 Vae-comitibus
1680 2875 1828 2906 Londom'ae
1838 2899 1847 2915 ,
1866 2876 2000 2908 Salutem.
2377 2869 2454 2899 Asm-
2466 2869 2508 2902 D·

1385 2917 1462 2955 Qia
1479 2916 1639 2946 Licentiam
1661 2914 1790 2945 dedimus
1813 2915 1943 2946 universis
1959 2917 1991 2947 ὃς
2007 2916 2116 2955 singulis
2131 2917 2224 2958 Ligeis
2238 2919 2355 2959 nostris,
2397 2908 2481 2947 ¹383·

1333 2955 1394 2993 Qui
1414 2964 1482 2985 cum
1497 2977 1506 2990 ,
1534 2953 1696 2983 Venerabili
1714 2955 1743 2983 in
1758 2953 1875 2984 Christo
1894 2954 1989 2993 Patre,
2008 2956 2124 2986 Hem-ico
2141 2956 2264 2997 Epssopo
2282 2961 2356 2989 Nor—
2375 2950 2426 2974 Aa.
2443 2951 2471 2975 ⁶·

1293 2996 1379 3022 wicen
1391 3004 1417 3031 z,
1436 2994 1464 3022 in
1483 2991 1614 3030 Viagium
1637 2991 1781 3022 Cruciatae
1795 3015 1805 3032 ,
1830 2993 1860 3022 in
1876 2991 2082 3025 Defenfionem
2097 2994 2285 3027 Sacrosancta:
2299 2997 2356 3028 Ec·
2374 2989 2402 3012 R.
2422 2995 2446 3013 ²·

1295 3031 1384 3100 clelliae
1399 3033 1433 3063 &
1446 3030 1544 3070 Regni
1557 3029 1646 3060 nostri
1661 3030 1790 3069 Angliae,
1808 3031 1900 3064 versus
1913 3031 2007 3063 Partes
2022 3032 2230 3066 Transmarinas
2244 3037 2356 3067 transire
2372 3023 2460 3099 ἰαχή
2479 3025 2509 3088 ξ·

1296 3080 1336 3102 νο
1347 3079 1439 3101 uerint
2397 3082 2401 3088 ·
2431 3083 2435 3088 ·
2464 3083 2469 3088 ·
2500 3084 2505 3090 ·

1334 3109 1427 3148 Quod
1443 3092 1508 3146 i⁷ps1,
1525 3116 1593 3137 cum
1606 3106 1723 3144 praefato
1736 3106 1896 3146 Episcopo,
1913 3107 1941 3138 in
1956 3108 2093 3148 Viagium
2116 3112 2301 3151 praedirstum,
2321 3113 2355 3144 li-
2375 3110 2410 3128 7²¹·
2434 3110 2473 3128 ¹²=

1296 3148 1356 3179 cite
1370 3147 1458 3178 versus
1471 3153 1558 3183 partes
1573 3144 1719 3183 praedictas
1732 3145 1846 3177 transire
1861 3147 1987 3185 valeant,

1334 3185 1492 3216 Carissimis
1508 3184 1666 3216 Avunculis
1682 3184 1782 3214 nostris
1796 3184 1928 3216 duntaxat
1941 3188 2081 3225 exceptis,

1333 3224 1426 3255 Vobis
1448 3223 1625 3261 praecipimus
1645 3222 1725 3261 quod
1746 3222 1890 3254 Praemisn
1903 3246 1913 3262 ,
1939 3225 2010 3255 infra
2024 3224 2176 3256 Civitatem
2190 3227 2356 3265 praedistamv

1297 3264 1329 3294 ὃς
1352 3262 1491 3293 Suburbia
1513 3260 1636 3299 ejusdem
1651 3284 1661 3299 ,
1686 3262 1715 3291 in
1736 3261 1805 3292 locis
1830 3263 1876 3292 ubi
1900 3262 2000 3294 melius
2017 3263 2147 3302 expedire
2167 3264 2303 3304 videritis,
2320 3274 2355 3297 ex

1296 3310 1372 3340 parte
1386 3300 1498 3339 nostra,
1516 3299 1631 3337 publice
1648 3300 1818 3337 proclamari
1831 3300 1951 3339 faciatis,

1334 3339 1372 3371 Et
1386 3340 1492 3376 insuper
1507 3337 1585 3376 quod
1599 3347 1700 3369 omnes
1715 3339 1748 3369 ὃς
1764 3339 1859 3378 singuli
1874 3339 1952 3378 Ligei
1966 3339 2053 3370 nostri
2069 3339 2212 3378 praediffi,
2224 3342 2271 3379 qui
2285 3353 2354 3373 cum

1297 3379 1415 3418 praefato
1442 3376 1583 3414 Episcopo
1612 3376 1674 3407 sunt
1694 3377 1850 3414 pi‘ofecssluri
1864 3401 1874 3414 ,
1900 3377 1991 3407 versus
2012 3378 2159 3415 prae'fatum
2178 3378 2355 3419 Episcopum

1298 3428 1366 3448 cum
1380 3417 1460 3448 omni
1475 3414 1652 3446 festinatione
1666 3415 1692 3445 se
1703 3415 1826 3453 trahant,
1835 3417 1960 3453 prompti
1973 3417 2006 3447 &
2020 3417 2105 3455 parati
2119 3416 2153 3447 ad
2169 3417 2353 3455 proficiscen-

1297 3457 1367 3487 dum
1382 3457 1410 3485 in
1426 3455 1555 3493 Viagium
1572 3453 1754 3491 praedictum:
1793 3478 1801 3488 ,

1337 3494 1446 3525 Damus
1469 3500 1563 3522 autem
1585 3492 1667 3522 vobis
1679 3516 1688 3530 ,
1714 3493 1830 3522 Tenore
1851 3492 2051 3531 Praesentium,
2069 3495 2100 3523 in
2115 3492 2257 3526 Mandatis
2273 3495 2354 3534 quod

1298 3532 1532 3564 Procuratoribus
1555 3531 1587 3561 ὃ(
1611 3530 1764 3561 Attornatis
1777 3555 1786 3568 ,
1813 3540 1862 3568 per
1877 3530 1964 3569 ipsum
1977 3529 2166 3570 Episcopum,
2184 3535 2217 3563 ad
2232 3535 2356 3572 aliquam

1299 3571 1459 3602 Colletftam
1474 3593 1483 3607 ,
1510 3578 1562 3606 pro
1583 3570 1702 3606 negotio
1723 3569 1862 3599 Cruciatae
1884 3569 2027 3607 piaediclae
2042 3593 2052 3608 ,
2077 3572 2298 3611 expediendam,
2316 3574 2357 3604 fa-

1299 3611 1430 3641 ciendam
1444 3631 1452 3645 ,
1470 3606 1620 3644 Affignatis
1641 3608 1674 3638 ὃς
1697 3607 1844 3646 Deputatis
1857 3630 1866 3644 ,
1892 3609 1920 3637 in
1941 3609 2093 3647 omnibus,
2112 3620 2176 3647 quae
2190 3610 2355 3649 Negotium

1296 3649 1364 3693 illud
1380 3647 1476 3716 “gell-118
1491 3645 1621 3684 expedire
1637 3647 1775 3683 poterint,
1794 3645 1955 3684 Auxilium,
1974 3645 2153 3687 Consilium,
2170 3648 2203 3678 δε
2213 3649 2355 3682 Pavorem

1298 3697 1338 3717 im
1361 3697 1394 3717 en
1416 3693 1471 3716 atis.

1333 3698 1423 3756 'Ip'este
1438 3723 1518 3762 Rege
1532 3721 1604 3760 apud
1621 3721 1878 3761 Westmonasterium
1890 3745 1901 3761 ,
1923 3722 2038 3754 decimo
2051 3724 2170 3762 septimo
2182 3725 2228 3756 die
2243 3725 2351 3760 Martii,

1470 2787 1498 2815 ᾖ
1516 2794 1610 2838 Super
1630 2791 1667 2825 V
1666 2794 1745 2838 iagio
1766 2793 1908 2825 Cruciatae
1925 2802 1993 2825 ante
2012 2803 2189 2828 memoratae.r

2032 3801 2085 3830 Per
2098 3801 2250 3832 Concilium.

1319 3876 1500 3946 l'Consimilia
1530 3873 1628 3907 Brevia
1653 3874 1808 3914 diriguntur
1834 3874 1945 3914 singulis
1964 3874 2192 3911 vicecomitibus
2218 3889 2269 3918 per
2291 3879 2353 3914 An-

1301 3926 1395 3956 giam.

2315 4106 2363 4138 De,
