<?xml version="1.0" encoding="UTF-8"?>
<!DOCTYPE html PUBLIC "-//W3C//DTD XHTML 1.0 Transitional//EN"
    "http://www.w3.org/TR/xhtml1/DTD/xhtml1-transitional.dtd">
<html xmlns="http://www.w3.org/1999/xhtml" xml:lang="en" lang="en">
 <head>
  <title>
</title>
<meta http-equiv="Content-Type" content="text/html;charset=utf-8" />
  <meta name='ocr-system' content='tesseract 3.04.00' />
  <meta name='ocr-capabilities' content='ocr_page ocr_carea ocr_par ocr_line ocrx_word'/>
</head>
<body>
  <div class='ocr_page' id='page_1' title='image "./fderaconventione03ryme_0424.png"; bbox 0 0 2561 4251; ppageno 0'>
   <div class='ocr_carea' id='block_1_1' title="bbox 49 171 184 289">
    <p class='ocr_par' dir='ltr' id='par_1_1' title="bbox 49 171 184 289">
     <span class='ocr_line' id='line_1_1' title="bbox 49 171 184 204; baseline -0.015 0"><span class='ocrx_word' id='word_1_1' title='bbox 49 172 125 204; x_wconf 80' lang='lat' dir='ltr'>Ann.</span> <span class='ocrx_word' id='word_1_2' title='bbox 143 171 184 203; x_wconf 91' lang='lat' dir='ltr'>D.</span> 
     </span>
     <span class='ocr_line' id='line_1_2' title="bbox 69 213 153 251; baseline -0.012 -10"><span class='ocrx_word' id='word_1_3' title='bbox 69 213 153 251; x_wconf 77' lang='lat'>1369.</span> 
     </span>
     <span class='ocr_line' id='line_1_3' title="bbox 49 253 163 289; baseline -0.009 -11"><span class='ocrx_word' id='word_1_4' title='bbox 49 253 117 279; x_wconf 62' lang='grc' dir='ltr'>Ἐάν.</span> <span class='ocrx_word' id='word_1_5' title='bbox 136 260 163 289; x_wconf 83' lang='lat'>3.</span> 
     </span>
    </p>
   </div>
   <div class='ocr_carea' id='block_1_2' title="bbox 42 2227 175 2259">
    <p class='ocr_par' dir='ltr' id='par_1_2' title="bbox 42 2227 175 2259">
     <span class='ocr_line' id='line_1_4' title="bbox 42 2227 175 2259; baseline -0.008 0"><span class='ocrx_word' id='word_1_6' title='bbox 42 2227 120 2259; x_wconf 81' lang='lat' dir='ltr'>Anti.</span> <span class='ocrx_word' id='word_1_7' title='bbox 135 2227 175 2258; x_wconf 88' lang='lat' dir='ltr'>D.</span> 
     </span>
    </p>
   </div>
   <div class='ocr_carea' id='block_1_3' title="bbox 43 2267 158 2342">
    <p class='ocr_par' dir='ltr' id='par_1_3' title="bbox 43 2267 158 2342">
     <span class='ocr_line' id='line_1_5' title="bbox 63 2267 146 2307; baseline -0.012 -11"><span class='ocrx_word' id='word_1_8' title='bbox 63 2267 146 2307; x_wconf 84' lang='lat'>1369.</span> 
     </span>
     <span class='ocr_line' id='line_1_6' title="bbox 43 2309 158 2342; baseline -0.009 -9"><span class='ocrx_word' id='word_1_9' title='bbox 43 2309 96 2333; x_wconf 77' lang='lat' dir='ltr'>An.</span> <span class='ocrx_word' id='word_1_10' title='bbox 111 2316 158 2342; x_wconf 75' lang='lat'>43.</span> 
     </span>
    </p>
   </div>
   <div class='ocr_carea' id='block_1_4' title="bbox 37 2364 178 2495">
    <p class='ocr_par' dir='ltr' id='par_1_4' title="bbox 37 2364 178 2495">
     <span class='ocr_line' id='line_1_7' title="bbox 37 2364 130 2421; baseline -0.011 -12"><span class='ocrx_word' id='word_1_11' title='bbox 37 2364 130 2421; x_wconf 16' lang='lat' dir='ltr'>,Clanis—2</span> 
     </span>
     <span class='ocr_line' id='line_1_8' title="bbox 41 2425 178 2457; baseline 0.015 -10"><span class='ocrx_word' id='word_1_12' title='bbox 41 2429 89 2456; x_wconf 81' lang='lat'>43.</span> <span class='ocrx_word' id='word_1_13' title='bbox 105 2425 133 2447; x_wconf 82' lang='grc' dir='ltr'>Ε.</span> <span class='ocrx_word' id='word_1_14' title='bbox 152 2430 178 2457; x_wconf 83' lang='lat'>3.</span> 
     </span>
     <span class='ocr_line' id='line_1_9' title="bbox 40 2460 168 2495; baseline 0.008 -9"><span class='ocrx_word' id='word_1_15' title='bbox 40 2468 78 2486; x_wconf 83' lang='lat' dir='ltr'>m.</span> <span class='ocrx_word' id='word_1_16' title='bbox 94 2460 168 2495; x_wconf 44' lang='lat' dir='ltr'>¹9·ss</span> 
     </span>
    </p>
   </div>
   <div class='ocr_carea' id='block_1_5' title="bbox 47 3466 184 3768">
    <p class='ocr_par' dir='ltr' id='par_1_5' title="bbox 47 3466 184 3544">
     <span class='ocr_line' id='line_1_10' title="bbox 47 3466 184 3498; baseline 0.007 -1"><span class='ocrx_word' id='word_1_17' title='bbox 47 3466 126 3497; x_wconf 78' lang='lat' dir='ltr'>Ann.</span> <span class='ocrx_word' id='word_1_18' title='bbox 142 3466 184 3498; x_wconf 87' lang='lat' dir='ltr'>D.</span> 
     </span>
     <span class='ocr_line' id='line_1_11' title="bbox 77 3506 161 3544; baseline 0.012 -10"><span class='ocrx_word' id='word_1_19' title='bbox 77 3506 161 3544; x_wconf 82' lang='lat'>1369.</span> 
     </span>
    </p>

    <p class='ocr_par' dir='ltr' id='par_1_6' title="bbox 47 3547 168 3768">
     <span class='ocr_line' id='line_1_12' title="bbox 50 3547 168 3581; baseline -0.008 -10"><span class='ocrx_word' id='word_1_20' title='bbox 50 3547 103 3571; x_wconf 65' lang='lat' dir='ltr'>Aa.</span> <span class='ocrx_word' id='word_1_21' title='bbox 120 3556 168 3581; x_wconf 79' lang='lat'>43.</span> 
     </span>
     <span class='ocr_line' id='line_1_13' title="bbox 47 3585 129 3618; baseline -0.012 -8"><span class='ocrx_word' id='word_1_22' title='bbox 47 3585 80 3610; x_wconf 75' lang='grc' dir='ltr'>Ε.</span> <span class='ocrx_word' id='word_1_23' title='bbox 104 3592 129 3618; x_wconf 83' lang='lat'>3.</span> 
     </span>
     <span class='ocr_line' id='line_1_14' title="bbox 49 3622 165 3656; baseline 0 -9"><span class='ocrx_word' id='word_1_24' title='bbox 49 3622 165 3656; x_wconf 75' lang='lat' dir='ltr'>Pat.43.</span> 
     </span>
     <span class='ocr_line' id='line_1_15' title="bbox 50 3661 135 3695; baseline 0 -11"><span class='ocrx_word' id='word_1_25' title='bbox 50 3661 80 3684; x_wconf 74' lang='lat' dir='ltr'>E.</span> <span class='ocrx_word' id='word_1_26' title='bbox 110 3667 135 3695; x_wconf 82' lang='lat'>3.</span> 
     </span>
     <span class='ocr_line' id='line_1_16' title="bbox 47 3702 165 3732; baseline 0.025 -10"><span class='ocrx_word' id='word_1_27' title='bbox 47 3702 76 3732; x_wconf 78' lang='lat' dir='ltr'>p.</span> <span class='ocrx_word' id='word_1_28' title='bbox 90 3704 113 3724; x_wconf 82' lang='grc' dir='ltr'>ι,</span> <span class='ocrx_word' id='word_1_29' title='bbox 128 3705 165 3725; x_wconf 83' lang='lat' dir='ltr'>m.</span> 
     </span>
     <span class='ocr_line' id='line_1_17' title="bbox 53 3741 81 3768; baseline -0.107 0"><span class='ocrx_word' id='word_1_30' title='bbox 53 3741 81 3768; x_wconf 77' lang='lat'>9.</span> 
     </span>
    </p>
   </div>
   <div class='ocr_carea' id='block_1_6' title="bbox 206 95 285 143">
    <p class='ocr_par' dir='ltr' id='par_1_7' title="bbox 206 95 285 143">
     <span class='ocr_line' id='line_1_18' title="bbox 206 95 285 143; baseline -0.038 -11"><span class='ocrx_word' id='word_1_31' title='bbox 206 95 285 143; x_wconf 84' lang='lat'>156</span> 
     </span>
    </p>
   </div>
   <div class='ocr_carea' id='block_1_7' title="bbox 203 167 1266 480">
    <p class='ocr_par' dir='ltr' id='par_1_8' title="bbox 203 167 1266 480">
     <span class='ocr_line' id='line_1_19' title="bbox 204 167 1266 215; baseline -0.007 -9"><span class='ocrx_word' id='word_1_32' title='bbox 204 167 292 215; x_wconf 86' lang='lat' dir='ltr'>pnum</span> <span class='ocrx_word' id='word_1_33' title='bbox 308 173 416 215; x_wconf 75' lang='lat' dir='ltr'>aliquod</span> <span class='ocrx_word' id='word_1_34' title='bbox 426 197 434 211; x_wconf 81' lang='grc'>,</span> <span class='ocrx_word' id='word_1_35' title='bbox 449 173 478 203; x_wconf 87' lang='lat' dir='ltr'>in</span> <span class='ocrx_word' id='word_1_36' title='bbox 495 170 672 210; x_wconf 78' lang='lat' dir='ltr'>Corporibus</span> <span class='ocrx_word' id='word_1_37' title='bbox 687 171 732 202; x_wconf 93' lang='lat' dir='ltr'>vel</span> <span class='ocrx_word' id='word_1_38' title='bbox 747 172 831 202; x_wconf 82' lang='lat' dir='ltr'>Bonis</span> <span class='ocrx_word' id='word_1_39' title='bbox 844 172 996 210; x_wconf 67' lang='lat' dir='ltr'>suis,fa&lt;sto</span> <span class='ocrx_word' id='word_1_40' title='bbox 1007 171 1052 202; x_wconf 92' lang='lat' dir='ltr'>vel</span> <span class='ocrx_word' id='word_1_41' title='bbox 1068 170 1158 202; x_wconf 85' lang='lat' dir='ltr'>verbo</span> <span class='ocrx_word' id='word_1_42' title='bbox 1169 170 1266 207; x_wconf 86' lang='lat' dir='ltr'>faciat,</span> 
     </span>
     <span class='ocr_line' id='line_1_20' title="bbox 204 212 1245 254; baseline -0.009 -9"><span class='ocrx_word' id='word_1_43' title='bbox 204 216 249 245; x_wconf 85' lang='lat' dir='ltr'>seu</span> <span class='ocrx_word' id='word_1_44' title='bbox 266 215 356 244; x_wconf 82' lang='lat' dir='ltr'>facere</span> <span class='ocrx_word' id='word_1_45' title='bbox 370 212 529 252; x_wconf 61' lang='lat' dir='ltr'>praesumat:</span> <span class='ocrx_word' id='word_1_46' title='bbox 695 248 699 253; x_wconf 41' lang='lat'><em>·</em></span> <span class='ocrx_word' id='word_1_47' title='bbox 950 249 955 254; x_wconf 33' lang='lat'>¹</span> <span class='ocrx_word' id='word_1_48' title='bbox 972 249 976 254; x_wconf 32' lang='lat'>⁵</span> <span class='ocrx_word' id='word_1_49' title='bbox 1129 248 1133 253; x_wconf 29' lang='lat'>⁸</span> <span class='ocrx_word' id='word_1_50' title='bbox 1240 246 1245 252; x_wconf 39' lang='grc'><strong>.</strong></span> 
     </span>
     <span class='ocr_line' id='line_1_21' title="bbox 243 246 1264 290; baseline -0.008 -7"><span class='ocrx_word' id='word_1_51' title='bbox 243 253 297 290; x_wconf 80' lang='lat' dir='ltr'>Et,</span> <span class='ocrx_word' id='word_1_52' title='bbox 317 253 334 281; x_wconf 83' lang='lat' dir='ltr'>si</span> <span class='ocrx_word' id='word_1_53' title='bbox 350 261 433 290; x_wconf 79' lang='lat' dir='ltr'>quos,</span> <span class='ocrx_word' id='word_1_54' title='bbox 455 249 519 286; x_wconf 86' lang='lat' dir='ltr'>post</span> <span class='ocrx_word' id='word_1_55' title='bbox 532 248 792 278; x_wconf 87' lang='lat' dir='ltr'>Proclamationem</span> <span class='ocrx_word' id='word_1_56' title='bbox 814 248 846 278; x_wconf 91' lang='lat'>&amp;</span> <span class='ocrx_word' id='word_1_57' title='bbox 862 248 1067 278; x_wconf 84' lang='lat' dir='ltr'>inhibitionem</span> <span class='ocrx_word' id='word_1_58' title='bbox 1087 246 1264 289; x_wconf 76' lang='lat' dir='ltr'>hujusmodi,</span> 
     </span>
     <span class='ocr_line' id='line_1_22' title="bbox 205 285 1263 324; baseline -0.008 -2"><span class='ocrx_word' id='word_1_59' title='bbox 205 292 365 322; x_wconf 68' lang='lat' dir='ltr'>inveneritis</span> <span class='ocrx_word' id='word_1_60' title='bbox 378 289 551 317; x_wconf 82' lang='lat' dir='ltr'>contrarium</span> <span class='ocrx_word' id='word_1_61' title='bbox 565 286 712 323; x_wconf 83' lang='lat' dir='ltr'>facientes,</span> <span class='ocrx_word' id='word_1_62' title='bbox 733 294 802 315; x_wconf 86' lang='lat' dir='ltr'>tunc</span> <span class='ocrx_word' id='word_1_63' title='bbox 819 297 882 324; x_wconf 87' lang='lat' dir='ltr'>eos,</span> <span class='ocrx_word' id='word_1_64' title='bbox 902 287 959 318; x_wconf 83' lang='lat' dir='ltr'>fine</span> <span class='ocrx_word' id='word_1_65' title='bbox 974 286 1122 323; x_wconf 88' lang='lat' dir='ltr'>dilatione,</span> <span class='ocrx_word' id='word_1_66' title='bbox 1143 285 1215 322; x_wconf 86' lang='lat' dir='ltr'>Capi</span> <span class='ocrx_word' id='word_1_67' title='bbox 1230 285 1263 315; x_wconf 68' lang='grc' dir='ltr'>ὃς</span> 
     </span>
     <span class='ocr_line' id='line_1_23' title="bbox 206 323 1264 366; baseline -0.007 -7"><span class='ocrx_word' id='word_1_68' title='bbox 206 329 330 359; x_wconf 60' lang='grc' dir='ltr'>ΑιέΓῑπὶ</span> <span class='ocrx_word' id='word_1_69' title='bbox 341 351 350 365; x_wconf 88' lang='lat'>,</span> <span class='ocrx_word' id='word_1_70' title='bbox 368 330 399 356; x_wconf 59' lang='grc' dir='ltr'>δ’</span> <span class='ocrx_word' id='word_1_71' title='bbox 418 328 445 356; x_wconf 87' lang='lat' dir='ltr'>iii</span> <span class='ocrx_word' id='word_1_72' title='bbox 459 326 573 356; x_wconf 83' lang='lat' dir='ltr'>Prisona</span> <span class='ocrx_word' id='word_1_73' title='bbox 588 326 681 355; x_wconf 86' lang='lat' dir='ltr'>nostra</span> <span class='ocrx_word' id='word_1_74' title='bbox 698 324 774 354; x_wconf 64' lang='lat' dir='ltr'>ialv‘o</span> <span class='ocrx_word' id='word_1_75' title='bbox 789 324 927 355; x_wconf 86' lang='lat' dir='ltr'>custodiri</span> <span class='ocrx_word' id='word_1_76' title='bbox 941 325 1060 363; x_wconf 86' lang='lat' dir='ltr'>faciatis,</span> <span class='ocrx_word' id='word_1_77' title='bbox 1078 323 1264 366; x_wconf 26' lang='lat' dir='ltr'>quouiquende</span> 
     </span>
     <span class='ocr_line' id='line_1_24' title="bbox 207 363 1266 405; baseline -0.011 -7"><span class='ocrx_word' id='word_1_78' title='bbox 207 367 360 398; x_wconf 84' lang='lat' dir='ltr'>Puniiione</span> <span class='ocrx_word' id='word_1_79' title='bbox 376 365 542 394; x_wconf 84' lang='lat' dir='ltr'>eorumdem</span> <span class='ocrx_word' id='word_1_80' title='bbox 555 364 633 394; x_wconf 88' lang='lat' dir='ltr'>aliter</span> <span class='ocrx_word' id='word_1_81' title='bbox 646 363 805 405; x_wconf 76' lang='lat' dir='ltr'>duxerimus</span> <span class='ocrx_word' id='word_1_82' title='bbox 817 363 1024 403; x_wconf 77' lang='lat' dir='ltr'>ordinandum,</span> <span class='ocrx_word' id='word_1_83' title='bbox 1038 365 1072 396; x_wconf 92' lang='lat'>&amp;</span> <span class='ocrx_word' id='word_1_84' title='bbox 1085 365 1143 394; x_wconf 88' lang='lat' dir='ltr'>hoc</span> <span class='ocrx_word' id='word_1_85' title='bbox 1157 363 1206 392; x_wconf 80' lang='lat' dir='ltr'>sub</span> <span class='ocrx_word' id='word_1_86' title='bbox 1222 371 1266 391; x_wconf 85' lang='lat' dir='ltr'>m..</span> 
     </span>
     <span class='ocr_line' id='line_1_25' title="bbox 203 402 1223 443; baseline -0.01 -6"><span class='ocrx_word' id='word_1_87' title='bbox 203 405 350 437; x_wconf 88' lang='lat' dir='ltr'>cumbenii</span> <span class='ocrx_word' id='word_1_88' title='bbox 364 403 498 433; x_wconf 89' lang='lat' dir='ltr'>Periculo</span> <span class='ocrx_word' id='word_1_89' title='bbox 512 404 667 433; x_wconf 79' lang='lat' dir='ltr'>nullatenus</span> <span class='ocrx_word' id='word_1_90' title='bbox 679 402 821 431; x_wconf 81' lang='lat' dir='ltr'>omittatis.</span> <span class='ocrx_word' id='word_1_91' title='bbox 1218 438 1223 443; x_wconf 91' lang='lat'>.</span> 
     </span>
     <span class='ocr_line' id='line_1_26' title="bbox 241 437 1266 480; baseline -0.005 -7"><span class='ocrx_word' id='word_1_92' title='bbox 241 444 329 474; x_wconf 73' lang='lat' dir='ltr'>Teiie</span> <span class='ocrx_word' id='word_1_93' title='bbox 343 440 425 480; x_wconf 84' lang='lat' dir='ltr'>Rege</span> <span class='ocrx_word' id='word_1_94' title='bbox 438 441 511 479; x_wconf 82' lang='lat' dir='ltr'>apud</span> <span class='ocrx_word' id='word_1_95' title='bbox 526 438 830 478; x_wconf 85' lang='lat' dir='ltr'>Westmonasterium,</span> <span class='ocrx_word' id='word_1_96' title='bbox 847 440 983 472; x_wconf 87' lang='lat' dir='ltr'>vicesimo</span> <span class='ocrx_word' id='word_1_97' title='bbox 998 439 1074 471; x_wconf 83' lang='lat' dir='ltr'>sexto</span> <span class='ocrx_word' id='word_1_98' title='bbox 1091 440 1136 471; x_wconf 88' lang='lat' dir='ltr'>die</span> <span class='ocrx_word' id='word_1_99' title='bbox 1153 437 1266 477; x_wconf 81' lang='lat' dir='ltr'>Aprilis.</span> 
     </span>
    </p>
   </div>
   <div class='ocr_carea' id='block_1_8' title="bbox 602 515 1089 556">
    <p class='ocr_par' dir='ltr' id='par_1_9' title="bbox 602 515 1089 556">
     <span class='ocr_line' id='line_1_27' title="bbox 602 515 1089 556; baseline 0.004 -11"><span class='ocrx_word' id='word_1_100' title='bbox 602 519 658 546; x_wconf 78' lang='lat' dir='ltr'>Per</span> <span class='ocrx_word' id='word_1_101' title='bbox 672 516 754 556; x_wconf 77' lang='lat' dir='ltr'>ipfttm</span> <span class='ocrx_word' id='word_1_102' title='bbox 769 519 866 555; x_wconf 81' lang='lat' dir='ltr'><strong><em>Regem</em></strong></span> <span class='ocrx_word' id='word_1_103' title='bbox 883 515 922 552; x_wconf 60' lang='grc' dir='ltr'><strong><em>ὠ</em></strong></span> <span class='ocrx_word' id='word_1_104' title='bbox 936 517 1089 548; x_wconf 83' lang='lat' dir='ltr'><em>Concilium.</em></span> 
     </span>
    </p>
   </div>
   <div class='ocr_carea' id='block_1_9' title="bbox 514 643 936 691">
    <p class='ocr_par' dir='ltr' id='par_1_10' title="bbox 514 643 936 691">
     <span class='ocr_line' id='line_1_28' title="bbox 514 643 936 691; baseline 0.005 -15"><span class='ocrx_word' id='word_1_105' title='bbox 514 645 564 677; x_wconf 85' lang='lat' dir='ltr'>De</span> <span class='ocrx_word' id='word_1_106' title='bbox 587 646 765 691; x_wconf 81' lang='lat' dir='ltr'>Sagittariis</span> <span class='ocrx_word' id='word_1_107' title='bbox 787 643 936 691; x_wconf 83' lang='lat' dir='ltr'>eligendis.</span> 
     </span>
    </p>
   </div>
   <div class='ocr_carea' id='block_1_10' title="bbox 168 727 1266 785">
    <p class='ocr_par' dir='ltr' id='par_1_11' title="bbox 168 727 1266 785">
     <span class='ocr_line' id='line_1_29' title="bbox 168 727 1266 785; baseline 0.004 -27"><span class='ocrx_word' id='word_1_108' title='bbox 168 764 173 770; x_wconf 26' lang='grc' dir='ltr'><strong><em>ι</em></strong></span> <span class='ocrx_word' id='word_1_109' title='bbox 206 727 327 785; x_wconf 81' lang='lat' dir='ltr'>REX</span> <span class='ocrx_word' id='word_1_110' title='bbox 348 728 577 760; x_wconf 83' lang='lat' dir='ltr'>Vicecomitibus</span> <span class='ocrx_word' id='word_1_111' title='bbox 600 729 748 767; x_wconf 86' lang='lat' dir='ltr'>Eborum,</span> <span class='ocrx_word' id='word_1_112' title='bbox 765 729 1007 769; x_wconf 73' lang='lat' dir='ltr'>Notynghamiae,</span> <span class='ocrx_word' id='word_1_113' title='bbox 1025 731 1059 762; x_wconf 88' lang='lat'>&amp;</span> <span class='ocrx_word' id='word_1_114' title='bbox 1081 729 1216 770; x_wconf 83' lang='lat' dir='ltr'>Derbiae,</span> <span class='ocrx_word' id='word_1_115' title='bbox 1233 740 1266 762; x_wconf 90' lang='lat' dir='ltr'>ac</span> 
     </span>
    </p>
   </div>
   <div class='ocr_carea' id='block_1_11' title="bbox 278 766 1267 807">
    <p class='ocr_par' dir='ltr' id='par_1_12' title="bbox 278 766 1267 807">
     <span class='ocr_line' id='line_1_30' title="bbox 278 766 1267 807; baseline 0.005 -11"><span class='ocrx_word' id='word_1_116' title='bbox 278 766 451 806; x_wconf 75' lang='lat' dir='ltr'>Maioribus,</span> <span class='ocrx_word' id='word_1_117' title='bbox 478 768 602 807; x_wconf 83' lang='lat' dir='ltr'>Ballivis,</span> <span class='ocrx_word' id='word_1_118' title='bbox 628 768 784 806; x_wconf 84' lang='lat' dir='ltr'>Ministris,</span> <span class='ocrx_word' id='word_1_119' title='bbox 803 769 835 800; x_wconf 85' lang='lat'>&amp;</span> <span class='ocrx_word' id='word_1_120' title='bbox 855 770 913 799; x_wconf 88' lang='lat' dir='ltr'>aliis</span> <span class='ocrx_word' id='word_1_121' title='bbox 934 769 1073 800; x_wconf 86' lang='lat' dir='ltr'>Fideiibus</span> <span class='ocrx_word' id='word_1_122' title='bbox 1092 769 1193 800; x_wconf 90' lang='lat' dir='ltr'>nostris</span> <span class='ocrx_word' id='word_1_123' title='bbox 1216 780 1267 801; x_wconf 74' lang='lat' dir='ltr'>eo-</span> 
     </span>
    </p>
   </div>
   <div class='ocr_carea' id='block_1_12' title="bbox 155 804 956 847">
    <p class='ocr_par' dir='ltr' id='par_1_13' title="bbox 155 804 956 847">
     <span class='ocr_line' id='line_1_31' title="bbox 155 804 956 847; baseline 0.006 -14"><span class='ocrx_word' id='word_1_124' title='bbox 155 840 162 847; x_wconf 47' lang='lat'><strong>·</strong></span> <span class='ocrx_word' id='word_1_125' title='bbox 204 804 336 836; x_wconf 87' lang='lat' dir='ltr'>rumdem</span> <span class='ocrx_word' id='word_1_126' title='bbox 353 804 571 846; x_wconf 87' lang='lat' dir='ltr'>Comitatuum,</span> <span class='ocrx_word' id='word_1_127' title='bbox 590 807 623 838; x_wconf 84' lang='lat' dir='ltr'>ad</span> <span class='ocrx_word' id='word_1_128' title='bbox 638 817 726 846; x_wconf 87' lang='lat' dir='ltr'>quos,</span> <span class='ocrx_word' id='word_1_129' title='bbox 743 808 804 838; x_wconf 87' lang='lat' dir='ltr'>&amp;c.</span> <span class='ocrx_word' id='word_1_130' title='bbox 823 806 956 838; x_wconf 82' lang='lat' dir='ltr'><strong>Salutem.</strong></span> 
     </span>
    </p>
   </div>
   <div class='ocr_carea' id='block_1_13' title="bbox 242 842 1264 887">
    <p class='ocr_par' dir='ltr' id='par_1_14' title="bbox 242 842 1264 887">
     <span class='ocr_line' id='line_1_32' title="bbox 242 842 1264 887; baseline 0.004 -14"><span class='ocrx_word' id='word_1_131' title='bbox 242 842 338 875; x_wconf 86' lang='lat' dir='ltr'>Sciatis</span> <span class='ocrx_word' id='word_1_132' title='bbox 354 846 433 883; x_wconf 81' lang='lat' dir='ltr'>quod</span> <span class='ocrx_word' id='word_1_133' title='bbox 448 845 659 887; x_wconf 67' lang='lat' dir='ltr'>assignavimus,</span> <span class='ocrx_word' id='word_1_134' title='bbox 677 846 795 876; x_wconf 60' lang='lat' dir='ltr'>dilectos</span> <span class='ocrx_word' id='word_1_135' title='bbox 806 846 839 876; x_wconf 90' lang='lat'>&amp;</span> <span class='ocrx_word' id='word_1_136' title='bbox 854 845 947 877; x_wconf 87' lang='lat' dir='ltr'>fideles</span> <span class='ocrx_word' id='word_1_137' title='bbox 967 846 1095 885; x_wconf 79' lang='lat' dir='ltr'>nostros,</span> <span class='ocrx_word' id='word_1_138' title='bbox 1112 845 1264 886; x_wconf 82' lang='lat' dir='ltr'>Rogemm</span> 
     </span>
    </p>
   </div>
   <div class='ocr_carea' id='block_1_14' title="bbox 164 880 1265 926">
    <p class='ocr_par' dir='ltr' id='par_1_15' title="bbox 164 880 1265 926">
     <span class='ocr_line' id='line_1_33' title="bbox 164 880 1265 926; baseline 0.004 -14"><span class='ocrx_word' id='word_1_139' title='bbox 164 919 170 926; x_wconf 37' lang='grc' dir='ltr'>ι</span> <span class='ocrx_word' id='word_1_140' title='bbox 202 880 282 912; x_wconf 78' lang='lat' dir='ltr'>Beier</span> <span class='ocrx_word' id='word_1_141' title='bbox 297 883 330 914; x_wconf 89' lang='lat'>&amp;</span> <span class='ocrx_word' id='word_1_142' title='bbox 347 883 509 915; x_wconf 87' lang='lat' dir='ltr'>Roberrum</span> <span class='ocrx_word' id='word_1_143' title='bbox 525 884 560 915; x_wconf 90' lang='lat' dir='ltr'>de</span> <span class='ocrx_word' id='word_1_144' title='bbox 575 884 717 922; x_wconf 89' lang='lat' dir='ltr'>Morton,</span> <span class='ocrx_word' id='word_1_145' title='bbox 733 885 934 922; x_wconf 59' lang='lat' dir='ltr'>conjunctim,</span> <span class='ocrx_word' id='word_1_146' title='bbox 951 885 985 916; x_wconf 74' lang='grc' dir='ltr'>δε</span> <span class='ocrx_word' id='word_1_147' title='bbox 1004 884 1135 923; x_wconf 88' lang='lat' dir='ltr'>divisim,</span> <span class='ocrx_word' id='word_1_148' title='bbox 1151 886 1186 916; x_wconf 79' lang='lat' dir='ltr'>ad</span> <span class='ocrx_word' id='word_1_149' title='bbox 1205 885 1265 917; x_wconf 85' lang='lat' dir='ltr'>Eli-</span> 
     </span>
    </p>
   </div>
   <div class='ocr_carea' id='block_1_15' title="bbox 200 920 1263 961">
    <p class='ocr_par' dir='ltr' id='par_1_16' title="bbox 200 920 1263 961">
     <span class='ocr_line' id='line_1_34' title="bbox 200 920 1263 961; baseline 0.005 -11"><span class='ocrx_word' id='word_1_150' title='bbox 200 920 344 960; x_wconf 82' lang='lat' dir='ltr'>gendum,</span> <span class='ocrx_word' id='word_1_151' title='bbox 371 922 551 961; x_wconf 87' lang='lat' dir='ltr'>Triandum,</span> <span class='ocrx_word' id='word_1_152' title='bbox 569 924 602 955; x_wconf 70' lang='grc' dir='ltr'>ὃς</span> <span class='ocrx_word' id='word_1_153' title='bbox 624 923 809 953; x_wconf 66' lang='grc' dir='ltr'>Ατιέίεῃάυηῑ</span> <span class='ocrx_word' id='word_1_154' title='bbox 825 924 855 953; x_wconf 89' lang='lat' dir='ltr'>in</span> <span class='ocrx_word' id='word_1_155' title='bbox 878 923 961 954; x_wconf 62' lang='lat' dir='ltr'>dietis</span> <span class='ocrx_word' id='word_1_156' title='bbox 984 922 1174 955; x_wconf 83' lang='lat' dir='ltr'>Comitatibus</span> <span class='ocrx_word' id='word_1_157' title='bbox 1194 924 1263 955; x_wconf 93' lang='lat' dir='ltr'>No-</span> 
     </span>
    </p>
   </div>
   <div class='ocr_carea' id='block_1_16' title="bbox 117 957 1262 1001">
    <p class='ocr_par' dir='ltr' id='par_1_17' title="bbox 117 957 1262 1001">
     <span class='ocr_line' id='line_1_35' title="bbox 117 957 1262 1001; baseline 0.005 -13"><span class='ocrx_word' id='word_1_158' title='bbox 117 957 123 963; x_wconf 83' lang='lat'>&#39;</span> <span class='ocrx_word' id='word_1_159' title='bbox 152 995 159 1001; x_wconf 49' lang='grc'><em>.</em></span> <span class='ocrx_word' id='word_1_160' title='bbox 200 960 372 998; x_wconf 79' lang='lat' dir='ltr'>tynghamiae</span> <span class='ocrx_word' id='word_1_161' title='bbox 388 962 421 992; x_wconf 71' lang='grc' dir='ltr'>δε</span> <span class='ocrx_word' id='word_1_162' title='bbox 438 962 573 999; x_wconf 86' lang='lat' dir='ltr'>Derbiae,</span> <span class='ocrx_word' id='word_1_163' title='bbox 593 971 626 992; x_wconf 91' lang='lat' dir='ltr'>ac</span> <span class='ocrx_word' id='word_1_164' title='bbox 644 961 846 1000; x_wconf 86' lang='lat' dir='ltr'>inDominiO,</span> <span class='ocrx_word' id='word_1_165' title='bbox 864 961 995 992; x_wconf 83' lang='lat' dir='ltr'>cariffimi</span> <span class='ocrx_word' id='word_1_166' title='bbox 1004 962 1066 992; x_wconf 84' lang='lat' dir='ltr'>Filii</span> <span class='ocrx_word' id='word_1_167' title='bbox 1080 963 1185 1001; x_wconf 88' lang='lat' dir='ltr'>nostri,</span> <span class='ocrx_word' id='word_1_168' title='bbox 1203 962 1262 994; x_wconf 91' lang='lat' dir='ltr'>Ed-</span> 
     </span>
    </p>
   </div>
   <div class='ocr_carea' id='block_1_17' title="bbox 193 999 1263 1969">
    <p class='ocr_par' dir='ltr' id='par_1_18' title="bbox 193 999 1263 1300">
     <span class='ocr_line' id='line_1_36' title="bbox 198 999 1262 1040; baseline 0.003 -12"><span class='ocrx_word' id='word_1_169' title='bbox 198 999 300 1029; x_wconf 88' lang='lat' dir='ltr'>mundi</span> <span class='ocrx_word' id='word_1_170' title='bbox 316 999 440 1032; x_wconf 88' lang='lat' dir='ltr'>Comitis</span> <span class='ocrx_word' id='word_1_171' title='bbox 456 1000 666 1038; x_wconf 82' lang='lat' dir='ltr'>Cantebrigiae,</span> <span class='ocrx_word' id='word_1_172' title='bbox 684 1001 714 1030; x_wconf 89' lang='lat' dir='ltr'>in</span> <span class='ocrx_word' id='word_1_173' title='bbox 729 999 877 1031; x_wconf 88' lang='lat' dir='ltr'>Comitatu</span> <span class='ocrx_word' id='word_1_174' title='bbox 893 999 1043 1040; x_wconf 89' lang='lat' dir='ltr'>Eborum,</span> <span class='ocrx_word' id='word_1_175' title='bbox 1060 1001 1136 1033; x_wconf 88' lang='lat' dir='ltr'>infra</span> <span class='ocrx_word' id='word_1_176' title='bbox 1159 1001 1262 1032; x_wconf 88' lang='lat' dir='ltr'>Liber-</span> 
     </span>
     <span class='ocr_line' id='line_1_37' title="bbox 198 1037 1261 1079; baseline 0.004 -13"><span class='ocrx_word' id='word_1_177' title='bbox 198 1044 284 1075; x_wconf 87' lang='lat' dir='ltr'>tates,</span> <span class='ocrx_word' id='word_1_178' title='bbox 301 1038 334 1069; x_wconf 88' lang='lat'>&amp;</span> <span class='ocrx_word' id='word_1_179' title='bbox 350 1048 444 1078; x_wconf 83' lang='lat' dir='ltr'>extra,</span> <span class='ocrx_word' id='word_1_180' title='bbox 459 1039 587 1070; x_wconf 84' lang='lat' dir='ltr'>Centum</span> <span class='ocrx_word' id='word_1_181' title='bbox 610 1038 786 1077; x_wconf 78' lang='lat' dir='ltr'>Sagittarios,</span> <span class='ocrx_word' id='word_1_182' title='bbox 805 1038 841 1069; x_wconf 92' lang='lat' dir='ltr'>de</span> <span class='ocrx_word' id='word_1_183' title='bbox 863 1037 1036 1070; x_wconf 88' lang='lat' dir='ltr'>Melioribus</span> <span class='ocrx_word' id='word_1_184' title='bbox 1047 1063 1058 1078; x_wconf 88' lang='lat'>,</span> <span class='ocrx_word' id='word_1_185' title='bbox 1077 1040 1261 1079; x_wconf 89' lang='lat' dir='ltr'>Aptioribus,</span> 
     </span>
     <span class='ocr_line' id='line_1_38' title="bbox 198 1075 1261 1145; baseline 0.004 -40"><span class='ocrx_word' id='word_1_186' title='bbox 198 1075 232 1105; x_wconf 89' lang='lat'>&amp;</span> <span class='ocrx_word' id='word_1_187' title='bbox 250 1076 425 1145; x_wconf 35' lang='lat' dir='ltr'>{beatioribus</span> <span class='ocrx_word' id='word_1_188' title='bbox 451 1078 630 1109; x_wconf 83' lang='lat' dir='ltr'>Hominibus</span> <span class='ocrx_word' id='word_1_189' title='bbox 643 1100 654 1116; x_wconf 90' lang='lat'>,</span> <span class='ocrx_word' id='word_1_190' title='bbox 677 1077 824 1118; x_wconf 78' lang='lat' dir='ltr'>sagittariis</span> <span class='ocrx_word' id='word_1_191' title='bbox 847 1076 1050 1109; x_wconf 88' lang='lat' dir='ltr'>Comitatuum</span> <span class='ocrx_word' id='word_1_192' title='bbox 1072 1079 1105 1109; x_wconf 90' lang='lat'>&amp;</span> <span class='ocrx_word' id='word_1_193' title='bbox 1124 1078 1261 1110; x_wconf 86' lang='lat' dir='ltr'>Dominii</span> 
     </span>
     <span class='ocr_line' id='line_1_39' title="bbox 216 1123 396 1146; baseline 0.022 -4"><span class='ocrx_word' id='word_1_194' title='bbox 216 1123 252 1143; x_wconf 78' lang='lat' dir='ltr'>rae</span> <span class='ocrx_word' id='word_1_195' title='bbox 274 1125 280 1144; x_wconf 91' lang='lat' dir='ltr'>i</span> <span class='ocrx_word' id='word_1_196' title='bbox 314 1125 396 1146; x_wconf 90' lang='lat' dir='ltr'>orum</span> 
     </span>
     <span class='ocr_line' id='line_1_40' title="bbox 193 1123 1263 1194; baseline 0.006 -12"><span class='ocrx_word' id='word_1_197' title='bbox 193 1123 213 1152; x_wconf 75' lang='lat' dir='ltr'>p</span> <span class='ocrx_word' id='word_1_198' title='bbox 235 1151 273 1183; x_wconf 90' lang='lat' dir='ltr'>Et</span> <span class='ocrx_word' id='word_1_199' title='bbox 288 1163 336 1184; x_wconf 87' lang='lat' dir='ltr'>eos</span> <span class='ocrx_word' id='word_1_200' title='bbox 349 1139 498 1193; x_wconf 75' lang='lat' dir='ltr'>Arc&#39;ubus,</span> <span class='ocrx_word' id='word_1_201' title='bbox 517 1156 550 1186; x_wconf 71' lang='grc' dir='ltr'>δε</span> <span class='ocrx_word' id='word_1_202' title='bbox 566 1154 699 1193; x_wconf 86' lang='lat' dir='ltr'>Sagittis‚</span> <span class='ocrx_word' id='word_1_203' title='bbox 716 1155 748 1185; x_wconf 74' lang='grc' dir='ltr'>δε</span> <span class='ocrx_word' id='word_1_204' title='bbox 767 1154 822 1185; x_wconf 84' lang='lat' dir='ltr'>aliis</span> <span class='ocrx_word' id='word_1_205' title='bbox 836 1154 949 1194; x_wconf 84' lang='lat' dir='ltr'>Armis,</span> <span class='ocrx_word' id='word_1_206' title='bbox 968 1165 1021 1194; x_wconf 87' lang='lat' dir='ltr'>pro</span> <span class='ocrx_word' id='word_1_207' title='bbox 1033 1155 1112 1187; x_wconf 90' lang='lat' dir='ltr'>Statu</span> <span class='ocrx_word' id='word_1_208' title='bbox 1122 1156 1263 1188; x_wconf 80' lang='lat' dir='ltr'>suocom-</span> 
     </span>
     <span class='ocr_line' id='line_1_41' title="bbox 198 1193 493 1232; baseline 0.014 -12"><span class='ocrx_word' id='word_1_209' title='bbox 198 1193 356 1230; x_wconf 85' lang='lat' dir='ltr'>petentibus</span> <span class='ocrx_word' id='word_1_210' title='bbox 371 1194 493 1232; x_wconf 86' lang='lat' dir='ltr'>muniri,</span> 
     </span>
     <span class='ocr_line' id='line_1_42' title="bbox 217 1229 1262 1300; baseline 0.007 -41"><span class='ocrx_word' id='word_1_211' title='bbox 217 1269 221 1274; x_wconf 93' lang='lat'>.</span> <span class='ocrx_word' id='word_1_212' title='bbox 236 1229 383 1300; x_wconf 35' lang='lat' dir='ltr'>ipsosque,</span> <span class='ocrx_word' id='word_1_213' title='bbox 399 1233 436 1264; x_wconf 86' lang='lat' dir='ltr'>sic</span> <span class='ocrx_word' id='word_1_214' title='bbox 451 1231 582 1270; x_wconf 71' lang='lat' dir='ltr'>Eiectos,</span> <span class='ocrx_word' id='word_1_215' title='bbox 602 1231 756 1271; x_wconf 80' lang='lat' dir='ltr'>Arraiatos,</span> <span class='ocrx_word' id='word_1_216' title='bbox 773 1233 807 1264; x_wconf 87' lang='lat'>&amp;</span> <span class='ocrx_word' id='word_1_217' title='bbox 821 1232 895 1263; x_wconf 73' lang='lat' dir='ltr'>bene</span> <span class='ocrx_word' id='word_1_218' title='bbox 909 1231 1059 1272; x_wconf 86' lang='lat' dir='ltr'>Munitos,</span> <span class='ocrx_word' id='word_1_219' title='bbox 1077 1232 1110 1264; x_wconf 93' lang='lat' dir='ltr'>ad</span> <span class='ocrx_word' id='word_1_220' title='bbox 1122 1233 1193 1265; x_wconf 79' lang='lat' dir='ltr'>Nos</span> <span class='ocrx_word' id='word_1_221' title='bbox 1209 1234 1262 1266; x_wconf 90' lang='lat' dir='ltr'>du-</span> 
     </span>
    </p>

    <p class='ocr_par' dir='ltr' id='par_1_19' title="bbox 194 1278 397 1300">
     <span class='ocr_line' id='line_1_43' title="bbox 194 1278 397 1300; baseline 0.005 0"><span class='ocrx_word' id='word_1_222' title='bbox 194 1278 223 1300; x_wconf 83' lang='lat' dir='ltr'>cl</span> <span class='ocrx_word' id='word_1_223' title='bbox 248 1279 327 1299; x_wconf 76' lang='lat' dir='ltr'>aClen</span> <span class='ocrx_word' id='word_1_224' title='bbox 349 1280 397 1300; x_wconf 75' lang='lat' dir='ltr'>um</span> 
     </span>
    </p>

    <p class='ocr_par' dir='ltr' id='par_1_20' title="bbox 197 1293 1263 1466">
     <span class='ocr_line' id='line_1_44' title="bbox 240 1293 1263 1348; baseline 0.005 -10"><span class='ocrx_word' id='word_1_225' title='bbox 240 1309 254 1324; x_wconf 73' lang='lat'>’¹⁸</span> <span class='ocrx_word' id='word_1_226' title='bbox 273 1307 313 1338; x_wconf 77' lang='lat' dir='ltr'>Ita</span> <span class='ocrx_word' id='word_1_227' title='bbox 328 1293 416 1346; x_wconf 55' lang='lat' dir='ltr'>quod5</span> <span class='ocrx_word' id='word_1_228' title='bbox 425 1310 546 1348; x_wconf 79' lang='lat' dir='ltr'>prompti</span> <span class='ocrx_word' id='word_1_229' title='bbox 560 1309 613 1339; x_wconf 81' lang='lat' dir='ltr'>sint</span> <span class='ocrx_word' id='word_1_230' title='bbox 629 1309 662 1340; x_wconf 91' lang='lat'>&amp;</span> <span class='ocrx_word' id='word_1_231' title='bbox 676 1310 778 1348; x_wconf 86' lang='lat' dir='ltr'>parati,</span> <span class='ocrx_word' id='word_1_232' title='bbox 795 1309 863 1340; x_wconf 89' lang='lat' dir='ltr'>citra</span> <span class='ocrx_word' id='word_1_233' title='bbox 877 1308 992 1341; x_wconf 86' lang='lat' dir='ltr'>Festum</span> <span class='ocrx_word' id='word_1_234' title='bbox 1009 1309 1174 1343; x_wconf 84' lang='lat' dir='ltr'>Nativitatis</span> <span class='ocrx_word' id='word_1_235' title='bbox 1193 1311 1263 1343; x_wconf 79' lang='lat' dir='ltr'>San-</span> 
     </span>
     <span class='ocr_line' id='line_1_45' title="bbox 199 1345 1263 1388; baseline 0.005 -12"><span class='ocrx_word' id='word_1_236' title='bbox 199 1346 239 1376; x_wconf 69' lang='lat' dir='ltr'>&amp;i</span> <span class='ocrx_word' id='word_1_237' title='bbox 250 1345 387 1384; x_wconf 81' lang='lat' dir='ltr'>johannis</span> <span class='ocrx_word' id='word_1_238' title='bbox 400 1347 546 1388; x_wconf 80' lang='lat' dir='ltr'>Baptistae‚</span> <span class='ocrx_word' id='word_1_239' title='bbox 566 1347 704 1385; x_wconf 76' lang='lat' dir='ltr'>proximo</span> <span class='ocrx_word' id='word_1_240' title='bbox 715 1347 861 1387; x_wconf 88' lang='lat' dir='ltr'>futurum,</span> <span class='ocrx_word' id='word_1_241' title='bbox 882 1347 916 1378; x_wconf 92' lang='lat' dir='ltr'>ad</span> <span class='ocrx_word' id='word_1_242' title='bbox 932 1348 1170 1388; x_wconf 84' lang='lat' dir='ltr'>proficiscendum</span> <span class='ocrx_word' id='word_1_243' title='bbox 1184 1352 1263 1382; x_wconf 87' lang='lat' dir='ltr'>exin-</span> 
     </span>
     <span class='ocr_line' id='line_1_46' title="bbox 197 1385 1262 1428; baseline 0.007 -14"><span class='ocrx_word' id='word_1_244' title='bbox 197 1385 251 1422; x_wconf 84' lang='lat' dir='ltr'>de,</span> <span class='ocrx_word' id='word_1_245' title='bbox 267 1386 296 1415; x_wconf 87' lang='lat' dir='ltr'>in</span> <span class='ocrx_word' id='word_1_246' title='bbox 312 1385 492 1425; x_wconf 85' lang='lat' dir='ltr'>Obsequium</span> <span class='ocrx_word' id='word_1_247' title='bbox 507 1386 653 1425; x_wconf 87' lang='lat' dir='ltr'>nostrum,</span> <span class='ocrx_word' id='word_1_248' title='bbox 672 1386 707 1417; x_wconf 90' lang='lat' dir='ltr'>ad</span> <span class='ocrx_word' id='word_1_249' title='bbox 722 1385 813 1417; x_wconf 87' lang='lat' dir='ltr'>Vadia</span> <span class='ocrx_word' id='word_1_250' title='bbox 827 1385 941 1426; x_wconf 85' lang='lat' dir='ltr'>nostra,</span> <span class='ocrx_word' id='word_1_251' title='bbox 957 1397 1041 1428; x_wconf 87' lang='lat' dir='ltr'>prout</span> <span class='ocrx_word' id='word_1_252' title='bbox 1055 1388 1178 1428; x_wconf 84' lang='lat' dir='ltr'>eisdem,</span> <span class='ocrx_word' id='word_1_253' title='bbox 1195 1388 1262 1421; x_wconf 86' lang='lat' dir='ltr'>Ro-</span> 
     </span>
     <span class='ocr_line' id='line_1_47' title="bbox 198 1424 990 1466; baseline 0.006 -14"><span class='ocrx_word' id='word_1_254' title='bbox 198 1432 267 1463; x_wconf 86' lang='lat' dir='ltr'>gero</span> <span class='ocrx_word' id='word_1_255' title='bbox 282 1425 316 1454; x_wconf 88' lang='lat'><strong>&amp;</strong></span> <span class='ocrx_word' id='word_1_256' title='bbox 331 1424 482 1465; x_wconf 86' lang='lat' dir='ltr'>Roberto‚</span> <span class='ocrx_word' id='word_1_257' title='bbox 501 1434 550 1463; x_wconf 82' lang='lat' dir='ltr'>per</span> <span class='ocrx_word' id='word_1_258' title='bbox 566 1435 617 1455; x_wconf 89' lang='lat' dir='ltr'>nos</span> <span class='ocrx_word' id='word_1_259' title='bbox 634 1425 741 1463; x_wconf 80' lang='lat' dir='ltr'>plenius</span> <span class='ocrx_word' id='word_1_260' title='bbox 756 1424 797 1456; x_wconf 86' lang='lat' dir='ltr'>est</span> <span class='ocrx_word' id='word_1_261' title='bbox 808 1425 990 1466; x_wconf 63' lang='lat' dir='ltr'>injunc‘kum3</span> 
     </span>
    </p>

    <p class='ocr_par' dir='ltr' id='par_1_21' title="bbox 199 1461 1262 1659">
     <span class='ocr_line' id='line_1_48' title="bbox 240 1461 1261 1507; baseline 0.006 -15"><span class='ocrx_word' id='word_1_262' title='bbox 240 1461 349 1494; x_wconf 82' lang='lat' dir='ltr'>Dantes</span> <span class='ocrx_word' id='word_1_263' title='bbox 363 1464 481 1502; x_wconf 80' lang='lat' dir='ltr'>eisdem,</span> <span class='ocrx_word' id='word_1_264' title='bbox 500 1463 621 1502; x_wconf 80' lang='lat' dir='ltr'>Rogero</span> <span class='ocrx_word' id='word_1_265' title='bbox 636 1464 670 1495; x_wconf 89' lang='lat'>&amp;</span> <span class='ocrx_word' id='word_1_266' title='bbox 686 1463 838 1502; x_wconf 65' lang='lat' dir='ltr'>Roberro,</span> <span class='ocrx_word' id='word_1_267' title='bbox 856 1465 889 1497; x_wconf 88' lang='lat'>&amp;</span> <span class='ocrx_word' id='word_1_268' title='bbox 904 1474 1004 1496; x_wconf 89' lang='lat' dir='ltr'>eorum</span> <span class='ocrx_word' id='word_1_269' title='bbox 1025 1466 1120 1505; x_wconf 86' lang='lat' dir='ltr'>alteri,</span> <span class='ocrx_word' id='word_1_270' title='bbox 1137 1467 1261 1507; x_wconf 83' lang='lat' dir='ltr'>plenam,</span> 
     </span>
     <span class='ocr_line' id='line_1_49' title="bbox 199 1501 1261 1542; baseline 0.008 -13"><span class='ocrx_word' id='word_1_271' title='bbox 199 1507 298 1531; x_wconf 88' lang='lat' dir='ltr'>tenore</span> <span class='ocrx_word' id='word_1_272' title='bbox 312 1501 505 1542; x_wconf 69' lang='lat' dir='ltr'>praesentium,</span> <span class='ocrx_word' id='word_1_273' title='bbox 524 1502 700 1533; x_wconf 85' lang='lat' dir='ltr'>Potestatem</span> <span class='ocrx_word' id='word_1_274' title='bbox 721 1501 862 1540; x_wconf 86' lang='lat' dir='ltr'>Capiendi</span> <span class='ocrx_word' id='word_1_275' title='bbox 884 1504 918 1535; x_wconf 89' lang='lat'>&amp;</span> <span class='ocrx_word' id='word_1_276' title='bbox 940 1503 1087 1536; x_wconf 86' lang='lat' dir='ltr'>Arestandi</span> <span class='ocrx_word' id='word_1_277' title='bbox 1105 1515 1205 1538; x_wconf 86' lang='lat' dir='ltr'>omnes</span> <span class='ocrx_word' id='word_1_278' title='bbox 1227 1508 1261 1537; x_wconf 74' lang='grc' dir='ltr'>ὃ(</span> 
     </span>
     <span class='ocr_line' id='line_1_50' title="bbox 200 1538 1261 1583; baseline 0.008 -14"><span class='ocrx_word' id='word_1_279' title='bbox 200 1538 337 1578; x_wconf 78' lang='lat' dir='ltr'>fingulos,</span> <span class='ocrx_word' id='word_1_280' title='bbox 355 1551 425 1579; x_wconf 79' lang='lat' dir='ltr'>quos</span> <span class='ocrx_word' id='word_1_281' title='bbox 439 1543 466 1572; x_wconf 90' lang='lat' dir='ltr'>in</span> <span class='ocrx_word' id='word_1_282' title='bbox 480 1542 531 1572; x_wconf 83' lang='lat' dir='ltr'>hac</span> <span class='ocrx_word' id='word_1_283' title='bbox 548 1551 625 1582; x_wconf 85' lang='lat' dir='ltr'>parte</span> <span class='ocrx_word' id='word_1_284' title='bbox 641 1541 795 1572; x_wconf 82' lang='lat' dir='ltr'>contrarios</span> <span class='ocrx_word' id='word_1_285' title='bbox 814 1542 975 1574; x_wconf 90' lang='lat' dir='ltr'>invenerint</span> <span class='ocrx_word' id='word_1_286' title='bbox 995 1543 1040 1574; x_wconf 90' lang='lat' dir='ltr'>seu</span> <span class='ocrx_word' id='word_1_287' title='bbox 1058 1543 1209 1583; x_wconf 85' lang='lat' dir='ltr'>Rebelles‚</span> <span class='ocrx_word' id='word_1_288' title='bbox 1227 1546 1261 1577; x_wconf 90' lang='lat'>&amp;</span> 
     </span>
     <span class='ocr_line' id='line_1_51' title="bbox 199 1578 1262 1620; baseline 0.008 -14"><span class='ocrx_word' id='word_1_289' title='bbox 199 1587 248 1607; x_wconf 76' lang='lat' dir='ltr'>eos</span> <span class='ocrx_word' id='word_1_290' title='bbox 265 1578 385 1610; x_wconf 88' lang='lat' dir='ltr'>Prisonis</span> <span class='ocrx_word' id='word_1_291' title='bbox 400 1580 500 1611; x_wconf 84' lang='lat' dir='ltr'>nostris</span> <span class='ocrx_word' id='word_1_292' title='bbox 515 1580 716 1610; x_wconf 85' lang='lat' dir='ltr'>committendi</span> <span class='ocrx_word' id='word_1_293' title='bbox 731 1580 764 1610; x_wconf 87' lang='lat'>&amp;</span> <span class='ocrx_word' id='word_1_294' title='bbox 780 1580 976 1620; x_wconf 86' lang='lat' dir='ltr'>mancipandi,</span> <span class='ocrx_word' id='word_1_295' title='bbox 996 1582 1025 1612; x_wconf 90' lang='lat' dir='ltr'>in</span> <span class='ocrx_word' id='word_1_296' title='bbox 1040 1582 1145 1613; x_wconf 88' lang='lat' dir='ltr'>eisdem</span> <span class='ocrx_word' id='word_1_297' title='bbox 1166 1593 1262 1614; x_wconf 87' lang='lat' dir='ltr'>mora-</span> 
     </span>
     <span class='ocr_line' id='line_1_52' title="bbox 199 1618 1262 1659; baseline 0.008 -14"><span class='ocrx_word' id='word_1_298' title='bbox 199 1623 279 1647; x_wconf 83' lang='lat' dir='ltr'>turos</span> <span class='ocrx_word' id='word_1_299' title='bbox 292 1618 435 1657; x_wconf 80' lang='lat' dir='ltr'>quousque</span> <span class='ocrx_word' id='word_1_300' title='bbox 448 1619 485 1650; x_wconf 89' lang='lat' dir='ltr'>de</span> <span class='ocrx_word' id='word_1_301' title='bbox 498 1629 598 1650; x_wconf 88' lang='lat' dir='ltr'>eorum</span> <span class='ocrx_word' id='word_1_302' title='bbox 614 1618 767 1649; x_wconf 90' lang='lat' dir='ltr'>Punitione</span> <span class='ocrx_word' id='word_1_303' title='bbox 784 1618 860 1649; x_wconf 88' lang='lat' dir='ltr'>aliter</span> <span class='ocrx_word' id='word_1_304' title='bbox 877 1619 1041 1651; x_wconf 83' lang='lat' dir='ltr'>duxerimus</span> <span class='ocrx_word' id='word_1_305' title='bbox 1055 1621 1262 1659; x_wconf 81' lang='lat' dir='ltr'>ordinandum‚·</span> 
     </span>
    </p>

    <p class='ocr_par' dir='ltr' id='par_1_22' title="bbox 195 1655 1263 1881">
     <span class='ocr_line' id='line_1_53' title="bbox 240 1655 1262 1700; baseline 0.005 -14"><span class='ocrx_word' id='word_1_306' title='bbox 240 1655 276 1686; x_wconf 89' lang='lat' dir='ltr'>Et</span> <span class='ocrx_word' id='word_1_307' title='bbox 290 1657 356 1687; x_wconf 78' lang='lat' dir='ltr'>ideo</span> <span class='ocrx_word' id='word_1_308' title='bbox 371 1658 468 1695; x_wconf 87' lang='lat' dir='ltr'>vobis,</span> <span class='ocrx_word' id='word_1_309' title='bbox 487 1658 520 1688; x_wconf 90' lang='lat'>&amp;</span> <span class='ocrx_word' id='word_1_310' title='bbox 536 1658 650 1688; x_wconf 85' lang='lat' dir='ltr'>cuilibet</span> <span class='ocrx_word' id='word_1_311' title='bbox 665 1656 810 1695; x_wconf 69' lang='lat' dir='ltr'>vestrum,</span> <span class='ocrx_word' id='word_1_312' title='bbox 831 1658 1013 1698; x_wconf 83' lang='lat' dir='ltr'>mandamus,</span> <span class='ocrx_word' id='word_1_313' title='bbox 1032 1659 1148 1691; x_wconf 86' lang='lat' dir='ltr'>firmiter</span> <span class='ocrx_word' id='word_1_314' title='bbox 1169 1661 1262 1700; x_wconf 71' lang='lat' dir='ltr'>injun-</span> 
     </span>
     <span class='ocr_line' id='line_1_54' title="bbox 200 1695 1262 1737; baseline 0.007 -14"><span class='ocrx_word' id='word_1_315' title='bbox 200 1701 316 1732; x_wconf 85' lang='lat' dir='ltr'>gentes,</span> <span class='ocrx_word' id='word_1_316' title='bbox 336 1696 416 1733; x_wconf 80' lang='lat' dir='ltr'>quod</span> <span class='ocrx_word' id='word_1_317' title='bbox 432 1696 553 1734; x_wconf 87' lang='lat' dir='ltr'>eisdem,</span> <span class='ocrx_word' id='word_1_318' title='bbox 573 1696 692 1735; x_wconf 84' lang='lat' dir='ltr'>Rogero</span> <span class='ocrx_word' id='word_1_319' title='bbox 714 1697 748 1728; x_wconf 92' lang='lat'>&amp;</span> <span class='ocrx_word' id='word_1_320' title='bbox 770 1695 923 1734; x_wconf 90' lang='lat' dir='ltr'>Roberto,</span> <span class='ocrx_word' id='word_1_321' title='bbox 943 1697 977 1728; x_wconf 85' lang='lat'>&amp;</span> <span class='ocrx_word' id='word_1_322' title='bbox 996 1708 1097 1729; x_wconf 90' lang='lat' dir='ltr'>eorum</span> <span class='ocrx_word' id='word_1_323' title='bbox 1117 1699 1215 1737; x_wconf 81' lang='lat' dir='ltr'>alteri,</span> <span class='ocrx_word' id='word_1_324' title='bbox 1232 1701 1262 1730; x_wconf 89' lang='lat' dir='ltr'>in</span> 
     </span>
     <span class='ocr_line' id='line_1_55' title="bbox 202 1733 1262 1777; baseline 0.008 -16"><span class='ocrx_word' id='word_1_325' title='bbox 202 1733 347 1770; x_wconf 75' lang='lat' dir='ltr'>praemissis</span> <span class='ocrx_word' id='word_1_326' title='bbox 362 1735 494 1765; x_wconf 77' lang='lat' dir='ltr'>faciendis</span> <span class='ocrx_word' id='word_1_327' title='bbox 512 1736 545 1766; x_wconf 75' lang='grc' dir='ltr'>δε</span> <span class='ocrx_word' id='word_1_328' title='bbox 567 1734 750 1773; x_wconf 84' lang='lat' dir='ltr'>exequendis,</span> <span class='ocrx_word' id='word_1_329' title='bbox 768 1734 947 1766; x_wconf 87' lang='lat' dir='ltr'>Intendentes</span> <span class='ocrx_word' id='word_1_330' title='bbox 969 1735 1039 1775; x_wconf 82' lang='lat' dir='ltr'>sitis,</span> <span class='ocrx_word' id='word_1_331' title='bbox 1059 1736 1262 1777; x_wconf 72' lang='lat' dir='ltr'>Consulentoe,</span> 
     </span>
     <span class='ocr_line' id='line_1_56' title="bbox 202 1771 1261 1814; baseline 0.007 -13"><span class='ocrx_word' id='word_1_332' title='bbox 202 1772 235 1801; x_wconf 91' lang='lat'>&amp;</span> <span class='ocrx_word' id='word_1_333' title='bbox 251 1771 438 1810; x_wconf 81' lang='lat' dir='ltr'>Auxiliantes,</span> <span class='ocrx_word' id='word_1_334' title='bbox 453 1774 583 1811; x_wconf 87' lang='lat' dir='ltr'>quotiens</span> <span class='ocrx_word' id='word_1_335' title='bbox 597 1773 630 1803; x_wconf 90' lang='lat'>&amp;</span> <span class='ocrx_word' id='word_1_336' title='bbox 644 1781 727 1811; x_wconf 90' lang='lat' dir='ltr'>prout</span> <span class='ocrx_word' id='word_1_337' title='bbox 742 1773 844 1812; x_wconf 87' lang='lat' dir='ltr'>iidem,</span> <span class='ocrx_word' id='word_1_338' title='bbox 866 1773 998 1814; x_wconf 83' lang='lat' dir='ltr'>Rogems</span> <span class='ocrx_word' id='word_1_339' title='bbox 1012 1775 1046 1806; x_wconf 92' lang='lat'>&amp;</span> <span class='ocrx_word' id='word_1_340' title='bbox 1060 1775 1203 1807; x_wconf 91' lang='lat' dir='ltr'>Robertus</span> <span class='ocrx_word' id='word_1_341' title='bbox 1216 1778 1261 1808; x_wconf 88' lang='lat' dir='ltr'>vel</span> 
     </span>
     <span class='ocr_line' id='line_1_57' title="bbox 200 1810 1263 1853; baseline 0.009 -15"><span class='ocrx_word' id='word_1_342' title='bbox 200 1819 300 1840; x_wconf 84' lang='lat' dir='ltr'>corum</span> <span class='ocrx_word' id='word_1_343' title='bbox 314 1812 398 1849; x_wconf 85' lang='lat' dir='ltr'>alter,</span> <span class='ocrx_word' id='word_1_344' title='bbox 417 1813 515 1851; x_wconf 88' lang='lat' dir='ltr'>vobis,</span> <span class='ocrx_word' id='word_1_345' title='bbox 535 1811 580 1843; x_wconf 88' lang='lat' dir='ltr'>vel</span> <span class='ocrx_word' id='word_1_346' title='bbox 593 1812 676 1843; x_wconf 85' lang='lat' dir='ltr'>alicui</span> <span class='ocrx_word' id='word_1_347' title='bbox 690 1810 837 1850; x_wconf 65' lang='lat' dir='ltr'>vestrum,</span> <span class='ocrx_word' id='word_1_348' title='bbox 852 1811 921 1844; x_wconf 85' lang='lat' dir='ltr'>scire</span> <span class='ocrx_word' id='word_1_349' title='bbox 937 1813 1076 1853; x_wconf 84' lang='lat' dir='ltr'>fecerint,</span> <span class='ocrx_word' id='word_1_350' title='bbox 1095 1815 1140 1847; x_wconf 82' lang='lat' dir='ltr'>vei</span> <span class='ocrx_word' id='word_1_351' title='bbox 1155 1815 1263 1853; x_wconf 74' lang='lat' dir='ltr'>fecerit,</span> 
     </span>
     <span class='ocr_line' id='line_1_58' title="bbox 195 1850 430 1881; baseline 0.009 -4"><span class='ocrx_word' id='word_1_352' title='bbox 195 1857 228 1878; x_wconf 83' lang='lat' dir='ltr'>ex</span> <span class='ocrx_word' id='word_1_353' title='bbox 261 1857 317 1879; x_wconf 77' lang='lat' dir='ltr'>arte</span> <span class='ocrx_word' id='word_1_354' title='bbox 329 1850 430 1881; x_wconf 74' lang='lat' dir='ltr'>nostra.</span> 
     </span>
    </p>

    <p class='ocr_par' dir='ltr' id='par_1_23' title="bbox 247 1888 454 1927">
     <span class='ocr_line' id='line_1_59' title="bbox 247 1888 454 1927; baseline 0.01 -9"><span class='ocrx_word' id='word_1_355' title='bbox 247 1898 265 1918; x_wconf 92' lang='lat' dir='ltr'>n</span> <span class='ocrx_word' id='word_1_356' title='bbox 280 1888 374 1927; x_wconf 86' lang='lat' dir='ltr'>cujus,</span> <span class='ocrx_word' id='word_1_357' title='bbox 393 1890 454 1920; x_wconf 86' lang='lat' dir='ltr'>&amp;c.</span> 
     </span>
    </p>

    <p class='ocr_par' dir='ltr' id='par_1_24' title="bbox 250 1925 1100 1969">
     <span class='ocr_line' id='line_1_60' title="bbox 250 1925 1100 1969; baseline 0.004 -11"><span class='ocrx_word' id='word_1_358' title='bbox 250 1925 339 1958; x_wconf 83' lang='lat' dir='ltr'>Teste</span> <span class='ocrx_word' id='word_1_359' title='bbox 353 1928 436 1968; x_wconf 78' lang='lat' dir='ltr'>Rege</span> <span class='ocrx_word' id='word_1_360' title='bbox 449 1927 521 1969; x_wconf 82' lang='lat' dir='ltr'>apud</span> <span class='ocrx_word' id='word_1_361' title='bbox 537 1926 842 1968; x_wconf 80' lang='lat' dir='ltr'>VVestmonasterium,</span> <span class='ocrx_word' id='word_1_362' title='bbox 860 1929 945 1960; x_wconf 89' lang='lat' dir='ltr'>tertio</span> <span class='ocrx_word' id='word_1_363' title='bbox 959 1928 1005 1960; x_wconf 91' lang='lat' dir='ltr'>die</span> <span class='ocrx_word' id='word_1_364' title='bbox 1017 1929 1100 1961; x_wconf 87' lang='lat' dir='ltr'>Maii.</span> 
     </span>
    </p>
   </div>
   <div class='ocr_carea' id='block_1_18' title="bbox 633 2003 1132 2045">
    <p class='ocr_par' dir='ltr' id='par_1_25' title="bbox 633 2003 1132 2045">
     <span class='ocr_line' id='line_1_61' title="bbox 633 2003 1132 2045; baseline 0.006 -10"><span class='ocrx_word' id='word_1_365' title='bbox 633 2007 688 2036; x_wconf 82' lang='lat' dir='ltr'>Per</span> <span class='ocrx_word' id='word_1_366' title='bbox 707 2003 790 2045; x_wconf 71' lang='lat' dir='ltr'>ipfim</span> <span class='ocrx_word' id='word_1_367' title='bbox 808 2007 903 2044; x_wconf 83' lang='lat' dir='ltr'>Regem</span> <span class='ocrx_word' id='word_1_368' title='bbox 921 2004 959 2041; x_wconf 59' lang='grc' dir='ltr'><strong><em>ὠ</em></strong></span> <span class='ocrx_word' id='word_1_369' title='bbox 979 2006 1132 2039; x_wconf 85' lang='lat' dir='ltr'>Concilium.</span> 
     </span>
    </p>
   </div>
   <div class='ocr_carea' id='block_1_19' title="bbox 350 2085 1061 2088">
    <p class='ocr_par' dir='ltr' id='par_1_26' title="bbox 350 2085 1061 2088">
     <span class='ocr_line' id='line_1_62' title="bbox 350 2085 1061 2088; baseline 0 0"><span class='ocrx_word' id='word_1_370' title='bbox 350 2085 1061 2088; x_wconf 95' lang='lat' dir='ltr'> </span> 
     </span>
    </p>
   </div>
   <div class='ocr_carea' id='block_1_20' title="bbox 196 2086 362 2094">
    <p class='ocr_par' dir='ltr' id='par_1_27' title="bbox 196 2086 362 2094">
     <span class='ocr_line' id='line_1_63' title="bbox 196 2086 362 2094; baseline 0 -4"><span class='ocrx_word' id='word_1_371' title='bbox 196 2086 362 2094; x_wconf 49' lang='grc' dir='ltr'>ο--τ</span> 
     </span>
    </p>
   </div>
   <div class='ocr_carea' id='block_1_21' title="bbox 408 2131 1040 2180">
    <p class='ocr_par' dir='ltr' id='par_1_28' title="bbox 408 2131 1040 2180">
     <span class='ocr_line' id='line_1_64' title="bbox 408 2131 1040 2180; baseline 0.003 -14"><span class='ocrx_word' id='word_1_372' title='bbox 408 2136 466 2167; x_wconf 80' lang='lat' dir='ltr'>I&#39;ro</span> <span class='ocrx_word' id='word_1_373' title='bbox 490 2133 691 2180; x_wconf 63' lang='lat' dir='ltr'>Alienigenis,</span> <span class='ocrx_word' id='word_1_374' title='bbox 717 2131 753 2166; x_wconf 82' lang='lat' dir='ltr'>de</span> <span class='ocrx_word' id='word_1_375' title='bbox 775 2146 830 2165; x_wconf 80' lang='lat' dir='ltr'>non</span> <span class='ocrx_word' id='word_1_376' title='bbox 854 2131 1040 2177; x_wconf 56' lang='lat' dir='ltr'>molestando.</span> 
     </span>
    </p>
   </div>
   <div class='ocr_carea' id='block_1_22' title="bbox 190 2218 1262 3221">
    <p class='ocr_par' dir='ltr' id='par_1_29' title="bbox 202 2218 1094 2275">
     <span class='ocr_line' id='line_1_65' title="bbox 202 2218 1094 2275; baseline 0.001 -24"><span class='ocrx_word' id='word_1_377' title='bbox 202 2221 242 2275; x_wconf 65' lang='lat' dir='ltr'>P</span> <span class='ocrx_word' id='word_1_378' title='bbox 261 2220 285 2251; x_wconf 83' lang='lat' dir='ltr'>E</span> <span class='ocrx_word' id='word_1_379' title='bbox 296 2219 326 2251; x_wconf 85' lang='lat' dir='ltr'>X</span> <span class='ocrx_word' id='word_1_380' title='bbox 347 2218 451 2256; x_wconf 82' lang='lat' dir='ltr'>Maiori</span> <span class='ocrx_word' id='word_1_381' title='bbox 467 2219 499 2249; x_wconf 63' lang='grc' dir='ltr'>ὃς</span> <span class='ocrx_word' id='word_1_382' title='bbox 516 2218 750 2249; x_wconf 85' lang='lat' dir='ltr'>Vicecomitibus</span> <span class='ocrx_word' id='word_1_383' title='bbox 764 2218 943 2257; x_wconf 79' lang='lat' dir='ltr'>Londoniae,</span> <span class='ocrx_word' id='word_1_384' title='bbox 959 2220 1094 2252; x_wconf 80' lang='lat' dir='ltr'>Salutem.</span> 
     </span>
    </p>

    <p class='ocr_par' dir='ltr' id='par_1_30' title="bbox 200 2256 1261 2452">
     <span class='ocr_line' id='line_1_66' title="bbox 229 2256 1261 2302; baseline 0.006 -14"><span class='ocrx_word' id='word_1_385' title='bbox 229 2256 257 2275; x_wconf 33' lang='grc' dir='ltr'><em>Χ</em></span> <span class='ocrx_word' id='word_1_386' title='bbox 299 2258 342 2289; x_wconf 84' lang='lat' dir='ltr'>Ex</span> <span class='ocrx_word' id='word_1_387' title='bbox 367 2259 506 2299; x_wconf 85' lang='lat' dir='ltr'>frequenti</span> <span class='ocrx_word' id='word_1_388' title='bbox 529 2259 662 2288; x_wconf 82' lang='lat' dir='ltr'>relatione</span> <span class='ocrx_word' id='word_1_389' title='bbox 685 2258 892 2288; x_wconf 88' lang='lat' dir='ltr'>nonnullorum</span> <span class='ocrx_word' id='word_1_390' title='bbox 913 2259 1074 2290; x_wconf 86' lang='lat' dir='ltr'>audivimus</span> <span class='ocrx_word' id='word_1_391' title='bbox 1093 2261 1191 2301; x_wconf 79' lang='lat' dir='ltr'>quod,</span> <span class='ocrx_word' id='word_1_392' title='bbox 1211 2272 1261 2302; x_wconf 85' lang='lat' dir='ltr'>per</span> 
     </span>
     <span class='ocr_line' id='line_1_67' title="bbox 200 2294 1261 2336; baseline 0.007 -11"><span class='ocrx_word' id='word_1_393' title='bbox 200 2294 310 2328; x_wconf 86' lang='lat' dir='ltr'>Gentes</span> <span class='ocrx_word' id='word_1_394' title='bbox 324 2296 454 2327; x_wconf 84' lang='lat' dir='ltr'>Civitatis</span> <span class='ocrx_word' id='word_1_395' title='bbox 470 2296 631 2336; x_wconf 70' lang='lat' dir='ltr'>praedicStae,</span> <span class='ocrx_word' id='word_1_396' title='bbox 647 2296 825 2326; x_wconf 88' lang='lat' dir='ltr'>Hominibus</span> <span class='ocrx_word' id='word_1_397' title='bbox 846 2297 879 2327; x_wconf 73' lang='grc' dir='ltr'>ὃ(</span> <span class='ocrx_word' id='word_1_398' title='bbox 899 2296 1109 2329; x_wconf 80' lang='lat' dir='ltr'>Mercatoribus</span> <span class='ocrx_word' id='word_1_399' title='bbox 1127 2301 1162 2330; x_wconf 87' lang='lat' dir='ltr'>de</span> <span class='ocrx_word' id='word_1_400' title='bbox 1178 2300 1261 2332; x_wconf 79' lang='lat' dir='ltr'>Flan-</span> 
     </span>
     <span class='ocr_line' id='line_1_68' title="bbox 200 2334 1260 2377; baseline 0.003 -12"><span class='ocrx_word' id='word_1_401' title='bbox 200 2335 257 2366; x_wconf 75' lang='lat' dir='ltr'>dria</span> <span class='ocrx_word' id='word_1_402' title='bbox 279 2337 311 2368; x_wconf 90' lang='lat'>&amp;</span> <span class='ocrx_word' id='word_1_403' title='bbox 332 2335 367 2366; x_wconf 93' lang='lat' dir='ltr'>de</span> <span class='ocrx_word' id='word_1_404' title='bbox 385 2335 575 2372; x_wconf 83' lang='lat' dir='ltr'>Lunibardia,</span> <span class='ocrx_word' id='word_1_405' title='bbox 602 2336 631 2364; x_wconf 90' lang='lat' dir='ltr'>in</span> <span class='ocrx_word' id='word_1_406' title='bbox 652 2334 727 2364; x_wconf 53' lang='lat' dir='ltr'>dista</span> <span class='ocrx_word' id='word_1_407' title='bbox 749 2334 876 2365; x_wconf 87' lang='lat' dir='ltr'>Civitate</span> <span class='ocrx_word' id='word_1_408' title='bbox 895 2338 1156 2377; x_wconf 81' lang='lat' dir='ltr'>commorantibus,</span> <span class='ocrx_word' id='word_1_409' title='bbox 1174 2341 1207 2371; x_wconf 85' lang='lat'>&amp;</span> <span class='ocrx_word' id='word_1_410' title='bbox 1226 2341 1260 2371; x_wconf 86' lang='lat' dir='ltr'>ad</span> 
     </span>
     <span class='ocr_line' id='line_1_69' title="bbox 201 2372 1260 2413; baseline 0.009 -14"><span class='ocrx_word' id='word_1_411' title='bbox 201 2375 317 2405; x_wconf 67' lang='lat' dir='ltr'>eandem</span> <span class='ocrx_word' id='word_1_412' title='bbox 333 2375 526 2411; x_wconf 64' lang='lat' dir='ltr'>venientibus,</span> <span class='ocrx_word' id='word_1_413' title='bbox 546 2373 624 2404; x_wconf 87' lang='lat' dir='ltr'>Mala</span> <span class='ocrx_word' id='word_1_414' title='bbox 637 2373 669 2404; x_wconf 68' lang='grc' dir='ltr'>ὃς</span> <span class='ocrx_word' id='word_1_415' title='bbox 684 2372 848 2413; x_wconf 87' lang='lat' dir='ltr'>Opprobria</span> <span class='ocrx_word' id='word_1_416' title='bbox 861 2374 1068 2412; x_wconf 86' lang='lat' dir='ltr'>quamplurima</span> <span class='ocrx_word' id='word_1_417' title='bbox 1084 2376 1173 2408; x_wconf 87' lang='lat' dir='ltr'>indies</span> <span class='ocrx_word' id='word_1_418' title='bbox 1188 2378 1260 2410; x_wconf 85' lang='lat' dir='ltr'>infe-</span> 
     </span>
     <span class='ocr_line' id='line_1_70' title="bbox 200 2411 1064 2452; baseline 0 -9"><span class='ocrx_word' id='word_1_419' title='bbox 200 2422 314 2451; x_wconf 88' lang='lat' dir='ltr'>runtur,</span> <span class='ocrx_word' id='word_1_420' title='bbox 333 2414 361 2443; x_wconf 93' lang='lat' dir='ltr'>in</span> <span class='ocrx_word' id='word_1_421' title='bbox 377 2412 465 2442; x_wconf 87' lang='lat' dir='ltr'>nostri</span> <span class='ocrx_word' id='word_1_422' title='bbox 481 2411 617 2442; x_wconf 87' lang='lat' dir='ltr'>Dedecus</span> <span class='ocrx_word' id='word_1_423' title='bbox 631 2412 664 2443; x_wconf 90' lang='lat'>&amp;</span> <span class='ocrx_word' id='word_1_424' title='bbox 682 2411 852 2442; x_wconf 85' lang='lat' dir='ltr'>Scandalum</span> <span class='ocrx_word' id='word_1_425' title='bbox 868 2412 1064 2452; x_wconf 85' lang='lat' dir='ltr'>manifestum,</span> 
     </span>
    </p>

    <p class='ocr_par' dir='ltr' id='par_1_31' title="bbox 196 2449 1262 2644">
     <span class='ocr_line' id='line_1_71' title="bbox 236 2449 1262 2493; baseline 0.004 -11"><span class='ocrx_word' id='word_1_426' title='bbox 236 2451 272 2482; x_wconf 89' lang='lat' dir='ltr'>Et</span> <span class='ocrx_word' id='word_1_427' title='bbox 286 2453 349 2490; x_wconf 82' lang='lat' dir='ltr'>quia</span> <span class='ocrx_word' id='word_1_428' title='bbox 362 2451 449 2488; x_wconf 69' lang='lat' dir='ltr'>dieti,</span> <span class='ocrx_word' id='word_1_429' title='bbox 466 2450 609 2481; x_wconf 86' lang='lat' dir='ltr'>Homines</span> <span class='ocrx_word' id='word_1_430' title='bbox 624 2450 656 2480; x_wconf 92' lang='lat'>&amp;</span> <span class='ocrx_word' id='word_1_431' title='bbox 673 2449 866 2488; x_wconf 67' lang='lat' dir='ltr'>Mercarores,</span> <span class='ocrx_word' id='word_1_432' title='bbox 882 2450 931 2480; x_wconf 90' lang='lat' dir='ltr'>sub</span> <span class='ocrx_word' id='word_1_433' title='bbox 943 2452 1061 2483; x_wconf 88' lang='lat' dir='ltr'>tuitione</span> <span class='ocrx_word' id='word_1_434' title='bbox 1080 2453 1190 2492; x_wconf 90' lang='lat' dir='ltr'>nostra,</span> <span class='ocrx_word' id='word_1_435' title='bbox 1208 2466 1262 2493; x_wconf 89' lang='lat' dir='ltr'>pro</span> 
     </span>
     <span class='ocr_line' id='line_1_72' title="bbox 196 2488 1258 2532; baseline 0.003 -11"><span class='ocrx_word' id='word_1_436' title='bbox 196 2490 357 2521; x_wconf 92' lang='lat' dir='ltr'>commodo</span> <span class='ocrx_word' id='word_1_437' title='bbox 369 2490 401 2520; x_wconf 66' lang='grc' dir='ltr'>ὃ(</span> <span class='ocrx_word' id='word_1_438' title='bbox 417 2489 533 2519; x_wconf 83' lang='lat' dir='ltr'>utilitate</span> <span class='ocrx_word' id='word_1_439' title='bbox 540 2490 610 2520; x_wconf 69' lang='lat' dir='ltr'>diffl</span> <span class='ocrx_word' id='word_1_440' title='bbox 619 2489 711 2527; x_wconf 77' lang='lat' dir='ltr'>Regni</span> <span class='ocrx_word' id='word_1_441' title='bbox 725 2488 830 2527; x_wconf 85' lang='lat' dir='ltr'>nostri,</span> <span class='ocrx_word' id='word_1_442' title='bbox 844 2490 916 2526; x_wconf 77' lang='lat' dir='ltr'>juxta</span> <span class='ocrx_word' id='word_1_443' title='bbox 931 2489 1206 2532; x_wconf 80' lang='lat' dir='ltr'>proclamationem,</span> <span class='ocrx_word' id='word_1_444' title='bbox 1224 2505 1258 2525; x_wconf 81' lang='lat' dir='ltr'>ex</span> 
     </span>
     <span class='ocr_line' id='line_1_73' title="bbox 198 2527 1259 2566; baseline 0.004 -7"><span class='ocrx_word' id='word_1_445' title='bbox 198 2537 272 2566; x_wconf 86' lang='lat' dir='ltr'>parte</span> <span class='ocrx_word' id='word_1_446' title='bbox 287 2528 381 2558; x_wconf 87' lang='lat' dir='ltr'>nostra</span> <span class='ocrx_word' id='word_1_447' title='bbox 394 2529 513 2566; x_wconf 67' lang='lat' dir='ltr'>faciani,</span> <span class='ocrx_word' id='word_1_448' title='bbox 533 2536 688 2565; x_wconf 87' lang='lat' dir='ltr'>venerunt,</span> <span class='ocrx_word' id='word_1_449' title='bbox 704 2528 780 2557; x_wconf 89' lang='lat' dir='ltr'>unde</span> <span class='ocrx_word' id='word_1_450' title='bbox 799 2527 982 2558; x_wconf 84' lang='lat' dir='ltr'>confidebant</span> <span class='ocrx_word' id='word_1_451' title='bbox 996 2529 1021 2560; x_wconf 89' lang='lat' dir='ltr'>se</span> <span class='ocrx_word' id='word_1_452' title='bbox 1035 2541 1049 2560; x_wconf 89' lang='lat' dir='ltr'>a</span> <span class='ocrx_word' id='word_1_453' title='bbox 1065 2530 1150 2561; x_wconf 86' lang='lat' dir='ltr'>Malis</span> <span class='ocrx_word' id='word_1_454' title='bbox 1162 2534 1259 2563; x_wconf 89' lang='lat' dir='ltr'>omni-</span> 
     </span>
     <span class='ocr_line' id='line_1_74' title="bbox 199 2565 1257 2606; baseline 0.005 -9"><span class='ocrx_word' id='word_1_455' title='bbox 199 2569 251 2598; x_wconf 87' lang='lat' dir='ltr'>bus</span> <span class='ocrx_word' id='word_1_456' title='bbox 264 2567 438 2606; x_wconf 71' lang='lat' dir='ltr'>praeservari,</span> <span class='ocrx_word' id='word_1_457' title='bbox 458 2576 528 2604; x_wconf 84' lang='lat' dir='ltr'>quos</span> <span class='ocrx_word' id='word_1_458' title='bbox 536 2567 595 2604; x_wconf 86' lang='lat' dir='ltr'>jam</span> <span class='ocrx_word' id='word_1_459' title='bbox 617 2576 650 2596; x_wconf 85' lang='lat' dir='ltr'>ex</span> <span class='ocrx_word' id='word_1_460' title='bbox 665 2565 836 2596; x_wconf 84' lang='lat' dir='ltr'>habundanti</span> <span class='ocrx_word' id='word_1_461' title='bbox 857 2566 1024 2605; x_wconf 86' lang='lat' dir='ltr'>suscepimus</span> <span class='ocrx_word' id='word_1_462' title='bbox 1044 2569 1072 2599; x_wconf 94' lang='lat' dir='ltr'>in</span> <span class='ocrx_word' id='word_1_463' title='bbox 1094 2568 1257 2602; x_wconf 66' lang='lat' dir='ltr'>Proieeiio-</span> 
     </span>
     <span class='ocr_line' id='line_1_75' title="bbox 196 2604 846 2644; baseline -0.003 -8"><span class='ocrx_word' id='word_1_464' title='bbox 196 2615 265 2636; x_wconf 88' lang='lat' dir='ltr'>nem</span> <span class='ocrx_word' id='word_1_465' title='bbox 281 2606 313 2636; x_wconf 85' lang='lat'>&amp;</span> <span class='ocrx_word' id='word_1_466' title='bbox 330 2605 532 2635; x_wconf 78' lang='lat' dir='ltr'>Defeiiiionem</span> <span class='ocrx_word' id='word_1_467' title='bbox 545 2604 670 2634; x_wconf 78' lang='lat' dir='ltr'>nostram</span> <span class='ocrx_word' id='word_1_468' title='bbox 683 2605 828 2644; x_wconf 73' lang='lat' dir='ltr'>specialem</span> <span class='ocrx_word' id='word_1_469' title='bbox 838 2627 846 2641; x_wconf 94' lang='lat'>,</span> 
     </span>
    </p>

    <p class='ocr_par' dir='ltr' id='par_1_32' title="bbox 190 2642 1255 2790">
     <span class='ocr_line' id='line_1_76' title="bbox 231 2642 1255 2688; baseline 0.005 -14"><span class='ocrx_word' id='word_1_470' title='bbox 231 2644 321 2674; x_wconf 79' lang='lat' dir='ltr'>Vobis</span> <span class='ocrx_word' id='word_1_471' title='bbox 335 2644 528 2683; x_wconf 77' lang='lat' dir='ltr'>praecipimuS‚</span> <span class='ocrx_word' id='word_1_472' title='bbox 545 2642 698 2673; x_wconf 60' lang='lat' dir='ltr'>districtius</span> <span class='ocrx_word' id='word_1_473' title='bbox 715 2653 773 2680; x_wconf 88' lang='lat' dir='ltr'>quo</span> <span class='ocrx_word' id='word_1_474' title='bbox 785 2644 939 2682; x_wconf 87' lang='lat' dir='ltr'>poterimus</span> <span class='ocrx_word' id='word_1_475' title='bbox 953 2645 1141 2685; x_wconf 75' lang='lat' dir='ltr'>injungentes,</span> <span class='ocrx_word' id='word_1_476' title='bbox 1157 2648 1238 2688; x_wconf 83' lang='lat' dir='ltr'>quod</span> <span class='ocrx_word' id='word_1_477' title='bbox 1245 2672 1255 2688; x_wconf 86' lang='lat'>,</span> 
     </span>
     <span class='ocr_line' id='line_1_77' title="bbox 193 2681 1254 2724; baseline 0.003 -12"><span class='ocrx_word' id='word_1_478' title='bbox 193 2683 221 2712; x_wconf 90' lang='lat' dir='ltr'>in</span> <span class='ocrx_word' id='word_1_479' title='bbox 240 2681 361 2712; x_wconf 83' lang='lat' dir='ltr'>Civitate</span> <span class='ocrx_word' id='word_1_480' title='bbox 383 2681 515 2720; x_wconf 58' lang='lat' dir='ltr'>praediela</span> <span class='ocrx_word' id='word_1_481' title='bbox 531 2682 563 2711; x_wconf 85' lang='lat'>&amp;</span> <span class='ocrx_word' id='word_1_482' title='bbox 585 2681 731 2711; x_wconf 84' lang='lat' dir='ltr'>Suburbiis</span> <span class='ocrx_word' id='word_1_483' title='bbox 752 2681 893 2719; x_wconf 85' lang='lat' dir='ltr'>ejusdem,</span> <span class='ocrx_word' id='word_1_484' title='bbox 917 2683 945 2711; x_wconf 91' lang='lat' dir='ltr'>in</span> <span class='ocrx_word' id='word_1_485' title='bbox 968 2683 1036 2712; x_wconf 90' lang='lat' dir='ltr'>locis</span> <span class='ocrx_word' id='word_1_486' title='bbox 1057 2685 1106 2715; x_wconf 87' lang='lat' dir='ltr'>ubi</span> <span class='ocrx_word' id='word_1_487' title='bbox 1126 2688 1254 2724; x_wconf 67' lang='lat' dir='ltr'>expedire</span> 
     </span>
     <span class='ocr_line' id='line_1_78' title="bbox 191 2719 1255 2759; baseline 0.005 -8"><span class='ocrx_word' id='word_1_488' title='bbox 191 2721 332 2759; x_wconf 86' lang='lat' dir='ltr'>videritis,</span> <span class='ocrx_word' id='word_1_489' title='bbox 348 2721 462 2759; x_wconf 71' lang='lat' dir='ltr'>publice</span> <span class='ocrx_word' id='word_1_490' title='bbox 477 2719 644 2758; x_wconf 75' lang='lat' dir='ltr'>proclamari</span> <span class='ocrx_word' id='word_1_491' title='bbox 657 2720 690 2749; x_wconf 90' lang='lat'>&amp;</span> <span class='ocrx_word' id='word_1_492' title='bbox 705 2728 739 2749; x_wconf 82' lang='lat' dir='ltr'>ex</span> <span class='ocrx_word' id='word_1_493' title='bbox 754 2729 829 2757; x_wconf 86' lang='lat' dir='ltr'>parte</span> <span class='ocrx_word' id='word_1_494' title='bbox 845 2720 937 2750; x_wconf 85' lang='lat' dir='ltr'>nostra</span> <span class='ocrx_word' id='word_1_495' title='bbox 949 2719 1066 2751; x_wconf 83' lang='lat' dir='ltr'>firmi:er</span> <span class='ocrx_word' id='word_1_496' title='bbox 1081 2724 1200 2755; x_wconf 81' lang='lat' dir='ltr'>inniberi</span> <span class='ocrx_word' id='word_1_497' title='bbox 1215 2727 1255 2756; x_wconf 80' lang='lat' dir='ltr'>fa—</span> 
     </span>
     <span class='ocr_line' id='line_1_79' title="bbox 190 2769 268 2790; baseline -0.038 0"><span class='ocrx_word' id='word_1_498' title='bbox 190 2769 268 2790; x_wconf 76' lang='lat' dir='ltr'>ciatis</span> 
     </span>
    </p>

    <p class='ocr_par' dir='ltr' id='par_1_33' title="bbox 192 2783 1256 2878">
     <span class='ocr_line' id='line_1_80' title="bbox 229 2783 1252 2837; baseline 0.004 -9"><span class='ocrx_word' id='word_1_499' title='bbox 229 2783 282 2828; x_wconf 67' lang='lat' dir='ltr'>Ne&#39;</span> <span class='ocrx_word' id='word_1_500' title='bbox 296 2799 374 2836; x_wconf 80' lang='lat' dir='ltr'>quis,</span> <span class='ocrx_word' id='word_1_501' title='bbox 394 2796 595 2835; x_wconf 84' lang='lat' dir='ltr'>cujuscumque</span> <span class='ocrx_word' id='word_1_502' title='bbox 610 2796 737 2826; x_wconf 74' lang='lat' dir='ltr'>Misterae</span> <span class='ocrx_word' id='word_1_503' title='bbox 756 2797 798 2826; x_wconf 90' lang='lat' dir='ltr'>vel</span> <span class='ocrx_word' id='word_1_504' title='bbox 816 2795 995 2827; x_wconf 83' lang='lat' dir='ltr'>Conditionis</span> <span class='ocrx_word' id='word_1_505' title='bbox 1015 2798 1110 2837; x_wconf 86' lang='lat' dir='ltr'>fuerit,</span> <span class='ocrx_word' id='word_1_506' title='bbox 1131 2800 1180 2831; x_wconf 90' lang='lat' dir='ltr'>sub</span> <span class='ocrx_word' id='word_1_507' title='bbox 1197 2802 1252 2832; x_wconf 89' lang='lat' dir='ltr'>Fo-</span> 
     </span>
     <span class='ocr_line' id='line_1_81' title="bbox 192 2835 1256 2878; baseline 0.004 -13"><span class='ocrx_word' id='word_1_508' title='bbox 192 2837 333 2867; x_wconf 65' lang='lat' dir='ltr'>risfa&amp;ura</span> <span class='ocrx_word' id='word_1_509' title='bbox 345 2837 477 2866; x_wconf 87' lang='lat' dir='ltr'>omnium</span> <span class='ocrx_word' id='word_1_510' title='bbox 492 2845 546 2873; x_wconf 87' lang='lat' dir='ltr'>que</span> <span class='ocrx_word' id='word_1_511' title='bbox 561 2835 645 2864; x_wconf 87' lang='lat' dir='ltr'>nobis</span> <span class='ocrx_word' id='word_1_512' title='bbox 666 2835 823 2865; x_wconf 78' lang='lat' dir='ltr'>forisfacere</span> <span class='ocrx_word' id='word_1_513' title='bbox 839 2837 957 2874; x_wconf 87' lang='lat' dir='ltr'>poterit,</span> <span class='ocrx_word' id='word_1_514' title='bbox 975 2835 1109 2877; x_wconf 80' lang='lat' dir='ltr'>Dampna</span> <span class='ocrx_word' id='word_1_515' title='bbox 1131 2839 1174 2869; x_wconf 91' lang='lat' dir='ltr'>seu</span> <span class='ocrx_word' id='word_1_516' title='bbox 1190 2840 1256 2878; x_wconf 83' lang='lat' dir='ltr'>Op-</span> 
     </span>
    </p>

    <p class='ocr_par' dir='ltr' id='par_1_34' title="bbox 192 2873 1257 3029">
     <span class='ocr_line' id='line_1_82' title="bbox 214 2873 1255 2913; baseline 0.003 -8"><span class='ocrx_word' id='word_1_517' title='bbox 214 2876 305 2905; x_wconf 85' lang='lat' dir='ltr'>robria</span> <span class='ocrx_word' id='word_1_518' title='bbox 318 2875 408 2913; x_wconf 83' lang='lat' dir='ltr'>aliqua</span> <span class='ocrx_word' id='word_1_519' title='bbox 429 2874 571 2912; x_wconf 68' lang='lat' dir='ltr'>praedieiis</span> <span class='ocrx_word' id='word_1_520' title='bbox 591 2873 769 2904; x_wconf 85' lang='lat' dir='ltr'>Hominibus</span> <span class='ocrx_word' id='word_1_521' title='bbox 784 2874 816 2904; x_wconf 86' lang='lat'>&amp;</span> <span class='ocrx_word' id='word_1_522' title='bbox 841 2874 1050 2905; x_wconf 79' lang='lat' dir='ltr'>Mercatoribus</span> <span class='ocrx_word' id='word_1_523' title='bbox 1068 2876 1202 2908; x_wconf 83' lang='lat' dir='ltr'>Flandriae</span> <span class='ocrx_word' id='word_1_524' title='bbox 1221 2881 1255 2911; x_wconf 91' lang='lat'>&amp;</span> 
     </span>
     <span class='ocr_line' id='line_1_83' title="bbox 192 2885 1255 2957; baseline 0.003 -14"><span class='ocrx_word' id='word_1_525' title='bbox 192 2885 393 2951; x_wconf 50' lang='lat' dir='ltr'>mebarfflae,</span> <span class='ocrx_word' id='word_1_526' title='bbox 409 2914 438 2942; x_wconf 91' lang='lat' dir='ltr'>in</span> <span class='ocrx_word' id='word_1_527' title='bbox 459 2912 586 2943; x_wconf 89' lang='lat' dir='ltr'>Personis</span> <span class='ocrx_word' id='word_1_528' title='bbox 608 2912 652 2942; x_wconf 92' lang='lat' dir='ltr'>vel</span> <span class='ocrx_word' id='word_1_529' title='bbox 670 2911 768 2942; x_wconf 85' lang='lat' dir='ltr'>Rebus</span> <span class='ocrx_word' id='word_1_530' title='bbox 790 2912 855 2951; x_wconf 86' lang='lat' dir='ltr'>suis,</span> <span class='ocrx_word' id='word_1_531' title='bbox 882 2913 997 2951; x_wconf 84' lang='lat' dir='ltr'>inferat,</span> <span class='ocrx_word' id='word_1_532' title='bbox 1015 2913 1059 2944; x_wconf 91' lang='lat' dir='ltr'>seu</span> <span class='ocrx_word' id='word_1_533' title='bbox 1081 2916 1255 2957; x_wconf 80' lang='lat' dir='ltr'>quicquam,</span> 
     </span>
     <span class='ocr_line' id='line_1_84' title="bbox 196 2950 1257 2996; baseline 0.005 -15"><span class='ocrx_word' id='word_1_534' title='bbox 196 2951 272 2991; x_wconf 89' lang='lat' dir='ltr'>quod</span> <span class='ocrx_word' id='word_1_535' title='bbox 289 2953 318 2981; x_wconf 89' lang='lat' dir='ltr'>in</span> <span class='ocrx_word' id='word_1_536' title='bbox 334 2961 433 2981; x_wconf 84' lang='lat' dir='ltr'>eorum</span> <span class='ocrx_word' id='word_1_537' title='bbox 450 2951 618 2989; x_wconf 84' lang='lat' dir='ltr'>Dampnum</span> <span class='ocrx_word' id='word_1_538' title='bbox 640 2951 673 2982; x_wconf 88' lang='lat'>&amp;</span> <span class='ocrx_word' id='word_1_539' title='bbox 687 2950 885 2989; x_wconf 83' lang='lat' dir='ltr'>Opprobrium</span> <span class='ocrx_word' id='word_1_540' title='bbox 905 2952 1005 2982; x_wconf 87' lang='lat' dir='ltr'>cedere</span> <span class='ocrx_word' id='word_1_541' title='bbox 1023 2954 1141 2993; x_wconf 90' lang='lat' dir='ltr'>poterit,</span> <span class='ocrx_word' id='word_1_542' title='bbox 1157 2956 1257 2996; x_wconf 82' lang='lat' dir='ltr'>faciat,</span> 
     </span>
     <span class='ocr_line' id='line_1_85' title="bbox 193 2990 517 3029; baseline -0.006 -8"><span class='ocrx_word' id='word_1_543' title='bbox 193 2998 240 3021; x_wconf 85' lang='lat' dir='ltr'>aut</span> <span class='ocrx_word' id='word_1_544' title='bbox 256 2990 348 3020; x_wconf 82' lang='lat' dir='ltr'>facere</span> <span class='ocrx_word' id='word_1_545' title='bbox 364 2990 517 3029; x_wconf 67' lang='lat' dir='ltr'>praesumat.</span> 
     </span>
    </p>

    <p class='ocr_par' dir='ltr' id='par_1_35' title="bbox 195 3026 1258 3175">
     <span class='ocr_line' id='line_1_86' title="bbox 235 3026 1257 3071; baseline 0.003 -12"><span class='ocrx_word' id='word_1_546' title='bbox 235 3028 290 3066; x_wconf 84' lang='lat' dir='ltr'>Et,</span> <span class='ocrx_word' id='word_1_547' title='bbox 311 3029 328 3057; x_wconf 88' lang='lat' dir='ltr'>si</span> <span class='ocrx_word' id='word_1_548' title='bbox 346 3038 433 3067; x_wconf 88' lang='lat' dir='ltr'>quos,</span> <span class='ocrx_word' id='word_1_549' title='bbox 452 3027 515 3065; x_wconf 89' lang='lat' dir='ltr'>post</span> <span class='ocrx_word' id='word_1_550' title='bbox 538 3027 796 3059; x_wconf 85' lang='lat' dir='ltr'>Proclamationem</span> <span class='ocrx_word' id='word_1_551' title='bbox 818 3027 851 3058; x_wconf 69' lang='grc' dir='ltr'>ὅτ</span> <span class='ocrx_word' id='word_1_552' title='bbox 872 3026 1075 3060; x_wconf 76' lang='lat' dir='ltr'>inhibitionem</span> <span class='ocrx_word' id='word_1_553' title='bbox 1096 3031 1257 3071; x_wconf 63' lang='lat' dir='ltr'>praedictas,</span> 
     </span>
     <span class='ocr_line' id='line_1_87' title="bbox 197 3065 1254 3106; baseline 0.005 -9"><span class='ocrx_word' id='word_1_554' title='bbox 197 3068 354 3097; x_wconf 85' lang='lat' dir='ltr'>inveneritis</span> <span class='ocrx_word' id='word_1_555' title='bbox 369 3065 550 3096; x_wconf 82' lang='lat' dir='ltr'>Contrarium</span> <span class='ocrx_word' id='word_1_556' title='bbox 564 3066 712 3105; x_wconf 86' lang='lat' dir='ltr'>facientes,</span> <span class='ocrx_word' id='word_1_557' title='bbox 731 3068 843 3106; x_wconf 85' lang='lat' dir='ltr'>capiatis</span> <span class='ocrx_word' id='word_1_558' title='bbox 856 3068 888 3097; x_wconf 73' lang='grc' dir='ltr'>ὃ(</span> <span class='ocrx_word' id='word_1_559' title='bbox 906 3068 932 3096; x_wconf 85' lang='grc' dir='ltr'>ἰη</span> <span class='ocrx_word' id='word_1_560' title='bbox 948 3067 1061 3098; x_wconf 83' lang='lat' dir='ltr'>Prisona</span> <span class='ocrx_word' id='word_1_561' title='bbox 1077 3068 1172 3100; x_wconf 85' lang='lat' dir='ltr'>nostra</span> <span class='ocrx_word' id='word_1_562' title='bbox 1179 3071 1254 3102; x_wconf 76' lang='lat' dir='ltr'>salvo</span> 
     </span>
     <span class='ocr_line' id='line_1_88' title="bbox 195 3104 1258 3149; baseline 0.005 -14"><span class='ocrx_word' id='word_1_563' title='bbox 195 3105 330 3136; x_wconf 78' lang='lat' dir='ltr'>custodiri</span> <span class='ocrx_word' id='word_1_564' title='bbox 349 3105 469 3141; x_wconf 75' lang='lat' dir='ltr'>faciatis,</span> <span class='ocrx_word' id='word_1_565' title='bbox 486 3104 628 3144; x_wconf 82' lang='lat' dir='ltr'>quousque</span> <span class='ocrx_word' id='word_1_566' title='bbox 653 3106 687 3135; x_wconf 93' lang='lat' dir='ltr'>de</span> <span class='ocrx_word' id='word_1_567' title='bbox 711 3107 749 3136; x_wconf 89' lang='lat' dir='ltr'>eis</span> <span class='ocrx_word' id='word_1_568' title='bbox 770 3106 847 3135; x_wconf 85' lang='lat' dir='ltr'>aliter</span> <span class='ocrx_word' id='word_1_569' title='bbox 868 3106 1027 3137; x_wconf 80' lang='lat' dir='ltr'>duxerimus</span> <span class='ocrx_word' id='word_1_570' title='bbox 1052 3107 1258 3149; x_wconf 77' lang='lat' dir='ltr'>ordinandum,</span> 
     </span>
     <span class='ocr_line' id='line_1_89' title="bbox 198 3143 657 3175; baseline -0.004 -1"><span class='ocrx_word' id='word_1_571' title='bbox 198 3146 232 3175; x_wconf 69' lang='grc' dir='ltr'>ἃ</span> <span class='ocrx_word' id='word_1_572' title='bbox 247 3144 303 3174; x_wconf 81' lang='lat' dir='ltr'>hoc</span> <span class='ocrx_word' id='word_1_573' title='bbox 319 3144 396 3173; x_wconf 86' lang='lat' dir='ltr'>nullo</span> <span class='ocrx_word' id='word_1_574' title='bbox 411 3143 501 3173; x_wconf 89' lang='lat' dir='ltr'>modo</span> <span class='ocrx_word' id='word_1_575' title='bbox 515 3144 657 3173; x_wconf 87' lang='lat' dir='ltr'>omittatis.</span> 
     </span>
    </p>

    <p class='ocr_par' dir='ltr' id='par_1_36' title="bbox 235 3181 1116 3221">
     <span class='ocr_line' id='line_1_90' title="bbox 235 3181 1116 3221; baseline 0.001 -8"><span class='ocrx_word' id='word_1_576' title='bbox 235 3182 323 3213; x_wconf 86' lang='lat' dir='ltr'>Teste</span> <span class='ocrx_word' id='word_1_577' title='bbox 336 3182 417 3221; x_wconf 82' lang='lat' dir='ltr'>Rege</span> <span class='ocrx_word' id='word_1_578' title='bbox 431 3181 505 3220; x_wconf 86' lang='lat' dir='ltr'>apud</span> <span class='ocrx_word' id='word_1_579' title='bbox 521 3181 828 3220; x_wconf 64' lang='lat' dir='ltr'>XVestmonastei-ium,</span> <span class='ocrx_word' id='word_1_580' title='bbox 846 3182 961 3214; x_wconf 82' lang='lat' dir='ltr'>decimo</span> <span class='ocrx_word' id='word_1_581' title='bbox 976 3183 1021 3213; x_wconf 92' lang='lat' dir='ltr'>die</span> <span class='ocrx_word' id='word_1_582' title='bbox 1036 3183 1116 3214; x_wconf 90' lang='lat' dir='ltr'>Maii.</span> 
     </span>
    </p>
   </div>
   <div class='ocr_carea' id='block_1_23' title="bbox 807 3259 1079 3298">
    <p class='ocr_par' dir='ltr' id='par_1_37' title="bbox 807 3259 1079 3298">
     <span class='ocr_line' id='line_1_91' title="bbox 807 3259 1079 3298; baseline 0.015 -10"><span class='ocrx_word' id='word_1_583' title='bbox 807 3261 861 3289; x_wconf 73' lang='lat' dir='ltr'>Per</span> <span class='ocrx_word' id='word_1_584' title='bbox 876 3259 958 3298; x_wconf 73' lang='lat' dir='ltr'>ipfitm</span> <span class='ocrx_word' id='word_1_585' title='bbox 975 3262 1079 3298; x_wconf 79' lang='lat' dir='ltr'>Regem.</span> 
     </span>
    </p>
   </div>
   <div class='ocr_carea' id='block_1_24' title="bbox 244 3338 817 3341">
    <p class='ocr_par' dir='ltr' id='par_1_38' title="bbox 244 3338 817 3341">
     <span class='ocr_line' id='line_1_92' title="bbox 244 3338 817 3341; baseline 0 0"><span class='ocrx_word' id='word_1_586' title='bbox 244 3338 817 3341; x_wconf 95' lang='lat' dir='ltr'> </span> 
     </span>
    </p>
   </div>
   <div class='ocr_carea' id='block_1_25' title="bbox 346 3383 1117 3433">
    <p class='ocr_par' dir='ltr' id='par_1_39' title="bbox 346 3383 1117 3433">
     <span class='ocr_line' id='line_1_93' title="bbox 346 3383 1117 3433; baseline 0.005 -16"><span class='ocrx_word' id='word_1_587' title='bbox 346 3387 404 3417; x_wconf 86' lang='lat' dir='ltr'>Pro</span> <span class='ocrx_word' id='word_1_588' title='bbox 430 3386 605 3418; x_wconf 65' lang='lat' dir='ltr'>splunitione</span> <span class='ocrx_word' id='word_1_589' title='bbox 632 3383 802 3427; x_wconf 70' lang='lat' dir='ltr'>Castrorum</span> <span class='ocrx_word' id='word_1_590' title='bbox 829 3389 972 3433; x_wconf 82' lang='lat' dir='ltr'>Principis</span> <span class='ocrx_word' id='word_1_591' title='bbox 997 3388 1117 3421; x_wconf 76' lang='lat' dir='ltr'>Wzlliae.</span> 
     </span>
    </p>
   </div>
   <div class='ocr_carea' id='block_1_26' title="bbox 205 3467 1265 4048">
    <p class='ocr_par' dir='ltr' id='par_1_40' title="bbox 207 3467 1263 3575">
     <span class='ocr_line' id='line_1_94' title="bbox 207 3467 1263 3525; baseline 0.004 -25"><span class='ocrx_word' id='word_1_592' title='bbox 207 3467 328 3525; x_wconf 75' lang='lat' dir='ltr'>REX</span> <span class='ocrx_word' id='word_1_593' title='bbox 351 3469 482 3499; x_wconf 85' lang='lat' dir='ltr'>universis</span> <span class='ocrx_word' id='word_1_594' title='bbox 498 3470 530 3500; x_wconf 67' lang='grc' dir='ltr'>δε</span> <span class='ocrx_word' id='word_1_595' title='bbox 547 3469 585 3500; x_wconf 88' lang='lat' dir='ltr'>sin</span> <span class='ocrx_word' id='word_1_596' title='bbox 607 3470 657 3500; x_wconf 86' lang='lat' dir='ltr'>ulis</span> <span class='ocrx_word' id='word_1_597' title='bbox 677 3469 918 3508; x_wconf 78' lang='lat' dir='ltr'>vicecomitibus,</span> <span class='ocrx_word' id='word_1_598' title='bbox 943 3472 1118 3511; x_wconf 80' lang='lat' dir='ltr'>Majoribus,</span> <span class='ocrx_word' id='word_1_599' title='bbox 1137 3472 1263 3513; x_wconf 86' lang='lat' dir='ltr'>Ballivis,</span> 
     </span>
     <span class='ocr_line' id='line_1_95' title="bbox 207 3506 1263 3575; baseline 0.008 -39"><span class='ocrx_word' id='word_1_600' title='bbox 207 3545 226 3575; x_wconf 80' lang='lat' dir='ltr'>S</span> <span class='ocrx_word' id='word_1_601' title='bbox 243 3546 249 3574; x_wconf 48' lang='grc' dir='ltr'><strong>ἶ</strong></span> <span class='ocrx_word' id='word_1_602' title='bbox 283 3506 439 3545; x_wconf 84' lang='lat' dir='ltr'>Ministris,</span> <span class='ocrx_word' id='word_1_603' title='bbox 457 3508 489 3538; x_wconf 73' lang='grc' dir='ltr'>δε</span> <span class='ocrx_word' id='word_1_604' title='bbox 510 3509 567 3538; x_wconf 85' lang='lat' dir='ltr'>aliis</span> <span class='ocrx_word' id='word_1_605' title='bbox 596 3508 727 3539; x_wconf 47' lang='lat' dir='ltr'>*idelibus</span> <span class='ocrx_word' id='word_1_606' title='bbox 746 3509 796 3539; x_wconf 86' lang='lat' dir='ltr'>suis</span> <span class='ocrx_word' id='word_1_607' title='bbox 817 3510 846 3539; x_wconf 92' lang='lat' dir='ltr'>in</span> <span class='ocrx_word' id='word_1_608' title='bbox 866 3509 1023 3550; x_wconf 74' lang='lat' dir='ltr'>Hibernia,</span> <span class='ocrx_word' id='word_1_609' title='bbox 1042 3513 1076 3542; x_wconf 90' lang='lat' dir='ltr'>ad</span> <span class='ocrx_word' id='word_1_610' title='bbox 1095 3521 1165 3551; x_wconf 88' lang='lat' dir='ltr'>quos</span> <span class='ocrx_word' id='word_1_611' title='bbox 1172 3535 1182 3550; x_wconf 84' lang='grc'>,</span> <span class='ocrx_word' id='word_1_612' title='bbox 1201 3514 1263 3544; x_wconf 83' lang='lat' dir='ltr'>&amp;c-</span> 
     </span>
    </p>

    <p class='ocr_par' dir='ltr' id='par_1_41' title="bbox 228 3555 339 3576">
     <span class='ocr_line' id='line_1_96' title="bbox 228 3555 339 3576; baseline 0.027 -3"><span class='ocrx_word' id='word_1_613' title='bbox 228 3555 240 3573; x_wconf 86' lang='lat' dir='ltr'>a</span> <span class='ocrx_word' id='word_1_614' title='bbox 252 3555 339 3576; x_wconf 85' lang='lat' dir='ltr'>utem.</span> 
     </span>
    </p>

    <p class='ocr_par' dir='ltr' id='par_1_42' title="bbox 205 3583 1265 3966">
     <span class='ocr_line' id='line_1_97' title="bbox 242 3583 1263 3624; baseline 0.005 -10"><span class='ocrx_word' id='word_1_615' title='bbox 242 3584 340 3615; x_wconf 85' lang='lat' dir='ltr'>Sciatis</span> <span class='ocrx_word' id='word_1_616' title='bbox 353 3583 431 3623; x_wconf 76' lang='lat' dir='ltr'>quod</span> <span class='ocrx_word' id='word_1_617' title='bbox 445 3583 654 3624; x_wconf 69' lang='lat' dir='ltr'>assignavimus,</span> <span class='ocrx_word' id='word_1_618' title='bbox 673 3585 790 3616; x_wconf 64' lang='lat' dir='ltr'>dilectos</span> <span class='ocrx_word' id='word_1_619' title='bbox 804 3587 903 3623; x_wconf 80' lang='lat' dir='ltr'>nobis,</span> <span class='ocrx_word' id='word_1_620' title='bbox 921 3586 1072 3618; x_wconf 89' lang='lat' dir='ltr'>Thomam</span> <span class='ocrx_word' id='word_1_621' title='bbox 1087 3588 1122 3618; x_wconf 93' lang='lat' dir='ltr'>de</span> <span class='ocrx_word' id='word_1_622' title='bbox 1138 3586 1263 3619; x_wconf 87' lang='lat' dir='ltr'>Middle-</span> 
     </span>
     <span class='ocr_line' id='line_1_98' title="bbox 207 3620 1264 3663; baseline 0.007 -13"><span class='ocrx_word' id='word_1_623' title='bbox 207 3628 278 3659; x_wconf 89' lang='lat' dir='ltr'>ton,</span> <span class='ocrx_word' id='word_1_624' title='bbox 296 3623 388 3653; x_wconf 80' lang='lat' dir='ltr'>Adam</span> <span class='ocrx_word' id='word_1_625' title='bbox 407 3620 512 3659; x_wconf 76' lang='lat' dir='ltr'>Clerk,</span> <span class='ocrx_word' id='word_1_626' title='bbox 531 3622 722 3654; x_wconf 65' lang='lat' dir='ltr'>Vilillielmum</span> <span class='ocrx_word' id='word_1_627' title='bbox 744 3624 780 3654; x_wconf 93' lang='lat' dir='ltr'>de</span> <span class='ocrx_word' id='word_1_628' title='bbox 794 3625 948 3663; x_wconf 84' lang='lat' dir='ltr'>Thykncs,</span> <span class='ocrx_word' id='word_1_629' title='bbox 967 3627 1000 3656; x_wconf 94' lang='lat'>&amp;</span> <span class='ocrx_word' id='word_1_630' title='bbox 1025 3627 1116 3657; x_wconf 87' lang='lat' dir='ltr'>Adam</span> <span class='ocrx_word' id='word_1_631' title='bbox 1140 3626 1175 3656; x_wconf 89' lang='lat' dir='ltr'>de</span> <span class='ocrx_word' id='word_1_632' title='bbox 1197 3626 1264 3657; x_wconf 85' lang='lat' dir='ltr'>Cle-</span> 
     </span>
     <span class='ocr_line' id='line_1_99' title="bbox 210 3659 1265 3703; baseline 0.007 -16"><span class='ocrx_word' id='word_1_633' title='bbox 210 3659 297 3698; x_wconf 83' lang='lat' dir='ltr'>bury,</span> <span class='ocrx_word' id='word_1_634' title='bbox 315 3661 493 3699; x_wconf 66' lang='lat' dir='ltr'>conjudiim,</span> <span class='ocrx_word' id='word_1_635' title='bbox 509 3661 542 3691; x_wconf 86' lang='lat'>&amp;</span> <span class='ocrx_word' id='word_1_636' title='bbox 556 3662 685 3699; x_wconf 75' lang='lat' dir='ltr'>divisim,</span> <span class='ocrx_word' id='word_1_637' title='bbox 702 3662 735 3692; x_wconf 89' lang='lat' dir='ltr'>ad</span> <span class='ocrx_word' id='word_1_638' title='bbox 749 3672 791 3692; x_wconf 83' lang='lat' dir='ltr'>tot</span> <span class='ocrx_word' id='word_1_639' title='bbox 806 3663 904 3701; x_wconf 85' lang='lat' dir='ltr'>Blada,</span> <span class='ocrx_word' id='word_1_640' title='bbox 925 3663 1048 3703; x_wconf 86' lang='lat' dir='ltr'>Carnes,</span> <span class='ocrx_word' id='word_1_641' title='bbox 1067 3667 1100 3697; x_wconf 92' lang='lat'>&amp;</span> <span class='ocrx_word' id='word_1_642' title='bbox 1113 3664 1202 3694; x_wconf 71' lang='lat' dir='ltr'>Pisces</span> <span class='ocrx_word' id='word_1_643' title='bbox 1218 3666 1265 3695; x_wconf 82' lang='lat' dir='ltr'>sal-</span> 
     </span>
     <span class='ocr_line' id='line_1_100' title="bbox 208 3697 1265 3741; baseline 0.008 -16"><span class='ocrx_word' id='word_1_644' title='bbox 208 3697 262 3734; x_wconf 85' lang='lat' dir='ltr'>sas,</span> <span class='ocrx_word' id='word_1_645' title='bbox 286 3700 317 3727; x_wconf 64' lang='grc' dir='ltr'>ὃς</span> <span class='ocrx_word' id='word_1_646' title='bbox 338 3699 389 3729; x_wconf 91' lang='lat' dir='ltr'>alia</span> <span class='ocrx_word' id='word_1_647' title='bbox 409 3698 566 3736; x_wconf 58' lang='lat' dir='ltr'>victualia,</span> <span class='ocrx_word' id='word_1_648' title='bbox 582 3709 652 3738; x_wconf 87' lang='lat' dir='ltr'>quot</span> <span class='ocrx_word' id='word_1_649' title='bbox 674 3710 725 3739; x_wconf 89' lang='lat' dir='ltr'>pro</span> <span class='ocrx_word' id='word_1_650' title='bbox 747 3701 913 3732; x_wconf 80' lang='lat' dir='ltr'>Munitione</span> <span class='ocrx_word' id='word_1_651' title='bbox 933 3702 1118 3741; x_wconf 83' lang='lat' dir='ltr'>Castrorum,</span> <span class='ocrx_word' id='word_1_652' title='bbox 1135 3703 1265 3733; x_wconf 82' lang='lat' dir='ltr'>carissimi</span> 
     </span>
     <span class='ocr_line' id='line_1_101' title="bbox 208 3733 1263 3780; baseline 0.008 -17"><span class='ocrx_word' id='word_1_653' title='bbox 208 3733 393 3774; x_wconf 74' lang='lat' dir='ltr'>primogeniti</span> <span class='ocrx_word' id='word_1_654' title='bbox 416 3737 520 3774; x_wconf 87' lang='lat' dir='ltr'>nostri,</span> <span class='ocrx_word' id='word_1_655' title='bbox 538 3737 669 3768; x_wconf 78' lang='lat' dir='ltr'>Edwardi</span> <span class='ocrx_word' id='word_1_656' title='bbox 691 3738 828 3776; x_wconf 84' lang='lat' dir='ltr'>Principis</span> <span class='ocrx_word' id='word_1_657' title='bbox 848 3741 1007 3779; x_wconf 81' lang='lat' dir='ltr'>Aquitaniae</span> <span class='ocrx_word' id='word_1_658' title='bbox 1028 3743 1062 3772; x_wconf 88' lang='lat'>&amp;</span> <span class='ocrx_word' id='word_1_659' title='bbox 1085 3741 1215 3780; x_wconf 79' lang='lat' dir='ltr'>Walliae,</span> <span class='ocrx_word' id='word_1_660' title='bbox 1235 3743 1263 3771; x_wconf 90' lang='lat' dir='ltr'>iri</span> 
     </span>
     <span class='ocr_line' id='line_1_102' title="bbox 208 3772 1265 3818; baseline 0.008 -16"><span class='ocrx_word' id='word_1_661' title='bbox 208 3772 396 3816; x_wconf 70' lang='lat' dir='ltr'>Northwallia</span> <span class='ocrx_word' id='word_1_662' title='bbox 416 3776 563 3818; x_wconf 82' lang='lat' dir='ltr'>necessaria</span> <span class='ocrx_word' id='word_1_663' title='bbox 582 3776 682 3806; x_wconf 87' lang='lat' dir='ltr'>fuerint</span> <span class='ocrx_word' id='word_1_664' title='bbox 697 3777 730 3807; x_wconf 89' lang='lat'>&amp;</span> <span class='ocrx_word' id='word_1_665' title='bbox 746 3786 901 3816; x_wconf 86' lang='lat' dir='ltr'>oportuna,</span> <span class='ocrx_word' id='word_1_666' title='bbox 920 3780 948 3809; x_wconf 91' lang='lat' dir='ltr'>in</span> <span class='ocrx_word' id='word_1_667' title='bbox 968 3780 1051 3809; x_wconf 74' lang='lat' dir='ltr'>dicstis</span> <span class='ocrx_word' id='word_1_668' title='bbox 1068 3780 1189 3818; x_wconf 87' lang='lat' dir='ltr'>partibus</span> <span class='ocrx_word' id='word_1_669' title='bbox 1210 3780 1265 3809; x_wconf 83' lang='lat' dir='ltr'>Hi-</span> 
     </span>
     <span class='ocr_line' id='line_1_103' title="bbox 207 3811 1264 3854; baseline 0.008 -13"><span class='ocrx_word' id='word_1_670' title='bbox 207 3811 330 3847; x_wconf 73' lang='lat' dir='ltr'>bermae,</span> <span class='ocrx_word' id='word_1_671' title='bbox 346 3813 403 3841; x_wconf 71' lang='lat' dir='ltr'>tam</span> <span class='ocrx_word' id='word_1_672' title='bbox 421 3814 491 3844; x_wconf 87' lang='lat' dir='ltr'>infra</span> <span class='ocrx_word' id='word_1_673' title='bbox 508 3814 680 3852; x_wconf 76' lang='lat' dir='ltr'>Libertates,</span> <span class='ocrx_word' id='word_1_674' title='bbox 700 3816 784 3854; x_wconf 63' lang='lat' dir='ltr'>quam</span> <span class='ocrx_word' id='word_1_675' title='bbox 806 3825 880 3846; x_wconf 71' lang='lat' dir='ltr'>exn-a</span> <span class='ocrx_word' id='word_1_676' title='bbox 902 3818 1013 3847; x_wconf 84' lang='lat' dir='ltr'>(Feodo</span> <span class='ocrx_word' id='word_1_677' title='bbox 1033 3818 1166 3848; x_wconf 86' lang='lat' dir='ltr'>Ecclefiae</span> <span class='ocrx_word' id='word_1_678' title='bbox 1181 3818 1264 3848; x_wconf 88' lang='lat' dir='ltr'>dum-</span> 
     </span>
     <span class='ocr_line' id='line_1_104' title="bbox 207 3852 1263 3894; baseline 0.007 -15"><span class='ocrx_word' id='word_1_679' title='bbox 207 3857 279 3880; x_wconf 82' lang='lat' dir='ltr'>taxat</span> <span class='ocrx_word' id='word_1_680' title='bbox 294 3856 425 3887; x_wconf 73' lang='lat' dir='ltr'>excepto)</span> <span class='ocrx_word' id='word_1_681' title='bbox 446 3862 496 3888; x_wconf 88' lang='lat' dir='ltr'>pro</span> <span class='ocrx_word' id='word_1_682' title='bbox 511 3852 640 3882; x_wconf 80' lang='lat' dir='ltr'>Denariis</span> <span class='ocrx_word' id='word_1_683' title='bbox 660 3854 729 3890; x_wconf 84' lang='lat' dir='ltr'>suis,</span> <span class='ocrx_word' id='word_1_684' title='bbox 746 3854 812 3883; x_wconf 91' lang='lat' dir='ltr'>inde</span> <span class='ocrx_word' id='word_1_685' title='bbox 830 3858 961 3894; x_wconf 78' lang='lat' dir='ltr'>prompte</span> <span class='ocrx_word' id='word_1_686' title='bbox 986 3856 1140 3893; x_wconf 88' lang='lat' dir='ltr'>solvendis,</span> <span class='ocrx_word' id='word_1_687' title='bbox 1166 3866 1263 3886; x_wconf 83' lang='lat' dir='ltr'>emen-</span> 
     </span>
     <span class='ocr_line' id='line_1_105' title="bbox 206 3887 1263 3932; baseline 0.008 -15"><span class='ocrx_word' id='word_1_688' title='bbox 206 3887 278 3917; x_wconf 91' lang='lat' dir='ltr'>dum</span> <span class='ocrx_word' id='word_1_689' title='bbox 293 3889 325 3918; x_wconf 86' lang='lat'>&amp;</span> <span class='ocrx_word' id='word_1_690' title='bbox 338 3890 542 3930; x_wconf 79' lang='lat' dir='ltr'>providendum</span> <span class='ocrx_word' id='word_1_691' title='bbox 553 3913 562 3927; x_wconf 88' lang='lat'>,</span> <span class='ocrx_word' id='word_1_692' title='bbox 577 3892 609 3921; x_wconf 86' lang='lat'>&amp;</span> <span class='ocrx_word' id='word_1_693' title='bbox 624 3891 657 3921; x_wconf 88' lang='lat' dir='ltr'>ad</span> <span class='ocrx_word' id='word_1_694' title='bbox 671 3901 701 3921; x_wconf 91' lang='lat' dir='ltr'>ea</span> <span class='ocrx_word' id='word_1_695' title='bbox 717 3891 800 3930; x_wconf 88' lang='lat' dir='ltr'>usque</span> <span class='ocrx_word' id='word_1_696' title='bbox 813 3893 991 3932; x_wconf 65' lang='lat' dir='ltr'>dii-staspartes</span> <span class='ocrx_word' id='word_1_697' title='bbox 1005 3895 1263 3925; x_wconf 72' lang='lat' dir='ltr'>Northivalliaedu-</span> 
     </span>
     <span class='ocr_line' id='line_1_106' title="bbox 205 3926 586 3966; baseline 0.005 -10"><span class='ocrx_word' id='word_1_698' title='bbox 205 3927 234 3957; x_wconf 85' lang='lat' dir='ltr'>ci</span> <span class='ocrx_word' id='word_1_699' title='bbox 248 3926 281 3956; x_wconf 90' lang='lat'>&amp;</span> <span class='ocrx_word' id='word_1_700' title='bbox 296 3935 390 3955; x_wconf 84' lang='lat' dir='ltr'>cariari</span> <span class='ocrx_word' id='word_1_701' title='bbox 407 3929 586 3966; x_wconf 74' lang='lat' dir='ltr'>iaciendum,</span> 
     </span>
    </p>

    <p class='ocr_par' dir='ltr' id='par_1_43' title="bbox 205 3963 1264 4048">
     <span class='ocr_line' id='line_1_107' title="bbox 243 3963 1264 4007; baseline 0.008 -14"><span class='ocrx_word' id='word_1_702' title='bbox 243 3963 281 3994; x_wconf 84' lang='lat' dir='ltr'>Et</span> <span class='ocrx_word' id='word_1_703' title='bbox 294 3963 361 3993; x_wconf 80' lang='lat' dir='ltr'>ideo</span> <span class='ocrx_word' id='word_1_704' title='bbox 374 3965 454 3996; x_wconf 57' lang='lat' dir='ltr'>vobis</span> <span class='ocrx_word' id='word_1_705' title='bbox 475 3966 507 3995; x_wconf 89' lang='lat'>&amp;</span> <span class='ocrx_word' id='word_1_706' title='bbox 528 3967 644 3997; x_wconf 83' lang='lat' dir='ltr'>cuilibet</span> <span class='ocrx_word' id='word_1_707' title='bbox 665 3966 812 4004; x_wconf 69' lang='lat' dir='ltr'>vestrum,</span> <span class='ocrx_word' id='word_1_708' title='bbox 838 3968 953 3998; x_wconf 86' lang='lat' dir='ltr'>firmiter</span> <span class='ocrx_word' id='word_1_709' title='bbox 978 3971 1166 4007; x_wconf 64' lang='lat' dir='ltr'>injungendo,</span> <span class='ocrx_word' id='word_1_710' title='bbox 1183 3981 1264 4001; x_wconf 86' lang='lat' dir='ltr'>man-</span> 
     </span>
     <span class='ocr_line' id='line_1_108' title="bbox 205 4001 1262 4048; baseline 0.008 -14"><span class='ocrx_word' id='word_1_711' title='bbox 205 4003 304 4034; x_wconf 79' lang='lat' dir='ltr'>damus</span> <span class='ocrx_word' id='word_1_712' title='bbox 325 4001 405 4040; x_wconf 83' lang='lat' dir='ltr'>quod</span> <span class='ocrx_word' id='word_1_713' title='bbox 428 4004 545 4040; x_wconf 72' lang='lat' dir='ltr'>praefatis</span> <span class='ocrx_word' id='word_1_714' title='bbox 552 4027 562 4043; x_wconf 90' lang='lat'>,</span> <span class='ocrx_word' id='word_1_715' title='bbox 584 4006 728 4045; x_wconf 83' lang='lat' dir='ltr'>Thomae,</span> <span class='ocrx_word' id='word_1_716' title='bbox 746 4007 836 4043; x_wconf 76' lang='lat' dir='ltr'>Adae,</span> <span class='ocrx_word' id='word_1_717' title='bbox 855 4006 1014 4038; x_wconf 80' lang='lat' dir='ltr'>willielmo</span> <span class='ocrx_word' id='word_1_718' title='bbox 1031 4032 1041 4048; x_wconf 89' lang='lat'>,</span> <span class='ocrx_word' id='word_1_719' title='bbox 1056 4005 1098 4040; x_wconf 59' lang='grc' dir='ltr'>’ὃς</span> <span class='ocrx_word' id='word_1_720' title='bbox 1113 4009 1202 4048; x_wconf 76' lang='lat' dir='ltr'>Adae,</span> <span class='ocrx_word' id='word_1_721' title='bbox 1228 4011 1262 4042; x_wconf 88' lang='lat'>&amp;</span> 
     </span>
    </p>
   </div>
   <div class='ocr_carea' id='block_1_27' title="bbox 723 81 1522 134">
    <p class='ocr_par' dir='ltr' id='par_1_44' title="bbox 723 81 1522 134">
     <span class='ocr_line' id='line_1_109' title="bbox 723 81 1522 134; baseline -0.003 -6"><span class='ocrx_word' id='word_1_722' title='bbox 723 81 1522 134; x_wconf 86' lang='lat' dir='ltr'>CONVENTIONES,</span> 
     </span>
    </p>
   </div>
   <div class='ocr_carea' id='block_1_28' title="bbox 1304 164 2551 221">
    <p class='ocr_par' dir='ltr' id='par_1_45' title="bbox 1304 164 2551 221">
     <span class='ocr_line' id='line_1_110' title="bbox 1304 164 2551 221; baseline 0.002 -21"><span class='ocrx_word' id='word_1_723' title='bbox 1304 179 1406 200; x_wconf 85' lang='lat' dir='ltr'>eorum</span> <span class='ocrx_word' id='word_1_724' title='bbox 1421 171 1551 208; x_wconf 86' lang='lat' dir='ltr'>cuilibet,</span> <span class='ocrx_word' id='word_1_725' title='bbox 1570 173 1600 202; x_wconf 91' lang='lat' dir='ltr'>in</span> <span class='ocrx_word' id='word_1_726' title='bbox 1614 171 1760 209; x_wconf 84' lang='lat' dir='ltr'>praemiffis</span> <span class='ocrx_word' id='word_1_727' title='bbox 1779 172 1917 202; x_wconf 87' lang='lat' dir='ltr'>omnibus</span> <span class='ocrx_word' id='word_1_728' title='bbox 1936 173 1970 203; x_wconf 90' lang='lat'>&amp;</span> <span class='ocrx_word' id='word_1_729' title='bbox 1985 172 2095 212; x_wconf 84' lang='lat' dir='ltr'>singulis</span> <span class='ocrx_word' id='word_1_730' title='bbox 2110 171 2242 204; x_wconf 77' lang='lat' dir='ltr'>faciendis</span> <span class='ocrx_word' id='word_1_731' title='bbox 2264 172 2298 204; x_wconf 88' lang='lat'>&amp;</span> <span class='ocrx_word' id='word_1_732' title='bbox 2317 180 2365 203; x_wconf 75' lang='lat' dir='ltr'>ex-</span> <span class='ocrx_word' id='word_1_733' title='bbox 2386 183 2502 221; x_wconf 32' lang='lat' dir='ltr'>Anu-D</span> <span class='ocrx_word' id='word_1_734' title='bbox 2547 164 2551 200; x_wconf 68' lang='grc' dir='ltr'>ἶ</span> 
     </span>
    </p>
   </div>
   <div class='ocr_carea' id='block_1_29' title="bbox 2404 219 2561 306">
    <p class='ocr_par' dir='ltr' id='par_1_46' title="bbox 2404 219 2561 306">
     <span class='ocr_line' id='line_1_111' title="bbox 2404 219 2514 268; baseline 0.036 -12"><span class='ocrx_word' id='word_1_735' title='bbox 2404 229 2486 268; x_wconf 87' lang='lat'>1369.</span> <span class='ocrx_word' id='word_1_736' title='bbox 2506 219 2514 228; x_wconf 70' lang='grc'><strong>”</strong></span> 
     </span>
     <span class='ocr_line' id='line_1_112' title="bbox 2469 277 2561 306; baseline 0.022 -6"><span class='ocrx_word' id='word_1_737' title='bbox 2469 278 2497 306; x_wconf 88' lang='lat'>3.</span> <span class='ocrx_word' id='word_1_738' title='bbox 2548 277 2561 302; x_wconf 74' lang='lat' dir='ltr'>:i</span> 
     </span>
    </p>
   </div>
   <div class='ocr_carea' id='block_1_30' title="bbox 1596 84 1994 138">
    <p class='ocr_par' dir='ltr' id='par_1_47' title="bbox 1596 84 1994 138">
     <span class='ocr_line' id='line_1_113' title="bbox 1596 84 1994 138; baseline 0.003 -11"><span class='ocrx_word' id='word_1_739' title='bbox 1596 84 1994 138; x_wconf 83' lang='lat' dir='ltr'>LITERAE‚</span> 
     </span>
    </p>
   </div>
   <div class='ocr_carea' id='block_1_31' title="bbox 1300 208 2471 443">
    <p class='ocr_par' dir='ltr' id='par_1_48' title="bbox 1300 208 2471 402">
     <span class='ocr_line' id='line_1_114' title="bbox 1303 208 2366 251; baseline 0.004 -13"><span class='ocrx_word' id='word_1_740' title='bbox 1303 208 1427 245; x_wconf 82' lang='lat' dir='ltr'>plendis,</span> <span class='ocrx_word' id='word_1_741' title='bbox 1446 208 1628 240; x_wconf 87' lang='lat' dir='ltr'>Intendentes</span> <span class='ocrx_word' id='word_1_742' title='bbox 1640 210 1710 247; x_wconf 76' lang='lat' dir='ltr'>fitis,</span> <span class='ocrx_word' id='word_1_743' title='bbox 1731 209 1935 249; x_wconf 89' lang='lat' dir='ltr'>Consulentes,</span> <span class='ocrx_word' id='word_1_744' title='bbox 1953 211 2182 251; x_wconf 86' lang='lat' dir='ltr'>&amp;Auxiliantes,</span> <span class='ocrx_word' id='word_1_745' title='bbox 2200 212 2219 231; x_wconf 59' lang='lat'>³*</span> <span class='ocrx_word' id='word_1_746' title='bbox 2237 212 2366 251; x_wconf 88' lang='lat' dir='ltr'>quotiens</span> 
     </span>
     <span class='ocr_line' id='line_1_115' title="bbox 1302 247 2438 293; baseline 0.003 -16"><span class='ocrx_word' id='word_1_747' title='bbox 1302 247 1336 287; x_wconf 85' lang='lat'>&amp;</span> <span class='ocrx_word' id='word_1_748' title='bbox 1360 257 1445 285; x_wconf 84' lang='lat' dir='ltr'>prout</span> <span class='ocrx_word' id='word_1_749' title='bbox 1465 258 1515 285; x_wconf 91' lang='lat' dir='ltr'>per</span> <span class='ocrx_word' id='word_1_750' title='bbox 1538 249 1626 286; x_wconf 87' lang='lat' dir='ltr'>ipsos,</span> <span class='ocrx_word' id='word_1_751' title='bbox 1640 247 1810 286; x_wconf 80' lang='lat' dir='ltr'>Thomam,</span> <span class='ocrx_word' id='word_1_752' title='bbox 1828 248 1943 287; x_wconf 89' lang='lat' dir='ltr'>Adam,</span> <span class='ocrx_word' id='word_1_753' title='bbox 1960 249 2173 289; x_wconf 85' lang='lat' dir='ltr'>Willielmum,</span> <span class='ocrx_word' id='word_1_754' title='bbox 2190 251 2223 282; x_wconf 87' lang='lat'>&amp;</span> <span class='ocrx_word' id='word_1_755' title='bbox 2252 250 2365 288; x_wconf 88' lang='lat' dir='ltr'>Adam,</span> <span class='ocrx_word' id='word_1_756' title='bbox 2386 266 2438 293; x_wconf 78' lang='lat' dir='ltr'>Edu</span> 
     </span>
     <span class='ocr_line' id='line_1_116' title="bbox 1302 286 2471 337; baseline 0.006 -23"><span class='ocrx_word' id='word_1_757' title='bbox 1302 288 1351 329; x_wconf 74' lang='lat' dir='ltr'>{eu</span> <span class='ocrx_word' id='word_1_758' title='bbox 1363 296 1463 317; x_wconf 86' lang='lat' dir='ltr'>eorum</span> <span class='ocrx_word' id='word_1_759' title='bbox 1477 287 1618 327; x_wconf 85' lang='lat' dir='ltr'>aliquem,</span> <span class='ocrx_word' id='word_1_760' title='bbox 1638 287 1718 325; x_wconf 89' lang='lat' dir='ltr'>super</span> <span class='ocrx_word' id='word_1_761' title='bbox 1734 286 1811 325; x_wconf 88' lang='lat' dir='ltr'>hoc,</span> <span class='ocrx_word' id='word_1_762' title='bbox 1829 295 1865 317; x_wconf 87' lang='lat' dir='ltr'>ex</span> <span class='ocrx_word' id='word_1_763' title='bbox 1887 295 1965 324; x_wconf 77' lang='lat' dir='ltr'>parte</span> <span class='ocrx_word' id='word_1_764' title='bbox 1985 287 2096 327; x_wconf 86' lang='lat' dir='ltr'>nostra,</span> <span class='ocrx_word' id='word_1_765' title='bbox 2113 290 2219 320; x_wconf 88' lang='lat' dir='ltr'>fueritis</span> <span class='ocrx_word' id='word_1_766' title='bbox 2238 299 2363 329; x_wconf 85' lang='lat' dir='ltr'>praemu-</span> <span class='ocrx_word' id='word_1_767' title='bbox 2382 301 2401 321; x_wconf 63' lang='lat' dir='ltr'>a:</span> <span class='ocrx_word' id='word_1_768' title='bbox 2419 288 2471 337; x_wconf 66' lang='lat' dir='ltr'>V&#39;L</span> 
     </span>
     <span class='ocr_line' id='line_1_117' title="bbox 1300 332 1565 402; baseline 0.008 -10"><span class='ocrx_word' id='word_1_769' title='bbox 1300 332 1371 392; x_wconf 64' lang='lat' dir='ltr'>nltIlii</span> <span class='ocrx_word' id='word_1_770' title='bbox 1391 363 1484 402; x_wconf 85' lang='lat' dir='ltr'>cujus,</span> <span class='ocrx_word' id='word_1_771' title='bbox 1503 364 1565 394; x_wconf 86' lang='lat' dir='ltr'>&amp;c.</span> 
     </span>
    </p>

    <p class='ocr_par' dir='ltr' id='par_1_49' title="bbox 1358 400 2365 443">
     <span class='ocr_line' id='line_1_118' title="bbox 1358 400 2365 443; baseline 0.003 -11"><span class='ocrx_word' id='word_1_772' title='bbox 1358 400 1448 432; x_wconf 89' lang='lat' dir='ltr'>Teste</span> <span class='ocrx_word' id='word_1_773' title='bbox 1468 402 1549 441; x_wconf 84' lang='lat' dir='ltr'>Rege</span> <span class='ocrx_word' id='word_1_774' title='bbox 1563 401 1637 443; x_wconf 88' lang='lat' dir='ltr'>apud</span> <span class='ocrx_word' id='word_1_775' title='bbox 1651 400 1940 433; x_wconf 86' lang='lat' dir='ltr'>Westmonasterium</span> <span class='ocrx_word' id='word_1_776' title='bbox 1949 425 1959 442; x_wconf 87' lang='lat'>,</span> <span class='ocrx_word' id='word_1_777' title='bbox 1977 401 2094 434; x_wconf 85' lang='lat' dir='ltr'>decimo</span> <span class='ocrx_word' id='word_1_778' title='bbox 2105 404 2207 442; x_wconf 85' lang='lat' dir='ltr'>quinto</span> <span class='ocrx_word' id='word_1_779' title='bbox 2221 404 2266 436; x_wconf 87' lang='lat' dir='ltr'>die</span> <span class='ocrx_word' id='word_1_780' title='bbox 2280 404 2365 436; x_wconf 87' lang='lat' dir='ltr'>Maii.</span> 
     </span>
    </p>
   </div>
   <div class='ocr_carea' id='block_1_32' title="bbox 2380 343 2444 378">
    <p class='ocr_par' dir='ltr' id='par_1_50' title="bbox 2380 343 2444 378">
     <span class='ocr_line' id='line_1_119' title="bbox 2380 343 2444 378; baseline 0 -10"><span class='ocrx_word' id='word_1_781' title='bbox 2380 343 2444 378; x_wconf 82' lang='lat'>619.</span> 
     </span>
    </p>
   </div>
   <div class='ocr_carea' id='block_1_33' title="bbox 2006 479 2231 512">
    <p class='ocr_par' dir='ltr' id='par_1_51' title="bbox 2006 479 2231 512">
     <span class='ocr_line' id='line_1_120' title="bbox 2006 479 2231 512; baseline 0.013 -3"><span class='ocrx_word' id='word_1_782' title='bbox 2006 481 2062 510; x_wconf 86' lang='lat' dir='ltr'>Per</span> <span class='ocrx_word' id='word_1_783' title='bbox 2077 479 2231 512; x_wconf 84' lang='lat' dir='ltr'>Concilium.</span> 
     </span>
    </p>
   </div>
   <div class='ocr_carea' id='block_1_34' title="bbox 1459 603 2209 656">
    <p class='ocr_par' dir='ltr' id='par_1_52' title="bbox 1459 603 2209 656">
     <span class='ocr_line' id='line_1_121' title="bbox 1459 603 2209 656; baseline 0.001 -18"><span class='ocrx_word' id='word_1_784' title='bbox 1459 608 1519 639; x_wconf 89' lang='lat' dir='ltr'>Pro</span> <span class='ocrx_word' id='word_1_785' title='bbox 1543 603 1649 649; x_wconf 85' lang='lat' dir='ltr'>Obfide</span> <span class='ocrx_word' id='word_1_786' title='bbox 1674 605 1787 639; x_wconf 80' lang='lat' dir='ltr'>David</span> <span class='ocrx_word' id='word_1_787' title='bbox 1805 605 1842 639; x_wconf 85' lang='lat' dir='ltr'>de</span> <span class='ocrx_word' id='word_1_788' title='bbox 1863 607 1974 656; x_wconf 66' lang='lat' dir='ltr'>qus,</span> <span class='ocrx_word' id='word_1_789' title='bbox 1998 605 2036 639; x_wconf 86' lang='lat' dir='ltr'>de</span> <span class='ocrx_word' id='word_1_790' title='bbox 2058 608 2209 640; x_wconf 76' lang='lat' dir='ltr'>Licentiae.</span> 
     </span>
    </p>
   </div>
   <div class='ocr_carea' id='block_1_35' title="bbox 1305 689 2561 748">
    <p class='ocr_par' dir='ltr' id='par_1_53' title="bbox 1305 689 2561 748">
     <span class='ocr_line' id='line_1_122' title="bbox 1305 689 2561 748; baseline 0.004 -28"><span class='ocrx_word' id='word_1_791' title='bbox 1305 689 1426 748; x_wconf 85' lang='lat' dir='ltr'>REX</span> <span class='ocrx_word' id='word_1_792' title='bbox 1443 690 1684 730; x_wconf 79' lang='lat' dir='ltr'>vicecomitibus,</span> <span class='ocrx_word' id='word_1_793' title='bbox 1697 689 1872 730; x_wconf 84' lang='lat' dir='ltr'>Majori&#39;bus,</span> <span class='ocrx_word' id='word_1_794' title='bbox 1889 691 2013 729; x_wconf 82' lang='lat' dir='ltr'>Ballivis,</span> <span class='ocrx_word' id='word_1_795' title='bbox 2027 690 2184 735; x_wconf 78' lang='lat' dir='ltr'>Ministris,</span> <span class='ocrx_word' id='word_1_796' title='bbox 2202 694 2236 726; x_wconf 91' lang='lat'>&amp;</span> <span class='ocrx_word' id='word_1_797' title='bbox 2249 693 2365 725; x_wconf 80' lang='lat' dir='ltr'>aliisFi-</span> <span class='ocrx_word' id='word_1_798' title='bbox 2379 705 2457 738; x_wconf 43' lang='lat' dir='ltr'>Am,-</span> <span class='ocrx_word' id='word_1_799' title='bbox 2470 707 2513 743; x_wconf 49' lang='lat' dir='ltr'>D·</span> <span class='ocrx_word' id='word_1_800' title='bbox 2559 716 2561 735; x_wconf 66' lang='lat'>3</span> 
     </span>
    </p>
   </div>
   <div class='ocr_carea' id='block_1_36' title="bbox 1298 729 2364 1431">
    <p class='ocr_par' dir='ltr' id='par_1_54' title="bbox 1376 729 1956 769">
     <span class='ocr_line' id='line_1_123' title="bbox 1376 729 1956 769; baseline 0.002 -9"><span class='ocrx_word' id='word_1_801' title='bbox 1376 730 1484 761; x_wconf 87' lang='lat' dir='ltr'>delibus</span> <span class='ocrx_word' id='word_1_802' title='bbox 1499 731 1566 769; x_wconf 87' lang='lat' dir='ltr'>suis,</span> <span class='ocrx_word' id='word_1_803' title='bbox 1584 730 1617 761; x_wconf 84' lang='lat' dir='ltr'>ad</span> <span class='ocrx_word' id='word_1_804' title='bbox 1634 740 1723 769; x_wconf 86' lang='lat' dir='ltr'>quos,</span> <span class='ocrx_word' id='word_1_805' title='bbox 1743 731 1803 763; x_wconf 70' lang='lat' dir='ltr'>&amp;e</span> <span class='ocrx_word' id='word_1_806' title='bbox 1823 729 1956 761; x_wconf 81' lang='lat' dir='ltr'>Salutem.</span> 
     </span>
    </p>

    <p class='ocr_par' dir='ltr' id='par_1_55' title="bbox 1302 767 2362 885">
     <span class='ocr_line' id='line_1_124' title="bbox 1342 767 2362 808; baseline 0.004 -10"><span class='ocrx_word' id='word_1_807' title='bbox 1342 767 1440 800; x_wconf 87' lang='lat' dir='ltr'>Sciatis</span> <span class='ocrx_word' id='word_1_808' title='bbox 1457 769 1539 808; x_wconf 79' lang='lat' dir='ltr'>quod</span> <span class='ocrx_word' id='word_1_809' title='bbox 1554 770 1721 808; x_wconf 86' lang='lat' dir='ltr'>suscepimus</span> <span class='ocrx_word' id='word_1_810' title='bbox 1740 771 1770 800; x_wconf 88' lang='lat' dir='ltr'>in</span> <span class='ocrx_word' id='word_1_811' title='bbox 1793 769 2011 801; x_wconf 73' lang='lat' dir='ltr'>Proteffionem</span> <span class='ocrx_word' id='word_1_812' title='bbox 2032 771 2066 801; x_wconf 91' lang='lat'>&amp;</span> <span class='ocrx_word' id='word_1_813' title='bbox 2086 771 2290 803; x_wconf 89' lang='lat' dir='ltr'>Defenfionem</span> <span class='ocrx_word' id='word_1_814' title='bbox 2307 781 2362 802; x_wconf 92' lang='lat' dir='ltr'>no-</span> 
     </span>
     <span class='ocr_line' id='line_1_125' title="bbox 1302 805 2360 849; baseline 0.005 -13"><span class='ocrx_word' id='word_1_815' title='bbox 1302 805 1388 837; x_wconf 85' lang='lat' dir='ltr'>stram</span> <span class='ocrx_word' id='word_1_816' title='bbox 1397 831 1406 846; x_wconf 80' lang='lat'>,</span> <span class='ocrx_word' id='word_1_817' title='bbox 1417 815 1541 839; x_wconf 80' lang='lat' dir='ltr'>&#39;necnon</span> <span class='ocrx_word' id='word_1_818' title='bbox 1556 809 1584 838; x_wconf 92' lang='lat' dir='ltr'>in</span> <span class='ocrx_word' id='word_1_819' title='bbox 1596 808 1704 839; x_wconf 91' lang='lat' dir='ltr'>salvum</span> <span class='ocrx_word' id='word_1_820' title='bbox 1717 809 1750 840; x_wconf 92' lang='lat'>&amp;</span> <span class='ocrx_word' id='word_1_821' title='bbox 1765 810 1894 839; x_wconf 86' lang='lat' dir='ltr'>securum</span> <span class='ocrx_word' id='word_1_822' title='bbox 1911 807 2100 840; x_wconf 68' lang='lat' dir='ltr'>Conductum</span> <span class='ocrx_word' id='word_1_823' title='bbox 2109 810 2257 849; x_wconf 86' lang='lat' dir='ltr'>nostrum,</span> <span class='ocrx_word' id='word_1_824' title='bbox 2274 810 2360 841; x_wconf 92' lang='lat' dir='ltr'>Tho-</span> 
     </span>
     <span class='ocr_line' id='line_1_126' title="bbox 1303 846 1699 885; baseline 0.008 -10"><span class='ocrx_word' id='word_1_825' title='bbox 1303 854 1382 876; x_wconf 87' lang='lat' dir='ltr'>mam</span> <span class='ocrx_word' id='word_1_826' title='bbox 1395 847 1440 878; x_wconf 89' lang='lat' dir='ltr'>del</span> <span class='ocrx_word' id='word_1_827' title='bbox 1454 846 1501 879; x_wconf 83' lang='lat' dir='ltr'>Ha</span> <span class='ocrx_word' id='word_1_828' title='bbox 1534 846 1570 878; x_wconf 92' lang='lat' dir='ltr'>de</span> <span class='ocrx_word' id='word_1_829' title='bbox 1584 847 1681 878; x_wconf 88' lang='lat' dir='ltr'>Scotia</span> <span class='ocrx_word' id='word_1_830' title='bbox 1690 870 1699 885; x_wconf 91' lang='lat'>,</span> 
     </span>
    </p>

    <p class='ocr_par' dir='ltr' id='par_1_56' title="bbox 1298 884 2363 1110">
     <span class='ocr_line' id='line_1_127' title="bbox 1298 884 2313 953; baseline 0.002 -38"><span class='ocrx_word' id='word_1_831' title='bbox 1298 921 1325 953; x_wconf 80' lang='grc' dir='ltr'><strong>Α</strong></span> <span class='ocrx_word' id='word_1_832' title='bbox 1340 884 1418 953; x_wconf 72' lang='lat' dir='ltr'>Qlui,</span> <span class='ocrx_word' id='word_1_833' title='bbox 1436 887 1466 916; x_wconf 88' lang='lat' dir='ltr'>in</span> <span class='ocrx_word' id='word_1_834' title='bbox 1518 885 1625 916; x_wconf 87' lang='lat' dir='ltr'>bsidem</span> <span class='ocrx_word' id='word_1_835' title='bbox 1646 895 1700 924; x_wconf 91' lang='lat' dir='ltr'>pro</span> <span class='ocrx_word' id='word_1_836' title='bbox 1722 884 1820 917; x_wconf 86' lang='lat' dir='ltr'>David</span> <span class='ocrx_word' id='word_1_837' title='bbox 1840 884 1877 916; x_wconf 91' lang='lat' dir='ltr'>de</span> <span class='ocrx_word' id='word_1_838' title='bbox 1898 885 2003 926; x_wconf 87' lang='lat' dir='ltr'>Bruys,</span> <span class='ocrx_word' id='word_1_839' title='bbox 2020 885 2179 918; x_wconf 88' lang='lat' dir='ltr'>Prisonario</span> <span class='ocrx_word' id='word_1_840' title='bbox 2199 886 2313 927; x_wconf 82' lang='lat' dir='ltr'>nostro,</span> 
     </span>
     <span class='ocr_line' id='line_1_128' title="bbox 1326 932 1542 956; baseline 0.009 -4"><span class='ocrx_word' id='word_1_841' title='bbox 1326 932 1346 952; x_wconf 91' lang='lat' dir='ltr'>n</span> <span class='ocrx_word' id='word_1_842' title='bbox 1377 934 1402 954; x_wconf 90' lang='lat' dir='ltr'>ia</span> <span class='ocrx_word' id='word_1_843' title='bbox 1416 934 1542 956; x_wconf 89' lang='lat' dir='ltr'>moratur</span> 
     </span>
     <span class='ocr_line' id='line_1_129' title="bbox 1365 947 2360 1004; baseline 0.001 -12"><span class='ocrx_word' id='word_1_844' title='bbox 1365 963 1442 993; x_wconf 91' lang='lat' dir='ltr'>undo</span> <span class='ocrx_word' id='word_1_845' title='bbox 1455 947 1590 1002; x_wconf 68' lang='lat' dir='ltr'>peregr&#39;e,</span> <span class='ocrx_word' id='word_1_846' title='bbox 1608 962 1644 993; x_wconf 90' lang='lat' dir='ltr'>de</span> <span class='ocrx_word' id='word_1_847' title='bbox 1658 962 1784 994; x_wconf 88' lang='lat' dir='ltr'>Licentia</span> <span class='ocrx_word' id='word_1_848' title='bbox 1798 962 1891 994; x_wconf 90' lang='lat' dir='ltr'>nostra</span> <span class='ocrx_word' id='word_1_849' title='bbox 1901 986 1911 1002; x_wconf 92' lang='lat'>,</span> <span class='ocrx_word' id='word_1_850' title='bbox 1927 963 2020 995; x_wconf 87' lang='lat' dir='ltr'>versus</span> <span class='ocrx_word' id='word_1_851' title='bbox 2039 964 2160 996; x_wconf 88' lang='lat' dir='ltr'>Urbem</span> <span class='ocrx_word' id='word_1_852' title='bbox 2175 964 2340 996; x_wconf 89' lang='lat' dir='ltr'>Romanam</span> <span class='ocrx_word' id='word_1_853' title='bbox 2349 987 2360 1004; x_wconf 88' lang='lat'>,</span> 
     </span>
     <span class='ocr_line' id='line_1_130' title="bbox 1299 1001 2363 1047; baseline 0.002 -17"><span class='ocrx_word' id='word_1_854' title='bbox 1299 1009 1368 1031; x_wconf 89' lang='lat' dir='ltr'>cum</span> <span class='ocrx_word' id='word_1_855' title='bbox 1391 1001 1522 1041; x_wconf 81' lang='lat' dir='ltr'>Qatuor</span> <span class='ocrx_word' id='word_1_856' title='bbox 1539 1001 1717 1032; x_wconf 83' lang='lat' dir='ltr'>Hominibus</span> <span class='ocrx_word' id='word_1_857' title='bbox 1733 1001 1768 1032; x_wconf 90' lang='lat' dir='ltr'>de</span> <span class='ocrx_word' id='word_1_858' title='bbox 1783 1002 1932 1033; x_wconf 89' lang='lat' dir='ltr'>Comitiva</span> <span class='ocrx_word' id='word_1_859' title='bbox 1952 1002 2016 1041; x_wconf 89' lang='lat' dir='ltr'>sua,</span> <span class='ocrx_word' id='word_1_860' title='bbox 2040 1004 2074 1035; x_wconf 64' lang='grc' dir='ltr'>ὃς</span> <span class='ocrx_word' id='word_1_861' title='bbox 2100 1004 2234 1043; x_wconf 81' lang='lat' dir='ltr'>Quatuor</span> <span class='ocrx_word' id='word_1_862' title='bbox 2258 1001 2363 1047; x_wconf 75' lang='lat' dir='ltr'>Equis,</span> 
     </span>
     <span class='ocr_line' id='line_1_131' title="bbox 1298 1040 2363 1110; baseline 0.003 -42"><span class='ocrx_word' id='word_1_863' title='bbox 1298 1040 1420 1107; x_wconf 53' lang='grc' dir='ltr'><strong><em>ἎυοεΙᾲη</em></strong></span> <span class='ocrx_word' id='word_1_864' title='bbox 1443 1041 1592 1110; x_wconf 53' lang='grc' dir='ltr'>Αιὲὲᾙεηὲι,</span> <span class='ocrx_word' id='word_1_865' title='bbox 1609 1040 1644 1071; x_wconf 91' lang='lat' dir='ltr'>de</span> <span class='ocrx_word' id='word_1_866' title='bbox 1665 1040 1788 1080; x_wconf 89' lang='lat' dir='ltr'>partibus</span> <span class='ocrx_word' id='word_1_867' title='bbox 1806 1041 1930 1080; x_wconf 88' lang='lat' dir='ltr'>Scotiae,</span> <span class='ocrx_word' id='word_1_868' title='bbox 1948 1041 2016 1072; x_wconf 90' lang='lat' dir='ltr'>duci</span> <span class='ocrx_word' id='word_1_869' title='bbox 2037 1042 2125 1081; x_wconf 87' lang='lat' dir='ltr'>fecit,</span> <span class='ocrx_word' id='word_1_870' title='bbox 2151 1043 2185 1074; x_wconf 75' lang='grc' dir='ltr'>δε</span> <span class='ocrx_word' id='word_1_871' title='bbox 2207 1041 2310 1074; x_wconf 80' lang='lat' dir='ltr'>exinde</span> <span class='ocrx_word' id='word_1_872' title='bbox 2332 1051 2363 1071; x_wconf 90' lang='lat' dir='ltr'>in</span> 
     </span>
     <span class='ocr_line' id='line_1_132' title="bbox 1327 1087 1607 1110; baseline 0.011 -3"><span class='ocrx_word' id='word_1_873' title='bbox 1327 1087 1344 1107; x_wconf 90' lang='lat' dir='ltr'>n</span> <span class='ocrx_word' id='word_1_874' title='bbox 1380 1088 1434 1110; x_wconf 88' lang='lat' dir='ltr'>iarn</span> <span class='ocrx_word' id='word_1_875' title='bbox 1449 1090 1478 1110; x_wconf 91' lang='lat' dir='ltr'>re</span> <span class='ocrx_word' id='word_1_876' title='bbox 1498 1090 1551 1110; x_wconf 81' lang='lat' dir='ltr'>eun</span> <span class='ocrx_word' id='word_1_877' title='bbox 1573 1090 1607 1109; x_wconf 94' lang='lat' dir='ltr'>o·</span> 
     </span>
    </p>

    <p class='ocr_par' dir='ltr' id='par_1_57' title="bbox 1299 1087 2364 1195">
     <span class='ocr_line' id='line_1_133' title="bbox 1338 1087 2364 1159; baseline 0.003 -12"><span class='ocrx_word' id='word_1_878' title='bbox 1338 1087 1376 1147; x_wconf 53' lang='lat' dir='ltr'>{t</span> <span class='ocrx_word' id='word_1_879' title='bbox 1391 1117 1459 1148; x_wconf 79' lang='lat' dir='ltr'>ideo</span> <span class='ocrx_word' id='word_1_880' title='bbox 1476 1119 1559 1149; x_wconf 87' lang='lat' dir='ltr'>vobis</span> <span class='ocrx_word' id='word_1_881' title='bbox 1574 1103 1756 1157; x_wconf 59' lang='lat' dir='ltr'>mandamus,</span> <span class='ocrx_word' id='word_1_882' title='bbox 1774 1116 1834 1153; x_wconf 60' lang='grc' dir='ltr'>ἀι.</span> <span class='ocrx_word' id='word_1_883' title='bbox 1849 1125 1880 1148; x_wconf 80' lang='lat' dir='ltr'>ut</span> <span class='ocrx_word' id='word_1_884' title='bbox 1895 1122 1924 1149; x_wconf 84' lang='lat' dir='ltr'>in</span> <span class='ocrx_word' id='word_1_885' title='bbox 1932 1116 2064 1159; x_wconf 79' lang='lat' dir='ltr'>similibus</span> <span class='ocrx_word' id='word_1_886' title='bbox 2084 1121 2116 1151; x_wconf 82' lang='lat' dir='ltr'>de</span> <span class='ocrx_word' id='word_1_887' title='bbox 2130 1121 2268 1151; x_wconf 66' lang='lat' dir='ltr'>eonducta</span> <span class='ocrx_word' id='word_1_888' title='bbox 2281 1121 2364 1150; x_wconf 74' lang='lat' dir='ltr'>Lite-</span> 
     </span>
     <span class='ocr_line' id='line_1_134' title="bbox 1299 1156 1823 1195; baseline 0.006 -12"><span class='ocrx_word' id='word_1_889' title='bbox 1299 1157 1337 1183; x_wconf 85' lang='lat' dir='ltr'>ris</span> <span class='ocrx_word' id='word_1_890' title='bbox 1371 1166 1429 1185; x_wconf 84' lang='lat' dir='ltr'>cum</span> <span class='ocrx_word' id='word_1_891' title='bbox 1441 1156 1493 1186; x_wconf 87' lang='lat' dir='ltr'>hac</span> <span class='ocrx_word' id='word_1_892' title='bbox 1509 1156 1634 1195; x_wconf 70' lang='lat' dir='ltr'>Clausala</span> <span class='ocrx_word' id='word_1_893' title='bbox 1655 1156 1823 1195; x_wconf 82' lang='lat' dir='ltr'>(videlicet),</span> 
     </span>
    </p>

    <p class='ocr_par' dir='ltr' id='par_1_58' title="bbox 1300 1177 2364 1351">
     <span class='ocr_line' id='line_1_135' title="bbox 1338 1177 2362 1236; baseline 0.005 -13"><span class='ocrx_word' id='word_1_894' title='bbox 1338 1177 1518 1226; x_wconf 67' lang='lat' dir='ltr'>bumtamen</span> <span class='ocrx_word' id='word_1_895' title='bbox 1531 1194 1648 1234; x_wconf 76' lang='lat' dir='ltr'>pacifice</span> <span class='ocrx_word' id='word_1_896' title='bbox 1664 1196 1689 1226; x_wconf 91' lang='lat' dir='ltr'>se</span> <span class='ocrx_word' id='word_1_897' title='bbox 1723 1205 1795 1235; x_wconf 85' lang='lat' dir='ltr'>erat,</span> <span class='ocrx_word' id='word_1_898' title='bbox 1812 1197 1846 1227; x_wconf 74' lang='grc' dir='ltr'>δε</span> <span class='ocrx_word' id='word_1_899' title='bbox 1870 1194 2025 1226; x_wconf 86' lang='lat' dir='ltr'>Monetam</span> <span class='ocrx_word' id='word_1_900' title='bbox 2046 1197 2081 1227; x_wconf 88' lang='lat' dir='ltr'>ali</span> <span class='ocrx_word' id='word_1_901' title='bbox 2103 1206 2185 1236; x_wconf 88' lang='lat' dir='ltr'>uam,</span> <span class='ocrx_word' id='word_1_902' title='bbox 2199 1197 2234 1229; x_wconf 88' lang='lat' dir='ltr'>de</span> <span class='ocrx_word' id='word_1_903' title='bbox 2254 1197 2362 1229; x_wconf 89' lang='lat' dir='ltr'>Cuneis</span> 
     </span>
     <span class='ocr_line' id='line_1_136' title="bbox 1300 1231 2361 1276; baseline 0.005 -15"><span class='ocrx_word' id='word_1_904' title='bbox 1300 1231 1403 1262; x_wconf 90' lang='lat' dir='ltr'>nostris</span> <span class='ocrx_word' id='word_1_905' title='bbox 1417 1232 1547 1274; x_wconf 76' lang='lat' dir='ltr'>Angliae,</span> <span class='ocrx_word' id='word_1_906' title='bbox 1567 1234 1679 1273; x_wconf 87' lang='lat' dir='ltr'>Arcus,</span> <span class='ocrx_word' id='word_1_907' title='bbox 1718 1236 1814 1272; x_wconf 73' lang='lat' dir='ltr'>agittas</span> <span class='ocrx_word' id='word_1_908' title='bbox 1823 1258 1832 1273; x_wconf 93' lang='lat'>,</span> <span class='ocrx_word' id='word_1_909' title='bbox 1848 1235 1891 1265; x_wconf 89' lang='lat' dir='ltr'>seu</span> <span class='ocrx_word' id='word_1_910' title='bbox 1907 1235 2069 1266; x_wconf 83' lang='lat' dir='ltr'>Armaturas</span> <span class='ocrx_word' id='word_1_911' title='bbox 2080 1246 2094 1266; x_wconf 88' lang='lat' dir='ltr'>a</span> <span class='ocrx_word' id='word_1_912' title='bbox 2106 1237 2199 1275; x_wconf 86' lang='lat' dir='ltr'>iquas,</span> <span class='ocrx_word' id='word_1_913' title='bbox 2213 1244 2259 1268; x_wconf 91' lang='lat' dir='ltr'>aut</span> <span class='ocrx_word' id='word_1_914' title='bbox 2272 1237 2361 1276; x_wconf 82' lang='lat' dir='ltr'>aliqua</span> 
     </span>
     <span class='ocr_line' id='line_1_137' title="bbox 1300 1270 2364 1313; baseline 0.007 -13"><span class='ocrx_word' id='word_1_915' title='bbox 1300 1270 1366 1310; x_wconf 84' lang='lat' dir='ltr'>alia,</span> <span class='ocrx_word' id='word_1_916' title='bbox 1384 1271 1484 1303; x_wconf 87' lang='lat' dir='ltr'>Nobis</span> <span class='ocrx_word' id='word_1_917' title='bbox 1498 1273 1531 1304; x_wconf 90' lang='lat'>&amp;</span> <span class='ocrx_word' id='word_1_918' title='bbox 1555 1273 1664 1310; x_wconf 87' lang='lat' dir='ltr'>Regno</span> <span class='ocrx_word' id='word_1_919' title='bbox 1687 1271 1787 1304; x_wconf 77' lang='lat' dir='ltr'>nostro</span> <span class='ocrx_word' id='word_1_920' title='bbox 1806 1273 2023 1313; x_wconf 83' lang='lat' dir='ltr'>praejudicialia‚</span> <span class='ocrx_word' id='word_1_921' title='bbox 2045 1274 2140 1306; x_wconf 89' lang='lat' dir='ltr'>secum</span> <span class='ocrx_word' id='word_1_922' title='bbox 2160 1284 2222 1306; x_wconf 90' lang='lat' dir='ltr'>non</span> <span class='ocrx_word' id='word_1_923' title='bbox 2241 1275 2364 1313; x_wconf 80' lang='lat' dir='ltr'>deferat,</span> 
     </span>
     <span class='ocr_line' id='line_1_138' title="bbox 1301 1309 1787 1351; baseline 0.006 -11"><span class='ocrx_word' id='word_1_924' title='bbox 1301 1309 1347 1340; x_wconf 89' lang='lat' dir='ltr'>seu</span> <span class='ocrx_word' id='word_1_925' title='bbox 1363 1310 1462 1341; x_wconf 88' lang='lat' dir='ltr'>deferri</span> <span class='ocrx_word' id='word_1_926' title='bbox 1477 1312 1560 1343; x_wconf 89' lang='lat' dir='ltr'>faciat</span> <span class='ocrx_word' id='word_1_927' title='bbox 1573 1313 1674 1351; x_wconf 89' lang='lat' dir='ltr'>quovis</span> <span class='ocrx_word' id='word_1_928' title='bbox 1685 1311 1787 1343; x_wconf 90' lang='lat' dir='ltr'>modo.</span> 
     </span>
    </p>

    <p class='ocr_par' dir='ltr' id='par_1_59' title="bbox 1333 1348 2035 1389">
     <span class='ocr_line' id='line_1_139' title="bbox 1333 1348 2035 1389; baseline 0.003 -9"><span class='ocrx_word' id='word_1_929' title='bbox 1333 1348 1368 1380; x_wconf 86' lang='lat' dir='ltr'>ln</span> <span class='ocrx_word' id='word_1_930' title='bbox 1382 1350 1475 1389; x_wconf 87' lang='lat' dir='ltr'>cujus,</span> <span class='ocrx_word' id='word_1_931' title='bbox 1492 1350 1554 1381; x_wconf 87' lang='lat' dir='ltr'>&amp;c.</span> <span class='ocrx_word' id='word_1_932' title='bbox 1572 1360 1622 1389; x_wconf 83' lang='lat' dir='ltr'>per</span> <span class='ocrx_word' id='word_1_933' title='bbox 1638 1361 1727 1382; x_wconf 82' lang='lat' dir='ltr'>unum</span> <span class='ocrx_word' id='word_1_934' title='bbox 1746 1352 1869 1382; x_wconf 88' lang='lat' dir='ltr'>Annum</span> <span class='ocrx_word' id='word_1_935' title='bbox 1882 1350 2035 1383; x_wconf 89' lang='lat' dir='ltr'>duraturas.</span> 
     </span>
    </p>

    <p class='ocr_par' dir='ltr' id='par_1_60' title="bbox 1371 1387 2345 1431">
     <span class='ocr_line' id='line_1_140' title="bbox 1371 1387 2345 1431; baseline 0.004 -12"><span class='ocrx_word' id='word_1_936' title='bbox 1371 1387 1461 1419; x_wconf 83' lang='lat' dir='ltr'>Teste</span> <span class='ocrx_word' id='word_1_937' title='bbox 1476 1388 1559 1429; x_wconf 88' lang='lat' dir='ltr'>Rege</span> <span class='ocrx_word' id='word_1_938' title='bbox 1574 1389 1646 1428; x_wconf 89' lang='lat' dir='ltr'>apud</span> <span class='ocrx_word' id='word_1_939' title='bbox 1662 1389 1968 1431; x_wconf 83' lang='lat' dir='ltr'>Westmonasterium,</span> <span class='ocrx_word' id='word_1_940' title='bbox 1985 1390 2100 1422; x_wconf 87' lang='lat' dir='ltr'>decimo</span> <span class='ocrx_word' id='word_1_941' title='bbox 2111 1390 2190 1422; x_wconf 76' lang='lat' dir='ltr'>sexto</span> <span class='ocrx_word' id='word_1_942' title='bbox 2201 1390 2248 1422; x_wconf 88' lang='lat' dir='ltr'>die</span> <span class='ocrx_word' id='word_1_943' title='bbox 2261 1390 2345 1424; x_wconf 87' lang='lat' dir='ltr'>Maii.</span> 
     </span>
    </p>
   </div>
   <div class='ocr_carea' id='block_1_37' title="bbox 2381 789 2496 861">
    <p class='ocr_par' dir='ltr' id='par_1_61' title="bbox 2381 789 2496 861">
     <span class='ocr_line' id='line_1_141' title="bbox 2381 789 2496 823; baseline 0.035 -11"><span class='ocrx_word' id='word_1_944' title='bbox 2381 789 2433 813; x_wconf 80' lang='lat' dir='ltr'>An.</span> <span class='ocrx_word' id='word_1_945' title='bbox 2447 795 2496 823; x_wconf 78' lang='lat'>43.</span> 
     </span>
     <span class='ocr_line' id='line_1_142' title="bbox 2381 828 2459 861; baseline 0.026 -11"><span class='ocrx_word' id='word_1_946' title='bbox 2381 828 2412 850; x_wconf 84' lang='lat' dir='ltr'>E.</span> <span class='ocrx_word' id='word_1_947' title='bbox 2433 834 2459 861; x_wconf 84' lang='lat'>3.</span> 
     </span>
    </p>
   </div>
   <div class='ocr_carea' id='block_1_38' title="bbox 2329 898 2459 975">
    <p class='ocr_par' dir='ltr' id='par_1_62' title="bbox 2329 898 2459 975">
     <span class='ocr_line' id='line_1_143' title="bbox 2329 898 2458 938; baseline 0.023 -11"><span class='ocrx_word' id='word_1_948' title='bbox 2329 898 2360 918; x_wconf 77' lang='lat' dir='ltr'><strong>m</strong></span> <span class='ocrx_word' id='word_1_949' title='bbox 2378 904 2409 928; x_wconf 85' lang='grc' dir='ltr'>Ε.</span> <span class='ocrx_word' id='word_1_950' title='bbox 2432 910 2458 938; x_wconf 84' lang='lat'>3.</span> 
     </span>
     <span class='ocr_line' id='line_1_144' title="bbox 2379 948 2459 975; baseline 0 -8"><span class='ocrx_word' id='word_1_951' title='bbox 2379 949 2417 968; x_wconf 89' lang='lat' dir='ltr'>m.</span> <span class='ocrx_word' id='word_1_952' title='bbox 2432 948 2459 975; x_wconf 89' lang='lat'>7.</span> 
     </span>
    </p>
   </div>
   <div class='ocr_carea' id='block_1_39' title="bbox 1735 1467 2231 1507">
    <p class='ocr_par' dir='ltr' id='par_1_63' title="bbox 1735 1467 2231 1507">
     <span class='ocr_line' id='line_1_145' title="bbox 1735 1467 2231 1507; baseline 0.006 -10"><span class='ocrx_word' id='word_1_953' title='bbox 1735 1468 1789 1497; x_wconf 86' lang='lat' dir='ltr'>Per</span> <span class='ocrx_word' id='word_1_954' title='bbox 1804 1467 1888 1507; x_wconf 76' lang='lat' dir='ltr'>ipsum</span> <span class='ocrx_word' id='word_1_955' title='bbox 1905 1469 2002 1506; x_wconf 75' lang='lat' dir='ltr'>Regem</span> <span class='ocrx_word' id='word_1_956' title='bbox 2020 1467 2060 1505; x_wconf 63' lang='grc' dir='ltr'>ὠ·</span> <span class='ocrx_word' id='word_1_957' title='bbox 2077 1468 2231 1500; x_wconf 78' lang='lat' dir='ltr'>concilium.</span> 
     </span>
    </p>
   </div>
   <div class='ocr_carea' id='block_1_40' title="bbox 1302 1588 2362 1641">
    <p class='ocr_par' dir='ltr' id='par_1_64' title="bbox 1302 1588 2362 1641">
     <span class='ocr_line' id='line_1_146' title="bbox 1302 1588 2362 1641; baseline 0.006 -16"><span class='ocrx_word' id='word_1_958' title='bbox 1302 1592 1350 1625; x_wconf 86' lang='lat' dir='ltr'>De</span> <span class='ocrx_word' id='word_1_959' title='bbox 1370 1588 1555 1637; x_wconf 82' lang='lat' dir='ltr'>Jocalibus‚</span> <span class='ocrx_word' id='word_1_960' title='bbox 1589 1602 1610 1624; x_wconf 84' lang='lat' dir='ltr'>a</span> <span class='ocrx_word' id='word_1_961' title='bbox 1631 1588 1768 1637; x_wconf 58' lang='lat' dir='ltr'>Philippa</span> <span class='ocrx_word' id='word_1_962' title='bbox 1792 1593 1906 1638; x_wconf 81' lang='lat' dir='ltr'>Regina</span> <span class='ocrx_word' id='word_1_963' title='bbox 1927 1591 1973 1626; x_wconf 80' lang='lat' dir='ltr'>ad</span> <span class='ocrx_word' id='word_1_964' title='bbox 1992 1592 2150 1640; x_wconf 73' lang='lat' dir='ltr'>Ductffam</span> <span class='ocrx_word' id='word_1_965' title='bbox 2170 1594 2362 1641; x_wconf 56' lang='lat' dir='ltr'>Hemnatae,</span> 
     </span>
    </p>
   </div>
   <div class='ocr_carea' id='block_1_41' title="bbox 1742 1639 1908 1674">
    <p class='ocr_par' dir='ltr' id='par_1_65' title="bbox 1742 1639 1908 1674">
     <span class='ocr_line' id='line_1_147' title="bbox 1742 1639 1908 1674; baseline 0.018 -3"><span class='ocrx_word' id='word_1_966' title='bbox 1742 1639 1908 1674; x_wconf 79' lang='lat' dir='ltr'>mittendis.</span> 
     </span>
    </p>
   </div>
   <div class='ocr_carea' id='block_1_42' title="bbox 1303 1724 2456 1780">
    <p class='ocr_par' dir='ltr' id='par_1_66' title="bbox 1303 1724 2456 1780">
     <span class='ocr_line' id='line_1_148' title="bbox 1303 1724 2456 1780; baseline 0.006 -26"><span class='ocrx_word' id='word_1_967' title='bbox 1303 1724 1429 1780; x_wconf 83' lang='lat' dir='ltr'>REX</span> <span class='ocrx_word' id='word_1_968' title='bbox 1445 1726 1580 1756; x_wconf 82' lang='lat' dir='ltr'>univerfis</span> <span class='ocrx_word' id='word_1_969' title='bbox 1601 1725 1635 1756; x_wconf 73' lang='grc' dir='ltr'>δε</span> <span class='ocrx_word' id='word_1_970' title='bbox 1654 1724 1694 1755; x_wconf 89' lang='lat' dir='ltr'>fin</span> <span class='ocrx_word' id='word_1_971' title='bbox 1734 1725 1766 1754; x_wconf 88' lang='lat' dir='ltr'>lis</span> <span class='ocrx_word' id='word_1_972' title='bbox 1788 1724 2033 1766; x_wconf 81' lang='lat' dir='ltr'>vicecomitibus,</span> <span class='ocrx_word' id='word_1_973' title='bbox 2056 1725 2219 1766; x_wconf 72' lang='lat' dir='ltr'>Maioribus</span> <span class='ocrx_word' id='word_1_974' title='bbox 2253 1728 2361 1762; x_wconf 89' lang='lat' dir='ltr'>Custu-</span> <span class='ocrx_word' id='word_1_975' title='bbox 2379 1746 2456 1778; x_wconf 43' lang='lat' dir='ltr'>Am·</span> 
     </span>
    </p>
   </div>
   <div class='ocr_carea' id='block_1_43' title="bbox 1381 1751 2360 1803">
    <p class='ocr_par' dir='ltr' id='par_1_67' title="bbox 1381 1751 2360 1803">
     <span class='ocr_line' id='line_1_149' title="bbox 1381 1751 2360 1803; baseline 0.005 -8"><span class='ocrx_word' id='word_1_976' title='bbox 1381 1765 1489 1803; x_wconf 84' lang='lat' dir='ltr'>mariis,</span> <span class='ocrx_word' id='word_1_977' title='bbox 1509 1763 1686 1795; x_wconf 87' lang='lat' dir='ltr'>Custodibus</span> <span class='ocrx_word' id='word_1_978' title='bbox 1721 1772 1836 1794; x_wconf 85' lang='lat' dir='ltr'>ortuum</span> <span class='ocrx_word' id='word_1_979' title='bbox 1857 1765 1891 1796; x_wconf 88' lang='lat'>&amp;</span> <span class='ocrx_word' id='word_1_980' title='bbox 1905 1764 2023 1796; x_wconf 84' lang='lat' dir='ltr'>aliorum</span> <span class='ocrx_word' id='word_1_981' title='bbox 2038 1765 2177 1797; x_wconf 39' lang='lat' dir='ltr'>locorum*</span> <span class='ocrx_word' id='word_1_982' title='bbox 2193 1751 2360 1800; x_wconf 65' lang='lat' dir='ltr'>Mantinie-</span> 
     </span>
    </p>
   </div>
   <div class='ocr_carea' id='block_1_44' title="bbox 1299 1787 2498 1942">
    <p class='ocr_par' dir='ltr' id='par_1_68' title="bbox 1299 1787 2498 1942">
     <span class='ocr_line' id='line_1_150' title="bbox 1299 1787 2489 1853; baseline 0.009 -21"><span class='ocrx_word' id='word_1_983' title='bbox 1299 1811 1375 1846; x_wconf 58' lang='lat' dir='ltr'>rugn,</span> <span class='ocrx_word' id='word_1_984' title='bbox 1394 1802 1522 1842; x_wconf 82' lang='lat' dir='ltr'>Ballivis,</span> <span class='ocrx_word' id='word_1_985' title='bbox 1538 1802 1694 1847; x_wconf 63' lang='lat' dir='ltr'>ministris,</span> <span class='ocrx_word' id='word_1_986' title='bbox 1711 1803 1743 1833; x_wconf 84' lang='lat'>&amp;</span> <span class='ocrx_word' id='word_1_987' title='bbox 1758 1802 1818 1834; x_wconf 67' lang='lat' dir='ltr'>aisis</span> <span class='ocrx_word' id='word_1_988' title='bbox 1832 1802 1976 1835; x_wconf 76' lang='lat' dir='ltr'>Fideiibus</span> <span class='ocrx_word' id='word_1_989' title='bbox 1987 1803 2057 1844; x_wconf 73' lang='lat' dir='ltr'>suis,</span> <span class='ocrx_word' id='word_1_990' title='bbox 2073 1804 2107 1835; x_wconf 77' lang='lat' dir='ltr'>ad</span> <span class='ocrx_word' id='word_1_991' title='bbox 2123 1814 2196 1843; x_wconf 79' lang='lat' dir='ltr'>quos</span> <span class='ocrx_word' id='word_1_992' title='bbox 2212 1807 2361 1844; x_wconf 69' lang='lat' dir='ltr'>praesentes</span> <span class='ocrx_word' id='word_1_993' title='bbox 2403 1787 2489 1853; x_wconf 59' lang='lat'><strong>23⁶9·</strong></span> 
     </span>
     <span class='ocr_line' id='line_1_151' title="bbox 1301 1828 2497 1890; baseline 0.01 -18"><span class='ocrx_word' id='word_1_994' title='bbox 1301 1841 1614 1887; x_wconf 29' lang='lat' dir='ltr'>Literaelpervenerint,</span> <span class='ocrx_word' id='word_1_995' title='bbox 1630 1841 1763 1873; x_wconf 89' lang='lat' dir='ltr'>Salutem.</span> <span class='ocrx_word' id='word_1_996' title='bbox 2377 1828 2408 1890; x_wconf 53' lang='grc' dir='ltr'>ἕ,</span> <span class='ocrx_word' id='word_1_997' title='bbox 2447 1836 2497 1864; x_wconf 59' lang='lat'>43⁶</span> 
     </span>
     <span class='ocr_line' id='line_1_152' title="bbox 1335 1874 2498 1942; baseline 0.019 -32"><span class='ocrx_word' id='word_1_998' title='bbox 1335 1880 1433 1911; x_wconf 86' lang='lat' dir='ltr'>Sciatis</span> <span class='ocrx_word' id='word_1_999' title='bbox 1447 1881 1525 1919; x_wconf 81' lang='lat' dir='ltr'>quod</span> <span class='ocrx_word' id='word_1_1000' title='bbox 1535 1904 1545 1919; x_wconf 91' lang='lat'>,</span> <span class='ocrx_word' id='word_1_1001' title='bbox 2377 1874 2498 1942; x_wconf 39' lang='grc' dir='ltr'>Ραιῗᾉς.</span> 
     </span>
    </p>
   </div>
   <div class='ocr_carea' id='block_1_45' title="bbox 1295 1917 2465 2346">
    <p class='ocr_par' dir='ltr' id='par_1_69' title="bbox 1299 1917 2458 2016">
     <span class='ocr_line' id='line_1_153' title="bbox 1337 1917 2410 1968; baseline 0.005 -18"><span class='ocrx_word' id='word_1_1002' title='bbox 1337 1918 1419 1964; x_wconf 68' lang='lat' dir='ltr'>Cum</span> <span class='ocrx_word' id='word_1_1003' title='bbox 1434 1919 1581 1964; x_wconf 78' lang='lat' dir='ltr'>Philippa,</span> <span class='ocrx_word' id='word_1_1004' title='bbox 1597 1918 1644 1950; x_wconf 87' lang='lat' dir='ltr'>Re</span> <span class='ocrx_word' id='word_1_1005' title='bbox 1664 1919 1709 1950; x_wconf 85' lang='lat' dir='ltr'>ina</span> <span class='ocrx_word' id='word_1_1006' title='bbox 1724 1917 1855 1963; x_wconf 77' lang='lat' dir='ltr'>Angliae‚</span> <span class='ocrx_word' id='word_1_1007' title='bbox 1870 1917 1996 1965; x_wconf 77' lang='lat' dir='ltr'>Consors</span> <span class='ocrx_word' id='word_1_1008' title='bbox 2009 1918 2104 1951; x_wconf 87' lang='lat' dir='ltr'>nostra</span> <span class='ocrx_word' id='word_1_1009' title='bbox 2122 1920 2274 1962; x_wconf 83' lang='lat' dir='ltr'>cariffima,</span> <span class='ocrx_word' id='word_1_1010' title='bbox 2294 1923 2361 1956; x_wconf 87' lang='lat' dir='ltr'>mit-</span> <span class='ocrx_word' id='word_1_1011' title='bbox 2380 1944 2410 1968; x_wconf 76' lang='lat' dir='ltr'>E.</span> 
     </span>
     <span class='ocr_line' id='line_1_154' title="bbox 1299 1952 2458 2016; baseline 0.001 -27"><span class='ocrx_word' id='word_1_1012' title='bbox 1299 1965 1340 1990; x_wconf 88' lang='lat' dir='ltr'>tat</span> <span class='ocrx_word' id='word_1_1013' title='bbox 1355 1958 1462 2003; x_wconf 62' lang='lat' dir='ltr'>diversa</span> <span class='ocrx_word' id='word_1_1014' title='bbox 1470 1958 1578 1998; x_wconf 81' lang='lat' dir='ltr'>Jocaiia</span> <span class='ocrx_word' id='word_1_1015' title='bbox 1593 1968 1643 1988; x_wconf 87' lang='lat' dir='ltr'>ver</span> <span class='ocrx_word' id='word_1_1016' title='bbox 1655 1968 1686 1988; x_wconf 84' lang='lat' dir='ltr'>us</span> <span class='ocrx_word' id='word_1_1017' title='bbox 1702 1956 2030 2003; x_wconf 67' lang='lat' dir='ltr'>DuciffamHolandiae,</span> <span class='ocrx_word' id='word_1_1018' title='bbox 2378 1984 2404 2016; x_wconf 31' lang='lat' dir='ltr'>p.</span> <span class='ocrx_word' id='word_1_1019' title='bbox 2421 1952 2458 2008; x_wconf 51' lang='grc' dir='ltr'>ᾗ·</span> 
     </span>
    </p>

    <p class='ocr_par' dir='ltr' id='par_1_70' title="bbox 1295 1995 2465 2346">
     <span class='ocr_line' id='line_1_155' title="bbox 1338 1995 2465 2048; baseline 0.005 -21"><span class='ocrx_word' id='word_1_1020' title='bbox 1338 1997 1517 2041; x_wconf 82' lang='lat' dir='ltr'>Suscepimus</span> <span class='ocrx_word' id='word_1_1021' title='bbox 1528 1996 1692 2042; x_wconf 68' lang='lat' dir='ltr'>johannem</span> <span class='ocrx_word' id='word_1_1022' title='bbox 1707 1995 1744 2027; x_wconf 84' lang='lat' dir='ltr'>de</span> <span class='ocrx_word' id='word_1_1023' title='bbox 1757 1995 1924 2036; x_wconf 87' lang='lat' dir='ltr'>Lyndowe,</span> <span class='ocrx_word' id='word_1_1024' title='bbox 1942 1996 2145 2041; x_wconf 25' lang='lat' dir='ltr'>Alunfabrum,</span> <span class='ocrx_word' id='word_1_1025' title='bbox 2162 1998 2276 2038; x_wconf 86' lang='lat' dir='ltr'>eundo,</span> <span class='ocrx_word' id='word_1_1026' title='bbox 2293 2010 2363 2032; x_wconf 90' lang='lat' dir='ltr'>cum</span> <span class='ocrx_word' id='word_1_1027' title='bbox 2385 2026 2412 2046; x_wconf 73' lang='lat' dir='ltr'><em>m</em></span> <span class='ocrx_word' id='word_1_1028' title='bbox 2438 2020 2465 2048; x_wconf 63' lang='lat'>5⁴</span> 
     </span>
     <span class='ocr_line' id='line_1_156' title="bbox 1295 2034 2422 2077; baseline 0.005 -12"><span class='ocrx_word' id='word_1_1029' title='bbox 1295 2034 1440 2074; x_wconf 84' lang='lat' dir='ltr'>Jocalibus</span> <span class='ocrx_word' id='word_1_1030' title='bbox 1455 2037 1610 2073; x_wconf 71' lang='lat' dir='ltr'>praedietis,</span> <span class='ocrx_word' id='word_1_1031' title='bbox 1628 2035 1719 2067; x_wconf 87' lang='lat' dir='ltr'>versus</span> <span class='ocrx_word' id='word_1_1032' title='bbox 1735 2036 1878 2074; x_wconf 67' lang='lat' dir='ltr'>praefatam</span> <span class='ocrx_word' id='word_1_1033' title='bbox 1894 2035 2061 2074; x_wconf 72' lang='lat' dir='ltr'>Ducrffam,</span> <span class='ocrx_word' id='word_1_1034' title='bbox 2081 2046 2149 2067; x_wconf 85' lang='lat' dir='ltr'>cum</span> <span class='ocrx_word' id='word_1_1035' title='bbox 2164 2047 2223 2068; x_wconf 87' lang='lat' dir='ltr'>uno</span> <span class='ocrx_word' id='word_1_1036' title='bbox 2230 2037 2316 2077; x_wconf 89' lang='lat' dir='ltr'>Equo</span> <span class='ocrx_word' id='word_1_1037' title='bbox 2330 2041 2365 2071; x_wconf 76' lang='grc' dir='ltr'>δε</span> <span class='ocrx_word' id='word_1_1038' title='bbox 2415 2041 2422 2048; x_wconf 95' lang='grc'><strong>”</strong></span> 
     </span>
     <span class='ocr_line' id='line_1_157' title="bbox 1298 2072 2363 2114; baseline 0.005 -10"><span class='ocrx_word' id='word_1_1039' title='bbox 1298 2075 1403 2105; x_wconf 86' lang='lat' dir='ltr'>decem</span> <span class='ocrx_word' id='word_1_1040' title='bbox 1420 2075 1527 2114; x_wconf 85' lang='lat' dir='ltr'>Libris,</span> <span class='ocrx_word' id='word_1_1041' title='bbox 1541 2085 1606 2114; x_wconf 86' lang='lat' dir='ltr'>quas</span> <span class='ocrx_word' id='word_1_1042' title='bbox 1621 2074 1696 2105; x_wconf 61' lang='lat' dir='ltr'>diei-a</span> <span class='ocrx_word' id='word_1_1043' title='bbox 1709 2073 1837 2104; x_wconf 84' lang='lat' dir='ltr'>Consors</span> <span class='ocrx_word' id='word_1_1044' title='bbox 1853 2072 1947 2104; x_wconf 82' lang='lat' dir='ltr'>nostra</span> <span class='ocrx_word' id='word_1_1045' title='bbox 1959 2075 1985 2105; x_wconf 91' lang='lat' dir='ltr'>ei</span> <span class='ocrx_word' id='word_1_1046' title='bbox 1999 2075 2094 2112; x_wconf 82' lang='lat' dir='ltr'>dedit,</span> <span class='ocrx_word' id='word_1_1047' title='bbox 2111 2076 2142 2105; x_wconf 90' lang='lat' dir='ltr'>in</span> <span class='ocrx_word' id='word_1_1048' title='bbox 2154 2076 2260 2106; x_wconf 83' lang='lat' dir='ltr'>salvum</span> <span class='ocrx_word' id='word_1_1049' title='bbox 2274 2078 2307 2108; x_wconf 89' lang='lat'>&amp;</span> <span class='ocrx_word' id='word_1_1050' title='bbox 2321 2078 2363 2110; x_wconf 89' lang='lat' dir='ltr'>se-</span> 
     </span>
     <span class='ocr_line' id='line_1_158' title="bbox 1299 2112 2364 2159; baseline 0.004 -15"><span class='ocrx_word' id='word_1_1051' title='bbox 1299 2123 1401 2144; x_wconf 88' lang='lat' dir='ltr'>curum</span> <span class='ocrx_word' id='word_1_1052' title='bbox 1426 2113 1614 2159; x_wconf 62' lang='lat' dir='ltr'>Condudtum</span> <span class='ocrx_word' id='word_1_1053' title='bbox 1628 2137 1638 2152; x_wconf 92' lang='lat'>,</span> <span class='ocrx_word' id='word_1_1054' title='bbox 1664 2122 1780 2147; x_wconf 83' lang='lat' dir='ltr'>necnon</span> <span class='ocrx_word' id='word_1_1055' title='bbox 1801 2114 1830 2143; x_wconf 91' lang='lat' dir='ltr'>in</span> <span class='ocrx_word' id='word_1_1056' title='bbox 1852 2112 2058 2145; x_wconf 87' lang='lat' dir='ltr'>Defensionem</span> <span class='ocrx_word' id='word_1_1057' title='bbox 2078 2115 2111 2144; x_wconf 89' lang='lat'>&amp;</span> <span class='ocrx_word' id='word_1_1058' title='bbox 2130 2113 2364 2157; x_wconf 69' lang='lat' dir='ltr'>Proteetionem,</span> 
     </span>
     <span class='ocr_line' id='line_1_159' title="bbox 1299 2152 2364 2236; baseline 0.004 -16"><span class='ocrx_word' id='word_1_1059' title='bbox 1299 2152 1748 2236; x_wconf 38' lang='lat' dir='ltr'>nosszqgggeggffibffimandamus&#39;</span> <span class='ocrx_word' id='word_1_1060' title='bbox 1767 2188 1828 2226; x_wconf 59' lang='lat' dir='ltr'>&amp;a</span> <span class='ocrx_word' id='word_1_1061' title='bbox 1846 2197 1878 2220; x_wconf 82' lang='lat' dir='ltr'>ut</span> <span class='ocrx_word' id='word_1_1062' title='bbox 1895 2193 1925 2221; x_wconf 80' lang='lat' dir='ltr'>in</span> <span class='ocrx_word' id='word_1_1063' title='bbox 1935 2189 2066 2230; x_wconf 79' lang='lat' dir='ltr'>fimilibus</span> <span class='ocrx_word' id='word_1_1064' title='bbox 2080 2191 2112 2221; x_wconf 86' lang='lat' dir='ltr'>de</span> <span class='ocrx_word' id='word_1_1065' title='bbox 2129 2192 2267 2223; x_wconf 66' lang='lat' dir='ltr'>ConduHu</span> <span class='ocrx_word' id='word_1_1066' title='bbox 2282 2195 2364 2224; x_wconf 78' lang='lat' dir='ltr'>Lite·</span> 
     </span>
     <span class='ocr_line' id='line_1_160' title="bbox 1297 2239 2361 2311; baseline 0.006 -14"><span class='ocrx_word' id='word_1_1067' title='bbox 1297 2239 1371 2297; x_wconf 67' lang='lat' dir='ltr'>min</span> <span class='ocrx_word' id='word_1_1068' title='bbox 1385 2269 1480 2307; x_wconf 85' lang='lat' dir='ltr'>cujus,</span> <span class='ocrx_word' id='word_1_1069' title='bbox 1501 2270 1561 2300; x_wconf 71' lang='grc' dir='ltr'>ὅτε.</span> <span class='ocrx_word' id='word_1_1070' title='bbox 1583 2269 1670 2307; x_wconf 81' lang='lat' dir='ltr'>usque</span> <span class='ocrx_word' id='word_1_1071' title='bbox 1688 2267 1722 2299; x_wconf 88' lang='lat' dir='ltr'>ad</span> <span class='ocrx_word' id='word_1_1072' title='bbox 1738 2266 1855 2298; x_wconf 85' lang='lat' dir='ltr'>Festum</span> <span class='ocrx_word' id='word_1_1073' title='bbox 1877 2267 2082 2300; x_wconf 86' lang='lat' dir='ltr'>Transsationis</span> <span class='ocrx_word' id='word_1_1074' title='bbox 2101 2268 2198 2300; x_wconf 73' lang='lat' dir='ltr'>Sanffl</span> <span class='ocrx_word' id='word_1_1075' title='bbox 2215 2269 2361 2311; x_wconf 85' lang='lat' dir='ltr'>Thomae,</span> 
     </span>
     <span class='ocr_line' id='line_1_161' title="bbox 1299 2308 1767 2346; baseline 0.002 -11"><span class='ocrx_word' id='word_1_1076' title='bbox 1299 2308 1432 2346; x_wconf 79' lang='lat' dir='ltr'>proximo</span> <span class='ocrx_word' id='word_1_1077' title='bbox 1448 2308 1596 2346; x_wconf 83' lang='lat' dir='ltr'>futurum,</span> <span class='ocrx_word' id='word_1_1078' title='bbox 1615 2308 1767 2338; x_wconf 84' lang='lat' dir='ltr'>duraturas.</span> 
     </span>
    </p>
   </div>
   <div class='ocr_carea' id='block_1_46' title="bbox 1335 2344 2328 2388">
    <p class='ocr_par' dir='ltr' id='par_1_71' title="bbox 1335 2344 2328 2388">
     <span class='ocr_line' id='line_1_162' title="bbox 1335 2344 2328 2388; baseline 0.003 -12"><span class='ocrx_word' id='word_1_1079' title='bbox 1335 2345 1423 2376; x_wconf 87' lang='lat' dir='ltr'>Teste</span> <span class='ocrx_word' id='word_1_1080' title='bbox 1436 2346 1518 2388; x_wconf 86' lang='lat' dir='ltr'>Rege</span> <span class='ocrx_word' id='word_1_1081' title='bbox 1533 2347 1606 2387; x_wconf 88' lang='lat' dir='ltr'>apud</span> <span class='ocrx_word' id='word_1_1082' title='bbox 1621 2344 1927 2384; x_wconf 87' lang='lat' dir='ltr'>Westmonasterium,</span> <span class='ocrx_word' id='word_1_1083' title='bbox 1944 2345 2080 2377; x_wconf 84' lang='lat' dir='ltr'>vicesimo</span> <span class='ocrx_word' id='word_1_1084' title='bbox 2095 2345 2173 2377; x_wconf 84' lang='lat' dir='ltr'>sexto</span> <span class='ocrx_word' id='word_1_1085' title='bbox 2185 2345 2232 2378; x_wconf 87' lang='lat' dir='ltr'>die</span> <span class='ocrx_word' id='word_1_1086' title='bbox 2247 2346 2328 2379; x_wconf 86' lang='lat' dir='ltr'>Maii.</span> 
     </span>
    </p>
   </div>
   <div class='ocr_carea' id='block_1_47' title="bbox 1968 2422 2194 2454">
    <p class='ocr_par' dir='ltr' id='par_1_72' title="bbox 1968 2422 2194 2454">
     <span class='ocr_line' id='line_1_163' title="bbox 1968 2422 2194 2454; baseline 0.004 -2"><span class='ocrx_word' id='word_1_1087' title='bbox 1968 2424 2023 2452; x_wconf 84' lang='lat' dir='ltr'>Per</span> <span class='ocrx_word' id='word_1_1088' title='bbox 2041 2422 2194 2454; x_wconf 71' lang='lat' dir='ltr'>concilium.</span> 
     </span>
    </p>
   </div>
   <div class='ocr_carea' id='block_1_48' title="bbox 1548 2546 2108 2594">
    <p class='ocr_par' dir='ltr' id='par_1_73' title="bbox 1548 2546 2108 2594">
     <span class='ocr_line' id='line_1_164' title="bbox 1548 2546 2108 2594; baseline -0.002 -12"><span class='ocrx_word' id='word_1_1089' title='bbox 1548 2550 1594 2582; x_wconf 90' lang='lat' dir='ltr'>De</span> <span class='ocrx_word' id='word_1_1090' title='bbox 1617 2551 1708 2582; x_wconf 88' lang='lat' dir='ltr'>Petra</span> <span class='ocrx_word' id='word_1_1091' title='bbox 1726 2558 1781 2594; x_wconf 89' lang='lat' dir='ltr'>pro</span> <span class='ocrx_word' id='word_1_1092' title='bbox 1804 2550 1936 2594; x_wconf 60' lang='lat' dir='ltr'>Ingenih</span> <span class='ocrx_word' id='word_1_1093' title='bbox 1956 2546 2108 2594; x_wconf 81' lang='lat' dir='ltr'>capienda.</span> 
     </span>
    </p>
   </div>
   <div class='ocr_carea' id='block_1_49' title="bbox 1296 2631 2510 2687">
    <p class='ocr_par' dir='ltr' id='par_1_74' title="bbox 1296 2631 2510 2687">
     <span class='ocr_line' id='line_1_165' title="bbox 1296 2631 2510 2687; baseline 0.002 -26"><span class='ocrx_word' id='word_1_1094' title='bbox 1296 2631 1414 2687; x_wconf 81' lang='lat' dir='ltr'>REX</span> <span class='ocrx_word' id='word_1_1095' title='bbox 1435 2633 1564 2664; x_wconf 82' lang='lat' dir='ltr'>universis</span> <span class='ocrx_word' id='word_1_1096' title='bbox 1578 2634 1611 2665; x_wconf 74' lang='grc' dir='ltr'>ὃς</span> <span class='ocrx_word' id='word_1_1097' title='bbox 1634 2633 1748 2671; x_wconf 83' lang='lat' dir='ltr'>fingulis</span> <span class='ocrx_word' id='word_1_1098' title='bbox 1767 2631 1996 2664; x_wconf 80' lang='lat' dir='ltr'>vicecomitibus</span> <span class='ocrx_word' id='word_1_1099' title='bbox 2014 2673 2019 2677; x_wconf 89' lang='lat'>.</span> <span class='ocrx_word' id='word_1_1100' title='bbox 2034 2631 2211 2671; x_wconf 85' lang='lat' dir='ltr'>Majoribus,</span> <span class='ocrx_word' id='word_1_1101' title='bbox 2229 2632 2356 2672; x_wconf 79' lang='lat' dir='ltr'>Ballivis,</span> <span class='ocrx_word' id='word_1_1102' title='bbox 2379 2644 2510 2678; x_wconf 46' lang='lat' dir='ltr'>Arm-D·</span> 
     </span>
    </p>
   </div>
   <div class='ocr_carea' id='block_1_50' title="bbox 1369 2671 2357 2711">
    <p class='ocr_par' dir='ltr' id='par_1_75' title="bbox 1369 2671 2357 2711">
     <span class='ocr_line' id='line_1_166' title="bbox 1369 2671 2357 2711; baseline 0.003 -11"><span class='ocrx_word' id='word_1_1103' title='bbox 1369 2671 1528 2711; x_wconf 86' lang='lat' dir='ltr'>Ministris,</span> <span class='ocrx_word' id='word_1_1104' title='bbox 1547 2673 1693 2710; x_wconf 64' lang='lat' dir='ltr'>Latomis,</span> <span class='ocrx_word' id='word_1_1105' title='bbox 1713 2672 1921 2710; x_wconf 79' lang='lat' dir='ltr'>Quarrerariis,</span> <span class='ocrx_word' id='word_1_1106' title='bbox 1939 2672 1972 2702; x_wconf 72' lang='grc' dir='ltr'>ὃ(</span> <span class='ocrx_word' id='word_1_1107' title='bbox 2012 2672 2045 2701; x_wconf 86' lang='lat' dir='ltr'>iis</span> <span class='ocrx_word' id='word_1_1108' title='bbox 2059 2671 2202 2702; x_wconf 73' lang='lat' dir='ltr'>Fidelibus</span> <span class='ocrx_word' id='word_1_1109' title='bbox 2214 2671 2283 2710; x_wconf 89' lang='lat' dir='ltr'>suis,</span> <span class='ocrx_word' id='word_1_1110' title='bbox 2298 2673 2357 2703; x_wconf 67' lang='lat' dir='ltr'>tam</span> 
     </span>
    </p>
   </div>
   <div class='ocr_carea' id='block_1_51' title="bbox 1294 2688 2487 2750">
    <p class='ocr_par' dir='ltr' id='par_1_76' title="bbox 1294 2688 2487 2750">
     <span class='ocr_line' id='line_1_167' title="bbox 1294 2688 2487 2750; baseline 0.003 -12"><span class='ocrx_word' id='word_1_1111' title='bbox 1294 2707 1367 2740; x_wconf 79' lang='lat' dir='ltr'>infra</span> <span class='ocrx_word' id='word_1_1112' title='bbox 1384 2710 1554 2750; x_wconf 82' lang='lat' dir='ltr'>Libertates,</span> <span class='ocrx_word' id='word_1_1113' title='bbox 1573 2720 1658 2750; x_wconf 88' lang='lat' dir='ltr'>quam</span> <span class='ocrx_word' id='word_1_1114' title='bbox 1674 2720 1768 2749; x_wconf 81' lang='lat' dir='ltr'>exn-a,</span> <span class='ocrx_word' id='word_1_1115' title='bbox 1785 2710 1820 2740; x_wconf 89' lang='lat' dir='ltr'>ad</span> <span class='ocrx_word' id='word_1_1116' title='bbox 1833 2719 1922 2749; x_wconf 87' lang='lat' dir='ltr'>quos,</span> <span class='ocrx_word' id='word_1_1117' title='bbox 1940 2710 2002 2741; x_wconf 89' lang='lat' dir='ltr'>&amp;c.</span> <span class='ocrx_word' id='word_1_1118' title='bbox 2020 2709 2155 2740; x_wconf 87' lang='lat' dir='ltr'>Salutem.</span> <span class='ocrx_word' id='word_1_1119' title='bbox 2401 2688 2477 2726; x_wconf 71' lang='lat'>13⁶9</span> <span class='ocrx_word' id='word_1_1120' title='bbox 2479 2706 2487 2715; x_wconf 85' lang='grc'><strong>”</strong></span> 
     </span>
    </p>
   </div>
   <div class='ocr_carea' id='block_1_52' title="bbox 1331 2728 2493 2798">
    <p class='ocr_par' dir='ltr' id='par_1_77' title="bbox 1331 2728 2493 2798">
     <span class='ocr_line' id='line_1_168' title="bbox 1331 2728 2493 2798; baseline 0.003 -20"><span class='ocrx_word' id='word_1_1121' title='bbox 1331 2748 1428 2778; x_wconf 82' lang='lat' dir='ltr'>Sciatis</span> <span class='ocrx_word' id='word_1_1122' title='bbox 1441 2751 1521 2787; x_wconf 80' lang='lat' dir='ltr'>quod</span> <span class='ocrx_word' id='word_1_1123' title='bbox 1532 2749 1744 2789; x_wconf 84' lang='lat' dir='ltr'>affignavimus,</span> <span class='ocrx_word' id='word_1_1124' title='bbox 1763 2748 1899 2779; x_wconf 69' lang='lat' dir='ltr'>dileCmm</span> <span class='ocrx_word' id='word_1_1125' title='bbox 1914 2749 2010 2787; x_wconf 89' lang='lat' dir='ltr'>nobis,</span> <span class='ocrx_word' id='word_1_1126' title='bbox 2028 2747 2181 2779; x_wconf 88' lang='lat' dir='ltr'>Simonem</span> <span class='ocrx_word' id='word_1_1127' title='bbox 2195 2748 2356 2780; x_wconf 89' lang='lat' dir='ltr'>AtteHalle</span> <span class='ocrx_word' id='word_1_1128' title='bbox 2375 2728 2493 2798; x_wconf 41' lang='lat' dir='ltr'>ssn&#39;3‘f3‘</span> 
     </span>
    </p>
   </div>
   <div class='ocr_carea' id='block_1_53' title="bbox 1291 2785 2472 3934">
    <p class='ocr_par' dir='ltr' id='par_1_78' title="bbox 1291 2785 2472 2971">
     <span class='ocr_line' id='line_1_169' title="bbox 1291 2785 2472 2830; baseline 0.002 -14"><span class='ocrx_word' id='word_1_1129' title='bbox 1291 2785 1324 2816; x_wconf 90' lang='lat' dir='ltr'>ad</span> <span class='ocrx_word' id='word_1_1130' title='bbox 1343 2787 1425 2816; x_wconf 81' lang='lat' dir='ltr'>Mille</span> <span class='ocrx_word' id='word_1_1131' title='bbox 1438 2789 1470 2818; x_wconf 85' lang='lat'>&amp;</span> <span class='ocrx_word' id='word_1_1132' title='bbox 1487 2789 1632 2819; x_wconf 88' lang='lat' dir='ltr'>Ducentas</span> <span class='ocrx_word' id='word_1_1133' title='bbox 1646 2787 1754 2825; x_wconf 89' lang='lat' dir='ltr'>Petras,</span> <span class='ocrx_word' id='word_1_1134' title='bbox 1774 2787 1956 2827; x_wconf 78' lang='lat' dir='ltr'>prolngeniis</span> <span class='ocrx_word' id='word_1_1135' title='bbox 1964 2786 2082 2825; x_wconf 88' lang='lat' dir='ltr'>nostris,</span> <span class='ocrx_word' id='word_1_1136' title='bbox 2100 2788 2130 2817; x_wconf 91' lang='lat' dir='ltr'>in</span> <span class='ocrx_word' id='word_1_1137' title='bbox 2139 2787 2250 2826; x_wconf 88' lang='lat' dir='ltr'>singulis</span> <span class='ocrx_word' id='word_1_1138' title='bbox 2259 2788 2355 2827; x_wconf 85' lang='lat' dir='ltr'>Qiar-</span> <span class='ocrx_word' id='word_1_1139' title='bbox 2406 2801 2472 2830; x_wconf 47' lang='grc' dir='ltr'>ΜΛ·</span> 
     </span>
     <span class='ocr_line' id='line_1_170' title="bbox 1292 2825 2354 2870; baseline 0.001 -15"><span class='ocrx_word' id='word_1_1140' title='bbox 1292 2827 1375 2861; x_wconf 81' lang='lat' dir='ltr'>reris,</span> <span class='ocrx_word' id='word_1_1141' title='bbox 1393 2827 1420 2855; x_wconf 89' lang='lat' dir='ltr'>in</span> <span class='ocrx_word' id='word_1_1142' title='bbox 1439 2825 1591 2858; x_wconf 83' lang='lat' dir='ltr'>Comitatu</span> <span class='ocrx_word' id='word_1_1143' title='bbox 1607 2825 1739 2865; x_wconf 87' lang='lat' dir='ltr'>Kantiae,</span> <span class='ocrx_word' id='word_1_1144' title='bbox 1754 2828 1811 2856; x_wconf 76' lang='lat' dir='ltr'>tam</span> <span class='ocrx_word' id='word_1_1145' title='bbox 1826 2826 1898 2856; x_wconf 88' lang='lat' dir='ltr'>infra</span> <span class='ocrx_word' id='word_1_1146' title='bbox 1909 2825 2078 2863; x_wconf 87' lang='lat' dir='ltr'>Libertates(</span> <span class='ocrx_word' id='word_1_1147' title='bbox 2097 2826 2182 2865; x_wconf 75' lang='lat' dir='ltr'>quam</span> <span class='ocrx_word' id='word_1_1148' title='bbox 2196 2835 2287 2865; x_wconf 86' lang='lat' dir='ltr'>exrra,</span> <span class='ocrx_word' id='word_1_1149' title='bbox 2306 2827 2354 2870; x_wconf 74' lang='lat' dir='ltr'>ubi</span> 
     </span>
     <span class='ocr_line' id='line_1_171' title="bbox 1296 2863 2356 2908; baseline 0.001 -15"><span class='ocrx_word' id='word_1_1150' title='bbox 1296 2864 1396 2894; x_wconf 80' lang='lat' dir='ltr'>melius</span> <span class='ocrx_word' id='word_1_1151' title='bbox 1416 2867 1543 2903; x_wconf 82' lang='lat' dir='ltr'>expedire</span> <span class='ocrx_word' id='word_1_1152' title='bbox 1565 2865 1683 2904; x_wconf 87' lang='lat' dir='ltr'>viderit,</span> <span class='ocrx_word' id='word_1_1153' title='bbox 1700 2875 1748 2902; x_wconf 84' lang='lat' dir='ltr'>pei·</span> <span class='ocrx_word' id='word_1_1154' title='bbox 1764 2865 1819 2903; x_wconf 89' lang='lat' dir='ltr'>Se,</span> <span class='ocrx_word' id='word_1_1155' title='bbox 1838 2864 1882 2896; x_wconf 91' lang='lat' dir='ltr'>vel</span> <span class='ocrx_word' id='word_1_1156' title='bbox 1906 2863 2065 2902; x_wconf 89' lang='lat' dir='ltr'>Deputatos</span> <span class='ocrx_word' id='word_1_1157' title='bbox 2086 2864 2164 2901; x_wconf 88' lang='lat' dir='ltr'>suos,</span> <span class='ocrx_word' id='word_1_1158' title='bbox 2182 2874 2251 2894; x_wconf 92' lang='lat' dir='ltr'>cum</span> <span class='ocrx_word' id='word_1_1159' title='bbox 2273 2874 2356 2908; x_wconf 81' lang='lat' dir='ltr'>omni</span> 
     </span>
     <span class='ocr_line' id='line_1_172' title="bbox 1294 2902 2356 2942; baseline -0.004 -6"><span class='ocrx_word' id='word_1_1160' title='bbox 1294 2903 1433 2933; x_wconf 75' lang='lat' dir='ltr'>celeritate</span> <span class='ocrx_word' id='word_1_1161' title='bbox 1449 2905 1504 2942; x_wconf 67' lang='lat' dir='ltr'>qua</span> <span class='ocrx_word' id='word_1_1162' title='bbox 1519 2904 1579 2936; x_wconf 89' lang='lat' dir='ltr'>fieri</span> <span class='ocrx_word' id='word_1_1163' title='bbox 1595 2905 1716 2942; x_wconf 87' lang='lat' dir='ltr'>poterit,</span> <span class='ocrx_word' id='word_1_1164' title='bbox 1733 2904 1766 2934; x_wconf 89' lang='lat' dir='ltr'>ad</span> <span class='ocrx_word' id='word_1_1165' title='bbox 1789 2913 1860 2940; x_wconf 84' lang='lat' dir='ltr'>opus</span> <span class='ocrx_word' id='word_1_1166' title='bbox 1876 2902 2008 2932; x_wconf 90' lang='lat' dir='ltr'>nostrum</span> <span class='ocrx_word' id='word_1_1167' title='bbox 2023 2902 2179 2932; x_wconf 84' lang='lat' dir='ltr'>emendum</span> <span class='ocrx_word' id='word_1_1168' title='bbox 2202 2903 2235 2932; x_wconf 90' lang='lat'>&amp;</span> <span class='ocrx_word' id='word_1_1169' title='bbox 2258 2912 2356 2940; x_wconf 76' lang='lat' dir='ltr'>prow-</span> 
     </span>
     <span class='ocr_line' id='line_1_173' title="bbox 1293 2941 1428 2971; baseline -0.007 0"><span class='ocrx_word' id='word_1_1170' title='bbox 1293 2941 1428 2971; x_wconf 90' lang='lat' dir='ltr'>dendum.</span> 
     </span>
    </p>

    <p class='ocr_par' dir='ltr' id='par_1_79' title="bbox 1294 2976 2359 3163">
     <span class='ocr_line' id='line_1_174' title="bbox 1332 2976 2357 3023; baseline 0.001 -14"><span class='ocrx_word' id='word_1_1171' title='bbox 1332 2979 1369 3010; x_wconf 90' lang='lat' dir='ltr'>Et</span> <span class='ocrx_word' id='word_1_1172' title='bbox 1391 2980 1425 3009; x_wconf 83' lang='lat' dir='ltr'>ad</span> <span class='ocrx_word' id='word_1_1173' title='bbox 1451 2980 1606 3018; x_wconf 87' lang='lat' dir='ltr'>Latomos,</span> <span class='ocrx_word' id='word_1_1174' title='bbox 1625 2979 1839 3019; x_wconf 83' lang='lat' dir='ltr'>Quarrerarios,</span> <span class='ocrx_word' id='word_1_1175' title='bbox 1858 2980 1891 3010; x_wconf 87' lang='lat'>&amp;</span> <span class='ocrx_word' id='word_1_1176' title='bbox 1915 2988 2015 3009; x_wconf 75' lang='lat' dir='ltr'>omnes</span> <span class='ocrx_word' id='word_1_1177' title='bbox 2037 2977 2106 3022; x_wconf 77' lang='lat' dir='ltr'>alios</span> <span class='ocrx_word' id='word_1_1178' title='bbox 2120 2976 2357 3023; x_wconf 61' lang='lat' dir='ltr'>Operarios„qui</span> 
     </span>
     <span class='ocr_line' id='line_1_175' title="bbox 1294 3016 2359 3058; baseline 0 -11"><span class='ocrx_word' id='word_1_1179' title='bbox 1294 3028 1349 3056; x_wconf 84' lang='lat' dir='ltr'>pro</span> <span class='ocrx_word' id='word_1_1180' title='bbox 1372 3018 1524 3058; x_wconf 84' lang='lat' dir='ltr'>Aptatione</span> <span class='ocrx_word' id='word_1_1181' title='bbox 1548 3018 1695 3049; x_wconf 86' lang='lat' dir='ltr'>Petrarum</span> <span class='ocrx_word' id='word_1_1182' title='bbox 1712 3017 1911 3056; x_wconf 59' lang='lat' dir='ltr'>praediehrum</span> <span class='ocrx_word' id='word_1_1183' title='bbox 1931 3016 2070 3047; x_wconf 79' lang='lat' dir='ltr'>necessarii</span> <span class='ocrx_word' id='word_1_1184' title='bbox 2089 3016 2216 3055; x_wconf 83' lang='lat' dir='ltr'>fuerint,</span> <span class='ocrx_word' id='word_1_1185' title='bbox 2245 3027 2359 3056; x_wconf 84' lang='lat' dir='ltr'>capien-</span> 
     </span>
     <span class='ocr_line' id='line_1_176' title="bbox 1294 3053 2359 3096; baseline 0.002 -11"><span class='ocrx_word' id='word_1_1186' title='bbox 1294 3057 1381 3095; x_wconf 91' lang='lat' dir='ltr'>dum,</span> <span class='ocrx_word' id='word_1_1187' title='bbox 1400 3058 1433 3088; x_wconf 88' lang='lat'>&amp;</span> <span class='ocrx_word' id='word_1_1188' title='bbox 1447 3058 1476 3086; x_wconf 91' lang='lat' dir='ltr'>in</span> <span class='ocrx_word' id='word_1_1189' title='bbox 1493 3058 1648 3096; x_wconf 82' lang='lat' dir='ltr'>Qarreriis</span> <span class='ocrx_word' id='word_1_1190' title='bbox 1662 3056 1802 3094; x_wconf 68' lang='lat' dir='ltr'>praedietis</span> <span class='ocrx_word' id='word_1_1191' title='bbox 1815 3053 1996 3093; x_wconf 87' lang='lat' dir='ltr'>ponendum,</span> <span class='ocrx_word' id='word_1_1192' title='bbox 2014 3054 2120 3085; x_wconf 87' lang='lat' dir='ltr'>ibidem</span> <span class='ocrx_word' id='word_1_1193' title='bbox 2143 3054 2177 3084; x_wconf 89' lang='lat' dir='ltr'>ad</span> <span class='ocrx_word' id='word_1_1194' title='bbox 2193 3054 2282 3085; x_wconf 87' lang='lat' dir='ltr'>Vadia</span> <span class='ocrx_word' id='word_1_1195' title='bbox 2302 3066 2359 3087; x_wconf 90' lang='lat' dir='ltr'>no-</span> 
     </span>
     <span class='ocr_line' id='line_1_177' title="bbox 1295 3092 2359 3134; baseline 0.001 -10"><span class='ocrx_word' id='word_1_1196' title='bbox 1295 3095 1349 3125; x_wconf 84' lang='lat' dir='ltr'>stra</span> <span class='ocrx_word' id='word_1_1197' title='bbox 1364 3119 1373 3133; x_wconf 82' lang='lat'>,</span> <span class='ocrx_word' id='word_1_1198' title='bbox 1399 3096 1478 3133; x_wconf 87' lang='lat' dir='ltr'>super</span> <span class='ocrx_word' id='word_1_1199' title='bbox 1499 3097 1650 3134; x_wconf 87' lang='lat' dir='ltr'>Aptatione</span> <span class='ocrx_word' id='word_1_1200' title='bbox 1672 3095 1813 3125; x_wconf 69' lang='lat' dir='ltr'>dietarum</span> <span class='ocrx_word' id='word_1_1201' title='bbox 1836 3093 1983 3123; x_wconf 87' lang='lat' dir='ltr'>Petrarum</span> <span class='ocrx_word' id='word_1_1202' title='bbox 1998 3116 2008 3131; x_wconf 92' lang='lat'>,</span> <span class='ocrx_word' id='word_1_1203' title='bbox 2035 3092 2168 3133; x_wconf 88' lang='lat' dir='ltr'>quamdiu</span> <span class='ocrx_word' id='word_1_1204' title='bbox 2189 3094 2359 3134; x_wconf 84' lang='lat' dir='ltr'>indiguerit,</span> 
     </span>
     <span class='ocr_line' id='line_1_178' title="bbox 1297 3142 1455 3163; baseline -0.006 0"><span class='ocrx_word' id='word_1_1205' title='bbox 1297 3142 1455 3163; x_wconf 88' lang='lat' dir='ltr'>moraturos</span> 
     </span>
    </p>

    <p class='ocr_par' dir='ltr' id='par_1_80' title="bbox 1297 3157 2359 3316">
     <span class='ocr_line' id='line_1_179' title="bbox 1335 3157 2358 3210; baseline 0.002 -9"><span class='ocrx_word' id='word_1_1206' title='bbox 1335 3171 1372 3201; x_wconf 92' lang='lat' dir='ltr'>Et</span> <span class='ocrx_word' id='word_1_1207' title='bbox 1388 3171 1421 3201; x_wconf 90' lang='lat' dir='ltr'>ad</span> <span class='ocrx_word' id='word_1_1208' title='bbox 1435 3157 1574 3202; x_wconf 82' lang='lat' dir='ltr'>su’fficiens</span> <span class='ocrx_word' id='word_1_1209' title='bbox 1586 3170 1765 3210; x_wconf 82' lang='lat' dir='ltr'>Cariagium‚</span> <span class='ocrx_word' id='word_1_1210' title='bbox 1783 3179 1836 3209; x_wconf 91' lang='lat' dir='ltr'>pro</span> <span class='ocrx_word' id='word_1_1211' title='bbox 1843 3169 1934 3201; x_wconf 86' lang='lat' dir='ltr'>Petris</span> <span class='ocrx_word' id='word_1_1212' title='bbox 1946 3169 1998 3200; x_wconf 87' lang='lat' dir='ltr'>illis</span> <span class='ocrx_word' id='word_1_1213' title='bbox 2011 3169 2095 3210; x_wconf 89' lang='lat' dir='ltr'>usque</span> <span class='ocrx_word' id='word_1_1214' title='bbox 2102 3169 2223 3201; x_wconf 86' lang='lat' dir='ltr'>Turrim</span> <span class='ocrx_word' id='word_1_1215' title='bbox 2231 3170 2358 3203; x_wconf 87' lang='lat' dir='ltr'>nostram</span> 
     </span>
     <span class='ocr_line' id='line_1_180' title="bbox 1298 3209 2359 3249; baseline 0.001 -10"><span class='ocrx_word' id='word_1_1216' title='bbox 1298 3209 1480 3247; x_wconf 81' lang='lat' dir='ltr'>Londoniae,</span> <span class='ocrx_word' id='word_1_1217' title='bbox 1501 3214 1515 3226; x_wconf 73' lang='lat'>³·</span> <span class='ocrx_word' id='word_1_1218' title='bbox 1535 3211 1594 3240; x_wconf 80' lang='lat' dir='ltr'>tam</span> <span class='ocrx_word' id='word_1_1219' title='bbox 1608 3219 1658 3249; x_wconf 88' lang='lat' dir='ltr'>per</span> <span class='ocrx_word' id='word_1_1220' title='bbox 1669 3210 1810 3246; x_wconf 87' lang='lat' dir='ltr'>Terram,</span> <span class='ocrx_word' id='word_1_1221' title='bbox 1827 3209 1911 3246; x_wconf 67' lang='lat' dir='ltr'>qu‘am</span> <span class='ocrx_word' id='word_1_1222' title='bbox 1934 3219 1982 3247; x_wconf 87' lang='lat' dir='ltr'>per</span> <span class='ocrx_word' id='word_1_1223' title='bbox 1997 3209 2129 3248; x_wconf 86' lang='lat' dir='ltr'>Aquam,</span> <span class='ocrx_word' id='word_1_1224' title='bbox 2146 3209 2297 3249; x_wconf 87' lang='lat' dir='ltr'>ducendis,</span> <span class='ocrx_word' id='word_1_1225' title='bbox 2313 3211 2359 3240; x_wconf 91' lang='lat' dir='ltr'>in-</span> 
     </span>
     <span class='ocr_line' id='line_1_181' title="bbox 1297 3247 2358 3316; baseline 0.001 -38"><span class='ocrx_word' id='word_1_1226' title='bbox 1297 3248 1336 3292; x_wconf 78' lang='lat' dir='ltr'>fra</span> <span class='ocrx_word' id='word_1_1227' title='bbox 1360 3248 1530 3316; x_wconf 61' lang='grc' dir='ltr'>ΙᾶᾹὺεηεῑεε,</span> <span class='ocrx_word' id='word_1_1228' title='bbox 1548 3250 1581 3280; x_wconf 90' lang='lat'>&amp;</span> <span class='ocrx_word' id='word_1_1229' title='bbox 1605 3257 1679 3279; x_wconf 84' lang='lat' dir='ltr'>exrra</span> <span class='ocrx_word' id='word_1_1230' title='bbox 1696 3248 1808 3283; x_wconf 90' lang='lat' dir='ltr'>(Feodo</span> <span class='ocrx_word' id='word_1_1231' title='bbox 1831 3247 1966 3279; x_wconf 84' lang='lat' dir='ltr'>Ecclesiae</span> <span class='ocrx_word' id='word_1_1232' title='bbox 1991 3247 2138 3279; x_wconf 86' lang='lat' dir='ltr'>dumtaxat</span> <span class='ocrx_word' id='word_1_1233' title='bbox 2163 3256 2358 3288; x_wconf 74' lang='lat' dir='ltr'>except01ca-</span> 
     </span>
    </p>

    <p class='ocr_par' dir='ltr' id='par_1_81' title="bbox 1295 3296 2362 3402">
     <span class='ocr_line' id='line_1_182' title="bbox 1315 3296 1431 3316; baseline -0.009 0"><span class='ocrx_word' id='word_1_1234' title='bbox 1315 3296 1359 3316; x_wconf 85' lang='lat' dir='ltr'>ien</span> <span class='ocrx_word' id='word_1_1235' title='bbox 1381 3297 1431 3316; x_wconf 88' lang='lat' dir='ltr'>um</span> 
     </span>
     <span class='ocr_line' id='line_1_183' title="bbox 1295 3296 2362 3365; baseline 0.004 -11"><span class='ocrx_word' id='word_1_1236' title='bbox 1295 3296 1313 3324; x_wconf 71' lang='lat' dir='ltr'>p</span> <span class='ocrx_word' id='word_1_1237' title='bbox 1336 3325 1377 3354; x_wconf 85' lang='lat' dir='ltr'>Ita</span> <span class='ocrx_word' id='word_1_1238' title='bbox 1392 3310 1472 3362; x_wconf 54' lang='lat' dir='ltr'>quod</span> <span class='ocrx_word' id='word_1_1239' title='bbox 1488 3325 1540 3355; x_wconf 90' lang='lat' dir='ltr'>sint</span> <span class='ocrx_word' id='word_1_1240' title='bbox 1555 3325 1677 3363; x_wconf 89' lang='lat' dir='ltr'>ibidem,</span> <span class='ocrx_word' id='word_1_1241' title='bbox 1695 3325 1772 3355; x_wconf 87' lang='lat' dir='ltr'>circa</span> <span class='ocrx_word' id='word_1_1242' title='bbox 1793 3324 1910 3355; x_wconf 90' lang='lat' dir='ltr'>Festum</span> <span class='ocrx_word' id='word_1_1243' title='bbox 1930 3323 2094 3355; x_wconf 86' lang='lat' dir='ltr'>Nativitatis</span> <span class='ocrx_word' id='word_1_1244' title='bbox 2112 3324 2209 3355; x_wconf 69' lang='lat' dir='ltr'>Sancii</span> <span class='ocrx_word' id='word_1_1245' title='bbox 2222 3324 2362 3365; x_wconf 85' lang='lat' dir='ltr'>Johannis</span> 
     </span>
     <span class='ocr_line' id='line_1_184' title="bbox 1296 3362 2282 3402; baseline -0.001 -7"><span class='ocrx_word' id='word_1_1246' title='bbox 1296 3362 1445 3402; x_wconf 64' lang='lat' dir='ltr'>Baptistae,</span> <span class='ocrx_word' id='word_1_1247' title='bbox 1463 3365 1596 3401; x_wconf 80' lang='lat' dir='ltr'>proximo</span> <span class='ocrx_word' id='word_1_1248' title='bbox 1612 3369 1754 3402; x_wconf 68' lang='lat' dir='ltr'>futurum,</span> <span class='ocrx_word' id='word_1_1249' title='bbox 1773 3364 1818 3394; x_wconf 87' lang='lat' dir='ltr'>vel</span> <span class='ocrx_word' id='word_1_1250' title='bbox 1833 3365 1861 3393; x_wconf 91' lang='lat' dir='ltr'>in</span> <span class='ocrx_word' id='word_1_1251' title='bbox 1875 3363 1976 3393; x_wconf 89' lang='lat' dir='ltr'>eodem</span> <span class='ocrx_word' id='word_1_1252' title='bbox 1991 3363 2074 3393; x_wconf 82' lang='lat' dir='ltr'>Festo</span> <span class='ocrx_word' id='word_1_1253' title='bbox 2087 3363 2120 3393; x_wconf 91' lang='lat' dir='ltr'>ad</span> <span class='ocrx_word' id='word_1_1254' title='bbox 2132 3363 2282 3402; x_wconf 88' lang='lat' dir='ltr'>ultimum,</span> 
     </span>
    </p>

    <p class='ocr_par' dir='ltr' id='par_1_82' title="bbox 1297 3402 2377 3548">
     <span class='ocr_line' id='line_1_185' title="bbox 1337 3402 2360 3441; baseline 0.002 -8"><span class='ocrx_word' id='word_1_1255' title='bbox 1337 3402 1469 3433; x_wconf 90' lang='lat' dir='ltr'>Necnon</span> <span class='ocrx_word' id='word_1_1256' title='bbox 1483 3402 1516 3433; x_wconf 90' lang='lat' dir='ltr'>ad</span> <span class='ocrx_word' id='word_1_1257' title='bbox 1531 3413 1631 3433; x_wconf 91' lang='lat' dir='ltr'>omnes</span> <span class='ocrx_word' id='word_1_1258' title='bbox 1644 3403 1723 3441; x_wconf 87' lang='lat' dir='ltr'>illos,</span> <span class='ocrx_word' id='word_1_1259' title='bbox 1743 3412 1812 3440; x_wconf 89' lang='lat' dir='ltr'>quos</span> <span class='ocrx_word' id='word_1_1260' title='bbox 1832 3403 1860 3432; x_wconf 91' lang='lat' dir='ltr'>in</span> <span class='ocrx_word' id='word_1_1261' title='bbox 1881 3403 1932 3432; x_wconf 89' lang='lat' dir='ltr'>hac</span> <span class='ocrx_word' id='word_1_1262' title='bbox 1950 3410 2028 3439; x_wconf 86' lang='lat' dir='ltr'>parre</span> <span class='ocrx_word' id='word_1_1263' title='bbox 2046 3403 2202 3432; x_wconf 82' lang='lat' dir='ltr'>contrarios</span> <span class='ocrx_word' id='word_1_1264' title='bbox 2222 3403 2360 3435; x_wconf 85' lang='lat' dir='ltr'>invenerit</span> 
     </span>
     <span class='ocr_line' id='line_1_186' title="bbox 1298 3439 2377 3480; baseline 0.002 -10"><span class='ocrx_word' id='word_1_1265' title='bbox 1298 3439 1343 3470; x_wconf 93' lang='lat' dir='ltr'>seu</span> <span class='ocrx_word' id='word_1_1266' title='bbox 1362 3441 1508 3479; x_wconf 77' lang='lat' dir='ltr'>Rebesses,</span> <span class='ocrx_word' id='word_1_1267' title='bbox 1525 3441 1721 3479; x_wconf 70' lang='lat' dir='ltr'>arestandum,</span> <span class='ocrx_word' id='word_1_1268' title='bbox 1738 3442 1774 3472; x_wconf 75' lang='grc' dir='ltr'>δε,</span> <span class='ocrx_word' id='word_1_1269' title='bbox 1794 3440 1914 3471; x_wconf 88' lang='lat' dir='ltr'>Prisonis</span> <span class='ocrx_word' id='word_1_1270' title='bbox 1929 3440 2031 3470; x_wconf 87' lang='lat' dir='ltr'>nostris</span> <span class='ocrx_word' id='word_1_1271' title='bbox 2051 3441 2310 3480; x_wconf 78' lang='lat' dir='ltr'>committendum,</span> <span class='ocrx_word' id='word_1_1272' title='bbox 2329 3443 2377 3472; x_wconf 48' lang='lat' dir='ltr'>in*</span> 
     </span>
     <span class='ocr_line' id='line_1_187' title="bbox 1299 3478 2362 3548; baseline 0.002 -40"><span class='ocrx_word' id='word_1_1273' title='bbox 1299 3480 1403 3509; x_wconf 91' lang='lat' dir='ltr'>eisdem</span> <span class='ocrx_word' id='word_1_1274' title='bbox 1417 3488 1577 3548; x_wconf 46' lang='lat' dir='ltr'>&lt;rinoraturos</span> <span class='ocrx_word' id='word_1_1275' title='bbox 1587 3505 1596 3519; x_wconf 80' lang='lat'>,</span> <span class='ocrx_word' id='word_1_1276' title='bbox 1612 3481 1758 3519; x_wconf 83' lang='lat' dir='ltr'>quousque</span> <span class='ocrx_word' id='word_1_1277' title='bbox 1770 3479 1805 3509; x_wconf 88' lang='lat' dir='ltr'>de</span> <span class='ocrx_word' id='word_1_1278' title='bbox 1820 3489 1919 3510; x_wconf 90' lang='lat' dir='ltr'>eorum</span> <span class='ocrx_word' id='word_1_1279' title='bbox 1935 3478 2091 3510; x_wconf 85' lang='lat' dir='ltr'>Punitione</span> <span class='ocrx_word' id='word_1_1280' title='bbox 2106 3479 2183 3510; x_wconf 87' lang='lat' dir='ltr'>aliter</span> <span class='ocrx_word' id='word_1_1281' title='bbox 2202 3479 2362 3511; x_wconf 86' lang='lat' dir='ltr'>duxerimus</span> 
     </span>
     <span class='ocr_line' id='line_1_188' title="bbox 1297 3519 1503 3548; baseline 0.005 -1"><span class='ocrx_word' id='word_1_1282' title='bbox 1297 3519 1415 3548; x_wconf 80' lang='lat' dir='ltr'>ordinari</span> <span class='ocrx_word' id='word_1_1283' title='bbox 1438 3528 1503 3548; x_wconf 89' lang='lat' dir='ltr'>um·</span> 
     </span>
    </p>

    <p class='ocr_par' dir='ltr' id='par_1_83' title="bbox 1298 3543 2358 3826">
     <span class='ocr_line' id='line_1_189' title="bbox 1337 3543 2358 3600; baseline -0.001 -13"><span class='ocrx_word' id='word_1_1284' title='bbox 1337 3556 1373 3587; x_wconf 88' lang='lat' dir='ltr'>Et</span> <span class='ocrx_word' id='word_1_1285' title='bbox 1393 3557 1458 3588; x_wconf 80' lang='lat' dir='ltr'>ideo</span> <span class='ocrx_word' id='word_1_1286' title='bbox 1476 3543 1574 3594; x_wconf 66' lang='lat' dir='ltr'>vobis,</span> <span class='ocrx_word' id='word_1_1287' title='bbox 1592 3557 1626 3587; x_wconf 86' lang='lat'>&amp;</span> <span class='ocrx_word' id='word_1_1288' title='bbox 1645 3557 1760 3587; x_wconf 89' lang='lat' dir='ltr'>cuilibet</span> <span class='ocrx_word' id='word_1_1289' title='bbox 1779 3555 1919 3594; x_wconf 78' lang='lat' dir='ltr'>vestrum,</span> <span class='ocrx_word' id='word_1_1290' title='bbox 1943 3555 1993 3586; x_wconf 93' lang='lat' dir='ltr'>sub</span> <span class='ocrx_word' id='word_1_1291' title='bbox 2015 3554 2203 3600; x_wconf 60' lang='lat' dir='ltr'>Forissaffimra</span> <span class='ocrx_word' id='word_1_1292' title='bbox 2224 3556 2358 3586; x_wconf 87' lang='lat' dir='ltr'>omnium</span> 
     </span>
     <span class='ocr_line' id='line_1_190' title="bbox 1299 3594 2358 3634; baseline -0.002 -9"><span class='ocrx_word' id='word_1_1293' title='bbox 1299 3605 1363 3634; x_wconf 79' lang='lat' dir='ltr'>quae</span> <span class='ocrx_word' id='word_1_1294' title='bbox 1383 3597 1465 3625; x_wconf 88' lang='lat' dir='ltr'>nobis</span> <span class='ocrx_word' id='word_1_1295' title='bbox 1483 3596 1642 3626; x_wconf 85' lang='lat' dir='ltr'>forisfacere</span> <span class='ocrx_word' id='word_1_1296' title='bbox 1665 3596 1806 3633; x_wconf 83' lang='lat' dir='ltr'>poteritis,</span> <span class='ocrx_word' id='word_1_1297' title='bbox 1823 3595 2003 3631; x_wconf 85' lang='lat' dir='ltr'>mandamus,</span> <span class='ocrx_word' id='word_1_1298' title='bbox 2031 3594 2148 3624; x_wconf 84' lang='lat' dir='ltr'>firmiter</span> <span class='ocrx_word' id='word_1_1299' title='bbox 2164 3595 2358 3632; x_wconf 79' lang='lat' dir='ltr'>injungentes,</span> 
     </span>
     <span class='ocr_line' id='line_1_191' title="bbox 1300 3631 2358 3675; baseline -0.002 -12"><span class='ocrx_word' id='word_1_1300' title='bbox 1300 3635 1379 3671; x_wconf 80' lang='lat' dir='ltr'>quod</span> <span class='ocrx_word' id='word_1_1301' title='bbox 1394 3634 1486 3664; x_wconf 86' lang='lat' dir='ltr'>eidem</span> <span class='ocrx_word' id='word_1_1302' title='bbox 1497 3635 1632 3672; x_wconf 77' lang='lat' dir='ltr'>Simoni,</span> <span class='ocrx_word' id='word_1_1303' title='bbox 1650 3634 1682 3664; x_wconf 90' lang='lat'>&amp;</span> <span class='ocrx_word' id='word_1_1304' title='bbox 1698 3633 1848 3671; x_wconf 87' lang='lat' dir='ltr'>Deputatis</span> <span class='ocrx_word' id='word_1_1305' title='bbox 1860 3633 1910 3663; x_wconf 89' lang='lat' dir='ltr'>suis</span> <span class='ocrx_word' id='word_1_1306' title='bbox 1922 3633 2077 3672; x_wconf 68' lang='lat' dir='ltr'>praediffls,</span> <span class='ocrx_word' id='word_1_1307' title='bbox 2095 3634 2125 3662; x_wconf 91' lang='lat' dir='ltr'>in</span> <span class='ocrx_word' id='word_1_1308' title='bbox 2140 3631 2282 3675; x_wconf 63' lang='lat' dir='ltr'>praemissis</span> <span class='ocrx_word' id='word_1_1309' title='bbox 2290 3641 2358 3661; x_wconf 90' lang='lat' dir='ltr'>om-</span> 
     </span>
     <span class='ocr_line' id='line_1_192' title="bbox 1298 3668 2358 3712; baseline -0.001 -11"><span class='ocrx_word' id='word_1_1310' title='bbox 1298 3673 1381 3702; x_wconf 88' lang='lat' dir='ltr'>nibus</span> <span class='ocrx_word' id='word_1_1311' title='bbox 1396 3673 1428 3703; x_wconf 85' lang='lat'>&amp;</span> <span class='ocrx_word' id='word_1_1312' title='bbox 1443 3673 1552 3711; x_wconf 87' lang='lat' dir='ltr'>singulis</span> <span class='ocrx_word' id='word_1_1313' title='bbox 1566 3671 1698 3702; x_wconf 88' lang='lat' dir='ltr'>faciendis</span> <span class='ocrx_word' id='word_1_1314' title='bbox 1719 3673 1752 3702; x_wconf 90' lang='lat'>&amp;</span> <span class='ocrx_word' id='word_1_1315' title='bbox 1767 3672 1950 3710; x_wconf 72' lang='lat' dir='ltr'>exequendis,</span> <span class='ocrx_word' id='word_1_1316' title='bbox 1968 3670 2146 3701; x_wconf 86' lang='lat' dir='ltr'>Intendentes</span> <span class='ocrx_word' id='word_1_1317' title='bbox 2161 3670 2227 3712; x_wconf 78' lang='lat' dir='ltr'>sitiS,</span> <span class='ocrx_word' id='word_1_1318' title='bbox 2245 3668 2358 3700; x_wconf 89' lang='lat' dir='ltr'>Consu-</span> 
     </span>
     <span class='ocr_line' id='line_1_193' title="bbox 1298 3707 2357 3750; baseline 0.001 -12"><span class='ocrx_word' id='word_1_1319' title='bbox 1298 3710 1402 3748; x_wconf 75' lang='lat' dir='ltr'>lentes,</span> <span class='ocrx_word' id='word_1_1320' title='bbox 1421 3713 1453 3742; x_wconf 66' lang='grc' dir='ltr'>ὃς</span> <span class='ocrx_word' id='word_1_1321' title='bbox 1470 3711 1657 3748; x_wconf 84' lang='lat' dir='ltr'>Auxiliantes,</span> <span class='ocrx_word' id='word_1_1322' title='bbox 1675 3711 1805 3749; x_wconf 84' lang='lat' dir='ltr'>quotiens</span> <span class='ocrx_word' id='word_1_1323' title='bbox 1819 3712 1851 3741; x_wconf 85' lang='lat'>&amp;</span> <span class='ocrx_word' id='word_1_1324' title='bbox 1868 3719 1952 3750; x_wconf 88' lang='lat' dir='ltr'>prout</span> <span class='ocrx_word' id='word_1_1325' title='bbox 1969 3720 2017 3748; x_wconf 90' lang='lat' dir='ltr'>per</span> <span class='ocrx_word' id='word_1_1326' title='bbox 2031 3711 2122 3747; x_wconf 89' lang='lat' dir='ltr'>ipsum</span> <span class='ocrx_word' id='word_1_1327' title='bbox 2139 3707 2304 3746; x_wconf 86' lang='lat' dir='ltr'>Simonem,</span> <span class='ocrx_word' id='word_1_1328' title='bbox 2321 3708 2357 3739; x_wconf 88' lang='lat'>&amp;</span> 
     </span>
     <span class='ocr_line' id='line_1_194' title="bbox 1300 3745 2355 3787; baseline -0.002 -9"><span class='ocrx_word' id='word_1_1329' title='bbox 1300 3748 1457 3786; x_wconf 81' lang='lat' dir='ltr'>Deputatos</span> <span class='ocrx_word' id='word_1_1330' title='bbox 1472 3750 1533 3779; x_wconf 86' lang='lat' dir='ltr'>suos</span> <span class='ocrx_word' id='word_1_1331' title='bbox 1550 3750 1714 3787; x_wconf 59' lang='lat' dir='ltr'>praedictos,</span> <span class='ocrx_word' id='word_1_1332' title='bbox 1730 3757 1776 3779; x_wconf 87' lang='lat' dir='ltr'>aut</span> <span class='ocrx_word' id='word_1_1333' title='bbox 1791 3759 1891 3780; x_wconf 86' lang='lat' dir='ltr'>eorum</span> <span class='ocrx_word' id='word_1_1334' title='bbox 1904 3749 2028 3787; x_wconf 87' lang='lat' dir='ltr'>aliquem</span> <span class='ocrx_word' id='word_1_1335' title='bbox 2039 3770 2050 3787; x_wconf 88' lang='lat'>,</span> <span class='ocrx_word' id='word_1_1336' title='bbox 2063 3747 2142 3784; x_wconf 87' lang='lat' dir='ltr'>super</span> <span class='ocrx_word' id='word_1_1337' title='bbox 2153 3745 2227 3783; x_wconf 81' lang='lat' dir='ltr'>hoc,</span> <span class='ocrx_word' id='word_1_1338' title='bbox 2245 3755 2280 3776; x_wconf 84' lang='lat' dir='ltr'>ex</span> <span class='ocrx_word' id='word_1_1339' title='bbox 2292 3756 2355 3784; x_wconf 89' lang='lat' dir='ltr'>par·-</span> 
     </span>
     <span class='ocr_line' id='line_1_195' title="bbox 1299 3787 1757 3826; baseline 0 -10"><span class='ocrx_word' id='word_1_1340' title='bbox 1299 3794 1326 3816; x_wconf 91' lang='lat' dir='ltr'>te</span> <span class='ocrx_word' id='word_1_1341' title='bbox 1343 3787 1452 3826; x_wconf 88' lang='lat' dir='ltr'>nostra,</span> <span class='ocrx_word' id='word_1_1342' title='bbox 1470 3789 1574 3818; x_wconf 90' lang='lat' dir='ltr'>fueritis</span> <span class='ocrx_word' id='word_1_1343' title='bbox 1588 3789 1757 3826; x_wconf 82' lang='lat' dir='ltr'>praemuniti.</span> 
     </span>
    </p>

    <p class='ocr_par' dir='ltr' id='par_1_84' title="bbox 1298 3826 2356 3934">
     <span class='ocr_line' id='line_1_196' title="bbox 1339 3826 2338 3868; baseline 0.003 -13"><span class='ocrx_word' id='word_1_1344' title='bbox 1339 3826 1371 3855; x_wconf 92' lang='lat' dir='ltr'>In</span> <span class='ocrx_word' id='word_1_1345' title='bbox 1388 3828 1474 3867; x_wconf 70' lang='lat' dir='ltr'>cuius,</span> <span class='ocrx_word' id='word_1_1346' title='bbox 1487 3827 1546 3857; x_wconf 67' lang='grc' dir='ltr'>δίε.</span> <span class='ocrx_word' id='word_1_1347' title='bbox 2045 3860 2051 3867; x_wconf 51' lang='grc'><em>,</em></span> <span class='ocrx_word' id='word_1_1348' title='bbox 2333 3862 2338 3868; x_wconf 51' lang='grc'>,</span> 
     </span>
     <span class='ocr_line' id='line_1_197' title="bbox 1298 3858 2356 3934; baseline -0.001 -40"><span class='ocrx_word' id='word_1_1349' title='bbox 1298 3902 1337 3934; x_wconf 78' lang='lat' dir='ltr'><strong>M</strong></span> <span class='ocrx_word' id='word_1_1350' title='bbox 1372 3864 1461 3895; x_wconf 88' lang='lat' dir='ltr'>Teste</span> <span class='ocrx_word' id='word_1_1351' title='bbox 1480 3865 1562 3904; x_wconf 83' lang='lat' dir='ltr'>Rege</span> <span class='ocrx_word' id='word_1_1352' title='bbox 1589 3865 1663 3903; x_wconf 89' lang='lat' dir='ltr'>apud</span> <span class='ocrx_word' id='word_1_1353' title='bbox 1687 3863 1976 3896; x_wconf 88' lang='lat' dir='ltr'>Westmonasteriurn</span> <span class='ocrx_word' id='word_1_1354' title='bbox 1989 3883 1999 3899; x_wconf 89' lang='lat'>,</span> <span class='ocrx_word' id='word_1_1355' title='bbox 2023 3858 2160 3891; x_wconf 76' lang='lat' dir='ltr'>vicesimo</span> <span class='ocrx_word' id='word_1_1356' title='bbox 2183 3859 2291 3893; x_wconf 61' lang='lat' dir='ltr'>offitavo</span> <span class='ocrx_word' id='word_1_1357' title='bbox 2310 3861 2356 3893; x_wconf 82' lang='lat' dir='ltr'>die</span> 
     </span>
    </p>

    <p class='ocr_par' dir='ltr' id='par_1_85' title="bbox 1320 3913 1383 3933">
     <span class='ocr_line' id='line_1_198' title="bbox 1320 3913 1383 3933; baseline -0.016 0"><span class='ocrx_word' id='word_1_1358' title='bbox 1320 3920 1321 3923; x_wconf 65' lang='lat'><em>=</em></span> <span class='ocrx_word' id='word_1_1359' title='bbox 1339 3913 1383 3933; x_wconf 78' lang='lat' dir='ltr'>aii.</span> 
     </span>
    </p>
   </div>
   <div class='ocr_carea' id='block_1_54' title="bbox 2375 3233 2473 3302">
    <p class='ocr_par' dir='ltr' id='par_1_86' title="bbox 2375 3233 2473 3302">
     <span class='ocr_line' id='line_1_199' title="bbox 2379 3233 2473 3265; baseline 0.032 -3"><span class='ocrx_word' id='word_1_1360' title='bbox 2379 3233 2399 3253; x_wconf 68' lang='lat'>¹*</span> <span class='ocrx_word' id='word_1_1361' title='bbox 2418 3236 2473 3265; x_wconf 89' lang='lat' dir='ltr'>v1.</span> 
     </span>
     <span class='ocr_line' id='line_1_200' title="bbox 2375 3275 2444 3302; baseline -0.014 0"><span class='ocrx_word' id='word_1_1362' title='bbox 2375 3275 2444 3302; x_wconf 83' lang='lat'>620.</span> 
     </span>
    </p>
   </div>
   <div class='ocr_carea' id='block_1_55' title="bbox 1923 3943 2244 3985">
    <p class='ocr_par' dir='ltr' id='par_1_87' title="bbox 1923 3943 2244 3985">
     <span class='ocr_line' id='line_1_201' title="bbox 1923 3943 2244 3985; baseline 0.009 -10"><span class='ocrx_word' id='word_1_1363' title='bbox 1923 3947 1978 3975; x_wconf 83' lang='lat' dir='ltr'>Per</span> <span class='ocrx_word' id='word_1_1364' title='bbox 1994 3943 2076 3984; x_wconf 67' lang='lat' dir='ltr'>ipfitm</span> <span class='ocrx_word' id='word_1_1365' title='bbox 2093 3947 2199 3985; x_wconf 78' lang='lat' dir='ltr'>Regem.</span> <span class='ocrx_word' id='word_1_1366' title='bbox 2240 3961 2244 3965; x_wconf 84' lang='lat'><strong>·</strong></span> 
     </span>
    </p>
   </div>
   <div class='ocr_carea' id='block_1_56' title="bbox 2295 4042 2350 4073">
    <p class='ocr_par' dir='ltr' id='par_1_88' title="bbox 2295 4042 2350 4073">
     <span class='ocr_line' id='line_1_202' title="bbox 2295 4042 2350 4073; baseline 0 -1"><span class='ocrx_word' id='word_1_1367' title='bbox 2295 4042 2350 4073; x_wconf 75' lang='lat' dir='ltr'>Pro</span> 
     </span>
    </p>
   </div>
   <div class='ocr_carea' id='block_1_57' title="bbox 2405 748 2529 786">
    <p class='ocr_par' dir='ltr' id='par_1_89' title="bbox 2405 748 2529 786">
     <span class='ocr_line' id='line_1_203' title="bbox 2405 748 2529 786; baseline -0.016 -10"><span class='ocrx_word' id='word_1_1368' title='bbox 2405 748 2491 786; x_wconf 83' lang='lat'>1369.</span> <span class='ocrx_word' id='word_1_1369' title='bbox 2527 772 2529 774; x_wconf 90' lang='lat'>.</span> 
     </span>
    </p>
   </div>
   <div class='ocr_carea' id='block_1_58' title="bbox 2332 866 2512 901">
    <p class='ocr_par' dir='ltr' id='par_1_90' title="bbox 2332 866 2512 901">
     <span class='ocr_line' id='line_1_204' title="bbox 2332 866 2512 901; baseline 0.017 -12"><span class='ocrx_word' id='word_1_1370' title='bbox 2332 889 2337 894; x_wconf 83' lang='grc'><em>,</em></span> <span class='ocrx_word' id='word_1_1371' title='bbox 2382 866 2449 890; x_wconf 73' lang='lat' dir='ltr'>Scor.</span> <span class='ocrx_word' id='word_1_1372' title='bbox 2465 872 2512 901; x_wconf 80' lang='lat'>43.</span> 
     </span>
    </p>
   </div>
   <div class='ocr_carea' id='block_1_59' title="bbox 2470 1746 2514 1779">
    <p class='ocr_par' dir='ltr' id='par_1_91' title="bbox 2470 1746 2514 1779">
     <span class='ocr_line' id='line_1_205' title="bbox 2470 1746 2514 1779; baseline 0 0"><span class='ocrx_word' id='word_1_1373' title='bbox 2470 1746 2514 1779; x_wconf 93' lang='lat' dir='ltr'>D.</span> 
     </span>
    </p>
   </div>
  </div>
 </body>
</html>
