2561 4251
33 300 111 334 Ann.
127 298 170 329 D.

65 338 150 378 1348.

36 380 101 404 Edu.
124 387 151 414 3.

36 1751 59 1770 ‘¹‘
73 1753 169 1779 V.610.

735 217 844 258 ET
930 219 1194 260 ACTA
1280 209 1753 267 PUBLICA.

187 303 256 340 ipsos
267 301 374 333 valeant
386 301 470 340 usque
490 301 523 333 ad
539 301 649 333 Festum
671 301 831 333 Nativitatis
849 302 943 333 Sanffi
955 303 1088 341 johannis
1103 303 1245 341 Baptistae,

187 341 221 372 &
235 340 344 371 ulterius
358 339 440 378 usque
454 340 488 370 ad
500 341 706 378 expeditionem
716 342 749 372 ὃς
762 341 848 371 finem
863 342 1018 379 hujusmodi
1028 342 1149 380 Negotii
1157 352 1245 380 ,con-

187 379 309 411 corditer
323 388 473 415 prorogare
485 379 593 409 easdem

222 415 259 446 Et
272 425 385 454 utraque
400 416 524 448 Partium
539 402 746 448 ratifi’cationem
761 416 837 455 super
860 417 916 447 istis
929 440 939 455 ,
963 419 995 449 δε
1011 417 1246 455 Commiffirios‚

185 456 344 496 impetratos
359 466 373 485 a
388 454 440 485 suis
459 455 668 494 Superioribus,
686 456 818 494 habeant,
836 456 869 485 ad
887 455 1008 493 primam
1029 456 1105 486 diem
1126 458 1246 494 proximi

186 491 291 523 Mensis
304 492 424 532 Aprilis,
443 495 471 523 in
488 495 578 525 Ponte
593 494 686 524 Fontis
705 494 791 524 rabidi
805 516 815 531 ,
838 495 866 524 in
890 494 1025 524 Confinio
1048 495 1117 525 dieii
1134 495 1247 532 Regni,

185 532 232 571 qui
248 531 283 561 de
299 531 399 569 Loco,
416 533 461 562 seu
478 532 564 563 Locis
578 533 747 564 conveniant
761 532 868 562 ibidem
883 534 916 564 ὃς
929 534 1104 564 concordent
1118 556 1127 572 ,
1144 533 1194 564 ubi
1213 532 1248 562 de

185 568 341 606 hujusmodi
357 570 487 610 Negotio
502 571 611 603 audiant
625 571 658 601 &
672 570 843 608 procedant,

225 606 354 640 Parentes
365 619 380 643 a
394 609 474 638 nobis
486 610 611 647 quatinus
630 608 664 638 ad
690 609 828 645 praemiffa
851 609 978 640 nostrum
995 610 1182 647 praeberemus
1196 609 1250 638 As-

186 644 313 684 sensum,
331 647 363 677 &
377 645 609 685 Commissarios,
627 656 679 683 pro
692 646 875 684 Expeditione
890 648 1033 686 Negotii,
1050 649 1082 678 ὃς
1101 646 1249 677 Commis-

185 684 272 754 fioffis
286 685 389 728 nostras
402 686 504 720 eisdem
520 685 679 715 concedere
693 685 894 724 dignaremur,

261 733 292 753 os
307 734 316 755 ι
340 732 395 756 itur

224 762 288 800 Qi
302 733 413 797 sfffflmiss’
424 772 493 796 cum
508 761 623 800 praefato
641 761 772 793 Domino
786 762 888 799 Rege,
906 761 1124 797 consanguineo
1132 760 1230 791 nostro
1240 783 1250 798 ‚

186 809 220 830 ex
241 799 429 837 antiquiffimo
445 800 615 831 Dilectionis
642 801 757 832 vinculo
774 824 784 839 ,
808 802 945 830 continuo
969 800 1110 830 Amicitiae
1134 799 1252 829 Foedera

185 837 345 868 conservare
363 839 509 877 cupimus,
528 840 561 869 &
586 840 656 869 inter
671 839 729 869 suos
749 838 908 876 nostrosque
932 837 1064 871 Subditos
1086 837 1250 875 inseparabi-

185 877 240 907 lem
256 875 452 908 Concordiam
471 877 642 914 confoveri,
667 876 867 914 praedinorum
889 875 1072 905 Subditorum
1091 876 1252 905 nostrorum

185 914 391 952 Supplicationi
405 925 569 953 annuentes,
587 917 620 946 ὃς
631 916 740 945 facium
755 914 944 952 praedicturn,
962 923 1098 954 quantum
1114 916 1143 944 in
1169 914 1252 944 nobis
1294 941 1381 944 mm,
1396 942 1400 943 ⁷

184 953 242 991 est,
262 952 366 983 Rarum
381 954 415 984 &
429 954 552 984 Gratum
566 954 713 990 habentes,

224 992 300 1029 Vos,
318 991 354 1022 de
369 1002 490 1030 quorum
504 990 650 1021 Fidelitate
665 991 697 1021 δε
714 989 850 1020 Industria
863 989 1048 1028 confidimns,
1065 989 1099 1020 ad
1109 990 1252 1028 hujusmo-

185 1030 214 1063 di
231 1030 388 1068 Negotium
405 1028 638 1068 Commiffirios,
653 1029 783 1068 judices,
802 1028 950 1059 Auditores
965 1051 974 1066 ‚
999 1029 1145 1066 Arbitros,
1163 1029 1250 1059 Arbi-

187 1077 316 1106 tmtores,
335 1068 379 1098 seu
393 1068 550 1098 amicabiles
565 1067 775 1105 Compositores
788 1066 983 1104 decrevimus,
1006 1066 1161 1106 elegimus,
1179 1077 1251 1097 con-

188 1107 341 1144 stituimus,
354 1107 404 1143 &,
421 1115 518 1136 tenore
535 1106 708 1143 praesentium
718 1129 726 1143 ‚
743 1106 925 1143 deputamus,

224 1145 314 1178 Vobis
328 1167 336 1181 ‚
355 1152 399 1174 aut
420 1144 585 1175 Tresdecim
599 1168 608 1183 ,
627 1144 790 1175 Duodecim
805 1166 814 1182 ,
840 1143 988 1174 Undecim
1003 1166 1012 1179 ,
1030 1143 1161 1181 Decem,
1182 1143 1252 1173 No-

187 1194 272 1222 vem,
292 1181 390 1220 osio,
408 1182 540 1221 Septem,
558 1183 629 1221 Sex,
647 1183 957 1222 Qinque,Qiatuor‚
976 1183 1099 1219 Tribus,
1114 1183 1156 1212 vel
1168 1181 1251 1212 Duo-

188 1223 239 1251 bus
254 1220 378 1252 vestrum
396 1222 423 1250 in
438 1221 575 1259 solidum,
594 1223 668 1251 vices
682 1221 803 1258 nostras,
820 1220 1062 1251 &omnimodam
1075 1221 1251 1260 jurisdictio-

188 1269 271 1298 nem,
288 1259 519 1297 Cohercionem,
535 1260 569 1290 δε
584 1259 734 1297 plenariam
751 1259 922 1289 potestatem
938 1260 1164 1296 committentes,

224 1297 331 1328 Dantes
343 1298 376 1328 &
391 1298 590 1335 concedentes,
607 1298 662 1329 una
681 1307 749 1329 ,cum
765 1297 891 1336 praediCti
911 1297 1034 1327 Domini
1056 1298 1144 1334 Regis
1159 1296 1251 1327 Corn-

188 1337 314 1366 miffariis
328 1359 338 1373 ,
365 1336 549 1366 Auditoribus
564 1359 573 1374 ,
596 1336 743 1373 judicibus
756 1359 764 1374 ,
786 1336 921 1374 Arbitris,
938 1337 1154 1366 Arbitratoribus
1169 1358 1178 1373 ,
1208 1336 1251 1366 seu

188 1375 396 1405 Amicabilibus
410 1373 674 1413 Compofitoribus,
692 1374 840 1405 summarie
862 1376 894 1405 δε
919 1375 956 1404 de
975 1374 1059 1412 plano
1073 1398 1082 1412 ,
1099 1374 1200 1411 absque
1220 1373 1252 1402 ri-

190 1413 262 1450 gura
278 1414 310 1444 &3
326 1412 438 1450 strepitu
449 1413 620 1451 judiciario,
637 1414 668 1442 in
682 1414 715 1444 &
728 1413 807 1450 super
821 1413 961 1450 praedicto
977 1413 1009 1443 N
1012 1414 1127 1449 egotio,
1145 1414 1177 1442 &
1194 1411 1253 1442 De-

190 1452 371 1489 pendentibus
385 1460 419 1484 ex
433 1461 486 1489 eo,
505 1451 694 1490 procedendi,
709 1451 745 1481 de
760 1452 844 1489 loco,
861 1451 905 1482 seu
919 1452 988 1481 locis
1002 1451 1209 1488 conveniendi,

226 1490 352 1526 Treugas
362 1488 446 1519 semel
464 1490 496 1520 δε
511 1490 610 1527 pluries
624 1489 795 1527 prorogandi
806 1512 816 1527 ,
829 1491 862 1520 ὃ(
880 1489 915 1519 de
931 1500 1009 1520 novo
1024 1490 1147 1519 inhiendi
1158 1512 1167 1527 ,

227 1527 381 1566 Querelas,
400 1527 580 1565 Qaestiones
594 1550 602 1566 ,
631 1528 798 1565 PetitioneS,
819 1527 1054 1566 Defensionesque
1069 1529 1202 1558 omniurn
1220 1527 1253 1556 &

188 1566 382 1602 singulorum,
396 1575 520 1605 quorum
536 1565 663 1603 interest,
683 1565 728 1596 vel
748 1566 877 1596 interesse
897 1567 997 1605 poterit
1011 1589 1021 1604 ,
1045 1566 1190 1603 audiendi,
1212 1567 1254 1594 ci-

187 1603 261 1635 tandi
269 1627 279 1642 ,
296 1604 470 1635 examinandi
477 1627 487 1642 ,
491 1604 637 1642 judicandi
645 1627 656 1643 ,
673 1604 866 1642 cognoscendi
874 1628 883 1644 ,
891 1605 1072 1636 sententiandi
1078 1628 1087 1643 ,
1096 1605 1219 1635 condem
1221 1613 1258 1641 pm

189 1641 273 1676 nandi
282 1665 293 1681 ‚
308 1641 453 1680 solvendi,

224 1679 367 1715 Emendas
398 1681 431 1711 &
451 1680 659 1715 ,Satisfaffiones
677 1680 782 1712 debitas
808 1680 867 1711 fieri
890 1680 1102 1720 demandandi,
1124 1682 1255 1712 arbitran-

188 1717 235 1757 di,
255 1718 484 1757 pronunciandi,
508 1719 662 1758 exequendi
679 1742 688 1757 ,
703 1721 801 1758 exequi
834 1721 1002 1758 injungendi
1025 1721 1058 1751 &
1080 1721 1255 1762 imperandi,

225 1757 247 1777 ⁴*
266 1757 382 1795 Testes,
400 1761 449 1795 qui
463 1758 569 1789 fuerint
583 1759 719 1789 nominati
734 1781 744 1796 ‚
768 1759 788 1788 si
808 1757 834 1788 se
850 1758 945 1788 favore
966 1760 1010 1791 vel
1027 1759 1096 1789 odio
1119 1760 1255 1789 subtraxe-

189 1797 242 1830 rint
259 1819 268 1835 ,
293 1795 327 1830 ad
353 1796 558 1834 perhibendum
578 1796 794 1828 Testimonium
816 1796 929 1827 Veritati
951 1820 961 1836 ,
994 1807 1092 1829 coram
1109 1797 1199 1828 Vobis
1222 1800 1255 1829 &

190 1833 396 1866 Commiffariis
404 1834 606 1867 dieti-Domini
620 1835 649 1865 R
685 1836 705 1864 is
716 1857 726 1874 ,
747 1836 924 1866 Austoritate
941 1835 1036 1867 nostrii
1050 1836 1253 1874 compellendi,

225 1873 261 1904 Et
275 1873 341 1904 alias
355 1881 445 1907 totum
468 1873 633 1910 Negotium
677 1875 724 1904 ine
738 1873 835 1904 debito
850 1875 1016 1905 terminandi
1033 1897 1043 1912 ,
1066 1876 1100 1905 ὃς
1118 1874 1152 1904 ad
1177 1874 1257 1906 Pacis

189 1905 387 1942 Concordiam
406 1915 541 1950 perpetuo
559 1912 744 1950 reformandi,
763 1911 937 1951 diffiniendi,
956 1914 990 1944 &
1007 1912 1152 1950 sopiendi,

225 1950 260 1981 Et
279 1951 330 1981 alia
344 1951 486 1982 omnia&
502 1951 605 1990 singula
622 1950 763 1989 faciendi,
782 1951 947 1990 exercendi,
967 1951 1257 1990 &perficiendi,quae

189 1989 224 2023 ad
241 1988 484 2027 Commifforum,
502 1990 547 2020 seu
559 1990 695 2028 judicum
711 2012 721 2028 ,
746 1989 912 2020 Auditorum
926 2013 935 2027 ,
954 1991 1151 2027 Arbitrorum‚
1172 1991 1257 2020 Arbi-

189 2037 339 2065 tratorum,
356 2027 401 2058 seu
417 2028 621 2059 Amicabilium
641 2027 874 2065 Compofitorum
890 2028 1021 2060 officium
1040 2028 1164 2065 spestare
1185 2039 1258 2066 quo·

191 2066 349 2097 modolibet
363 2066 544 2098 dinoscuntur
558 2089 567 2104 ,
585 2068 619 2097 ὃς
634 2076 696 2104 quae
705 2068 738 2096 ad
757 2066 883 2096 nostrum
899 2069 1024 2104 petinent
1045 2067 1208 2105 judicium,
1224 2068 1257 2097 ὃς

191 2106 226 2136 ad
243 2105 579 2147 expletionemvpraelibati
594 2105 736 2143 Negotii,
754 2105 941 2142 principaliter
955 2105 1180 2144 velincidenter,
1198 2105 1257 2136 sunt

191 2145 227 2175 ὃς
242 2151 321 2174 erunt
335 2143 487 2175 necessaria
503 2143 706 2181 quovismodo,

230 2182 296 2212 Nos
309 2183 388 2211 enim
404 2181 536 2218 quicquid
548 2181 642 2212 adium
657 2182 739 2212 fuerit
753 2182 783 2211 in
797 2181 938 2219 praedietis
950 2182 1079 2214 volumus
1095 2206 1105 2222 ,
1129 2182 1163 2213 &
1178 2192 1259 2214 man-

191 2221 305 2258 damus,
324 2228 485 2257 perpetuatn
502 2220 601 2250 habere
616 2220 722 2250 roboris
734 2218 902 2250 firmitatem.

230 2258 398 2288 Mandamus
412 2257 611 2288 nichilominus
623 2259 758 2289 omnibus
770 2258 923 2295 &singulis
931 2258 1126 2299 officialibus,
1141 2261 1175 2291 ὅ(
1189 2260 1261 2291 Sub-

193 2298 256 2328 ditis
271 2296 388 2334 nostris,
404 2297 463 2326 tam
478 2296 621 2334 mediatis,
641 2297 726 2334 quam
751 2297 920 2327 immediatis
935 2320 944 2335 ‚
969 2301 1095 2337 quatinus
1111 2300 1210 2337 vobis,
1227 2301 1260 2330 ὃς

193 2335 318 2368 vestrum
334 2334 462 2373 singulis,
480 2336 529 2372 qui
544 2335 577 2365 ad
594 2334 733 2373 praemiffii
748 2335 895 2365 intendetis
909 2338 1097 2376 excercenda,
1115 2337 1240 2368 facienda
1251 2361 1261 2376 ,

192 2374 352 2443 exeguenda
359 2375 411 2413 ,ὃς
425 2372 612 2413 complenda,
629 2382 740 2411 pareant
753 2375 784 2404 in
796 2375 927 2405 omnibus
941 2374 1110 2414 efficaciter,
1127 2384 1260 2414 tanquam

197 2424 238 2444 no
259 2423 288 2443 is.

233 2489 268 2519 In
283 2497 405 2527 quorum
424 2488 639 2521 Testimonium
659 2487 803 2527 praesentes
826 2490 930 2520 Literas
950 2490 1044 2527 Sigilli
1067 2490 1154 2521 nostri
1170 2494 1264 2522 muni-

197 2529 278 2558 mine
299 2527 416 2558 fecimus
429 2528 563 2557 roborari.

271 2565 341 2597 Dat.
359 2566 433 2603 apud
451 2565 754 2604 Westmonasterium,
772 2566 891 2597 decimo
906 2575 1004 2607 quarto
1018 2567 1063 2598 die
1079 2568 1225 2599 Februarii.

196 2642 367 2677 Confimiles
382 2642 484 2674 Literae
501 2642 662 2680 diriguntur
681 2642 838 2711 slubscriptis
852 2667 862 2682 ,
885 2643 936 2675 sub
957 2644 1060 2676 eadem
1080 2645 1164 2684 dati,
1187 2646 1268 2677 vide-

702 2691 775 2720 rcet,

236 2762 331 2788 Fratri
345 2760 378 2788 P.
397 2756 520 2797 Epifiopo
537 2760 647 2788 Baionae
657 2781 667 2797 ,

235 2797 354 2826 Geraldo
367 2797 398 2826 de
416 2797 514 2835 Pedio,
529 2796 625 2834 Judici
640 2800 717 2834 Regis
733 2797 953 2836 Appellationum
969 2802 1056 2829 Curiae
1070 2798 1222 2838 Vaftoniae,

238 2835 367 2874 Johanni
385 2835 416 2863 de
435 2834 538 2864 Vilario
557 2835 698 2875 Sacristae,
755 2840 760 2843 ⁴

235 2872 378 2904 Gullielmo
395 2872 642 2911 VitalffCapellano
660 2874 781 2912 Majori,

237 2911 378 2942 Gallielmo
396 2912 532 2941 Bernara'i
549 2911 582 2940 de
599 2914 671 2941 Pinn
689 2915 828 2941 Canonicis

199 2951 334 2988 Baionae,

239 2992 272 3019 P.
292 2992 465 3026 Daggeners,
484 2989 574 3017 Priori
589 2990 684 3017 Samft'i
701 2988 814 3025 Spirittis
830 2989 862 3019 de
878 2993 973 3028 Capite
986 2993 1081 3020 Pontis
1094 2995 1206 3032 Aquen.

238 3028 385 3064 Burgundo
399 3027 431 3056 de
446 3029 503 3057 Lia
519 3027 617 3056 clerico
626 3049 635 3065 ,
653 3025 804 3066 Confiliario
818 3030 912 3066 Regis,

241 3069 273 3096 P.
292 3067 323 3097 de
343 3064 433 3103 Villa,
448 3065 517 3095 Filio
533 3065 669 3096 Gullrelmi
685 3065 828 3104 Arnaldi,

238 3108 270 3134 P.
291 3108 352 3134 Deu
369 3107 462 3142 Putz,

239 3143 382 3173 Bernardo
402 3145 477 3172 Dens
493 3145 577 3180 Caes,

241 3183 359 3212 Salvato
372 3182 404 3211 de
419 3180 523 3211 Vilario
531 3203 541 3219 ,
558 3183 672 3210 Baionae
680 3203 690 3218 ,

240 3224 386 3250 Amaneno
400 3219 431 3248 de
447 3219 528 3248 Podio
542 3241 552 3256 ,
573 3220 679 3249 Refflori
703 3217 825 3257 Ecclesiae
844 3218 990 3258 deByndos
1009 3242 1021 3258 ,
1035 3217 1270 3259 Archipwrbitero

276 3259 308 3288 de
324 3262 410 3297 Gonti-
420 3269 438 3287 a
454 3257 492 3292 ἄρ’
508 3258 541 3287 de
553 3257 685 3296 Senchasz.

238 3297 365 3336 Johanni
426 3294 505 3326 Malo
520 3299 608 3327 Leone
626 3295 733 3334 Militi,

242 3335 439 3366 Bartholomaeo
454 3337 571 3365 Domino
589 3334 673 3364 Aulae
687 3335 720 3363 de
735 3334 834 3364 sancio
849 3336 995 3373 Martino,
1015 3335 1178 3375 Domicello,

240 3377 391 3409 Laurentio
404 3374 437 3403 de
449 3376 534 3402 Fonte
542 3396 553 3412 ,
568 3375 706 3404 Dominico
721 3373 753 3402 de
769 3374 827 3402 Vico
836 3394 846 3410 ‚

207 3412 326 3443 Clericis
342 3413 454 3451 Aquen.

240 3450 380 3480 Galhardv
389 3474 399 3489 ,
416 3453 531 3480 Domino
545 3449 578 3478 de
592 3450 691 3479 SanHo
706 3447 792 3478 Paulo
808 3447 918 3487 Militi,

244 3489 384 3519 Budonaco
396 3492 471 3518 Deus
485 3486 573 3526 Caffiis
581 3510 590 3526 ,

243 3527 397 3565 Raymundo
415 3529 543 3556 Durandi
557 3527 589 3555 de
605 3525 678 3556 Villa
687 3549 697 3565 ,

243 3563 383 3594 Gullielmo
401 3565 524 3595 Arnaldi
542 3565 576 3594 de
592 3564 710 3603 thario,

244 3605 326 3632 Petro
341 3603 489 3643 Raymundi
505 3603 536 3632 de
552 3603 662 3633 Lobart
675 3605 788 3633 Baionae
797 3626 808 3641 ,

244 3642 378 3671 Bidanaco
391 3641 423 3670 de
432 3641 543 3671 *Labart
556 3644 668 3671 Baionae
676 3663 687 3680 ‚

245 3680 380 3710 Bidonaco
393 3679 424 3708 de
440 3679 563 3718 Labart,

244 3721 326 3750 Petro
339 3718 388 3748 deu
403 3717 534 3754 Bidvnes,

247 3757 332 3787 Vitali
347 3755 506 3787 Derrembes
518 3754 550 3783 de
561 3756 659 3785 Samflo
674 3759 790 3795 Severo,

245 3795 372 3834 Johanni
388 3795 420 3824 de
431 3793 548 3824 Ardirio
562 3792 659 3822 Clerico
673 3798 784 3834 Aquen.

236 3835 285 3863 *Et
298 3832 435 3874 Pafthafio
450 3832 482 3862 de
495 3832 592 3862 Saucia
605 3830 736 3869 Johanne
751 3834 882 3871 Baionae,

244 3909 282 3945 V?
305 3911 354 3944 inti
369 3909 423 3942 Sex
437 3932 447 3948 ,
469 3908 579 3949 Viginti
602 3907 682 3946 Qiin
702 3918 737 3938 ue
750 3931 760 3946 ,
785 3908 822 3939 Vi
843 3909 893 3939 inti
914 3908 1059 3977 Ορόωοῐ,
1074 3908 1189 3947 Viginti
1203 3909 1273 3940 Tria

207 3948 274 3987 bus,
319 3949 404 3985 Jiginti
415 3947 555 3986 Duobus,
570 3945 684 3983 Viginti
735 3956 789 3984 no,
837 3947 936 3984 iginti‚
988 3956 1069 3978 ecem
1083 3948 1116 3978 &
1132 3947 1253 3978 Novem
1264 3971 1274 3987 ,

196 3985 322 4023 ,Decem
336 3986 467 4017 &octo
480 4009 490 4024 ,
516 3985 630 4016 Decem
649 3985 683 4016 ὃ(
706 3983 820 4021 Septem
834 4007 844 4022 ,
870 3984 1018 4016 Sexdecim
1033 4008 1044 4024 ,
1076 3985 1273 4025 Qindecim,

207 4024 454 4062 Quatuordecim,
467 4023 651 4061 Tresdecim,
671 4022 855 4060 Duodecim,
873 4022 1023 4054 Undecim
1034 4047 1044 4061 ,
1062 4023 1270 4062 Decem,N0-
1298 4031 1301 4035 ’

207 4072 295 4133 ζεπι,
314 4062 565 4131 Octo,&Septem‚
581 4061 653 4101 Sex,
671 4061 824 4100 Qinque,
843 4061 990 4104 Quatuor,
1008 4061 1116 4100 Tribus
1128 4062 1172 4095 vel
1188 4063 1273 4094 Duo-

206 4134 210 4136 ,
231 4110 394 4138 useorum,
445 4110 472 4131 c.

2299 243 2352 283 29

1325 307 1420 332 Fratri
1435 306 1465 334 P.
1487 307 1608 346 EFfiopo
1623 311 1750 346 Baionae,
2096 346 2099 347 .
2369 311 2445 342 Ann-
2458 307 2501 342 D·-

1324 343 1440 371 Geraldo
1456 344 1487 371 de
1501 346 1581 375 Poa'io
1595 346 1690 384 Judjci
1704 346 1922 385 Appellationum
1935 352 2024 379 Curiae
2038 350 2172 390 Vafiom'ae
2183 376 2193 390 ,
2391 350 2475 390 '1348-

1324 383 1357 409 P.
1374 384 1510 418 Baggners
1526 386 1613 414 Priori
1626 387 1720 415 Sam‘li
1735 385 1851 423 Spiritzis
1863 387 1894 415 de
1909 391 2003 426 Capite
2018 391 2111 420 Pontis
2125 394 2236 431 Aquen.
2368 390 2435 418 Ην·
2456 398 2483 427 3·

1324 420 1470 455 Burgundo
1486 420 1517 449 de
1534 425 1596 462 Lya
1610 423 1707 453 clerico
1721 423 1875 463 Confiliariu
1888 428 1982 464 Regir,

1326 457 1525 486 reas-tholomeo
1540 463 1653 490 Domino
1668 461 1752 491 Aulae
1767 462 1798 490 de
1814 464 1911 492 Sanelo
1926 467 2066 504 Martino,
2084 466 2246 506 Domicello,

1325 498 1476 525 Laurentio
1493 496 1524 525 de
1543 501 1626 528 Fonte
1639 500 1737 530 Clerico
1751 504 1862 540 Aquen.

1323 533 1450 572 Johamu
1464 534 1496 563 de
1510 537 1628 566 Ardirio
1643 538 1740 568 Clerico
1754 542 1862 579 Aquen.

1327 575 1464 602 Dominicu
1479 572 1510 602 de
1527 577 1588 603 Vico
1604 575 1700 605 Clerico
1718 581 1825 615 Aquen.

1324 610 1479 650 Raymundo
1495 613 1641 651 Durandi,
1658 615 1689 643 de
1705 615 1777 644 Villa
1792 618 1922 656 Baionae,

1325 649 1466 717 Pasihyfio
1479 650 1511 679 de
1525 652 1623 680 δανιέῖο
1635 651 1767 689 Johamze
1781 656 1891 684 Baionae
1901 678 1910 693 ,

1325 687 1413 717 Gullie
1425 698 1465 716 mo
1480 688 1605 718 Arnala'i
1619 690 1649 719 de
1665 690 1769 719 Vilario
1782 694 1894 722 Baianae
1903 717 1912 732 ,

1325 727 1368 754 Et
1382 728 1462 756 Petro
1475 728 1626 767 Raymundi
1640 728 1672 758 de
1688 729 1795 758 Lobart
1813 734 1941 770 Baionae,

1327 800 1628 846 UndecimrDecem
1644 827 1654 842 ,
1680 804 1798 835 Novem
1812 829 1822 844 ,
1847 806 1942 845 Οᾶο,
1960 808 2090 848 Septem,
2109 809 2182 849 Sex,
2201 811 2353 852 Quinque,

1292 839 1440 878 Qatuor,
1456 841 1579 880 Tribus,
1597 843 1640 873 vel
1657 842 1777 874 Duobus
1792 855 1889 875 eorum
1899 869 1909 884 ,
1929 848 1990 877 &a

1419 988 1437 1006 '⁴‘
1464 989 1567 1019 Lirem
1586 988 1670 1032 missse
1690 986 1799 1020 Tribus
1817 986 1896 1019 bonis
1915 989 2001 1021 Villis
2021 989 2056 1022 a'e
2072 989 2228 1025 Flizna'ria.
2377 1002 2391 1019 ν
2403 1004 2470 1031 v⁴61
2482 1012 2502 1030 ἱ,

1291 1070 1368 1125 LE
1384 1070 1450 1112 Roy
1466 1083 1480 1102 a
1495 1095 1505 1110 ,
1523 1081 1582 1103 noz
1590 1073 1685 1104 cheres
1700 1073 1731 1103 ὃ(
1754 1072 2019 1113 foialx,Capitain5,
2038 1074 2200 1114 Eskyvyns‚
2217 1074 2356 1115 Conselx,
2375 1086 2440 1117 Am,
2468 1087 2499 1117 D

1361 1111 1394 1139 ὃς
1411 1118 1469 1140 tote
1484 1110 1508 1140 la
1524 1109 1725 1141 Communalte
1738 1111 1773 1141 de
1790 1112 1883 1150 Gant,
1904 1113 2007 1143 Salutz.
2398 1135 2427 1164 13
2431 1112 2469 1164 428
2503 1110 2510 1117 ’

1324 1145 1422 1190 ¹Come
1435 1148 1520 1178 chose
1536 1149 1575 1179 est
1590 1159 1675 1180 tenuz
1689 1151 1722 1180 ὃς
1737 1150 1802 1180 bien
1821 1150 1901 1180 savez
1914 1160 2050 1189 comem,
2069 1162 2120 1188 pur
2138 1152 2162 1181 la
2179 1160 2257 1188 grant
2274 1150 2355 1182 Affe-
2374 1168 2415 1192 An
2447 1150 2480 1191 22'

1291 1184 1390 1224 chon,
1416 1197 1469 1224 que
1484 1197 1554 1217 nous
1575 1199 1662 1218 avons
1684 1188 1779 1218 devers
1801 1189 1825 1218 le
1845 1188 1907 1219 Piis
1929 1189 1964 1219 de
1980 1190 2106 1220 Flandres
2119 1213 2129 1229 ,
2152 1200 2200 1227 par
2227 1190 2305 1220 cause
2321 1191 2355 1220 de
2378 1207 2395 1229 E
2420 1187 2440 1238 '3
2487 1186 2492 1191 “

1291 1222 1449 1262 l’AIHance,
1470 1225 1580 1264 Unite,
1601 1228 1633 1257 ὃς
1651 1226 1767 1265 Acord,
1786 1227 1923 1257 affermez
1943 1237 2020 1258 entre
2041 1239 2111 1259 nous
2130 1228 2201 1259 &le
2221 1229 2261 1258 dit
2278 1229 2356 1267 Pais,
2375 1224 2460 1273 clau)

1292 1272 1377 1291 avons
1393 1272 1510 1300 grantez
1522 1265 1554 1294 ὃ(
1570 1267 1691 1295 ottroiez
1705 1275 1758 1305 que
1772 1265 1902 1304 l'Estaple
1916 1266 1951 1296 de
1961 1266 2083 1306 heynes,
2103 1267 2248 1306 Quirs,&
2263 1268 2356 1297 Peaux
2378 1289 2411 1305 22
2438 1282 2468 1305 Ε
2481 1288 2492 1298 η
2506 1284 2508 1286 v

1293 1300 1402 1331 Lanutz
1416 1303 1465 1332 soit
1478 1311 1561 1333 tenuz
1575 1304 1599 1333 el
1615 1303 1655 1334 dit
1670 1303 1748 1343 Pais,
1764 1315 1799 1334 en
1815 1314 1928 1335 manere
1945 1315 2030 1335 corne
2046 1305 2065 1334 il
2083 1305 2161 1336 soleit
2184 1306 2254 1336 estre
2273 1315 2357 1336 tenuz
2375 1324 2401 1354 P,
2412 1300 2434 1345 1¹
2448 1300 2492 1344 m?

1292 1348 1372 1369 avant
1388 1350 1433 1370 ces
1452 1342 1562 1378 heures,
2398 1364 2427 1393 4.
2446 1354 2472 1383 d,

1331 1376 1365 1406 Et
1379 1378 1420 1408 sur
1435 1389 1489 1409 ceo
1504 1380 1586 1422 yoris
1596 1403 1605 1418 ,
1624 1381 1657 1412 ὅ(
1674 1380 1698 1411 le
1714 1391 1801 1411 autres
1815 1382 1902 1412 bones
1917 1381 2015 1412 Gentz
2027 1382 2061 1412 de
2077 1381 2220 1420 Flandres,
2237 1383 2297 1412 eiez
2305 1383 2358 1412 bo-
2381 1366 2392 1393 3

1293 1425 1408 1446 nement
1425 1426 1545 1447 ottroiez
1562 1430 1615 1456 que
1632 1428 1689 1448 noz
1703 1418 1871 1450 Marclrantz
1885 1419 2088 1460 d'Engleterre,
2108 1430 2228 1451 venantz
2242 1421 2265 1452 al
2281 1421 2359 1452 Esta-

1295 1455 1338 1491 ple
1352 1466 1407 1485 ove
1421 1455 1481 1486 lour
1499 1456 1723 1495 Marchandises,
1743 1458 1861 1495 puiffent
1884 1459 1963 1490 avoir
1986 1461 2018 1490 &
2035 1461 2148 1499 enjoyer
2170 1460 2208 1489 les
2224 1460 2359 1490 Franchi—

1293 1493 1348 1529 seS,
1367 1495 1399 1524 ἃ
1424 1493 1461 1523 les
1483 1494 1505 1523 F
1508 1496 1624 1525 rancbes
1647 1495 1798 1526 Custumes
1813 1520 1822 1534 ,
1843 1505 2038 1535 appartenantz
2059 1498 2084 1528 al
2108 1497 2216 1537 Estaple
2241 1521 2251 1537 ,
2276 1499 2360 1529 saunz

1294 1532 1498 1565 destourbance
1513 1543 1550 1563 ou
1567 1533 1811 1572 empeschernent2

1331 1569 1366 1613 Et
1379 1572 1406 1608 ja
1421 1582 1436 1600 a
1449 1571 1542 1601 nostre
1556 1572 1730 1610 Parlement,
1748 1581 1834 1603 tenuz
1848 1583 1863 1603 a
1877 1573 2129 1613 Westmonastier,
2147 1574 2174 1604 le
2188 1574 2289 1616 Lundy
2297 1585 2358 1613 pre—

1295 1608 1378 1652 chem
1392 1619 1468 1648 apres
1483 1610 1507 1640 le
1522 1610 1585 1640 Fest
1608 1611 1643 1641 de
1663 1611 1740 1642 Seint
1763 1611 1850 1641 Hiller
1866 1634 1876 1650 ,
1902 1612 2007 1642 darrein
2030 1612 2104 1650 passe
2118 1636 2128 1650 ,
2153 1623 2202 1650 par
2229 1613 2360 1652 grevouse

1295 1648 1397 1685 pleinte
1412 1649 1445 1679 &
1463 1648 1590 1679 clamour
1605 1649 1652 1679 des
1666 1649 1791 1688 Prelatz,
1810 1649 1953 1688 Countes,
1972 1650 2153 1690 Barouns,&
2168 1659 2225 1681 tote
2236 1653 2260 1682 la
2268 1652 2360 1683 Coma

1295 1697 1383 1718 mune
1397 1686 1432 1717 de
1446 1686 1540 1717 nostre
1564 1687 1699 1718 Roialme
1717 1688 1899 1725 d’Engletere
1913 1711 1924 1726 ,
1949 1688 2064 1727 illoeqes
2085 1689 2255 1728 assemblez,
2273 1700 2362 1721 avons

1294 1725 1434 1756 entenduz
1448 1735 1501 1764 que
1517 1736 1603 1764 vouS,
1622 1735 1720 1757 contre
1742 1727 1779 1757 les
1800 1727 1940 1757 Libertees
1961 1727 1998 1758 du
2015 1729 2054 1758 dit
2075 1727 2186 1765 Estaple
2229 1729 2305 1759 faites
2320 1740 2362 1760 re-

1296 1764 1430 1796 streindre
1444 1765 1482 1794 les
1502 1763 1675 1795 Marchantz
1690 1766 1726 1796 de
1743 1765 1930 1802 Lumbardie,
1946 1766 1979 1796 δε
1993 1766 2097 1797 d'autre
2105 1766 2167 1796 Pais
2180 1751 2363 1807 Fstraunges,

1295 1803 1353 1842 q“ils
1371 1813 1406 1832 ne
1422 1812 1556 1840 pourtont
1573 1803 1610 1834 de
1631 1814 1690 1834 noz
1705 1803 1893 1842 Marchantz,
1911 1804 1946 1834 de
1966 1804 2058 1834 nostre
2071 1805 2112 1835 dit
2127 1804 2260 1836 Roialme
2274 1806 2364 1837 d'En-

1295 1842 1426 1882 gleterre,
1443 1841 1480 1871 les
1495 1841 1602 1880 Leynes
1634 1852 1666 1873 ue
1682 1843 1799 1873 mesmes
1811 1853 1869 1873 noz
1888 1842 2056 1873 Marcbantz
2074 1843 2262 1882 d’Engleterre
2276 1845 2363 1875 ames-

1297 1889 1363 1911 nent
1378 1890 1406 1910 es
1427 1881 1525 1917 parties
1545 1880 1580 1910 de
1636 1881 1731 1911 andres
1755 1881 1865 1912 achater
1879 1903 1888 1919 ,
1914 1892 1948 1911 ne
1965 1892 2014 1919 par
2028 1882 2098 1912 Ewe
2110 1905 2119 1920 ,
2145 1893 2180 1913 ne
2194 1892 2240 1922 par
2254 1884 2364 1923 Terre,

1298 1920 1363 1950 hors
1381 1918 1418 1948 du
1437 1918 1477 1948 dit
1491 1918 1566 1961 'Pays
1584 1919 1725 1957 amesner,
1744 1930 1759 1950 a
1775 1928 1854 1957 grant
1869 1920 2012 1958 prejudice
2028 1921 2059 1952 ὃς
2079 1921 2202 1958 damage
2215 1921 2251 1951 de
2263 1921 2366 1967 Nous,

1297 1960 1331 1990 ὃς
1347 1957 1381 1987 de
1397 1967 1456 1988 noz
1468 1957 1529 1986 ditz
1545 1956 1732 1995 Marchantz,
1750 1968 1837 1989 come
1849 1958 1886 1987 de
1901 1967 1941 1988 tut
1955 1958 2046 1988 nostre
2062 1958 2194 1990 Roialme
2216 1959 2314 2000 susdit,
2331 1961 2365 1991 &

1297 2005 1452 2027 encountre
1466 1995 1503 2025 les
1516 1995 1691 2036 Franchises,
1707 1997 1740 2028 &
1761 1997 1908 2028 auncienes
1928 1996 2038 2035 Uiages
2058 1999 2095 2028 du
2112 1997 2153 2028 dit
2169 1998 2298 2037 Estaple,
2315 1999 2365 2030 de-

1297 2044 1364 2067 vant
1379 2045 1425 2065 ces
1439 2035 1535 2064 heures
1550 2034 1639 2073 usees,

1334 2074 1386 2105 Sur
1401 2075 1466 2112 quoi
1479 2074 1517 2103 les
1532 2073 1661 2113 Prelatz,
1678 2072 1821 2112 Countes,
1840 2073 1975 2113 Barouns,
1993 2075 2026 2105 ὃς
2045 2073 2205 2106 Communs
2225 2075 2365 2106 avantditz

1297 2112 1385 2143 Nous
1399 2121 1467 2151 ont,
1486 2121 1541 2142 ove
1557 2121 1637 2149 grant
1660 2113 1804 2150 instance,
1821 2114 1910 2153 requis
1932 2114 1964 2143 ὃ(
1980 2113 2104 2151 suppliez
2145 2124 2178 2143 ue
2190 2136 2201 2152 ,
2224 2114 2366 2144 deficome

1297 2151 1384 2182 Nous
1399 2151 1488 2182 sumes
1501 2159 1586 2181 tenuz
1600 2151 1636 2181 de
1652 2152 1720 2182 faire
1736 2152 1834 2189 garder
1847 2151 1884 2181 les
1897 2152 2039 2182 Libertees
2053 2152 2089 2182 de
2104 2151 2121 2181 l'
2149 2151 2250 2191 staple,
2267 2152 2367 2190 qu’eles

1295 2200 1335 2221 ne
1351 2190 1438 2221 spient
1452 2191 1595 2226 chaunges
1609 2199 1645 2220 en
1666 2199 1740 2221 autre
1762 2200 1874 2220 manere
1898 2200 1951 2227 que
1972 2190 2033 2221 n'ad
2057 2190 2113 2220 este
2134 2191 2178 2221 use
2199 2191 2298 2222 devant
2321 2201 2367 2228 ces

1299 2229 1411 2268 heures,
1430 2230 1521 2267 queles
1536 2227 1632 2259 choses
1647 2228 1678 2259 ils
1691 2239 1727 2259 ne
1741 2230 1837 2265 poient
1851 2228 1947 2258 suffrer
1965 2239 2000 2258 en
2016 2229 2088 2259 nulle
2102 2238 2233 2268 manere,
2250 2240 2319 2260 nous
2328 2229 2368 2260 fa<

1300 2277 1385 2298 ceons
1404 2268 1443 2298 sut
1459 2269 1496 2299 les
1509 2267 1672 2298 Grevances
1686 2267 1784 2298 susditz
1797 2267 1932 2298 Purvoier
1948 2266 1983 2297 de
2000 2267 2145 2305 Remede,

1338 2306 1442 2345 Nous,
1458 2307 1595 2337 desirantz
1611 2306 1696 2336 Droit
1710 2305 1782 2336 estre
1797 2305 1846 2335 fait
1861 2316 1877 2336 a
1892 2314 1959 2336 touz
1972 2315 2031 2335 noz
2044 2306 2184 2343 Suggitz,
2202 2306 2220 2335 fi
2238 2313 2308 2337 vous
2323 2316 2369 2336 re-

1301 2354 1419 2382 querons
1440 2344 1691 2376 affeeruousement
1713 2355 1766 2383 que
1789 2354 1859 2375 vous
1879 2343 1982 2374 voillez
2003 2342 2089 2374 cesset
2107 2343 2142 2374 de
2162 2344 2228 2374 tielx
2252 2345 2371 2382 impedi-

1301 2392 1400 2414 mentz
1413 2384 1500 2422 faire,
1519 2384 1552 2415 ὃς
1574 2384 1665 2413 soefrir
1690 2382 1727 2413 les
1745 2381 1919 2413 Marchantz
1933 2381 1967 2412 de
1992 2381 2181 2422 Lombardie,
2198 2383 2231 2413 &
2255 2383 2370 2415 d'autres

1301 2421 1468 2459 Estraunges
1483 2423 1562 2461 Pais,
1580 2423 1618 2452 les
1635 2422 1762 2460 Leynes,
1779 2420 1909 2451 amesnez
1923 2431 1956 2451 au
1970 2419 2011 2450 dit
2024 2420 2153 2459 Estaple,
2172 2421 2208 2451 de
2224 2430 2282 2451 noz
2292 2421 2371 2452 Mar-

1302 2461 1405 2491 chantz
1418 2461 1612 2499 d'Engleterre
1627 2461 1752 2498 acliater,
1769 2458 1953 2497 &amesner,
1970 2458 2036 2489 hors
2043 2460 2081 2490 du
2096 2459 2136 2489 dit
2152 2458 2219 2498 Pays
2226 2460 2262 2490 de
2269 2460 2371 2490 Flauw

1302 2499 1365 2529 dres
1378 2522 1387 2537 ,
1407 2511 1478 2538 queu
1493 2509 1555 2539 part
1568 2500 1626 2539 q‘sss
1640 2498 1755 2529 voillent
1769 2521 1779 2536 ‚
1797 2508 1844 2538 par
1858 2498 1948 2528 Terre
1962 2520 1971 2535 ,
1998 2499 2031 2529 &
2048 2508 2095 2535 par
2109 2496 2210 2537 Meet,
2228 2498 2292 2528 sanz
2308 2498 2370 2528 des-

1303 2539 1478 2577 tourbance,
1495 2550 1532 2569 ou
1555 2537 1781 2576 empeschemcnt
1800 2544 1847 2566 ent
1865 2545 1965 2566 mettre
1980 2558 1990 2573 ,
2011 2546 2113 2575 come,
2133 2545 2214 2567 avant
2236 2546 2282 2567 ces
2303 2537 2371 2568 heu-

1304 2586 1363 2614 res,
1381 2578 1415 2608 ad
1430 2577 1487 2608 este
1504 2578 1548 2607 use
1561 2577 1654 2607 solone
1671 2576 1696 2606 la
1712 2575 1857 2606 Franchise
1870 2575 1905 2605 de
1919 2574 2048 2611 l’Estaple
2063 2574 2218 2613 avantdite,

1345 2615 1380 2645 Et
1396 2616 1482 2646 ccstcs
1497 2615 1592 2646 choses
1608 2614 1712 2644 voillez
1732 2615 1811 2644 avoir
1833 2624 1867 2644 au
1890 2623 1958 2643 coer
1972 2636 1981 2651 ,
2007 2624 2039 2643 au
2055 2613 2104 2652 fyn
2127 2624 2181 2651 que
2193 2612 2268 2644 ceste
2281 2613 2373 2645 nostre

1306 2654 1413 2691 request
1429 2655 1546 2692 preigne
1563 2652 1665 2691 effe&,
1684 2651 1758 2683 iffint
1773 2662 1826 2690 que
1839 2661 1897 2682 noz
1910 2652 2023 2689 suggitz
2038 2662 2072 2681 ne
2087 2660 2167 2691 eyent
2183 2660 2282 2683 mattre
2298 2652 2334 2682 de
2347 2652 2374 2683 se

1306 2692 1431 2728 pleindre
1447 2693 1505 2731 plus
1519 2701 1602 2723 avant
1616 2702 1652 2722 en
1668 2691 1736 2722 celle
1760 2692 1862 2729 partie,
1880 2692 1912 2721 &
1927 2690 1968 2721 sur
1983 2700 2037 2721 ceo
2051 2700 2120 2721 nous
2135 2690 2239 2721 voillez
2251 2690 2373 2722 certefier

1306 2731 1342 2760 de
1358 2739 1416 2760 voz
1432 2731 1565 2762 voluntez
1581 2742 1595 2761 a
1609 2731 1669 2769 plus
1682 2740 1717 2760 en
1732 2730 1807 2759 haste
1821 2740 1874 2767 que
1890 2738 1971 2767 poez.

1345 2768 1427 2800 Don.
1447 2781 1463 2800 a
1476 2770 1570 2800 nostre
1582 2770 1668 2800 Palais
1681 2769 1717 2800 de
1734 2767 1858 2799 Westm.
1877 2768 1903 2798 le
1919 2778 1953 2805 14
1966 2768 2030 2806 jour
2048 2767 2084 2798 de
2099 2767 2226 2799 Feverer.

1344 2846 1380 2878 Et
1399 2847 1474 2877 tieles
1492 2847 1599 2878 Lettres
1623 2845 1684 2876 sont
1700 2844 1823 2876 mandez
1838 2856 1864 2876 as
1885 2843 2097 2883 Burghmestres
2111 2867 2122 2881 ,
2148 2844 2294 2884 Eskyvyns
2306 2867 2316 2883 ,
2341 2842 2373 2875 ὃς

1307 2883 1467 2925 Counselx,
1485 2887 1519 2917 &
1534 2895 1592 2917 tote
1607 2884 1633 2916 la
1648 2883 1853 2916 Communalte
1868 2883 1904 2915 de
1919 2883 1943 2914 la
1959 2882 2034 2914 Ville
2046 2883 2082 2914 de
2097 2883 2231 2921 Brugges.

1308 3000 1327 3030 d
1343 2962 1380 3030 EIt
1393 2973 1420 2992 as
1440 2963 1569 3000 Avowe,
1586 2961 1751 3001 Eskyvyns‚
1769 2961 1802 2992 ὅτ.
1821 2959 1953 2991 Consessx
1968 2983 1979 2999 ‚
2009 2961 2042 2991 ὅ(
2063 2968 2120 2992 tote
2131 2959 2158 2992 la
2171 2958 2376 2991 Communalte

1329 3012 1344 3030 e
1372 3011 1433 3039 pre.

1332 3136 1428 3166 Breve
1454 3134 1601 3167 direHum
1617 3136 1689 3181 Regi
1709 3136 1807 3167 Scotiae
1827 3132 1863 3166 de
1881 3132 2024 3167 veniendo
2038 3132 2083 3166 ad
2099 3133 2349 3166 Parliamentnm.

1377 3218 1458 3258 EX,
1477 3211 1640 3257 Magnifice
1656 3219 1800 3258 Principi,
1815 3219 1848 3250 &
1863 3217 1936 3249 fideli
1949 3218 2017 3257 suo,
2031 3217 2172 3249 Edwardo
2205 3217 2302 3248 eadem
2311 3226 2374 3253 gra-

1369 3285 1373 3288 .
1394 3259 1448 3297 tia,
1468 3259 1546 3296 Regi
1561 3258 1681 3296 Scotiae‚
1699 3256 1921 3294 Consanguineo
1934 3257 1983 3288 suo
1991 3256 2150 3295 cariffimo,
2168 3241 2297 3286 Salutem.
2367 3293 2372 3298 ¹

1349 3297 1425 3335 Quia
1440 3307 1490 3335 pro
1508 3297 1659 3334 magnis&
1675 3296 1763 3327 arduis
1780 3296 1935 3333 Negotiis,
1952 3303 2010 3326 tam
2026 3295 2093 3325 Nos
2107 3295 2140 3325 &
2155 3294 2261 3325 Statum
2278 3293 2374 3330 Regni

1310 3335 1395 3364 nostri
1414 3335 1543 3373 Angli-ae,
1561 3336 1648 3372 quam
1669 3334 1727 3364 Vos
1742 3335 1775 3365 &
1793 3334 1915 3364 Terram
1934 3344 1968 3364 ac
1994 3333 2121 3364 Gentem
2141 3332 2245 3362 Scotiae
2264 3330 2375 3375 summe

1310 3374 1564 3411 concernentibus,
1582 3373 1796 3404 Parliamentum
1811 3371 1934 3402 nostrum
1950 3372 2022 3410 apud
2038 3369 2321 3401 Westmonasterium
2339 3370 2373 3400 ad

1309 3412 1386 3441 diem
1405 3412 1511 3450 Lunae,
1529 3413 1690 3450 proximum
1699 3410 1762 3449 post
1772 3410 1860 3441 DIem
1869 3410 2072 3447 Dominicam,
2090 3410 2119 3438 in
2134 3408 2229 3439 medio
2245 3408 2373 3448 Qadra-

1309 3450 1424 3487 gelimae
1440 3452 1575 3489 proximo
1590 3449 1711 3480 futuram
1748 3458 1858 3487 tenere,
1876 3450 1909 3480 &
1925 3448 2030 3479 ibidem
2050 3457 2115 3477 cum
2130 3446 2268 3486 Praelatis,
2286 3447 2373 3484 Mag-

1309 3490 1432 3526 natibus,
1450 3490 1482 3520 ὅ(
1499 3489 1664 3519 Proceribus
1677 3472 1747 3518 djgfi
1768 3487 1862 3527 Regni
1885 3486 1974 3517 nostri
1994 3485 2180 3524 Colloquium
2202 3486 2302 3517 habere
2321 3495 2376 3517 vo-

1308 3527 1400 3557 lumus
1413 3528 1447 3558 &
1460 3528 1644 3565 Traetarum,

1347 3564 1383 3594 Et
1402 3566 1468 3596 ideo
1486 3567 1567 3596 vobis
1583 3589 1592 3603 ,
1618 3567 1648 3595 in
1667 3558 1734 3595 Fide
1753 3565 1787 3595 &
1804 3563 1951 3599 Homagio
1965 3585 1975 3601 ,
2148 3602 2152 3606 .

1310 3604 1477 3635 mandamus
1495 3603 1591 3642 quod,
1608 3604 1742 3634 omnibus
1763 3603 1820 3633 aliis
1841 3602 1981 3639 praetermi
2006 3612 2026 3631 is
2038 3625 2049 3640 ,
2077 3600 2112 3631 ad
2124 3601 2216 3632 dustos
2240 3601 2315 3631 diem
2339 3601 2373 3631 &

1309 3641 1406 3672 locum
1426 3643 1601 3680 personaliter
1617 3642 1738 3672 intersitis
1753 3664 1762 3679 ,
1787 3640 1893 3670 ibidem
1908 3639 2059 3671 nobiscum
2081 3650 2114 3670 ac
2143 3650 2211 3670 curn
2234 3638 2374 3677 Praelatis,

1311 3680 1330 3698 '¹‘
1339 3679 1580 3720 Magnatibus,&
1589 3680 1754 3711 Proceribus
1765 3678 1904 3716 praedictis
1916 3678 1995 3716 super
2010 3679 2146 3718 Negotiis
2159 3677 2298 3716 praedietis
2322 3686 2375 3708 tra·
2393 3672 2411 3692 ³*
2422 3674 2475 3701 V·6
2483 3682 2489 3699 ¹
2498 3677 2522 3703 2.·

1309 3718 1427 3757 ciaturi,
1444 3719 1626 3758 vestrumque
1640 3717 1797 3748 Coniilium
1815 3716 1985 3756 impensuri,

1348 3756 1384 3787 Et
1397 3758 1473 3797 hoc,
1491 3759 1559 3788 ficut
1575 3757 1658 3794 Nos,
1673 3757 1706 3786 ὃς
1722 3755 1869 3786 Honorem
1883 3755 2013 3787 nostrum
2035 3756 2069 3787 ὃ(
2084 3754 2225 3792 vestrum,
2240 3754 2372 3794 diligitis,

1311 3795 1465 3826 nullatenus
1479 3796 1621 3826 omittatis.

1348 3833 1438 3865 Teste
1455 3832 1540 3871 Rege
1555 3831 1627 3871 apud
1636 3829 1939 3871 westmonasterium,
1957 3832 2177 3871 decimoquarto
2192 3830 2238 3861 die
2250 3830 2372 3862 Februa-

1310 3882 1353 3903 ru.

2421 3329 2446 3346 (I.

2398 3361 2422 3382 E.
2436 3366 2460 3392 3.

2393 3394 2505 3422 Ibid.m.

2395 3438 2438 3469 32.
2452 3433 2505 3460 ‹107ae

2021 3561 2101 3593 uibus
2122 3562 2206 3593 nobis
2222 3563 2374 3600 tenemini,

2061 3946 2114 3977 Per
2128 3945 2210 3986 ipsizm
2228 3948 2332 3985 Regem,

2328 4137 2379 4173 1³³!
