2561 4251
78 170 156 202 Ann.
170 171 201 202 D

103 212 186 250 1382.

79 252 131 278 Ric.
153 260 178 277 2.

71 1082 92 1103 ’Β
112 1084 184 1113 VH,

72 1132 138 1160 370.

69 1207 146 1240 Ann.
164 1208 205 1240 D.

93 1249 178 1286 1382.

67 1290 122 1314 An.
138 1289 166 1316 6,

69 1329 99 1353 R.
122 1335 146 1353 2.

67 1366 130 1391 Par.
151 1366 177 1391 6.

67 1405 96 1429 R.
108 1409 164 1439 2.p.
178 1413 203 1432 2.

67 1449 103 1467 m.
124 1450 169 1478 33.

61 3464 139 3496 Ann.
150 3466 189 3497 D.

83 3505 167 3543 1382.

59 3546 113 3569 An.
128 3544 155 3571 6.

61 3583 89 3606 R.
101 3590 126 3607 2.

60 3617 149 3652 Clzuf.
169 3621 197 3647 6.

61 3659 159 3693 R.2.p.
178 3667 200 3685 i.

61 3702 99 3722 m.
119 3704 164 3724 20.

65 3921 81 3937 0
102 3921 171 3949 vn.

59 3967 127 3995 37¹·

228 101 307 141 πμ

230 173 407 212 Magistrum
429 172 581 211 cosmatum
602 169 718 200 Gentilis
737 169 911 208 deputaverit
933 169 967 199 &
988 165 1165 210 assignaverit
1177 165 1212 196 ad
1221 165 1298 210 'Fru-

230 214 310 250 dtus,
330 213 507 247 Proventus,
524 211 555 239 &c
573 208 794 247 Emolumenta,
812 207 945 238 Camerae
958 206 1039 244 ipsius
1055 204 1228 235 Sanetiffimi
1240 204 1297 234 Pa-

228 253 277 282 tris
300 250 482 289 pertinentia,
499 249 529 277 in
551 247 657 285 Regno
679 247 777 277 nostro
802 246 914 284 Angliae
937 246 970 276 &
992 245 1020 274 in
1037 243 1181 274 Dominio
1196 242 1295 273 nostro

231 291 398 324 Hiberniae,
413 286 566 317 levandum
580 286 613 316 δε
626 285 819 323 colligendum
829 308 838 321 ,
984 320 987 325 Υ

269 329 405 364 Idemque
427 324 577 355 Colleetor
593 349 602 360 ,
627 324 766 353 dilesttum
787 322 869 352 nobis
885 344 895 360 ,
923 323 967 350 W
966 319 1103 350 illielmum
1125 319 1295 361 IWstthorp,

230 366 383 397 Personam
393 361 528 394 Ecclesiae
544 363 579 392 de
593 361 788 397 Creuessawe,
797 360 1003 390 Lincolnienfis
1017 358 1159 389 Dioecesis
1173 358 1296 389 Subcol-

233 405 371 434 lectorem
394 403 424 431 in
441 401 581 431 Hibernia
601 400 759 438 praefecerit
779 400 811 430 &
833 398 1026 437 deputaverit,
1046 407 1133 435 quem
1155 398 1189 428 ad
1203 396 1296 427 Colli-

229 442 354 481 gendum
375 441 407 470 &
431 439 645 476 Recipiendum
667 438 787 468 Fructus
802 461 812 474 ,
836 436 994 467 Proventus
1009 459 1019 475 ,
1039 437 1072 467 &
1090 435 1295 466 Emolumenta

227 479 362 518 praedieta
375 479 406 508 in
420 479 532 508 diversis
546 478 670 514 partibus
684 477 836 506 Hibernia:
851 484 963 513 oportet
979 475 1121 512 laborare,

264 518 304 548 Et
325 518 408 548 nobis
430 516 623 554 supplicaverit
647 524 695 553 ut,
716 525 769 552 pro
792 516 849 552 ejus
872 515 905 545 &
928 514 1043 544 suorum
1069 512 1243 550 securitate,
1260 521 1294 542 ac

226 555 300 587 salva
321 555 503 586 Collefflone
522 554 667 584 dietorum
691 553 868 590 Fru&uum,
885 551 1103 589 Proventuum‚
1121 552 1154 582 ὃ(
1175 548 1295 581 Emolu-

230 604 416 632 mentorum,
435 594 584 632 dignemur
599 593 720 632 gratiose
734 592 900 630 providere,

262 634 332 664 Nos

266 656 473 709 Supp'licationi
488 669 632 708 praedium
646 668 834 700 favorabiliter
849 668 991 707 inclinati,

266 711 446 746 Suscepimus
465 709 554 747 ipsum
576 707 756 738 lVillselmum
781 707 899 738 Frucss‘cus
925 707 1102 745 hujusmodi,
1119 705 1296 742 Proventus,

229 749 263 780 &
281 749 501 783 Emolumenta.¹
519 747 639 777 levando
655 748 687 778 δε
705 746 889 784 colligendo,
907 747 940 777 &
954 747 980 776 se
999 746 1035 777 de
1053 746 1122 776 loco
1141 745 1175 775 ad
1194 744 1294 774 locum

225 787 297 817 infra
314 786 488 816 Dominium
508 785 638 816 nostrum
664 785 808 815 l-liberniae
830 785 999 823 praeditftum
1020 782 1204 821 divertendo,
1229 791 1295 812 mo-

226 825 333 864 raudo,
348 826 381 857 &
402 825 437 855 ad
458 824 576 862 Propria
598 823 761 861 redeundo,
787 822 847 859 &c.
861 830 942 862 prout
963 827 991 853 in
1014 826 1120 854 Literis
1141 822 1173 851 de
1197 823 1294 851 Prote-

224 865 321 894 aione.

261 903 297 932 ln
311 902 407 940 cujus,
425 902 486 932 &c.
502 911 552 940 per
568 911 658 931 unum
675 901 792 931 Annum
810 900 959 931 duraturas.

300 940 391 971 Teste
405 940 488 980 Rege
503 940 576 978 apud
592 939 870 980 nastmonasterium,
890 941 988 978 pritno
1001 938 1046 968 die
1063 937 1255 969 Novembris.

225 1067 254 1094 δὲ
282 1069 340 1100 Pro
368 1069 486 1100 Simone
511 1063 547 1098 de
571 1065 674 1114 Burley
695 1063 840 1098 Chivaler
851 1074 904 1109 pro
922 1061 1097 1111 Obfi’quiis,
1121 1066 1152 1096 in
1167 1059 1292 1108 quibus-

556 1125 669 1163 cunque
687 1110 833 1148 Statubus
856 1115 951 1160 Regis.

229 1201 342 1260 REX
360 1202 523 1241 Omnibus,
540 1202 574 1233 ad
590 1212 681 1240 quOS,
697 1200 757 1232 &e
776 1199 911 1233 Salutem.

319 1242 417 1274 Sciatis
433 1241 530 1280 quod,
548 1251 602 1279 pro
616 1242 699 1270 bonis
713 1241 745 1271 &
762 1241 870 1280 magnis
890 1237 1060 1277 Obsequiis,
1077 1248 1159 1278 quae,
1175 1238 1295 1270 diled'tus

226 1278 260 1310 &
283 1280 369 1311 fidelis
389 1280 474 1311 Miles
496 1280 609 1317 noster,
627 1283 716 1309 Simon
740 1279 772 1308 de
792 1277 912 1318 Burley,
929 1278 1155 1309 Subcamerarius
1177 1277 1292 1315 noster,

225 1320 306 1350 nobis
329 1319 466 1359 impendit
487 1321 521 1350 ὃς
536 1319 635 1349 locum
652 1318 757 1355 tenuit,
773 1318 808 1347 ab
825 1317 945 1348 Infantia
959 1316 1053 1347 nostra
1066 1318 1212 1353 tenera,in
1228 1317 1291 1355 qui-

225 1356 403 1396 buscumque
417 1358 539 1388 Statibus
556 1367 627 1395 quos
640 1357 791 1387 habuimus
806 1355 962 1393 (videlicet)
975 1364 1126 1393 antequam
1147 1355 1290 1385 Ordinem

227 1394 383 1427 Militarem
403 1397 596 1434 optinuimus,
622 1396 654 1426 ὅ(
677 1405 805 1433 tempore
829 1405 888 1433 quo
909 1394 989 1424 illum
1009 1394 1152 1425 Ordinem
1172 1393 1291 1432 suscepi-

224 1443 289 1465 mus
302 1460 312 1473 ,
345 1446 378 1466 ac
397 1434 585 1473 postmodum
609 1433 722 1472 quando
746 1433 877 1471 Princeps
897 1433 1012 1462 Wallize
1033 1432 1099 1464 faeti
1120 1442 1229 1463 eramus
1255 1434 1289 1464 δε

223 1474 358 1511 quamdiu
380 1474 504 1511 fuimus,
521 1475 553 1505 &
577 1473 689 1503 ulterius
711 1471 870 1510 quousque,
891 1471 992 1502 Gratia
1016 1471 1129 1509 divina,
1147 1471 1289 1501 fueramus

223 1513 251 1542 in
266 1511 381 1551 Regem
397 1511 580 1549 Coronatus,
597 1512 678 1542 dieto
695 1510 814 1541 Simone
830 1519 893 1541 toto
910 1518 1040 1548 tempore
1055 1510 1222 1541 Camerario
1234 1520 1288 1539 no-

220 1550 281 1620 gro
294 1551 443 1589 Prinquali
452 1574 462 1590 ,
478 1552 511 1582 &
525 1549 711 1589 postmodum
726 1549 872 1587 hucusque
886 1549 1101 1580 Subcamerario
1120 1548 1220 1579 nostro
1229 1549 1287 1578 exi-

247 1599 312 1621 ente

257 1628 295 1659 Et
309 1614 460 1667 specialiter
476 1639 528 1667 pro
544 1638 580 1659 eo
596 1627 675 1666 quod
685 1651 695 1665 ‚
713 1627 826 1658 diversis
840 1627 975 1664 Vicibus,
993 1637 1045 1665 pro
1059 1624 1211 1666 Maritagio
1234 1636 1289 1657 no-

219 1665 278 1697 stro
288 1686 304 1704 ,r
318 1668 407 1698 versus
423 1667 517 1698 Partes
530 1667 741 1697 Transmarinas
756 1668 785 1696 in
799 1667 832 1697 N
837 1667 954 1696 uncium
968 1667 1043 1701 ibat,
1059 1667 1092 1697 &
1107 1665 1210 1695 abinde
1219 1676 1289 1696 curn

220 1705 360 1737 carissima
375 1706 517 1737 Consorte
533 1705 626 1735 nostra
639 1705 750 1744 Regina
763 1705 799 1735 de
815 1704 905 1735 Patria
919 1705 963 1734 sua
976 1704 1009 1734 ad
1033 1704 1213 1734 Praeseniiam
1235 1714 1288 1734 no-

219 1742 303 1774 stram
320 1746 446 1782 redibat,
461 1745 494 1775 &
511 1745 593 1774 etiam
609 1754 661 1781 pro
675 1754 729 1781 eo,
747 1743 826 1781 quod
839 1744 914 1774 bene
930 1743 1074 1773 informati
1087 1743 1287 1782 sumtis,quod

217 1792 272 1820 pro
288 1785 394 1822 magnis
407 1783 589 1820 Sumptibus,
607 1792 678 1820 quos
691 1782 804 1819 eundo,
824 1781 983 1820 morando,
1001 1782 1033 1812 &
1055 1781 1220 1819 redeundo,
1238 1791 1287 1819 per

217 1820 326 1852 diversa
340 1831 468 1860 tempora
484 1823 512 1852 in
528 1821 609 1851 dieto
623 1820 747 1851 Nuncio
764 1819 883 1858 nostro,
899 1831 952 1858 pro
976 1821 1088 1851 Amore
1107 1821 1140 1851 &
1164 1820 1288 1851 Honore

217 1859 325 1898 nostri,
345 1861 377 1891 ὃ(
392 1860 426 1890 ad
442 1860 620 1891 Defiderium
636 1858 768 1896 nostrum
782 1860 813 1889 iii
826 1859 879 1890 hac
897 1869 974 1897 parte
992 1858 1090 1890 melius
1110 1858 1289 1897 Perimplen-

215 1897 302 1936 dum,
328 1899 411 1937 fecit,
436 1898 608 1929 indebitatus
631 1907 742 1928 tantum
762 1899 870 1936 extitit,
885 1897 966 1936 quod
987 1908 1040 1936 pro
1063 1897 1146 1928 dietis
1172 1897 1288 1929 Debitis

216 1938 407 1975 acquietandis
423 1937 513 1975 ipsum
528 1946 616 1968 certas
628 1936 734 1967 Terras
748 1936 822 1975 suas,
840 1946 906 1974 quas
922 1938 951 1966 in
968 1936 1085 1974 Feodo,
1103 1937 1132 1966 in
1155 1935 1288 1968 Comita—

215 1982 245 2005 tu
260 1975 429 2014 Suffolciae,
447 1985 480 2006 ex
496 1976 607 2013 Dono,
622 1974 755 2005 cariffimi
772 1974 898 2006 Domini
915 1975 947 2006 &
964 1974 1053 2005 Patris
1075 1974 1164 2006 nostri
1184 1975 1288 2007 defun-

213 2014 257 2045 eti
267 2038 276 2050 ,
293 2015 406 2054 habuit,
424 2014 548 2045 vendere
563 2015 731 2052 oportebat,

259 2053 297 2084 Et
315 2053 382 2084 Nos
396 2054 487 2085 avis-ati
501 2053 616 2091 qualiter
630 2062 720 2091 nuper
733 2051 825 2083 cidem
841 2053 952 2083 Simoni
966 2051 1099 2083 Castrum
1113 2052 1150 2084 de
1165 2053 1287 2093 Emelyn

217 2090 378 2131 Ucheuth,
395 2103 464 2123 cuni
479 2091 661 2130 Commoto‚
681 2093 710 2122 in
726 2091 877 2123 Comitatu
891 2092 927 2122 de
942 2091 1125 2131 Kermerdyn
1135 2115 1145 2131 ,
1164 2094 1192 2122 in
1199 2093 1286 2124 Suth-

215 2131 321 2169 wallia,
338 2141 402 2169 quae
415 2131 448 2161 ad
467 2130 572 2161 Manus
587 2129 709 2168 nostras,
729 2130 794 2168 post
811 2129 944 2161 Mortem
959 2130 1090 2160 Richardi
1111 2132 1143 2160 de
1166 2130 1194 2160 la
1215 2134 1286 2161 Bere

213 2168 332 2206 Militis,
356 2169 548 2208 devenerunt,
577 2169 750 2199 Dederimus
770 2168 947 2199 Habendum
969 2169 1063 2199 eidem
1082 2170 1213 2208 Simoni,
1231 2170 1285 2201 du-

213 2215 291 2238 rante
308 2207 375 2238 Vita
389 2208 452 2246 sua,
471 2209 503 2240 ὃς
521 2210 578 2246 ejus
593 2207 800 2239 Executoribus
815 2207 860 2238 seu
876 2207 1026 2247 Affignatis
1042 2218 1090 2245 per
1114 2207 1199 2239 Duos
1220 2209 1283 2239 An-

211 2256 281 2284 nos,
320 2246 366 2276 ost
382 2247 514 2277 Mortem
531 2247 624 2285 suam,
644 2257 696 2285 pro
710 2248 880 2277 executione
893 2246 1073 2277 Testamenti
1089 2246 1128 2277 sui
1143 2247 1282 2286 facienda,

211 2295 279 2316 cum
336 2286 468 2323 ominiis,
497 2285 685 2322 Franchesiis,
712 2285 919 2323 Libertatibus2
938 2284 1076 2323 Escaetis,
1092 2295 1125 2315 ac
1143 2286 1199 2316 aliis
1221 2289 1283 2324 qui-

211 2323 407 2362 buscumque,
426 2324 530 2355 eisdem
544 2323 649 2354 Castro
664 2325 697 2354 &
711 2323 877 2354 Commoto
892 2324 1109 2362 pertinentibus,
1125 2334 1140 2353 a
1153 2334 1282 2362 tempore

212 2361 321 2393 Mortis
334 2363 465 2400 praedicti
480 2362 615 2399 Ricardi',
634 2371 719 2400 prout
732 2364 761 2393 in
778 2362 880 2393 Literis
894 2362 995 2393 nostris
1016 2362 1193 2402 Patentibus,
1213 2365 1280 2395 inde

211 2401 352 2468 colnffee‘tis
360 2426 368 2439 ,
387 2401 495 2440 pleni&
513 2402 676 2433 continetur
684 2424 694 2440 ,

285 2451 315 2469 os
338 2450 384 2470 am

248 2451 402 2517 Voleiites}
424 2478 662 2510 Consideratione
680 2478 915 2518 Praemifforum,
934 2479 1052 2518 praesato
1075 2479 1187 2510 Simoni
1210 2482 1278 2512 ube-

212 2516 318 2546 riorem
335 2517 464 2548 Gratiam
481 2519 572 2548 facere
586 2519 613 2548 in
630 2519 684 2548 hac
697 2528 790 2557 parte,

251 2553 298 2583 De
319 2554 423 2585 assensu
444 2557 477 2587 &
496 2558 523 2585 in
547 2557 688 2594 praesentia
713 2556 861 2587 cariffiniae
885 2555 1034 2587 Consortis
1054 2555 1160 2587 nostrae
1182 2561 1278 2588 Annae

210 2594 318 2630 Reginae
334 2593 465 2632 Angliae,
483 2593 624 2632 Jahannis
638 2599 716 2632 Regis
731 2595 851 2632 Castellae
867 2595 904 2630 ἐν
920 2598 1046 2633 Legionis
1062 2595 1155 2625 Ducis
1170 2597 1279 2628 Lanca-

213 2630 288 2661 striae
306 2631 451 2662 Avunculi
465 2632 571 2670 nostri,
587 2643 638 2670 ac,
657 2633 869 2663 Venerabiliurn
891 2633 1024 2671 Patrum,
1043 2633 1278 2674 Consanguineo-

209 2679 275 2699 rum
291 2669 473 2708 nostrorum,
491 2670 634 2700 Willielmi
657 2671 853 2710 Archiepiftopi
875 2673 1095 2712 Cantuarienfis,
1110 2673 1143 2703 &
1164 2673 1276 2705 Roberti

210 2709 266 2747 Epi
279 2713 331 2746 copi
347 2709 496 2738 Londoniae
512 2708 680 2739 Cancellarii
694 2709 803 2748 nostri,

285 2755 411 2778 Eurinus
433 2748 468 2778 &
489 2746 716 2778 Concussrixius
738 2748 830 2777 eidem
851 2747 966 2778 Simoni
980 2748 1112 2778 Castrum
1128 2751 1161 2781 δε
1177 2750 1274 2782 Com-

209 2795 324 2816 motum
339 2786 489 2824 praedidia,
506 2786 681 2817 Habendum
698 2786 763 2824 sibi,
782 2786 973 2823 Haeredibus,
992 2788 1024 2817 &
1054 2787 1199 2826 Affignatis
1221 2791 1273 2821 suis

208 2823 491 2862 IMPERPETUUM,
508 2834 522 2854 a
538 2834 670 2864 tempore
693 2824 796 2855 Mortis
818 2825 945 2862 praedidii
966 2824 1099 2863 Ricardi,
1118 2837 1185 2857 cum
1208 2828 1274 2859 Do-

210 2864 321 2901 miniis,
342 2862 528 2900 Franchesiis,
546 2863 750 2901 Libertatibus,
774 2862 873 2893 Feodis
899 2862 1042 2901 Militum,
1068 2863 1275 2897 Advocationi-

207 2901 260 2931 bus
276 2901 483 2940 Eccleliarum,
503 2901 636 2941 Wardis,
652 2901 825 2941 Maritagiis,
845 2901 1084 2940 Reversionibus,
1104 2903 1274 2936 Forissa&u-

204 2940 259 2977 ris,
277 2940 310 2969 &
326 2939 459 2976 Escaetis,
476 2940 532 2970 una
552 2950 620 2970 cum
643 2940 867 2979 quibuscumque
886 2940 943 2970 aliis
965 2940 1103 2971 Proficuis
1123 2942 1157 2972 δε
1179 2942 1273 2974 Com-

204 2977 407 3015 moditatibus,
426 2978 528 3008 eisdem
541 2978 642 3008 Terrae
664 2979 698 3009 &
713 2977 857 3008 Dominio
882 2979 1125 3017 qualitercumque
1145 2980 1272 3018 specian-

204 3017 281 3047 tibus
303 3015 363 3059 sive
383 3017 601 3054 pertinentibus,
618 3027 666 3055 per
694 3016 812 3047 Servitia
824 3017 892 3048 inde
906 3017 1001 3048 debita
1013 3019 1046 3049 &
1060 3018 1208 3058 consueta,
1223 3031 1272 3051 an-

204 3063 321 3092 tequam
336 3054 411 3085 dicta
427 3053 561 3085 Castrum
577 3056 611 3087 δε
627 3055 826 3086 Commotum
846 3056 881 3086 ad
903 3066 1000 3088 manus
1022 3056 1129 3088 nostras
1151 3057 1272 3091 devene-

206 3101 280 3124 runt.

241 3131 276 3162 In
292 3131 386 3170 cujus,
404 3132 466 3163 &c.

283 3169 373 3202 Teste
385 3170 471 3210 Rege
486 3170 561 3209 apud
578 3170 854 3212 Westmonasterium,
871 3176 956 3205 tertio
971 3174 1018 3205 die
1033 3173 1220 3206 Novembris.

686 3251 739 3279 Per
754 3252 848 3280 Breve
861 3251 893 3281 de
908 3254 1028 3281 Privato
1043 3250 1140 3289 sigillo.

277 3375 325 3407 De
342 3387 398 3408 non
417 3373 595 3418 molestando
607 3403 617 3419 ‚
642 3386 744 3409 contra
760 3378 902 3410 Formam
922 3377 1188 3411 Pardonationum.

208 3458 342 3515 REX,
362 3459 480 3491 Dilesto
502 3461 536 3492 &
556 3459 647 3491 Fideli
666 3461 732 3499 suo,
751 3461 870 3491 Gm‘doni
892 3462 923 3491 de
940 3465 1043 3500 Brien,
1061 3463 1095 3493 &
1110 3461 1200 3492 Sociis
1220 3462 1271 3494 suis

279 3498 441 3537 Justiciatiis
465 3498 574 3537 Regis,
593 3500 626 3529 ad
649 3499 754 3530 Pacem
777 3499 903 3530 nostram
921 3502 947 3530 in
966 3501 1114 3531 Comitatu
1126 3501 1270 3531 Somerse-

208 3536 255 3566 tiae
271 3536 491 3567 conservandam
502 3560 511 3575 ,
529 3547 644 3568 necnon
659 3539 693 3568 ad
707 3538 823 3567 diversas
839 3538 1082 3579 Transgreiliones
1094 3539 1127 3570 ὅ(
1144 3538 1272 3571 Felonias

209 3574 356 3605 audiendas
372 3576 404 3605 δε
418 3576 606 3606 terminandas
619 3575 772 3616 affignatis,
789 3575 923 3607 Salutem.

248 3611 328 3643 Cum
341 3637 350 3650 ,
363 3614 436 3643 inter
451 3623 569 3653 caetera,

250 3649 282 3680 In
304 3651 407 3682 ultimo
431 3652 622 3683 Parliamento
643 3652 741 3683 nostro
756 3676 765 3691 ,
790 3652 864 3690 apud
886 3653 1142 3694 Wslmonasterium
1165 3661 1245 3684 tento
1261 3680 1271 3693 ,

213 3687 285 3718 faeta
300 3691 332 3720 ὃς
349 3689 539 3727 concordata,
554 3690 588 3720 ad
610 3691 760 3721 instantem
781 3691 1024 3729 Supplicationem
1050 3691 1273 3723 Communitatis

212 3725 309 3762 Regni
322 3728 410 3758 nostri
425 3728 552 3767 Angliae,
571 3730 600 3757 in
617 3730 754 3767 praedicto
777 3729 966 3760 parliamento
983 3731 1105 3768 fac‘tam,
1123 3730 1156 3760 &
1177 3739 1206 3759 ut
1227 3741 1272 3760 ea-

212 3763 279 3808 dem
296 3764 510 3803 Communitas,
528 3767 564 3796 de
578 3777 702 3805 caetero,
719 3769 748 3796 in
766 3768 848 3805 Fide,
868 3768 1050 3807 Dilet‘tione,
1069 3770 1102 3799 &
1122 3767 1272 3798 Obedien-

211 3808 250 3843 tia
266 3803 377 3841 nostra,
391 3805 423 3834 ὃς
439 3805 596 3834 Haeredum
611 3805 790 3842 nostrorum,
807 3806 958 3837 ferventius
972 3816 1150 3845 permaneat,
1165 3817 1197 3836 ac
1222 3818 1271 3845 pa-

210 3838 296 3869 cifice
309 3842 413 3884 ubique
427 3843 455 3872 in
469 3842 578 3880 Regno
592 3843 729 3881 praedieto
743 3844 770 3874 se
784 3854 859 3882 gerat
868 3869 877 3881 ,

249 3876 296 3906 De
312 3878 409 3909 Gratia
425 3881 521 3911 nostra
534 3881 660 3918 speciali,
680 3892 712 3911 ac
727 3882 762 3912 de
783 3883 887 3912 alsensu
911 3883 1082 3920 Magnatum
1103 3884 1136 3914 &
1159 3882 1268 3913 Proce-

208 3925 289 3951 rum,
309 3915 407 3945 Nobis
422 3919 448 3946 in
464 3920 482 3937 *
498 3919 686 3949 Parl'iamento
711 3920 848 3957 Ρηεάἰᾶὶο
867 3921 1068 3959 assistentium,
1087 3920 1268 3951 Pannona-

207 3961 358 3996 vaitiivius
381 3956 414 3984 ὃς
436 3955 679 3988 REMISERIMUS
701 3959 836 3988 omnibus
861 3960 1020 3998 &lingulis
1034 3959 1133 3997 Ligeis
1148 3958 1264 3998 nostris,

207 3991 410 4031 cujuscumque
426 3993 536 4033 Status,
554 3995 686 4036 Gradus,
703 3996 750 4027 seu
764 3996 947 4028 Conditionis
959 3998 1080 4036 fuerint,

684 79 1496 132 CONVENTIONES,

1554 82 1945 136 LITERAE,

1374 164 1505 210 Exceptis
1527 168 1663 210 omnibus
1683 169 1753 207 illis,
1767 178 1890 206 quorum
1911 169 2042 200 Nomina
2061 170 2144 209 alias,
2162 171 2192 201 in
2213 170 2405 204 Parliamentis
2419 168 2495 202 Ann.
2505 171 2545 205 D.

1335 203 1455 242 nostris,
1472 204 1561 235 Annis
1582 205 1682 243 Regni
1699 207 1790 250 nostri
1813 207 1929 245 Qinto
1951 209 1985 239 «sc
2003 207 2106 248 Sexto,
2123 211 2159 240 ab
2179 211 2261 240 omni
2282 210 2402 250 Gratia,
2445 210 2531 249 1382.

1334 251 1383 279 per
1397 252 1448 272 nos
1461 251 1530 273 tunc
1545 244 1637 282 facia,
1657 244 1856 283 Excipiendis,
1872 245 1986 275 liberata
2005 246 2135 287 fuerunt,
2154 258 2286 286 tanquam
2309 250 2400 287 (vide-
2413 251 2467 278 Ric'·
2480 258 2517 282 22

1334 280 1413 317 licet)
1427 280 1629 319 principalium
1643 281 1831 320 Inceptorum
1846 306 1856 320 ,
1878 283 2078 315 Abettatorum
2093 311 2103 324 ,
2120 289 2154 318 &
2173 286 2399 320 Procuratorum

1334 317 1565 358 Insurrefflonis,
1585 331 1674 358 nuper
1687 322 1758 352 infra
1771 320 1914 359 Regnum
1933 321 2102 360 praedietum
2123 325 2278 363 proditorie
2300 327 2399 358 subor-

1335 365 1388 394 tae,
1408 357 1483 389 unde
1499 358 1616 390 Rectati
1628 360 1707 397 sunt,

1345 434 1350 439 ¹
1371 395 1502 427 Necnon
1518 398 1625 429 Tribus
1645 398 1792 438 Personis,
1813 396 1934 429 Civibus
1950 397 2137 438 Londoniae,'
2149 402 2197 440 qui
2212 404 2242 433 in
2257 402 2336 435 dieto
2354 403 2398 435 ul-

1330 441 1404 464 timo
1417 435 1607 467 Parliamento
1619 436 1735 475 nostro,

1371 471 1420 503 De
1439 483 1475 504 eo
1498 475 1652 513 (videlicet)
1672 475 1753 514 quod
1774 485 1847 506 unus
1866 476 2036 506 eorumdem
2052 474 2190 517 Civium,
2207 479 2341 513 dilefflim
2362 481 2397 514 &

1333 509 1447 541 fidelem
1465 513 1600 556 ⁸nostrum
1616 536 1627 553 ,
1652 513 1831 544 Willielmum
1856 515 1888 544 de
1909 514 2094 545 Walleworth
2107 538 2117 553 ,
2141 525 2231 554 nuper
2252 519 2398 560 Majorem

1334 548 1497 581 Londoniae
1532 556 1565 582 ac
1578 553 1714 589 quosdam
1727 553 1795 583 alios
1810 552 1918 583 Fideles
1935 553 2063 591 nostros,
2079 555 2234 591 quominus
2253 557 2302 595 ipfi
2322 558 2397 590 Por-

1334 595 1374 618 tas
1385 588 1473 618 dietae
1487 573 1617 621 Civitatis
1630 600 1728 621 contra
1740 590 1971 623 Communitates
1983 592 2098 623 Kantiae
2113 593 2146 623 &
2161 592 2295 634 Effexiae,
2309 598 2339 626 in
2353 597 2398 628 di-

1336 626 1381 656 Cta
1395 627 1600 659 insurreetione
1611 629 1770 668 proditorie
1782 640 1852 660 tunc
1866 639 2062 669 congregatas,
2078 640 2109 662 ut
2125 632 2153 661 in
2174 632 2294 663 eandem
2312 634 2398 668 Civi-

1333 672 1418 695 tatem
1433 665 1592 703 Ingressum
1608 678 1667 698 nori
1690 667 1866 705 habuissent,
1884 669 2031 707 claudere,
2048 670 2081 700 &
2100 669 2221 700 eandem
2241 670 2398 706 Civitatem

1333 705 1369 733 ab
1382 704 1485 735 eisdem
1501 705 1696 736 proditoribus
1707 707 1859 736 defendere
1883 715 2053 745 potuerunt,
2070 709 2165 745 primo
2185 711 2218 741 ὃς
2240 713 2400 750 principali-

1333 751 1375 772 ter
1390 744 1566 782 impedivisse
1577 745 1688 784 debuit,

1369 780 1475 825 Caeteri
1491 785 1561 814 vero
1578 784 1667 822 Duo,
1685 783 1853 814 eorumdem
1867 783 1973 813 Trium
1988 782 2125 822 Civium,
2143 785 2180 816 de
2194 797 2231 818 eo
2248 788 2327 826 quod
2346 789 2397 828 ipfi

1335 819 1423 851 Primi
1437 822 1468 851 ὅ(
1484 821 1652 861 Principales
1666 822 1826 854 Consiliarii
1841 822 2011 853 eorumdem
2027 822 2211 854 Proditorum
2221 848 2231 864 ,
2248 836 2280 858 ut
2299 827 2332 857 ad
2353 828 2398 858 di-

1333 858 1410 889 <Statii
1426 859 1580 891 Civitatem
1593 862 1759 892 accederent
1769 863 1803 893 &
1819 871 1882 891 eam
1896 862 2109 898 ingrederentur
2118 884 2127 898 ,
2139 872 2171 892 ac
2187 862 2333 896 Du&ores
2343 877 2397 897 eo-

1332 898 1463 928 rumdem
1485 898 1670 930 Proditorum
1691 899 1763 931 infra
1783 899 1939 932 Civitatem
1953 900 2030 931 illam
2044 900 2161 931 extitiffe
2175 901 2349 944 debuerunt,
2367 906 2398 937 in

1332 937 1458 976 speciali,
1477 939 1559 968 etiam
1574 938 1687 969 Restati
1700 938 1780 977 sunt,

1368 975 1562 1020 Aoomnibus
1574 977 1718 1016 Personis,
1737 979 1765 1008 in
1778 977 1883 1009 eodem
1899 977 1972 1009 Casu
1983 978 2131 1009 dietorum
2143 978 2250 1010 Trium
2264 979 2396 1022 Civium,

1330 1014 1376 1045 vel
1391 1015 1504 1053 alicujus
1519 1018 1702 1053 eorumdem,
1721 1016 1804 1054 plene
1822 1016 2020 1056 existentibus,

1368 1054 1415 1083 Ac
1438 1055 1522 1085 etiam
1543 1055 1677 1086 omnibus
1698 1056 1730 1087 &
1753 1055 1865 1095 singulis
1882 1055 2012 1087 Personis
2036 1055 2136 1095 Villae,
2157 1056 2194 1088 de
2214 1056 2288 1098 Bury
2307 1058 2395 1091 sanCti

1330 1089 1492 1137 Edrnundi,
1512 1093 1635 1124 fimiliter
1650 1093 1798 1133 Exceptis,

1371 1131 1485 1161 sectam
1499 1132 1581 1164 Pacis
1596 1133 1714 1171 nostrae,
1733 1134 1766 1165 δε
1781 1132 1916 1172 quicquid
1928 1132 1962 1163 ad
1975 1133 2045 1164 Nos
2057 1134 2193 1174 pertinet,
2208 1135 2254 1167 vel
2274 1137 2397 1174 pertine-

1331 1179 1361 1200 re
1377 1171 1497 1209 poterit,
1516 1182 1568 1209 pro
1582 1173 1758 1203 omnimodis
1771 1171 1984 1203 Proditionibus
1997 1173 2030 1203 &
2046 1172 2185 1212 Feloniis,
2203 1174 2231 1204 in
2251 1174 2328 1205 dista
2347 1175 2397 1205 ln-

1331 1209 1521 1248 surrectione,
1539 1212 1610 1241 inter
1632 1211 1786 1249 (videlicet)
1812 1211 1942 1241 Primum
1965 1209 2056 1241 Diem
2080 1209 2168 1250 Maii,
2189 1211 2277 1243 Anno
2297 1212 2396 1253 Regni

1332 1248 1421 1278 nostri
1443 1247 1557 1287 Qarto
1571 1273 1580 1288 ,
1605 1250 1638 1280 ὃ(
1662 1250 1777 1280 Festum
1796 1249 1963 1281 Nativitatis
1984 1249 2070 1281 saneti
2089 1249 2227 1288 Johannis
2248 1250 2396 1291 Baptistae,

1480 1290 1595 1319 roximo
1615 1288 1749 1326 sequens,
1770 1288 2016 1357 qualitercumque
2037 1287 2116 1319 faecis
2138 1288 2196 1320 five
2218 1292 2396 1330 perpetratis,

1759 1337 1775 1357 e
1799 1327 1939 1366 Appellati
1954 1327 2096 1366 existunt,
2112 1337 2145 1358 ac
2167 1328 2252 1358 etiarn
2272 1328 2398 1367 Utlaga-

1331 1296 1436 1317 extunc

1330 1326 1405 1355 unde
1418 1324 1451 1368 ln
1475 1326 1569 1365 istati,
1588 1327 1719 1366 Reffiati,
1739 1340 1755 1358 v

1329 1365 1390 1401 tiis,
1411 1367 1429 1393 li
1452 1375 1517 1402 quae
1538 1368 1566 1396 in
1591 1366 1681 1404 ipsos,
1700 1368 1745 1397 seu
1764 1376 1864 1396 eorum
1880 1366 2022 1404 aliquem,
2039 1366 2092 1397 hiis
2106 1366 2322 1406 occasionibus,
2338 1368 2401 1399 fue-

1329 1404 1382 1433 rint
1397 1404 1599 1443 promulgatae,
1618 1406 1651 1436 &
1666 1405 1778 1435 firmam
1791 1404 1897 1436 Pacem
1916 1404 2045 1436 nostram
2066 1405 2119 1443 eis,
2136 1405 2170 1436 &
2194 1415 2295 1436 eorum
2314 1407 2400 1437 cuili-

1331 1441 1396 1478 bet,
1415 1442 1481 1472 inde
1538 1453 1557 1473 o
1567 1452 1642 1474 Nea
1653 1453 1665 1474 s
1676 1454 1687 1474 s
1697 1454 1715 1474 E
1727 1453 1749 1474 R
1762 1452 1807 1474 1M
1818 1452 1839 1473 υ
1851 1453 1880 1481 s,
1897 1444 1934 1473 ita
1948 1452 2041 1474 tamen
2057 1444 2138 1482 quod
2159 1442 2231 1475 stent
2244 1443 2343 1476 Recio
2363 1445 2396 1476 in

1331 1478 1418 1510 Curia
1432 1480 1543 1519 nostra,
1562 1482 1580 1512 fi
1597 1483 1658 1520 quis
1670 1483 1716 1513 vel
1737 1483 1786 1521 qui
1806 1482 1872 1512 inde
1895 1483 1985 1512 versus
2009 1492 2057 1513 eos
2077 1482 2123 1515 seu
2146 1491 2246 1513 eorum
2270 1483 2397 1522 aliquem

1328 1518 1408 1556 loqui
1430 1519 1572 1552 voluerint
1591 1521 1637 1553 vel
1655 1521 1778 1553 voluerit
1795 1520 1832 1552 de
1854 1519 2022 1561 Praemiffis,
2048 1521 2094 1553 vel
2113 1520 2208 1559 aliquo
2229 1520 2397 1554 Praemiffo-

1328 1567 1401 1588 rum.

1365 1596 1775 1631 Pannonivmunus
1790 1599 1898 1638 insuper
1916 1601 1949 1632 &
1965 1599 2280 1631 REMISERIMUS
2295 1598 2397 1631 Comd

1328 1638 1458 1667 munitati
1474 1636 1571 1678 Regni
1582 1638 1669 1669 nostri
1685 1639 1829 1677 praediffl,
1847 1640 1880 1670 &
1895 1639 2012 1670 cuilibet
2025 1638 2154 1677 singulari
2170 1637 2304 1669 Personae
2322 1640 2396 1679 ejus-

1328 1673 1394 1705 dem
1416 1675 1512 1714 Regni
1535 1676 1684 1715 (Exceptis
1705 1687 1832 1715 praeexce
1853 1677 1903 1714 tis)
1926 1677 2061 1715 quicquid
2080 1677 2115 1707 ad
2136 1687 2190 1707 nos
2210 1680 2329 1714 pertinet
2347 1677 2397 1710 vei

1329 1715 1470 1750 pertinere
1486 1717 1588 1754 poterit
1603 1726 1655 1754 pro
1668 1717 1803 1746 omnibus
1849 1715 2096 1752 ransgreffionibus
2111 1716 2142 1745 in
2157 1715 2262 1746 eodem
2275 1715 2396 1756 Regno,

1329 1762 1393 1782 ante
1414 1753 1591 1784 Vicelimum
1615 1755 1759 1792 Quartum
1782 1754 1860 1784 diem
1880 1753 2020 1785 Otitobris
2040 1754 2174 1792 proximo
2193 1757 2366 1793 praeteritum
2383 1779 2396 1795 ,

1327 1791 1577 1830 qualitercumque
1590 1793 1670 1824 factis
1685 1793 1741 1823 sive
1755 1794 1936 1832 perpetratis,

1364 1830 1639 1870 Transgresfionibus
1655 1841 1749 1862 tamen
1765 1832 1921 1870 omnibus,
1941 1841 1990 1869 per
2013 1831 2211 1870 quoscumque
2228 1830 2395 1864 officiarios

1328 1868 1440 1900 nostros
1457 1893 1466 1908 ,
1502 1880 1549 1902 aut
1571 1871 1694 1901 aliorum
1714 1870 1914 1901 Dominorum
1938 1871 1972 1901 δε
1994 1868 2165 1909 Magnatum
2185 1869 2281 1910 Regni
2303 1871 2393 1902 nostri

1326 1907 1456 1945 praedicti
1472 1931 1482 1947 ,
1514 1919 1629 1940 necnon
1660 1919 1710 1947 per
1733 1908 1954 1939 Manutentores
1983 1908 2172 1947 Qierelarum
2197 1909 2230 1939 ὅ(
2249 1909 2394 1947 Juratores

1327 1956 1446 1986 omneS,
1463 1957 1497 1978 ac
1515 1949 1602 1979 etiam
1622 1947 1916 1987 Transgreffionibus,
1930 1946 2033 1978 Terras
2052 1949 2085 1979 &
2103 1947 2288 1978 Tenementa
2305 1948 2394 1985 quali-

1325 1994 1494 2029 tercumque
1510 1988 1768 2025 concernentibus,
1796 1996 1861 2018 ante
1878 1986 1987 2017 dietum
2006 1986 2083 2017 diem
2097 2009 2107 2025 ,
2130 1985 2262 2018 duntaxat
2280 1986 2395 2028 Excep—

1324 2032 1358 2054 tis

1360 2049 1400 2094 Et
1413 2063 1526 2095 ulterius
1541 2064 1572 2095 O
1582 2074 1605 2096 R
1617 2074 1638 2095 D
1648 2075 1658 2095 1
1669 2073 1691 2095 N
1702 2075 1722 2096 A
1731 2076 1750 2097 v
1760 2075 1778 2096 E
1790 2074 1813 2095 R
1824 2074 1836 2095 ι
1845 2073 1872 2095 M
1881 2073 1903 2095 u
1914 2074 1941 2103 s,
1960 2065 1994 2096 &
2009 2063 2046 2095 de
2061 2062 2162 2095 Gratia
2175 2063 2273 2095 nostra
2288 2063 2392 2103 praedi-

1326 2101 1371 2132 &a
1388 2102 1416 2132 C
1426 2113 1446 2133 o
1455 2112 1477 2133 N
1485 2114 1502 2134 c
1510 2113 1528 2134 E
1540 2113 1552 2135 s
1563 2113 1576 2135 s
1585 2114 1603 2135 E
1615 2113 1638 2134 R
1647 2113 1659 2134 1
1667 2112 1695 2134 M
1703 2113 1725 2134 u
1736 2114 1748 2136 s
1762 2103 1842 2142 quod
1857 2103 2048 2134 Remiffiones
2059 2104 2092 2135 &
2106 2103 2326 2134 Pardonationes
2342 2114 2392 2134 an-

1324 2141 1436 2183 teditftae
1450 2143 1623 2181 cuicumque
1640 2142 1733 2182 Ligeo
1747 2142 1847 2174 nostro
1865 2142 2007 2180 (Exceptis
2021 2143 2215 2180 praeexceptis)
2233 2142 2341 2173 valeant
2355 2152 2390 2173 ac

1323 2181 1342 2222 ii
1357 2179 1422 2210 inde
1436 2180 1553 2212 Cartam
1568 2181 1693 2211 nostram
1709 2183 1738 2211 in
1753 2182 1861 2220 speciali
1876 2181 1998 2219 quisquis
2012 2190 2112 2211 eorum
2129 2181 2208 2218 super
2220 2181 2278 2211 hoc
2303 2191 2390 2219 penes

1323 2220 1350 2262 ie
1362 2219 1479 2265 liaberet
1495 2221 1541 2250 vel
1555 2221 1639 2251 etiam
1652 2221 1810 2259 optineret,
1828 2229 1913 2258 prout
1928 2221 1958 2250 in
1976 2219 2166 2251 Ordinatione
2180 2220 2315 2258 praedieta
2331 2220 2391 2258 ple-

1322 2267 1386 2287 nius
1400 2267 1562 2290 continetur

1357 2295 1449 2327 Vobis
1464 2282 1629 2329 mandar'nus
1642 2298 1721 2337 quod
1736 2301 1884 2328 Henricum
1893 2297 2122 2336 Segerflhomam
2130 2296 2243 2337 Aubrey
2251 2295 2387 2334 ,Williel-

1318 2345 1388 2363 mum
1411 2334 1500 2376 Irysh,
1524 2336 1685 2376 Johannem
1702 2337 1768 2367 Hill
1787 2338 1917 2368 Taillour
1928 2359 1938 2375 ,
1961 2337 2107 2366 Ricardum
2130 2337 2208 2375 Bryd
2218 2358 2227 2374 ,
2254 2335 2385 2366 Thomam

1318 2373 1423 2452 Blak}Z
1442 2378 1484 2404 W
1483 2375 1621 2405 illrelmum
1637 2379 1726 2414 Gene,
1744 2378 1786 2406 W
1785 2375 1922 2406 illielmum
1947 2375 2069 2415 Wston,
2085 2375 2230 2404 Ricardum
2255 2374 2385 2404 IVobour-

1318 2424 1392 2482 iiiia
1408 2413 2387 2491 asshssgfi'ieissleeffssii'a'ffpffl'ita‚ggusisseiii‘nmvssiffitffe'qfffi

1318 2489 1495 2559 &uscusmque
1509 2492 1788 2531 Transgressionibus
1802 2492 1836 2523 &
1850 2492 1907 2524 aliis
1923 2491 2108 2529 Malefactis,
2127 2499 2158 2521 ut
2171 2490 2292 2529 dicitur,
2309 2489 2387 2521 Indi-

1350 2538 1385 2558 ati
1410 2539 1458 2560 unt

1354 2553 1492 2607 Qiorur'n
1507 2570 1593 2600 etiam
1610 2569 1745 2600 Nomina
1759 2569 1895 2607 praedieta
1904 2591 1913 2606 ‚
1927 2569 1957 2598 in
1972 2567 2164 2598 Parliamentis
2175 2566 2331 2606 praedid‘cis,
2345 2567 2384 2598 ab

1317 2608 1397 2636 omni
1412 2606 1526 2645 Gratia,
1545 2618 1594 2646 per
1611 2619 1664 2639 nos
1678 2617 1747 2639 tunc
1762 2608 1855 2646 fadia,
1871 2605 2064 2644 Excipienda,
2081 2615 2112 2637 ut
2134 2606 2302 2643 praedidtum
2323 2605 2382 2643 est,

1316 2644 1429 2675 liberata
1444 2655 1504 2676 non
1521 2645 1661 2685 existunt,

1352 2683 1422 2714 Nec
1436 2685 1483 2722 ipsi
1499 2685 1544 2715 vel
1557 2695 1658 2715 eorum
1670 2685 1768 2723 aliquis
1782 2683 1855 2722 apud
1870 2683 2074 2722 Londoniam‚
2091 2692 2240 2721 tempore,
2258 2681 2381 2713 Insurre-

1314 2721 1416 2752 &ionis
1435 2723 1596 2761 praedistae,
1613 2724 1646 2755 ad
1659 2724 1749 2762 aliqua
1765 2723 1845 2754 Mala
1866 2723 1974 2753 ibidem
1997 2722 2182 2760 perpetranda
2205 2721 2252 2752 vel
2273 2730 2380 2758 procu-

1312 2761 1413 2799 randa,
1431 2762 1546 2800 usquam
1567 2763 1734 2799 extiterunt,
1754 2762 1823 2792 sicut
1845 2761 1961 2799 dicunt,
1978 2769 2078 2791 contra
2098 2760 2250 2791 Tenorem
2272 2758 2380 2790 Gratiae

1312 2799 1419 2830 nostrae
1434 2800 1578 2838 praedietae
1592 2811 1624 2832 ac
1638 2801 1760 2832 formam
1776 2799 1960 2830 Remiffionis
1979 2800 2013 2831 &
2032 2799 2249 2830 Pardonationis
2269 2807 2380 2830 earum-

1310 2838 1395 2876 dem,
1415 2849 1474 2869 non
1491 2838 1649 2871 Molestetis
1664 2841 1692 2869 in
1706 2839 1801 2877 aliquo
1815 2838 1860 2869 seu
1874 2838 2015 2869 Gravetis.

1310 2914 1330 2945 b
1347 2876 1444 2920 Teste
1464 2877 1544 2918 Rege
1566 2878 1640 2917 apud
1663 2877 1975 2916 westmonasterium,
2001 2876 2140 2909 vicesimo
2164 2875 2211 2907 die
2232 2874 2372 2906 Novem-

1332 2925 1374 2945 ris.

1369 3055 1396 3081 ἢ*
1420 3060 1480 3090 Pro
1495 3054 1666 3090 scolaribus
1675 3081 1686 3096 ‚
1711 3054 1747 3089 de
1760 3057 1861 3088 Scotia
1871 3080 1882 3096 ‚
1907 3055 2062 3099 Antipapae
2079 3049 2316 3085 Adhaerentibus.

2393 3062 2410 3079 *
2432 3065 2499 3092 VII.

2393 3109 2457 3137 372-

1310 3148 1425 3206 REX
1434 3173 1443 3187 ,
1457 3149 1563 3179 dilecto
1577 3148 1627 3178 sibi
1642 3149 1671 3178 in
1687 3146 1823 3184 Christo,
1838 3145 2006 3177 Cancellario
2021 3146 2055 3178 &
2068 3144 2292 3176 Procuratoribus
2305 3147 2374 3175 Uni·
2389 3138 2466 3168 Ann.
2480 3139 2522 3172 D.
2555 3145 2559 3178 J

1384 3188 1523 3226 verstratis
1539 3190 1672 3225 Oxuniae,
1691 3186 1824 3217 Salutem.

2410 3178 2497 3216 1382.

1347 3225 1394 3256 Ad
1418 3226 1549 3256 nostrum
1566 3224 1723 3263 perveniffe
1743 3224 1876 3254 noveritis
1894 3223 2090 3261 intelleemm,
2107 3223 2188 3262 quod
2211 3232 2280 3261 vos,
2298 3231 2370 3260 prae-
2385 3220 2439 3243 An.
2457 3219 2485 3244 ⁶-

1308 3263 1455 3294 tendentes
1470 3264 1613 3303 Scolares,
1632 3264 1668 3294 de
1688 3263 1810 3301 partibus
1833 3262 1954 3301 Scotiae,
1973 3264 2002 3293 in
2023 3262 2216 3293 Univerfitate
2236 3260 2369 3299 praedicta
2383 3258 2413 3281 R.
2434 3264 2461 3282 2·

1307 3301 1467 3340 studentes,
1485 3313 1603 3342 contra,
1621 3300 1835 3333 Sanetiffimum
1849 3301 1963 3333 Patrem
1983 3300 2131 3338 nostrum,
2147 3299 2303 3338 Urbanum,
2320 3297 2368 3329 U·
2387 3298 2454 3320 35οῑ-
2473 3293 2501 3322 ⁶·

1308 3342 1448 3372 niversalis
1468 3342 1602 3372 Ecclesiae
1621 3346 1754 3372 Summum
1776 3339 1947 3380 Pontificem,
1963 3338 2080 3369 Roberto
2098 3343 2250 3377 Antipapae
2271 3337 2371 3375 damp-
2385 3331 2519 3359 R·2·m·6·
2551 3331 2561 3365 i<

1308 3380 1435 3411 nabiliter
1454 3382 1598 3412 adhaerere
1615 3405 1624 3418 ,
1657 3379 1762 3410 diversa
1782 3378 1955 3409 Gravamina
1977 3378 2011 3409 &
2034 3376 2240 3415 Impedimenta
2268 3376 2371 3406 eisdem

1305 3419 1484 3457 Scolaribus,
1503 3427 1635 3457 tanquam
1650 3418 1838 3455 Scismaticis,
1855 3426 1888 3447 ea
1909 3415 2061 3446 occasione
2079 3415 2199 3454 fecistis,
2217 3416 2251 3446 &
2271 3422 2371 3445 contra

1306 3458 1396 3495 ipsos,
1413 3457 1496 3489 velud
1507 3457 1665 3496 hujusmodi
1687 3456 1826 3488 Scismatis
1846 3453 1946 3492 Reos,
1964 3453 2120 3492 procedere
2141 3452 2284 3485 intenditis
2303 3461 2371 3484 cum

1308 3497 1419 3535 rigore,

1347 3535 1433 3573 Nos,

1348 3574 1535 3604 Advertentes
1555 3572 1654 3610 quod,
1672 3570 1827 3601 secundum
1847 3570 1972 3601 formam
1995 3569 2192 3609 Treuguum,
2209 3570 2279 3599 inter
2301 3566 2371 3597 Nos

1309 3613 1342 3643 &
1357 3613 1429 3652 ipsos
1442 3612 1477 3642 de
1492 3612 1588 3642 Scotia
1603 3611 1711 3641 dudum
1726 3611 1873 3647 initarum,
1887 3609 1998 3639 Subditi
2012 3609 2150 3640 dictarum
2164 3607 2289 3638 Partium
2295 3605 2369 3649 Sco-

1308 3653 1374 3689 tiae,
1392 3652 1421 3681 in
1441 3650 1665 3688 quibuscumque
1688 3647 1816 3678 Partibus
1839 3647 1935 3687 Regni
1955 3646 2044 3678 nostri
2060 3646 2188 3686 Angliae,
2205 3644 2369 3675 durantibus

1309 3689 1431 3728 Treugis
1447 3690 1512 3726 illis,
1531 3690 1635 3718 morari
1651 3686 1765 3724 possunt
1779 3688 1812 3718 &
1825 3686 1911 3716 libere
1925 3685 2101 3724 conversari,
2203 3720 2208 3726 ·
2271 3721 2277 3726 .

1347 3726 1547 3765 Nolentesque
1561 3727 1689 3764 Treugas
1702 3725 1758 3755 illas
1770 3734 1804 3754 ex
1819 3733 1896 3762 parte
1910 3724 2005 3754 nostra
2014 3721 2167 3761 aliqualiter
2181 3720 2295 3758 violari,

1348 3765 1442 3796 Vobis
1455 3789 1465 3803 ,
1497 3765 1624 3796 distric‘te
1652 3763 1826 3802 injungendo
1840 3787 1850 3800 ,
1879 3762 2052 3792 Mandamus
2071 3758 2152 3798 quod
2174 3760 2369 3805 quoscumque

1309 3805 1436 3835 Scolares
1450 3804 1590 3834 diffluum
1609 3802 1734 3832 Partium
1757 3802 1879 3839 Scotiae,
1897 3802 1926 3830 in
1947 3798 2139 3840 Univerfitate
2156 3797 2293 3842 praedicta
2311 3807 2369 3835 lam

1309 3843 1476 3880 Studentes,
1497 3841 1662 3878 Morantes,
1679 3842 1724 3870 seu
1746 3838 1968 3874 ConverianteS,
1986 3838 2020 3867 &
2042 3845 2113 3879 quos
2132 3845 2161 3879 ¹¹.¹
2176 3834 2370 3880 Universitate

1307 3881 1354 3912 illa
1371 3890 1483 3911 exnunc
1495 3880 1623 3916 studere,
1640 3879 1815 3916 conversari,
1832 3878 1878 3907 seu
1892 3884 1995 3906 morari
2010 3882 2182 3917 contigerit,
2198 3884 2226 3904 in
2241 3874 2370 3906 Univer-

1306 3920 1383 3950 fitate
1395 3918 1532 3956 praedicta
1546 3917 1674 3955 studere,
1689 3917 1819 3959 morari,
1829 3916 1863 3945 &
1878 3911 2052 3958 conversan,
2069 3912 2231 3943 durantibus
2242 3912 2370 3951 Treugis

1305 3958 1462 3995 praedietis,
1480 3957 1647 3994 permittatis
1659 3956 1746 3985 libere
1761 3955 1795 3984 ὃς
1811 3961 1948 3995 impune,
2079 3989 2084 3995 ·
2128 3989 2134 3995 .
2235 3990 2240 3995 .

1341 3995 1520 4027 Dumoemen
1542 3994 1630 4026 iidem
1657 3993 1784 4024 Scolares
1806 3990 1913 4024 Scouae
1928 4011 1938 4026 ,
1971 3988 2107 4028 quamdiu
2125 3999 2156 4020 in
2175 3987 2370 4022 Umverfitate

2295 4036 2368 4066 Pfaef
