2561 4251
114 284 167 311 Ric.
187 293 213 311 2.

104 720 120 738 ⁴
136 723 203 750 vn.

102 759 169 795 458-

85 2036 162 2067 Anti.
175 2036 213 2068 D.

107 2077 191 2117 1385.

83 2120 135 2144 Aa.
151 2119 178 2148 3,

83 2160 112 2182 R.
133 2166 157 2184 2.

82 2198 170 2226 franc,
191 2197 219 2228 ἓξ

81 2239 190 2264 Ram.

265 121 342 174 178

265 291 349 319 tuna,
369 283 402 311 ὅ(
424 291 485 318 que
508 281 620 318 qualitas
641 282 674 312 Sc
695 280 806 312 Natura
828 280 988 318 hujusmodi
1010 279 1135 325 Negotii
1148 282 1262 319 exigunt
1284 281 1318 311 &

262 322 422 358 requirunt,
441 319 525 349 etiam
540 319 559 349 si
575 319 636 349 talia
648 319 742 350 forent
758 329 823 358 quae
831 319 1001 350 Mandatum
1015 328 1159 359 exigerent
1167 328 1319 357 quantum-

261 368 385 395 cumque
399 357 513 395 speciale
520 380 530 394 ,

297 396 373 433 Vos,
391 396 588 434 conjunffim,
607 397 640 427 &
652 395 780 431 divisim,
796 395 908 426 nostros
920 406 1020 434 veros,
1037 396 1198 434 legitimos,
1217 395 1250 425 &
1273 395 1316 424 in-

256 435 396 465 dubitatos
415 433 618 465 Procuratores
631 459 640 471 ,
665 433 863 473 Negotiorum
886 434 1023 466 Gestores
1036 458 1046 474 ,
1073 433 1294 465 Commissarios
1308 456 1317 471 ,

257 473 434 512 Deputatos‚
453 475 486 504 &
503 473 639 503 Nuncios
651 471 781 510 speciales
797 472 941 513 Facimus,
960 472 1113 512 Creamus,
1130 472 1317 511 Ordinamus,

253 512 287 542 &
301 510 508 542 Constituimus
520 521 569 549 per
583 510 752 549 Praesentes,

293 549 428 580 Volentes
442 550 520 588 quod
535 550 612 588 super
626 549 696 588 hiis,
712 560 777 589 quae
792 550 867 581 circa
874 549 1021 581 Praemiffa
1034 548 1204 582 concordari
1221 549 1315 580 conti-

253 589 343 626 gerit,
364 590 488 626 recipere
503 589 536 619 &
551 588 673 626 stipulari
689 589 815 626 poteritis
826 599 918 620 unum
934 589 980 621 vel
995 589 1073 627 plura
1088 587 1313 619 Instrumentum

249 627 295 656 vel
310 625 516 665 Instrumenta,
532 626 620 667 sigillo
633 629 783 658 communi
798 626 928 659 Civitatis
944 628 1102 667 praeditstae,
1120 636 1152 657 ac
1166 626 1313 663 Subscrip-

250 666 331 696 tione
354 665 564 704 Notariorum,
584 667 617 697 &
638 665 771 696 Testium
794 667 962 698 notabilium
981 666 1182 703 Inscriptione,
1199 664 1311 703 aliisque

250 704 500 740 solempnitatibus
515 705 548 736 ὃ(
561 704 703 743 cautelis,
719 705 820 743 quibus
832 705 933 737 melius
954 707 988 737 &
1006 708 1021 723 ‘
1040 705 1128 737 tutius
1149 704 1208 735 fieri
1230 712 1312 743 pote-

251 745 284 773 rit
294 765 303 780 ,
318 743 413 773 debite
428 745 622 783 communita,

286 781 402 820 Vosque
416 782 452 812 ab
463 783 545 812 omni
559 791 648 812 onere
661 781 830 820 Satisdandi,
847 783 881 813 ὃς
897 793 912 813 a
927 791 1112 820 quocumque
1132 782 1188 812 alio
1200 780 1311 811 Vincu-

244 821 291 858 lo,
308 819 342 850 ad
355 820 435 859 quod
447 820 483 850 de
493 819 563 859 Jure
578 821 728 851 communi
747 822 792 851 vel
814 821 975 860 Muncipali
996 822 1084 851 teneri
1104 819 1229 860 possitis,
1246 820 1309 851 Te-

244 869 316 890 nore
332 858 533 897 Praesentium,
548 859 720 896 relevamus,

282 897 486 929 promittentes
499 908 551 928 nos
564 897 689 935 insuper,
709 896 917 936 ffiprotheca
932 896 1157 936 &Obligatione
1171 898 1306 928 omnium

242 935 392 968 Bonorum
406 936 589 975 nostrorum,
607 937 676 968 Nos
692 936 799 967 Ratum
817 938 848 968 ἃ
865 936 989 966 Gratum
1004 938 1143 974 perpetuo
1163 936 1308 967 habituros

264 975 380 1014 uicquid
393 985 440 1014 per
454 975 531 1013 Vos,
547 976 581 1007 &
601 975 758 1013 quemlibet
776 973 914 1006 Vestrum
925 998 934 1013 ,
953 974 1079 1013 Ac‘tum,
1098 973 1241 1014 Gestum,
1259 976 1305 1006 seu

242 985 433 1045 Procuratum
449 1014 531 1045 fuerit
545 1015 574 1043 in
589 1013 747 1044 Praemiffis.

282 1052 350 1083 Dat.
372 1054 399 1083 in
420 1052 528 1084 Palatio
550 1052 650 1083 nostro
675 1051 916 1093 westmonasterii,
931 1051 980 1083 sub
996 1051 1100 1092 Magni
1112 1051 1201 1093 Sigilli
1215 1051 1306 1084 nostri

241 1090 446 1129 Testimonio,
463 1090 550 1122 Sexto
565 1091 625 1122 Die
639 1091 746 1123 Mentis
759 1091 909 1122 Februarii.

718 1170 770 1197 Per
782 1165 866 1207 ipfhm
877 1170 974 1206 Regem
988 1166 1026 1204 ὠ·
1037 1166 1189 1199 Concilium.

238 1243 409 1276 Consimiles
430 1244 533 1276 Literae
557 1245 648 1283 Regis
669 1245 800 1276 Parentes
819 1244 976 1285 diriguntur
1000 1245 1103 1277 eisdem
1118 1270 1127 1284 ‚
1153 1244 1301 1285 Johanni‚

275 1283 423 1322 Johanni,
442 1284 475 1314 ὃς
493 1283 641 1322 Nicholao,
660 1283 694 1314 ad
705 1283 919 1322 Tractandum,
936 1293 1004 1315 cum
1018 1284 1173 1324 subscriptis
1182 1284 1244 1324 (sub
1255 1295 1302 1317 ea-

273 1323 340 1353 dem
356 1322 443 1361 Data)
458 1322 605 1362 videlicet,

274 1397 354 1429 Cum
367 1398 578 1429 Honorabilibus
593 1402 670 1430 Viris
687 1399 918 1431 Gubernatoribus
925 1399 1096 1440 Populoque
1110 1399 1298 1433 &Commu-

237 1438 323 1468 nitate
335 1443 467 1468 Civitatis
480 1442 614 1469 Tmarum.

272 1476 351 1507 Cum
365 1477 575 1507 Honorabilibus
590 1481 618 1507 V
619 1481 684 1517 iris,
702 1476 854 1516 Prioribus,
872 1478 906 1509 &
921 1477 1070 1516 Andanis,
1085 1488 1119 1509 ac
1132 1478 1298 1510 Vexillifero

230 1513 368 1554 Justitiae,
389 1515 502 1554 Populo
525 1527 558 1547 ue
571 1518 604 1549 &
619 1517 854 1555 Communitate,
874 1520 1008 1547 Civitatis
1022 1516 1141 1558 Perufii,
1159 1528 1213 1556 pro
1228 1518 1295 1549 San-

237 1553 283 1584 &a
300 1554 432 1584 Romana
448 1555 509 1585 Ecc
520 1555 580 1585 efia.

274 1592 355 1623 Cum
371 1593 580 1623 Honorabilibus
594 1597 686 1632 Viris,
705 1593 844 1624 Prioribus
858 1595 891 1625 ὃς
916 1594 1082 1626 Vexillifero
1096 1593 1216 1634 Justitiae
1236 1595 1296 1626 Po-

235 1631 361 1669 puloque
377 1635 409 1664 ὅ(
427 1632 644 1664 Communitate
658 1636 792 1663 Civitatis
806 1635 949 1663 Lucaniae.

271 1669 350 1700 Cum
366 1671 575 1701 Honorabilibus
589 1675 665 1701 Viris
681 1675 842 1710 Capitaneo,
860 1673 894 1703 &
909 1671 1156 1704 Gubernatoribus
1178 1683 1211 1705 ac
1236 1672 1295 1704 Po-

234 1708 302 1746 pulo
316 1709 349 1739 &
364 1709 580 1741 Communitate
593 1713 726 1740 Civstatis
742 1709 849 1750 Pasiam*-

271 1746 349 1778 Cum
366 1748 575 1778 Honorabilibus
593 1752 669 1778 Viris
690 1751 826 1778 Ancianir
847 1750 881 1780 &
903 1749 1067 1781 Vexillifero
1085 1749 1209 1789 Justitiae
1225 1774 1234 1789 ,
1260 1761 1293 1782 ac

232 1784 347 1855 {opino
367 1789 401 1818 &
425 1786 642 1819 Communitate
664 1791 797 1818 Civitatis
817 1789 947 1819 Bononiae
970 1799 1024 1828 pro
1043 1789 1145 1821 SanCta
1159 1789 1294 1822 Romana

260 1834 294 1855 cc
305 1828 363 1856 esi-a.

407 1953 454 1984 De
469 1950 639 1984 Traclando
655 1963 724 1983 cum
745 1949 890 1998 Johanne
910 1950 1118 1995 Haukfwode.

231 2035 347 2093 REX
367 2035 529 2074 Omnibus,
547 2037 581 2067 ad
597 2047 686 2075 quOS,
702 2037 762 2068 &c
780 2037 916 2069 Salutem.

329 2076 426 2105 Sciatis
439 2076 518 2113 quod
536 2075 618 2114 Nos,

264 2112 314 2143 De
330 2114 473 2144 Fidelitate
487 2115 603 2152 probata
617 2115 650 2145 &
669 2114 925 2153 circumspestione
948 2115 1084 2153 provida,
1104 2115 1288 2148 Dilee'lorum

226 2152 260 2183 &
284 2152 419 2183 Fidelium
443 2154 622 2191 nostrorum,
638 2153 778 2191 Johanm's
801 2157 896 2183 Ratun
921 2154 1031 2185 Dec.ini
1051 2155 1147 2185 Sancti
1170 2156 1289 2187 Martini

228 2192 325 2228 magni
338 2191 501 2222 Londoniae
515 2193 660 2223 Secretarii
676 2192 780 2229 nostri,
798 2194 831 2223 ὃ(
848 2192 977 2222 Nicholaz'
991 2194 1165 2232 Dageworth
1184 2195 1289 2226 Militis

227 2228 358 2260 Camerae
372 2231 492 2268 nostrae,
513 2230 670 2269 pieniffime
683 2231 876 2269 considentes,

264 2268 397 2307 Eisdem,
417 2270 573 2300 Secretario
595 2271 628 2301 &
649 2269 740 2300 Militi
762 2269 862 2300 nostro
875 2293 884 2308 ‚
901 2270 935 2300 ad
956 2270 1026 2301 Nos
1067 2270 1226 2312 Haeredes,
1252 2274 1286 2305 &

224 2306 404 2338 Succeffores
419 2333 428 2346 ,
449 2308 561 2339 nostros
573 2331 582 2347 ,
603 2318 635 2339 ac
658 2308 795 2348 Regnum
812 2331 821 2346 ,
847 2308 988 2339 Dominia
1004 2333 1013 2347 ,
1038 2294 1174 2348 bonaque
1193 2312 1288 2343 nostra

225 2355 434 2385 quaecumque,
454 2346 602 2377 Praesentia
619 2348 651 2378 &
666 2347 773 2385 futura,
792 2347 910 2378 Diieeto
934 2348 966 2377 &
988 2348 1074 2378 Fideli
1097 2349 1212 2390 nostro,
1230 2351 1287 2390 Jo-

198 2381 205 2389 ⁸
223 2384 308 2414 hanni
322 2384 357 2415 de
374 2386 548 2415 Haukewode
562 2385 668 2422 Militi,
687 2387 715 2415 in
731 2396 912 2424 quacumque
926 2387 1061 2418 Pecuniae
1075 2387 1212 2427 Summa,

82 3549 207 3581 Ann.D.

107 3590 190 3627 1385.

80 3631 132 3655 An.
149 3628 174 3655 8.

79 3668 108 3693 R.
131 3675 156 3692 2.

77 3706 141 3732 Par.
161 3704 188 3730 8.

77 3746 108 3771 R.
119 3749 201 3779 2.p.2

77 3790 113 3808 m.
138 3790 179 3816 ¹7.

78 3913 93 3929 ⁰
112 3914 180 3941 Vll.

74 3960 140 3987 459·

261 2422 362 2454 Eidem
400 2425 505 2454 ohanni
527 2424 562 2455 de
582 2424 788 2461 l-laukewode,
807 2424 990 2462 Haeredibus,
1010 2427 1054 2456 seu
1077 2425 1285 2459 Exccutoribus

223 2462 292 2498 suiS,
307 2461 341 2492 ad
387 2465 529 2493 erminum
541 2464 586 2493 seu
603 2463 775 2501 Terminos‚
793 2465 865 2494 inter
881 2463 952 2502 ipsos
966 2464 1154 2496 Secretarium
1169 2467 1202 2497 &
1226 2466 1285 2497 Mi-

223 2499 301 2529 litem
317 2500 428 2531 nostros
440 2512 473 2532 ac
487 2502 633 2541 praefatum
643 2501 808 2540 Johannem
823 2501 858 2532 de
873 2501 1062 2534 Haukewode
1076 2505 1201 2535 invicem
1211 2515 1284 2536 cori-

223 2537 401 2569 cordandum
423 2540 468 2571 seu
491 2540 728 2579 concordandos,
744 2542 772 2571 in
797 2541 882 2571 Loco
897 2542 941 2572 seu
956 2541 1059 2579 Locis,
1079 2543 1112 2572 ad
1131 2544 1188 2575 hoc
1202 2545 1284 2585 assig—

224 2576 320 2605 nando
336 2577 379 2606 seu
393 2578 572 2616 asiignandis,
591 2579 694 2616 absque
707 2580 816 2617 aliquali
832 2579 957 2610 DefeEtu
971 2580 1122 2619 solvenda,

262 2613 295 2643 In
318 2615 380 2645 casu
402 2626 460 2654 quo
479 2617 630 2654 predatus
647 2618 791 2655 Johannes
813 2618 849 2648 de
862 2618 1047 2649 Haukewode
1062 2628 1136 2650 certa
1151 2620 1283 2658 Negotia

222 2651 335 2690 nostra,
354 2654 403 2683 libi
423 2665 470 2692 per
493 2656 564 2692 ipsos
585 2655 769 2685 Secretarium
791 2657 825 2686 &
848 2656 976 2687 Militem
992 2657 1102 2689 nostros
1118 2660 1191 2691 vivae
1206 2662 1285 2692 vocis

223 2691 341 2721 oraculo
356 2694 534 2731 explicanda,
554 2692 739 2724 effectualiter
754 2694 849 2724 fecerit
865 2696 1003 2732 expediri,

260 2729 315 2760 Per
332 2730 436 2763 Literas
448 2731 519 2768 suaa,
537 2732 641 2768 Sigillis
657 2732 708 2762 suis
732 2732 860 2771 signatas,
877 2743 1064 2772 quocumque
1086 2736 1175 2767 modo
1203 2738 1282 2769 licito

222 2768 255 2799 &
273 2768 409 2808 honesto,
428 2769 543 2801 firmiter
560 2769 773 2812 obligandum,

259 2806 429 2846 Caetercique
440 2810 537 2839 omnia
552 2809 585 2839 ὃ(
601 2809 721 2847 singula,
740 2819 804 2847 quie
818 2819 870 2846 pro
885 2809 1038 2841 Securitate
1054 2811 1210 2843 Solutionis
1231 2815 1283 2845 hu-

216 2844 339 2883 jusmodi
357 2846 488 2878 Summae
509 2847 659 2878 neceisaria
681 2848 784 2878 fuerint
807 2848 851 2878 seu
873 2857 1031 2887 oportuna,
1051 2852 1170 2881 nomine
1184 2853 1281 2884 nostro

221 2883 396 2928 Faciendum
409 2887 442 2917 ὅ(
456 2886 782 2924 Expediendum,prout
798 2896 900 2917 eorum
916 2887 1128 2918 discretionibus
1143 2891 1283 2922 videbitur

221 2932 377 2953 convenire

254 2960 374 3028 ¹Plenam
385 2947 423 2994 ’ὃς
435 2962 651 2994 irrevocabilem
660 2986 670 3002 ,
687 2962 804 2994 Tenore
813 2961 995 2994 Praesentium
1004 2988 1013 3002 ,
1032 2964 1217 2997 Conferimus
1224 2967 1283 2998 Po-

222 3006 251 3029 te
277 3008 350 3029 atem
364 3009 370 3015 ⁴

261 3021 460 3068 Promi’ttentes
472 3048 524 3069 nos
537 3038 644 3070 Ratum
654 3063 664 3078 ,
683 3039 807 3070 Gratum
822 3040 856 3070 ὅτ
871 3039 1018 3079 Firmum,
1036 3051 1089 3079 pro
1104 3043 1283 3082 nobis,Hae-

218 3075 349 3114 redibus,
367 3078 399 3108 &
413 3077 625 3108 Successoribus
641 3078 757 3116 nostris,
780 3080 846 3108 t0tis
863 3081 1056 3118 temporibus,
1072 3081 1175 3111 habere
1189 3084 1223 3113 &
1240 3093 1283 3114 te-

221 3123 288 3144 nere
301 3116 438 3153 quicquid
452 3125 500 3154 per
517 3117 660 3155 praefatos,
680 3116 867 3148 Secretatium
889 3117 922 3148 &
945 3117 1072 3150 Militem
1092 3119 1222 3159 nostros,
1241 3123 1282 3152 A-

220 3153 302 3182 etum
320 3153 400 3184 fuerit
415 3155 444 3184 in
461 3154 619 3185 Praemiffis.
713 3163 716 3166 ·

261 3190 295 3221 In
311 3193 404 3230 cujus,
421 3194 482 3223 &c.

296 3229 410 3265 Dat.,in
424 3230 532 3262 Palatio
547 3230 639 3269 Regis
655 3230 735 3272 West.
749 3233 785 3263 vi.
801 3231 847 3263 die
861 3232 1012 3264 Februarii.

697 3310 750 3338 Per
763 3308 846 3348 ipsum
860 3312 955 3348 Regem
969 3309 1008 3346 ᾤ’
1023 3310 1174 3343 Concilium.

231 3462 235 3463 ⁷
264 3450 323 3481 Pro
341 3446 500 3482 Fratribus
517 3447 553 3481 de
569 3448 685 3483 Ordine
706 3452 867 3482 Minorum
878 3476 887 3491 ‚
913 3448 948 3482 de
962 3463 1018 3483 non
1029 3450 1228 3494 Molestando.

224 3531 360 3590 REX,
380 3533 559 3565 Cancellariis
572 3533 799 3565 Univerfitatum
814 3533 955 3573 Oxoniae,
973 3537 1006 3567 ὃ(
1016 3535 1279 3575 Cantebi·igiae,qui

303 3582 379 3601 nunc
394 3572 470 3608 sunt,
488 3573 532 3602 vel
547 3575 595 3611 qui
611 3583 662 3610 pro
678 3583 809 3610 tempore
824 3573 943 3610 fuerint,
963 3584 995 3604 ac
1011 3573 1159 3605 Univerfis
1174 3575 1276 3605 &Sin-

220 3609 288 3647 gulis
310 3610 558 3649 vicecomitibus,
577 3611 753 3649 Majoribus,
772 3611 897 3649 Ballivis,
916 3611 1056 3643 Ministris
1071 3636 1080 3652 ,
1098 3614 1131 3644 δε
1151 3613 1208 3643 aliis
1231 3614 1278 3644 Fi-

222 3647 329 3678 delibus
345 3650 378 3680 ὃ(
393 3648 518 3680 Subditis
532 3650 601 3688 suis,
619 3650 652 3681 δε
668 3660 767 3680 eorum
788 3650 921 3688 cuilibet,
939 3651 974 3681 ad
994 3661 1080 3690 quOS,
1098 3652 1158 3683 &c.
1196 3651 1278 3683 Salu-

222 3691 291 3714 tem.

263 3723 358 3754 Sciatis
380 3724 460 3764 quod
482 3725 667 3756 intelleximus
688 3726 805 3763 qualiter
824 3725 926 3764 aliqu‘e
947 3726 1093 3766 Personae,
1111 3727 1146 3758 de
1168 3728 1276 3763 Regno

225 3760 322 3791 nostro
337 3762 467 3801 Angli-e,
485 3774 533 3801 per
549 3763 757 3802 instigationem
772 3763 890 3803 Maligni
912 3766 1048 3804 Spiritus,
1066 3777 1098 3797 ac
1120 3776 1168 3805 per
1191 3766 1279 3797 Mali-

223 3799 290 3827 tiam
311 3801 343 3830 &
368 3800 475 3831 Malam
497 3801 680 3833 Voluntatem
694 3825 703 3839 ,
733 3798 839 3833 faciunt
866 3804 899 3833 δε
918 3805 1005 3835 indies
1032 3806 1124 3835 facere
1147 3806 1276 3835 nituntur

225 3834 374 3879 Dampna,
392 3839 424 3868 ὅ(
438 3840 590 3878 Scandala,
607 3840 714 3870 dilectis
725 3841 807 3870 nobis
823 3842 852 3870 in
875 3842 1010 3882 Christo,
1030 3843 1179 3883 Religioiis
1203 3843 1276 3874 Viris

224 3873 363 3917 Fratribus
376 3876 412 3906 de
419 3877 528 3909 Ordine
543 3879 711 3916 Minorum,

261 3914 277 3928 ³*
295 3910 432 3943 Dicentes
447 3917 526 3952 quod
540 3917 590 3955 ipsi
607 3917 668 3947 sunt
683 3917 756 3946 male
770 3916 895 3954 fundati,
911 3919 943 3948 &
955 3919 1090 3951 facientes
1104 3918 1220 3949 sinistras
1241 3921 1275 3951 δε

224 3949 307 3980 malas
322 3949 562 3988 [nterpretationes
574 3954 790 3994 Privilegiorum
805 3957 838 3986 &
853 3955 1013 3987 Gratiarum
1030 3968 1094 3995 quae
1107 3959 1144 3987 eis
1157 3968 1275 3988 conces-

222 3988 257 4018 sae
272 3988 304 4018 &
319 3988 400 4018 faetae
414 3990 526 4022 fuerunt
542 4003 590 4029 per
602 3995 697 4023 beatos
719 3993 891 4031 Apostolos,
910 3995 1020 4026 Sanfhe
1042 3996 1276 4035 Recordauonis,

219 4026 254 4061 ὃς
266 4035 316 4064 per
328 4025 525 4066 Progenitotes
537 4031 649 4062 nostros
661 4032 808 4070 quondam
823 4030 916 4071 Reges
930 4034 1045 4072 Angliae
1053 4057 1065 4073 ,

749 116 1544 167 CONVENTIONES,
1592 120 1982 173 LITERAE,

115 204 191 235 Anii.
208 202 248 235 D,
301 203 471 241 Cteterz'ique
484 202 583 233 omnia
595 201 628 233 &
643 201 748 241 singula
763 203 938 236 Faciendum
948 201 1218 242 ,&Expediendum
1228 225 1237 241 ,
1255 212 1320 241 quae

138 243 222 282 1385.
264 244 291 274 in
308 243 454 282 praemittis
466 243 499 273 ὃ(
514 243 590 272 circa
607 252 637 272 ea
651 242 800 273 necessaria
814 244 917 273 fuerint
930 244 975 273 seu
992 242 1211 280 quomodolibet
1233 252 1320 279 opor-

1401 201 1556 235 Moventes
1570 205 1716 243 Populum
1729 207 1877 247 nostrum,
1895 209 1924 238 in
1939 216 2051 248 aperto,
2068 211 2102 243 ὃς
2123 212 2152 242 in
2175 211 2302 249 secretis,
2320 218 2419 244 contra

1361 249 1410 285 eos
1424 242 1459 272 ad
1473 242 1688 275 Destruendum
1704 245 1821 277 Domos
1834 247 1977 277 dffiorum
1997 248 2143 289 Fratrum,
2160 251 2337 281 dilacerando
2359 251 2420 283 Ha-

1362 280 1437 311 bitus
1452 291 1553 312 eorum
1569 283 1647 323 super
1662 293 1725 322 eos,
1744 285 1778 316 δε
1791 285 1902 323 aliquos
1913 286 2089 319 verberando
2103 289 2135 320 &
2157 290 2230 320 male
2252 289 2419 327 tractando,

1364 327 1466 351 contra
1480 319 1585 351 Pacem
1599 321 1743 361 nostram,

1383 356 1436 401 ‘Et
1450 360 1534 389 etiam
1548 360 1674 399 praedicti
1691 360 1890 392 Malef26tores
1897 361 2161 400 Contrapraedicant
2170 366 2418 397 Mendicationem

1360 394 1506 428 dictorum
1520 397 1650 430 Fratrum
1663 400 1721 430 effe
1732 400 1934 438 acceptabilem
1944 424 1953 440 ‚
1970 401 2004 431 ad
2019 411 2105 438 grave
2117 404 2285 442 Dampnum
2294 428 2303 443 ‚
2319 404 2418 435 Dede-

1360 442 1426 472 cus,
1442 437 1477 479 Sc
1491 435 1702 476 Contemptum
1716 438 1833 470 Ordinis
1846 440 1886 470 sui
1899 439 2047 480 praedieti,
2064 441 2139 472 unde
2159 445 2312 475 maximam
2328 443 2417 475 habe-

1360 481 1423 503 mus
1433 473 1652 516 displicentiam,

1398 510 1454 541 Per
1468 513 1546 550 quod
1557 514 1627 546 Nos
1635 539 1646 555 ,

1371 587 1376 592 ι
1398 550 1532 582 Volentoe
1544 554 1625 591 quod
1642 555 1771 592 praediffi
1784 556 1908 595 Fratres,
1924 559 2007 595 (quos
2021 565 2149 588 tenemus
2158 556 2276 590 affiduos
2288 559 2322 591 &
2343 567 2416 590 cori-

1358 594 1451 618 tinuos
1466 589 1602 622 Oratores
1617 593 1728 623 nostros
1743 604 1795 632 pro
1808 594 1885 625 Statu
1901 596 2001 627 nostro
2015 597 2049 627 &
2063 597 2149 626 totius
2163 596 2257 636 Regni
2269 597 2369 636 nostri)
2384 599 2414 628 in

1357 635 1459 671 eorum
1480 628 1560 673 Statu
1581 631 1614 661 &
1634 630 1776 664 Gradibus
1798 633 1990 665 custodiantur
2009 635 2043 665 &
2062 634 2268 673 sustententur,
2283 637 2316 667 ὃ(
2331 636 2413 675 quod

1355 663 1504 705 Privtlegia
1523 668 1567 698 sua
1589 669 1724 707 praedidka
1744 672 1777 703 δε
1799 671 1921 710 Gratiae,
1938 675 1977 703 eis
1997 674 2147 714 conceffa,
2166 674 2302 706 salventur
2316 674 2415 715 illaesa,

1355 703 1458 742 absque
1468 706 1598 738 Laesione
1611 708 1740 748 aliquali,
1758 711 1787 740 in
1801 712 1883 741 omni
1898 713 2021 749 ratione,
2371 742 2374 744 .

1392 742 1587 784 Suscepimus,
1605 757 1658 784 pro
1680 747 1797 786 Nobis,
1816 749 1848 779 ὃς
1871 748 2042 780 Haeredibus
2059 750 2176 789 nostris,
2194 750 2287 781 diffisos
2306 750 2414 782 Fratres

1354 781 1388 811 &
1402 781 1580 815 Succeffores
1591 785 1669 823 suos,
1684 797 1717 818 ac
1733 787 1878 818 Ordinem
1890 788 2074 824 praedictum,
2092 797 2206 820 necnon
2219 799 2320 821 eorum
2345 788 2413 820 Do·-

1354 828 1418 849 mos
1428 821 1609 865 ,.Privilegia,
1627 825 1794 864 &Gratias,
1813 828 1850 856 eis
1865 827 2037 857 concesta&
2053 826 2142 865 faeta,
2160 828 2230 859 sicut
2243 829 2411 868 praedictum

1354 858 1412 896 est,
1433 870 1460 889 in
1476 860 1692 894 protectionem
1708 865 1740 895 ὃς
1757 864 1964 898 Defeni'ionem
1979 864 2089 895 nostras
2101 865 2246 904 speciales,

1390 897 1532 930 Nolentes
1553 901 1633 939 quod
1653 903 1743 941 aliqua
1763 902 1906 934 Violentia
1920 929 1929 942 ‚
1954 904 2129 934 Gravamina
2144 928 2153 942 ,
2180 903 2315 942 Dampna
2329 928 2338 944 ,
2364 906 2411 937 vel

1351 934 1486 969 Scandala
1499 940 1537 969 eis
1551 940 1619 970 fiant
1632 950 1682 980 per
1697 942 1804 981 aliquos
1827 942 2014 974 Subdirorum
2034 943 2216 982 nostrorum,
2231 952 2331 974 contra
2352 944 2411 975 Le-

1351 983 1420 1012 gem
1441 977 1475 1007 &
1497 977 1671 1018 Rationem,
1690 979 1728 1011 set
1752 981 1852 1019 quod,
1870 981 1911 1012 ob
1932 981 2137 1012 Reverentiam
2150 982 2225 1021 Dei,
2241 982 2327 1012 iidem
2343 982 2410 1013 Fra-

1350 1020 1404 1082 {res
1424 1024 1457 1045 ac
1476 1015 1645 1048 successores
1667 1018 1724 1057 sui,
1741 1028 1825 1058 prout
1838 1021 1876 1051 eis
1890 1022 2028 1060 pertinet,
2043 1021 2224 1052 amicabiliter
2237 1021 2410 1059 pertracten-

1363 1061 1413 1089 ur,

1388 1090 1524 1137 Volentes
1540 1094 1665 1133 quod,fi
1681 1096 1766 1136 aliqui
1784 1097 1962 1128 invenientur
1979 1097 2060 1129 dietis
2069 1097 2211 1129 Fratribus
2229 1105 2274 1129 aut
2292 1099 2410 1130 Succes-

1348 1127 1457 1160 soribus
1474 1131 1532 1176 suis*
1545 1132 1718 1165 Violentiam
1736 1135 1886 1174 iacientes,
1903 1137 1949 1167 vel
1968 1144 2067 1168 contra
2085 1147 2135 1168 eos
2153 1137 2277 1168 indebite
2295 1140 2409 1176 capien-

1346 1175 1403 1212 “³⁵7
1414 1177 1488 1213 ⁴tunc
1505 1170 1574 1202 dieti
1594 1171 1796 1205 Malefac'tores
1813 1176 1962 1213 puniantur
1980 1177 2013 1208 ὃ(
2032 1175 2220 1215 castigentur,
2237 1186 2268 1207 ut
2286 1176 2346 1208 Lex
2365 1188 2410 1208 re-

1347 1216 1445 1245 quirit:

1382 1244 1433 1314 Et1
1439 1246 1506 1278 ideo
1517 1249 1622 1319 yobigc
1628 1249 1815 1291 Mandamus,
1833 1251 1894 1289 &a
1909 1260 1941 1283 ut
1956 1256 1984 1283 in
1997 1255 2102 1284 Literis
2117 1253 2148 1284 de
2157 1255 2332 1285 Protemone.

1437 1295 1454 1315 n
1475 1296 1569 1325 culus,
1624 1299 1649 1319 c.

1383 1322 1475 1355 Teste
1491 1325 1574 1366 Rege
1592 1327 1666 1366 apud
1685 1328 1961 1371 Wstmonasterium,
1977 1332 2024 1361 xii.
2043 1331 2089 1363 die
2107 1331 2257 1363 Februarii.

1753 1413 1807 1441 Per
1820 1413 1948 1442 Literam
1959 1411 2035 1453 ipfius
2049 1415 2127 1450 Regis
2140 1413 2172 1443 de
2185 1416 2301 1452 signeto.

1707 1546 1814 1578 Litera
1839 1543 2041 1594 Obligatoria.

1342 1628 1542 1690 UNiverfis
1561 1636 1667 1669 christi
1687 1637 1844 1678 fidelibus,

1449 1676 1495 1707 Ad
1516 1677 1602 1716 Qios
1620 1678 1767 1718 praesentes
1787 1677 1902 1707 Litterae
1915 1701 1925 1714 ,
1950 1676 2006 1707 sive

1340 1714 1530 1746 strumentum
1550 1717 1747 1754 pervenerint,
1765 1714 1809 1745 seu
1829 1717 2005 1753 pervenerit,

1377 1753 1568 1786 Floremundus
1581 1755 1613 1786 de
1630 1755 1658 1785 la
1671 1759 1768 1794 Sparre
1781 1753 1930 1784 Dominus
1947 1753 1984 1797 de
2003 1754 2029 1784 la
2045 1753 2145 1792 Sparte
2166 1754 2269 1796 Miles,
2289 1759 2402 1788 Pontius

1340 1795 1473 1823 Dominus
1486 1794 1517 1839 ase
1530 1793 1718 1835 Castellon,&
1732 1792 1878 1840 Johasrnes
1885 1792 2259 1837 d’AJpermont·Vicecomes
2271 1796 2307 1828 de
2321 1796 2401 1829 Dot-

1340 1830 1979 1915 ‘eefflfg‘llfffisslffi‚⁵3¹3ssssAE
1993 1830 2146 1915 {usa
2165 1871 2296 1903 aab„
2314 1872 2404 1905 Mi,

1712 1912 1742 1940 in
1766 1908 1885 1941 Nostris
1911 1910 1945 1941 δε
1963 1909 2110 1947 cujussibet
2127 1909 2275 1942 Nostrum
2294 1914 2404 1951 magnis

2029 1677 2149 1715 praesens
2171 1678 2327 1711 Publicum
2352 1678 2402 1711 In-

1338 1912 1372 1943 &
1396 1910 1478 1943 Civis
1502 1912 1664 1944 Londoniae

1338 1951 1372 1982 &
1390 1953 1554 1990 urgentibus
1570 1934 1808 1988 Necessitatibus,
1827 1948 1966 1987 quandam
1985 1948 2137 1994 Summam¹
2152 1948 2289 1993 Pecuniae
2303 1951 2340 1989 (V
2345 1952 2404 1982 ide-

1335 1989 1413 2027 licet)
1435 1990 1577 2030 Quinque
1595 1989 1730 2027 Milium,
1748 1988 2002 2028 Quingentorum‚
2017 1987 2052 2031 βε
2069 1987 2182 2025 Viginti
2200 1989 2255 2019 Sex
2273 1989 2297 2018 F
2299 2000 2402 2021 ranco-

1337 2038 1402 2059 rum
1428 2029 1521 2070 Auri,
1540 2030 1612 2060 boni
1639 2028 1730 2066 legalis
1753 2029 1787 2059 &
1810 2026 1878 2065 justi
1898 2025 2036 2056 Ponderis
2056 2026 2148 2057 modo
2166 2025 2311 2058 Currentis
2325 2052 2335 2068 ,
2361 2029 2399 2060 de

1337 2068 1443 2100 Cuneo
1466 2071 1501 2102 &
1523 2068 1647 2100 Moneta
1669 2067 1794 2098 Domini
1812 2065 1903 2103 Regis
1921 2064 2048 2095 Franciae
2060 2087 2070 2103 ,
2094 2075 2129 2096 ex
2147 2064 2238 2097 Causa
2253 2067 2323 2098 boni
2338 2069 2401 2107 puri

1337 2110 1370 2139 &
1389 2108 1507 2148 legitimi
1527 2107 1643 2145 Mutui,
1661 2105 1760 2137 Nobis
1776 2104 1844 2135 faeti
1863 2105 1896 2135 ὃς
1915 2103 2022 2135 liberati
2037 2126 2047 2142 ,
2063 2104 2097 2135 ὃ(
2116 2105 2146 2135 in
2164 2104 2326 2137 Utilitatem
2345 2117 2400 2137 no-

1336 2147 1420 2177 stram
1447 2148 1480 2179 &
1506 2146 1650 2185 cujussibet
1674 2141 1824 2175 Nostrum
1843 2143 1970 2173 conversi
1986 2165 1996 2181 ,
2019 2143 2120 2174 Nobis
2135 2143 2168 2174 &
2185 2143 2311 2176 Cuilibet
2329 2145 2401 2177 No-

1335 2185 1445 2224 strum,
1461 2185 1497 2216 de
1517 2185 1600 2216 Bonis
1621 2184 1672 2214 suis
1689 2183 1826 2222 propriis,
1843 2182 1991 2212 liberaliter
2008 2181 2163 2221 mutuavit,

1374 2226 1460 2264 Quos
1479 2224 1596 2264 quidem
1617 2223 1756 2262 Quinque
1775 2220 1856 2252 Milia
1874 2221 2055 2260 Qingentos
2071 2220 2223 2258 &Viginti
2242 2220 2297 2252 Sex
2311 2221 2398 2253 Fran-

1335 2273 1386 2294 cos
1407 2264 1494 2302 Auri,
1513 2265 1540 2294 in
1558 2261 1645 2293 Festis
1665 2261 1810 2292 Omnium
1827 2260 2000 2290 &mistorum
2018 2260 2052 2291 δε
2072 2258 2236 2290 Nativitatis
2255 2261 2400 2300 Domini,

1333 2303 1440 2333 ultimo
1458 2302 1620 2340 praeteritis,
1639 2300 1688 2331 sub
1709 2300 1792 2331 certis
1810 2297 1910 2329 Poenis
1930 2299 1963 2330 ὃς
1982 2295 2116 2330 Censuris
2150 2299 2242 2329 eidem
2261 2299 2398 2331 Domino

1333 2341 1483 2372 Nicholao
1501 2339 1611 2372 solvisse
1629 2340 1662 2370 &
1681 2339 1716 2370 de
1732 2338 1833 2370 eisdem
1850 2336 2007 2368 satisfecisse
2018 2323 2224 2377 debuissemus,
2242 2349 2274 2370 ac
2286 2339 2398 2370 solvisse

1332 2380 1365 2411 &
1389 2380 1546 2411 satisfecisse
1562 2378 1702 2409 debuisset
1723 2377 1839 2416 quilibet
1858 2374 2007 2406 Nostrum
2024 2401 2033 2414 ,
2051 2385 2137 2414 prout
2154 2378 2184 2407 in
2203 2377 2328 2415 quodam
2349 2378 2398 2409 In-

1332 2418 1494 2450 strumento
1509 2419 1630 2449 Publico
1648 2417 1718 2448 Obli
1738 2417 1849 2454 atorio,
1868 2416 1960 2453 Signo
1975 2415 2008 2445 &
2030 2414 2242 2454 Subscriptione
2262 2417 2398 2455 Magistri

1330 2457 1473 2495 Johannis
1486 2458 1518 2487 de
1534 2460 1703 2488 Katerinton
1750 2456 1826 2486 lerici
1841 2454 1952 2485 Publici
1967 2453 2143 2485 Austoritate
2151 2454 2317 2492 Apostolica
2325 2456 2397 2487 No-

1331 2498 1390 2526 tarii
1407 2496 1604 2535 Conlignato,
1621 2505 1652 2527 ac
1668 2495 1770 2535 Sigillis
1783 2493 1885 2525 nostris
1906 2493 1939 2523 &
1956 2491 2120 2537 'Cujussibet
2139 2491 2274 2526 nostrfim
2296 2494 2395 2535 sigillo

1330 2535 1480 2573 sigillatos,
1500 2535 1567 2566 inde
1584 2534 1740 2573 comesto,
1758 2533 1867 2572 plenius
1883 2541 2062 2562 continetur:

1372 2573 1481 2604 Verum
1498 2597 1507 2612 ,
1526 2575 1589 2612 quia
1603 2596 1613 2612 ,
1631 2583 1680 2611 per
1699 2572 1859 2609 Incuriam,
1880 2568 2023 2608 Culpam,
2041 2571 2074 2601 δε
2095 2569 2312 2608 Negiicrentiam
2337 2582 2393 2603 no-

1331 2611 1396 2642 stras
1432 2614 1465 2643 &
1478 2612 1625 2650 cujuslibet
1632 2609 1778 2642 Nostrum
1787 2609 1928 2640 incuriam
1937 2631 1953 2652 ,·
1963 2607 2018 2638 Cul
2056 2618 2104 2648 m,
2122 2609 2156 2640 δε
2167 2596 2394 2650 bfegligentiam‚

1331 2635 1474 2688 praed'ierae
1491 2651 1679 2681 Pecuniarum
1694 2649 1843 2686 Summae,
1861 2647 1906 2677 vel
1920 2647 2010 2684 aliqua
2049 2657 2091 2677 ars
2112 2647 2304 2688 Earumdem,
2320 2649 2395 2680 Ter·-

1331 2691 1414 2720 minis
1437 2691 1470 2720 δε
1495 2690 1578 2720 Loco
1592 2714 1602 2728 ,
1627 2691 1655 2719 iri
1673 2688 1792 2727 praefato
1811 2685 2004 2717 instrumento
2024 2685 2206 2725 Obligatorio
2228 2689 2393 2727 contentis,

1329 2729 1448 2766 praefato
1463 2728 1597 2759 Domino
1612 2727 1762 2758 Nicholao
1775 2725 1944 2757 Nullatenus
1956 2725 2064 2756 fuerant
2077 2727 2177 2763 quovis
2190 2725 2288 2757 Modo
2307 2726 2393 2757 Solu-

1330 2776 1386 2806 tae,
1405 2768 1449 2798 vel
1469 2767 1558 2798 fuerat
1573 2767 1688 2806 Soluta,
1830 2803 1835 2808 θ
2096 2804 2101 2808 ¹

1369 2807 1432 2845 Ac,
1451 2806 1593 2837 Praetextu
1616 2815 1677 2835 nori
1696 2804 1848 2834 Solutionis
1868 2801 1997 2833 Summae
2016 2802 2177 2841 praediCtae,
2195 2803 2282 2843 Nos,
2301 2803 2393 2834 Flore-

1332 2846 1443 2874 mundus
1453 2868 1462 2882 ,
1481 2848 1610 2881 Pontius,
1627 2843 1665 2878 ὠ·
1680 2842 1843 2882 Johannes,
1861 2842 1889 2871 in
1904 2840 2048 2872 Prisonam
2062 2841 2098 2873 de
2112 2842 2263 2882 Neugate,
2280 2843 2314 2874 ad
2329 2844 2391 2874 Vo-

1330 2882 1464 2914 luntatem
1479 2884 1547 2914 dieti
1558 2882 1830 2914 DominiNicholai
1839 2904 1849 2920 ,
1865 2880 2044 2919 personaliter
2064 2880 2282 2920 acceffiflemus,
2299 2884 2328 2912 in
2337 2891 2392 2921 qua

1330 2922 1510 2958 personaliter
1524 2931 1667 2952 remanere
1681 2920 1889 2957 debuissemus,
1908 2919 2053 2956 quousque
2066 2919 2102 2949 de
2113 2919 2191 2950 dicta
2199 2919 2317 2951 Summa
2325 2921 2392 2952 To-

1330 2960 1394 2997 tali‚
1409 2971 1443 2992 ac
1458 2961 1606 2999 Sexaginta
1622 2961 1733 2990 Francis
1747 2968 1799 2996 pro
1815 2957 1945 2995 quolibet
1960 2956 2020 2987 Die
2035 2957 2099 2995 post
2117 2958 2224 2996 lapsum
2243 2960 2390 2998 cujussibet

1329 2997 1478 3030 Festorum
1492 2999 1712 3038 praediCtorum,
1732 2997 1867 3027 Nomine
1881 2995 1983 3025 Poenae
1998 2996 2026 3025 in
2048 3004 2084 3026 ea
2100 2995 2183 3027 Parte
2204 2996 2338 3037 literatae,
2355 3008 2389 3029 ac

1330 3036 1487 3075 Dampnis‚
1506 3038 1689 3076 SumptibuS,
1707 3034 1856 3073 Expensis,
1875 3033 2068 3077 &Interesse,
2087 3035 2117 3064 in
2125 3035 2388 3068 diCtoInstrumen-

1328 3084 1359 3106 to
1374 3075 1559 3115 Obligatorio
1573 3075 1732 3112 contentis,
1749 3074 1871 3112 plenarie
1884 3072 1966 3102 fuerit
1978 3071 2161 3104 satisfactum:

2440 212 2516 245 Anii.
2527 209 2561 245 D«

2459 252 2546 298 33852

2436 296 2488 321 ch.
2508 300 2549 320 au

2419 1628 2497 1660 Ann.
2513 1629 2554 1665 D.

2417 1669 2531 1736 aa·

2417 1749 2447 1774 R.
2477 1756 2491 1774 2
2497 1767 2504 1774 .

2418 1785 2479 1814 Pell.

2418 1827 2459 1851 Ex
2478 1824 2548 1862 orig.

1367 3114 1385 3132 ³*
1407 3114 1490 3144 Licet
1510 3116 1594 3153 igitur
1615 3112 1743 3151 praefatus
1766 3111 1912 3141 Dominus
1933 3109 2110 3149 Nicholaus,
2127 3112 2163 3142 de
2185 3111 2272 3151 Ipsius
2285 3113 2385 3146 Gratia
2399 3102 2416 3119 ⁴⁸
2433 3104 2502 3133 VH·

1328 3152 1437 3189 speciali
1451 3154 1483 3183 <Sc
1496 3152 1685 3192 &uiguit-ate,
1703 3149 1910 3181 Executionern
1924 3149 2069 3186 praedietae
2082 3149 2272 3190 obligationis
2286 3153 2316 3183 in
2330 3164 2386 3184 no-
2398 3142 2466 3178 4⁶⁰·

1326 3190 1422 3258 gerat&
1439 3191 1586 3228 cujussibet
1601 3189 1733 3221 nostrum
1749 3190 1904 3226 Pavorem,
1922 3189 1956 3218 ad
1970 3187 2102 3227 Tempus
2111 3188 2254 3222 dumtaxat
2275 3191 2384 3224 duxerit

1347 3230 1356 3258 i
1383 3230 1514 3259 erendam
2315 3252 2323 3259 ς

1364 3266 1450 3304 NOS,
1465 3253 1671 3305 Flor'emundus‚
1688 3268 1816 3305 Pontius,
1834 3264 1873 3301 ό·
1897 3264 2062 3304 Johannes',
2081 3276 2135 3305 pro
2155 3268 2253 3306 majori
2270 3267 2385 3300 Securi-

1326 3312 1382 3335 tate
1403 3306 1473 3336 dic-‘ti
1493 3306 1615 3336 Domini
1635 3306 1669 3336 N
1674 3305 1774 3336 icholai
1791 3329 1801 3343 ‚
1820 3315 1850 3337 ut
1869 3314 2000 3336 tenemur
2013 3329 2023 3342 ,
2040 3305 2191 3345 providere
2213 3307 2358 3345 cupientes
2372 3330 2384 3346 ,

1324 3345 1411 3381 priori
1425 3344 1608 3384 Obligatione
1621 3346 1648 3374 in
1663 3345 1712 3381 suo
1730 3344 1866 3382 Robore,
1883 3344 1918 3374 ad
1940 3343 2071 3375 Libitum
2091 3343 2160 3375 dieti
2180 3344 2304 3375 Domini
2324 3345 2385 3376 Ni-

1325 3383 1417 3413 cholai
1438 3383 1608 3414 Executoria
1646 3384 1673 3413 in
1695 3383 1829 3414 omnibus
1851 3391 2049 3420 permanente,
2068 3382 2191 3412 Volumus
2211 3385 2245 3415 &
2261 3385 2387 3415 Concedi-

1325 3432 1400 3460 mus,
1418 3422 1451 3453 &
1472 3421 1591 3453 Tenore
1613 3407 1814 3460 Praesentium,
1834 3421 1902 3451 Nos
1921 3422 1954 3452 &
1979 3421 2149 3460 Quemlibet
2168 3421 2334 3460 Nostram,
2350 3432 2384 3453 ac

1326 3459 1447 3497 Terras,
1463 3459 1577 3498 Castra,
1598 3461 1700 3497 Villas,
1720 3460 1875 3498 Redditus,
1894 3459 2099 3498 Posseffiones,
2118 3461 2151 3491 &
2173 3460 2330 3500 Dominia,
2347 3462 2381 3493 &

1324 3501 1421 3529 omnia
1435 3499 1513 3530 Bona
1529 3499 1640 3537 nostra,
1659 3499 1779 3529 Mobilia
1795 3501 1828 3530 &
1842 3498 2208 3537 immobilia,ubicumque
2222 3499 2382 3531 fuerintIn-

1324 3547 1425 3574 venta,
1445 3540 1544 3568 iterum
1565 3539 1598 3569 &
1621 3547 1656 3568 ex
1677 3538 1846 3567 habundanti
1872 3537 1989 3573 praefato
2008 3537 2145 3568 Domino
2167 3537 2316 3568 Nicholao
2335 3538 2381 3568 0-
2422 3564 2427 3571 ,

1324 3584 1372 3605 BL
1383 3585 1425 3606 io
1436 3587 1453 3606 A
1464 3585 1560 3614 mus,
1582 3578 1615 3608 &
1638 3576 1756 3614 quilibet
1774 3575 1922 3607 Nostrum
1942 3577 1969 3605 in
1989 3576 2110 3608 solidum
2132 3576 2170 3606 Se
2191 3576 2225 3607 &
2239 3575 2318 3606 Bona
2334 3576 2380 3608 sua

1323 3614 1455 3651 prcediCta
1475 3614 1561 3644 OBL
1571 3624 1613 3645 IG
1624 3625 1643 3644 A
1653 3623 1692 3652 Τ,
1711 3614 1790 3651 quod
1807 3615 1887 3652 Nos,
1906 3623 1953 3645 aut
1960 3614 2048 3645 Unus
2063 3613 2212 3652 nostrum,
2231 3615 2382 3652 praedidios

1323 3652 1461 3691 Quinque
1485 3652 1566 3683 Milia
1587 3654 1768 3692 Qiingentos
1786 3653 1819 3683 δε
1838 3653 1948 3692 Viginti
1970 3652 2023 3683 Sex
2045 3653 2169 3683 Francos
2189 3652 2283 3689 Auri,
2308 3653 2381 3684 inFra

1320 3691 1392 3720 Tres
1408 3691 1594 3731 septimanas,
1614 3691 1762 3729 postquam
1784 3692 1914 3729 praefatus
1934 3691 2082 3722 Dominus
2101 3689 2304 3721 Floremundus
2324 3693 2383 3728 pri..

1321 3732 1374 3760 mo
1391 3729 1484 3760 Partes
1499 3730 1658 3768 Aquitaniae
1673 3741 1707 3768 ap
1730 3731 1838 3761 licuerit
1854 3731 1897 3761 vel
1912 3730 2045 3769 ingressus
2059 3729 2157 3767 fuerit,
2175 3728 2293 3771 praefato
2311 3728 2378 3761 Do-

1322 3769 1404 3798 mino
1420 3769 1586 3807 Nicholao,
1602 3769 1688 3806 Ipsius
1740 3769 1894 3806 aeredibus,
1912 3778 1958 3798 aut
1982 3767 2189 3798 Executoribus
2211 3765 2379 3804 Ipsorumve

1320 3815 1400 3836 certo
1421 3805 1604 3838 Procuratori
1624 3818 1671 3838 aur
1693 3807 1862 3845 Attornato,
1880 3807 1996 3838 fideliter
2016 3805 2156 3850 persolveg
2166 3826 2175 3842 ,
2190 3804 2236 3835 seu
2258 3807 2379 3844 persolvi

1321 3845 1421 3882 faciet,
1439 3854 1485 3876 aut
1500 3846 1607 3876 realiter
1621 3846 1764 3877 satisfaciet
1779 3846 1815 3876 de
1829 3846 1931 3876 eisdem
1947 3844 2033 3874 Unus
2045 3842 2080 3872 N
2082 3841 2210 3886 ostrum:

1358 3883 1408 3913 Sin
1421 3892 1516 3914 autem
1530 3883 1612 3921 Ego,
1629 3885 1757 3922 praefatus
1770 3884 1975 3915 Floremundus
1997 3881 2143 3925 Dominus
2163 3881 2199 3912 de
2209 3881 2243 3926 'la
2258 3882 2378 3922 Sparre,

1321 3921 1412 3951 statim
1427 3923 1461 3952 &
1475 3923 1637 3952 immediate
1651 3923 1714 3960 post
1729 3923 1832 3961 lapsum
1849 3923 1988 3952 dietarum
2010 3919 2117 3963 Trium
2138 3919 2380 3960 Septimanarum,

1319 3959 1426 3989 directe
1442 3961 1552 3990 veniam
1567 3961 1600 3991 &
1618 3962 1794 3998 personaliter
1807 3960 1940 3990 accedam
1954 3958 1988 3987 ad
2004 3958 2038 3988 ὃς
2054 3968 2083 3987 in
2097 3957 2231 3990 Castrum
2248 3959 2380 3990 Civitatis

1319 3996 1507 4036 Burdegaliae,
1524 4008 1608 4067 prout
1624 3999 1706 4030 Idem
1720 3999 1866 4029 Dominus
1881 3996 2058 4034 Nicholaus‚
2073 3996 2226 4036 Haeredes,
2243 3998 2288 4042 vel
2302 3998 2377 4028 Exe-

1319 4044 1431 4067 cutores
1452 4036 1508 4074 sui,
1541 4037 1648 4075 psiusve
1665 4046 1713 4069 aut
1729 4036 1849 4068 Illorum
1871 4035 2072 4068 Procuratores
2090 4036 2136 4069 vd
2148 4036 2304 4106 Attornanl,
2323 4045 2391 4107 vo-t

2296 4083 2374 4106 uerin
