<?xml version="1.0" encoding="UTF-8"?>
<!DOCTYPE html PUBLIC "-//W3C//DTD XHTML 1.0 Transitional//EN"
    "http://www.w3.org/TR/xhtml1/DTD/xhtml1-transitional.dtd">
<html xmlns="http://www.w3.org/1999/xhtml" xml:lang="en" lang="en">
 <head>
  <title>
</title>
<meta http-equiv="Content-Type" content="text/html;charset=utf-8" />
  <meta name='ocr-system' content='tesseract 3.04.00' />
  <meta name='ocr-capabilities' content='ocr_page ocr_carea ocr_par ocr_line ocrx_word'/>
</head>
<body>
  <div class='ocr_page' id='page_1' title='image "./fderaconventione03ryme_0885.png"; bbox 0 0 2561 4251; ppageno 0'>
   <div class='ocr_carea' id='block_1_1' title="bbox 1280 256 2500 554">
    <p class='ocr_par' dir='ltr' id='par_1_1' title="bbox 1281 256 2500 523">
     <span class='ocr_line' id='line_1_1' title="bbox 2267 256 2377 300; baseline 0.018 -2"><span class='ocrx_word' id='word_1_1' title='bbox 2267 256 2347 300; x_wconf 82' lang='lat'>197</span> <span class='ocrx_word' id='word_1_2' title='bbox 2374 284 2377 287; x_wconf 93' lang='lat'>-</span> 
     </span>
     <span class='ocr_line' id='line_1_2' title="bbox 1287 322 2500 372; baseline 0.012 -18"><span class='ocrx_word' id='word_1_3' title='bbox 1287 323 1416 363; x_wconf 84' lang='lat' dir='ltr'>Valesiis,</span> <span class='ocrx_word' id='word_1_4' title='bbox 1440 325 1555 365; x_wconf 87' lang='lat' dir='ltr'>Cofris,</span> <span class='ocrx_word' id='word_1_5' title='bbox 1581 329 1726 368; x_wconf 87' lang='lat' dir='ltr'>Fardellis,</span> <span class='ocrx_word' id='word_1_6' title='bbox 1751 339 1785 360; x_wconf 88' lang='lat' dir='ltr'>ac</span> <span class='ocrx_word' id='word_1_7' title='bbox 1805 330 1863 360; x_wconf 84' lang='lat' dir='ltr'>aliis</span> <span class='ocrx_word' id='word_1_8' title='bbox 1880 331 1980 363; x_wconf 67' lang='lat' dir='ltr'>Rebus</span> <span class='ocrx_word' id='word_1_9' title='bbox 1997 334 2031 364; x_wconf 85' lang='lat'>&amp;</span> <span class='ocrx_word' id='word_1_10' title='bbox 2053 331 2192 364; x_wconf 83' lang='lat' dir='ltr'>Hemesiis</span> <span class='ocrx_word' id='word_1_11' title='bbox 2209 333 2260 363; x_wconf 84' lang='lat' dir='ltr'>suis</span> <span class='ocrx_word' id='word_1_12' title='bbox 2283 335 2345 372; x_wconf 78' lang='lat' dir='ltr'>qui·</span> <span class='ocrx_word' id='word_1_13' title='bbox 2364 325 2440 358; x_wconf 67' lang='lat' dir='ltr'>Asm-</span> <span class='ocrx_word' id='word_1_14' title='bbox 2456 322 2500 368; x_wconf 57' lang='grc' dir='ltr'>Β(</span> 
     </span>
     <span class='ocr_line' id='line_1_3' title="bbox 1285 363 2469 409; baseline 0.009 -17"><span class='ocrx_word' id='word_1_15' title='bbox 1285 363 1459 402; x_wconf 89' lang='lat' dir='ltr'>buscumque</span> <span class='ocrx_word' id='word_1_16' title='bbox 1485 368 1514 396; x_wconf 85' lang='lat' dir='ltr'>in</span> <span class='ocrx_word' id='word_1_17' title='bbox 1541 366 1689 398; x_wconf 64' lang='lat' dir='ltr'>comitiva</span> <span class='ocrx_word' id='word_1_18' title='bbox 1713 368 1776 406; x_wconf 72' lang='lat' dir='ltr'>sua,</span> <span class='ocrx_word' id='word_1_19' title='bbox 1793 369 1880 399; x_wconf 72' lang='lat' dir='ltr'>libere</span> <span class='ocrx_word' id='word_1_20' title='bbox 1899 373 1932 402; x_wconf 72' lang='lat' dir='ltr'>&amp;c</span> <span class='ocrx_word' id='word_1_21' title='bbox 1949 371 2049 408; x_wconf 84' lang='lat' dir='ltr'><strong>absque</strong></span> <span class='ocrx_word' id='word_1_22' title='bbox 2068 373 2276 409; x_wconf 85' lang='lat' dir='ltr'>impedimento</span> <span class='ocrx_word' id='word_1_23' title='bbox 2294 372 2344 402; x_wconf 86' lang='lat' dir='ltr'>ali·</span> <span class='ocrx_word' id='word_1_24' title='bbox 2383 373 2469 403; x_wconf 86' lang='lat'><em>1401.</em></span> 
     </span>
     <span class='ocr_line' id='line_1_4' title="bbox 1284 404 2472 447; baseline 0.01 -16"><span class='ocrx_word' id='word_1_25' title='bbox 1284 411 1357 439; x_wconf 88' lang='lat' dir='ltr'>quo,</span> <span class='ocrx_word' id='word_1_26' title='bbox 1375 404 1431 434; x_wconf 83' lang='lat' dir='ltr'>sine</span> <span class='ocrx_word' id='word_1_27' title='bbox 1444 406 1598 441; x_wconf 78' lang='lat' dir='ltr'>aperitione</span> <span class='ocrx_word' id='word_1_28' title='bbox 1613 405 1824 445; x_wconf 86' lang='lat' dir='ltr'>Manticarum,</span> <span class='ocrx_word' id='word_1_29' title='bbox 1845 408 2027 445; x_wconf 79' lang='lat' dir='ltr'>Valciiotutn,</span> <span class='ocrx_word' id='word_1_30' title='bbox 2043 408 2212 447; x_wconf 83' lang='lat' dir='ltr'>Cofrorum,</span> <span class='ocrx_word' id='word_1_31' title='bbox 2228 410 2260 440; x_wconf 67' lang='grc' dir='ltr'>ὃς</span> <span class='ocrx_word' id='word_1_32' title='bbox 2278 410 2344 439; x_wconf 81' lang='lat' dir='ltr'>Far·</span> <span class='ocrx_word' id='word_1_33' title='bbox 2362 407 2426 432; x_wconf 66' lang='lat' dir='ltr'>Hm·</span> <span class='ocrx_word' id='word_1_34' title='bbox 2440 414 2472 443; x_wconf 69' lang='lat'>4⁶.</span> 
     </span>
     <span class='ocr_line' id='line_1_5' title="bbox 1282 440 2344 486; baseline 0.008 -17"><span class='ocrx_word' id='word_1_35' title='bbox 1282 440 1422 485; x_wconf 79' lang='lat' dir='ltr'>dellorurn</span> <span class='ocrx_word' id='word_1_36' title='bbox 1436 441 1549 472; x_wconf 89' lang='lat' dir='ltr'>suorum</span> <span class='ocrx_word' id='word_1_37' title='bbox 1567 444 1790 482; x_wconf 61' lang='lat' dir='ltr'>praedictorum,</span> <span class='ocrx_word' id='word_1_38' title='bbox 1809 447 1920 476; x_wconf 82' lang='lat' dir='ltr'>traniire</span> <span class='ocrx_word' id='word_1_39' title='bbox 1934 448 2112 485; x_wconf 77' lang='lat' dir='ltr'>permittatis,</span> <span class='ocrx_word' id='word_1_40' title='bbox 2129 448 2262 486; x_wconf 81' lang='lat' dir='ltr'>aliquibus</span> <span class='ocrx_word' id='word_1_41' title='bbox 2285 448 2344 477; x_wconf 55' lang='lat' dir='ltr'>Or*</span> 
     </span>
     <span class='ocr_line' id='line_1_6' title="bbox 1281 477 2343 523; baseline 0.009 -16"><span class='ocrx_word' id='word_1_42' title='bbox 1281 477 1486 521; x_wconf 83' lang='lat' dir='ltr'>dinat.onibus,</span> <span class='ocrx_word' id='word_1_43' title='bbox 1505 481 1785 521; x_wconf 68' lang='lat' dir='ltr'>proclamationibus,</span> <span class='ocrx_word' id='word_1_44' title='bbox 1803 481 1848 513; x_wconf 85' lang='lat' dir='ltr'>seu</span> <span class='ocrx_word' id='word_1_45' title='bbox 1869 484 2022 523; x_wconf 81' lang='lat' dir='ltr'>Mandatis,</span> <span class='ocrx_word' id='word_1_46' title='bbox 2039 486 2069 514; x_wconf 91' lang='lat' dir='ltr'>in</span> <span class='ocrx_word' id='word_1_47' title='bbox 2092 486 2265 516; x_wconf 79' lang='lat' dir='ltr'>contrarium</span> <span class='ocrx_word' id='word_1_48' title='bbox 2283 486 2343 517; x_wconf 88' lang='lat' dir='ltr'>fac-</span> 
     </span>
    </p>

    <p class='ocr_par' dir='ltr' id='par_1_2' title="bbox 1280 519 1619 554">
     <span class='ocr_line' id='line_1_7' title="bbox 1280 519 1619 554; baseline 0.006 -9"><span class='ocrx_word' id='word_1_49' title='bbox 1280 523 1329 554; x_wconf 86' lang='lat' dir='ltr'>tis,</span> <span class='ocrx_word' id='word_1_50' title='bbox 1353 527 1412 547; x_wconf 90' lang='lat' dir='ltr'>nori</span> <span class='ocrx_word' id='word_1_51' title='bbox 1436 519 1619 550; x_wconf 84' lang='lat' dir='ltr'>obstantibus.</span> 
     </span>
    </p>
   </div>
   <div class='ocr_carea' id='block_1_2' title="bbox 1281 556 2342 624">
    <p class='ocr_par' dir='ltr' id='par_1_3' title="bbox 1281 556 2342 624">
     <span class='ocr_line' id='line_1_8' title="bbox 1281 556 2342 624; baseline 0.005 -39"><span class='ocrx_word' id='word_1_52' title='bbox 1281 556 1442 624; x_wconf 46' lang='lat' dir='ltr'>brua&#39;rfieste</span> <span class='ocrx_word' id='word_1_53' title='bbox 1460 556 1545 595; x_wconf 84' lang='lat' dir='ltr'><strong>Rege</strong></span> <span class='ocrx_word' id='word_1_54' title='bbox 1564 557 1636 595; x_wconf 84' lang='lat' dir='ltr'>apud</span> <span class='ocrx_word' id='word_1_55' title='bbox 1655 557 1922 599; x_wconf 80' lang='lat' dir='ltr'>Wstmonasterium,</span> <span class='ocrx_word' id='word_1_56' title='bbox 1940 560 2076 592; x_wconf 87' lang='lat' dir='ltr'>vicesimo</span> <span class='ocrx_word' id='word_1_57' title='bbox 2093 560 2213 599; x_wconf 83' lang='lat' dir='ltr'>septimo</span> <span class='ocrx_word' id='word_1_58' title='bbox 2229 559 2275 591; x_wconf 85' lang='lat' dir='ltr'>die</span> <span class='ocrx_word' id='word_1_59' title='bbox 2289 559 2342 595; x_wconf 88' lang='lat' dir='ltr'>Fe-</span> 
     </span>
    </p>
   </div>
   <div class='ocr_carea' id='block_1_3' title="bbox 34 235 1757 355">
    <p class='ocr_par' dir='ltr' id='par_1_4' title="bbox 34 235 1757 355">
     <span class='ocr_line' id='line_1_9' title="bbox 736 235 1757 303; baseline 0.001 -18"><span class='ocrx_word' id='word_1_60' title='bbox 736 238 847 286; x_wconf 78' lang='grc' dir='ltr'>ΕΤ</span> <span class='ocrx_word' id='word_1_61' title='bbox 938 239 1202 285; x_wconf 80' lang='lat' dir='ltr'>ACTA</span> <span class='ocrx_word' id='word_1_62' title='bbox 1285 235 1757 303; x_wconf 49' lang='lat' dir='ltr'>rustica,</span> 
     </span>
     <span class='ocr_line' id='line_1_10' title="bbox 34 307 269 355; baseline 0 -14"><span class='ocrx_word' id='word_1_63' title='bbox 34 307 269 355; x_wconf 61' lang='lat' dir='ltr'>Amnstuo</span> 
     </span>
    </p>
   </div>
   <div class='ocr_carea' id='block_1_4' title="bbox 62 325 1245 1096">
    <p class='ocr_par' dir='ltr' id='par_1_5' title="bbox 260 325 1245 369">
     <span class='ocr_line' id='line_1_11' title="bbox 260 325 1245 369; baseline 0.002 -14"><span class='ocrx_word' id='word_1_64' title='bbox 260 328 405 369; x_wconf 36' lang='lat' dir='ltr'>‚portunas</span> <span class='ocrx_word' id='word_1_65' title='bbox 415 334 467 364; x_wconf 84' lang='lat' dir='ltr'>pro</span> <span class='ocrx_word' id='word_1_66' title='bbox 496 326 636 359; x_wconf 79' lang='lat' dir='ltr'>firmandis</span> <span class='ocrx_word' id='word_1_67' title='bbox 655 328 689 359; x_wconf 70' lang='grc' dir='ltr'>δε</span> <span class='ocrx_word' id='word_1_68' title='bbox 714 325 884 361; x_wconf 82' lang='lat' dir='ltr'>stabiliendis</span> <span class='ocrx_word' id='word_1_69' title='bbox 901 329 1076 368; x_wconf 78' lang='lat' dir='ltr'>sponsalibus</span> <span class='ocrx_word' id='word_1_70' title='bbox 1091 331 1125 362; x_wconf 89' lang='lat'>&amp;</span> <span class='ocrx_word' id='word_1_71' title='bbox 1142 329 1245 360; x_wconf 82' lang='lat' dir='ltr'>Matri-</span> 
     </span>
    </p>

    <p class='ocr_par' dir='ltr' id='par_1_6' title="bbox 62 356 1244 672">
     <span class='ocr_line' id='line_1_12' title="bbox 62 356 1244 406; baseline 0.005 -15"><span class='ocrx_word' id='word_1_72' title='bbox 62 356 148 385; x_wconf 83' lang='lat'>1401.</span> <span class='ocrx_word' id='word_1_73' title='bbox 186 372 287 393; x_wconf 87' lang='lat' dir='ltr'>monio</span> <span class='ocrx_word' id='word_1_74' title='bbox 304 363 483 406; x_wconf 67' lang='lat' dir='ltr'>supradiffis,</span> <span class='ocrx_word' id='word_1_75' title='bbox 501 368 535 397; x_wconf 69' lang='grc' dir='ltr'>ὃς</span> <span class='ocrx_word' id='word_1_76' title='bbox 554 377 608 404; x_wconf 86' lang='lat' dir='ltr'>pro</span> <span class='ocrx_word' id='word_1_77' title='bbox 622 367 752 398; x_wconf 85' lang='lat' dir='ltr'>solvenda</span> <span class='ocrx_word' id='word_1_78' title='bbox 770 369 803 399; x_wconf 90' lang='lat'>&amp;</span> <span class='ocrx_word' id='word_1_79' title='bbox 823 368 982 399; x_wconf 82' lang='lat' dir='ltr'>exhibenda</span> <span class='ocrx_word' id='word_1_80' title='bbox 1005 369 1139 405; x_wconf 69' lang='lat' dir='ltr'>praedicta</span> <span class='ocrx_word' id='word_1_81' title='bbox 1160 368 1244 398; x_wconf 89' lang='lat' dir='ltr'>Sum—</span> 
     </span>
     <span class='ocr_line' id='line_1_13' title="bbox 186 401 1240 445; baseline 0.005 -15"><span class='ocrx_word' id='word_1_82' title='bbox 186 410 234 431; x_wconf 88' lang='lat' dir='ltr'>ma</span> <span class='ocrx_word' id='word_1_83' title='bbox 252 401 349 445; x_wconf 76' lang='lat' dir='ltr'>DotiS,</span> <span class='ocrx_word' id='word_1_84' title='bbox 365 402 576 443; x_wconf 85' lang='lat' dir='ltr'>Dotalitiorum,</span> <span class='ocrx_word' id='word_1_85' title='bbox 595 416 628 436; x_wconf 89' lang='lat' dir='ltr'>ac</span> <span class='ocrx_word' id='word_1_86' title='bbox 648 405 821 439; x_wconf 88' lang='lat' dir='ltr'>Donationis</span> <span class='ocrx_word' id='word_1_87' title='bbox 840 416 954 444; x_wconf 83' lang='lat' dir='ltr'>propter</span> <span class='ocrx_word' id='word_1_88' title='bbox 971 406 1097 444; x_wconf 85' lang='lat' dir='ltr'>Nuptias</span> <span class='ocrx_word' id='word_1_89' title='bbox 1115 407 1183 436; x_wconf 87' lang='lat' dir='ltr'>hinc</span> <span class='ocrx_word' id='word_1_90' title='bbox 1199 405 1240 435; x_wconf 85' lang='lat' dir='ltr'>in-</span> 
     </span>
     <span class='ocr_line' id='line_1_14' title="bbox 182 439 1243 483; baseline 0.003 -14"><span class='ocrx_word' id='word_1_91' title='bbox 182 439 236 478; x_wconf 87' lang='lat' dir='ltr'>de,</span> <span class='ocrx_word' id='word_1_92' title='bbox 251 439 353 483; x_wconf 56' lang='lat' dir='ltr'>distata</span> <span class='ocrx_word' id='word_1_93' title='bbox 372 442 405 472; x_wconf 87' lang='lat'>&amp;</span> <span class='ocrx_word' id='word_1_94' title='bbox 425 442 545 481; x_wconf 83' lang='lat' dir='ltr'>laudata,</span> <span class='ocrx_word' id='word_1_95' title='bbox 563 444 693 474; x_wconf 66' lang='lat' dir='ltr'>dictanda</span> <span class='ocrx_word' id='word_1_96' title='bbox 711 445 744 475; x_wconf 88' lang='lat'>&amp;</span> <span class='ocrx_word' id='word_1_97' title='bbox 762 444 911 483; x_wconf 79' lang='lat' dir='ltr'>laudanda,</span> <span class='ocrx_word' id='word_1_98' title='bbox 927 445 971 475; x_wconf 90' lang='lat' dir='ltr'>seu</span> <span class='ocrx_word' id='word_1_99' title='bbox 991 446 1075 474; x_wconf 90' lang='lat' dir='ltr'>etiam</span> <span class='ocrx_word' id='word_1_100' title='bbox 1103 444 1243 481; x_wconf 81' lang='lat' dir='ltr'>assignan-</span> 
     </span>
     <span class='ocr_line' id='line_1_15' title="bbox 181 477 1244 521; baseline 0.004 -14"><span class='ocrx_word' id='word_1_101' title='bbox 181 477 234 516; x_wconf 89' lang='lat' dir='ltr'>da,</span> <span class='ocrx_word' id='word_1_102' title='bbox 250 487 328 515; x_wconf 78' lang='lat' dir='ltr'>Juxta</span> <span class='ocrx_word' id='word_1_103' title='bbox 345 478 451 518; x_wconf 63' lang='lat' dir='ltr'>Pacta,</span> <span class='ocrx_word' id='word_1_104' title='bbox 469 480 647 521; x_wconf 82' lang='lat' dir='ltr'>Indeiituras,</span> <span class='ocrx_word' id='word_1_105' title='bbox 662 482 887 520; x_wconf 80' lang='lat' dir='ltr'>ConventioneS,</span> <span class='ocrx_word' id='word_1_106' title='bbox 905 493 938 513; x_wconf 91' lang='lat' dir='ltr'>ac</span> <span class='ocrx_word' id='word_1_107' title='bbox 958 482 1177 520; x_wconf 72' lang='lat' dir='ltr'>Conclusiones,</span> <span class='ocrx_word' id='word_1_108' title='bbox 1194 482 1244 511; x_wconf 86' lang='lat' dir='ltr'>ha-</span> 
     </span>
     <span class='ocr_line' id='line_1_16' title="bbox 183 516 1243 559; baseline 0.004 -14"><span class='ocrx_word' id='word_1_109' title='bbox 183 516 278 546; x_wconf 87' lang='lat' dir='ltr'>benda</span> <span class='ocrx_word' id='word_1_110' title='bbox 301 517 345 548; x_wconf 89' lang='lat' dir='ltr'>vel</span> <span class='ocrx_word' id='word_1_111' title='bbox 368 517 525 557; x_wconf 86' lang='lat' dir='ltr'>habendas,</span> <span class='ocrx_word' id='word_1_112' title='bbox 547 521 603 550; x_wconf 66' lang='lat' dir='ltr'>tam</span> <span class='ocrx_word' id='word_1_113' title='bbox 632 530 680 559; x_wconf 84' lang='lat' dir='ltr'>per</span> <span class='ocrx_word' id='word_1_114' title='bbox 701 520 812 551; x_wconf 65' lang='lat' dir='ltr'>dictum</span> <span class='ocrx_word' id='word_1_115' title='bbox 837 521 1000 551; x_wconf 88' lang='lat' dir='ltr'>Dominum</span> <span class='ocrx_word' id='word_1_116' title='bbox 1021 520 1179 558; x_wconf 81' lang='lat' dir='ltr'>Rupertum</span> <span class='ocrx_word' id='word_1_117' title='bbox 1197 527 1243 550; x_wconf 86' lang='lat' dir='ltr'>aut</span> 
     </span>
     <span class='ocr_line' id='line_1_17' title="bbox 184 553 1239 599; baseline 0.005 -15"><span class='ocrx_word' id='word_1_118' title='bbox 184 553 384 599; x_wconf 53' lang='lat' dir='ltr'>Lodotvycum</span> <span class='ocrx_word' id='word_1_119' title='bbox 403 558 459 593; x_wconf 88' lang='lat' dir='ltr'>ejus</span> <span class='ocrx_word' id='word_1_120' title='bbox 477 558 584 587; x_wconf 88' lang='lat' dir='ltr'>Filium</span> <span class='ocrx_word' id='word_1_121' title='bbox 604 559 812 597; x_wconf 66' lang='lat' dir='ltr'>supraditftum,</span> <span class='ocrx_word' id='word_1_122' title='bbox 830 569 875 590; x_wconf 90' lang='lat' dir='ltr'>aut</span> <span class='ocrx_word' id='word_1_123' title='bbox 894 559 957 589; x_wconf 91' lang='lat' dir='ltr'>suos</span> <span class='ocrx_word' id='word_1_124' title='bbox 975 559 1010 589; x_wconf 90' lang='lat' dir='ltr'>ad</span> <span class='ocrx_word' id='word_1_125' title='bbox 1029 559 1086 589; x_wconf 92' lang='lat' dir='ltr'>hoc</span> <span class='ocrx_word' id='word_1_126' title='bbox 1103 559 1192 589; x_wconf 84' lang='lat' dir='ltr'>Datos</span> <span class='ocrx_word' id='word_1_127' title='bbox 1206 558 1239 588; x_wconf 75' lang='lat'>&amp;-</span> 
     </span>
     <span class='ocr_line' id='line_1_18' title="bbox 181 591 1242 636; baseline 0.005 -14"><span class='ocrx_word' id='word_1_128' title='bbox 181 591 381 633; x_wconf 87' lang='lat' dir='ltr'>Constitutos,</span> <span class='ocrx_word' id='word_1_129' title='bbox 399 594 520 626; x_wconf 85' lang='lat' dir='ltr'>Dandos</span> <span class='ocrx_word' id='word_1_130' title='bbox 539 598 572 628; x_wconf 64' lang='grc' dir='ltr'>ὃς</span> <span class='ocrx_word' id='word_1_131' title='bbox 592 596 836 636; x_wconf 88' lang='lat' dir='ltr'>Constituendos,</span> <span class='ocrx_word' id='word_1_132' title='bbox 859 599 943 636; x_wconf 75' lang='lat' dir='ltr'>quam</span> <span class='ocrx_word' id='word_1_133' title='bbox 970 607 1020 635; x_wconf 84' lang='lat' dir='ltr'>per</span> <span class='ocrx_word' id='word_1_134' title='bbox 1038 597 1149 628; x_wconf 90' lang='lat' dir='ltr'>nostros</span> <span class='ocrx_word' id='word_1_135' title='bbox 1168 597 1242 627; x_wconf 90' lang='lat' dir='ltr'>Pro-</span> 
     </span>
     <span class='ocr_line' id='line_1_19' title="bbox 180 633 504 672; baseline 0.006 -11"><span class='ocrx_word' id='word_1_136' title='bbox 180 640 322 663; x_wconf 84' lang='lat' dir='ltr'>curatores</span> <span class='ocrx_word' id='word_1_137' title='bbox 335 633 504 672; x_wconf 62' lang='lat' dir='ltr'>praedkstos,</span> 
     </span>
    </p>

    <p class='ocr_par' dir='ltr' id='par_1_7' title="bbox 178 669 1238 751">
     <span class='ocr_line' id='line_1_20' title="bbox 203 669 1238 714; baseline 0.004 -14"><span class='ocrx_word' id='word_1_138' title='bbox 203 669 353 714; x_wconf 34' lang='lat' dir='ltr'>&#39;Praeterea</span> <span class='ocrx_word' id='word_1_139' title='bbox 368 671 402 714; x_wconf 80' lang='lat' dir='ltr'>ad</span> <span class='ocrx_word' id='word_1_140' title='bbox 418 671 628 712; x_wconf 72' lang='lat' dir='ltr'>Praestandum,</span> <span class='ocrx_word' id='word_1_141' title='bbox 648 675 677 704; x_wconf 91' lang='lat' dir='ltr'>in</span> <span class='ocrx_word' id='word_1_142' title='bbox 693 674 817 705; x_wconf 85' lang='lat' dir='ltr'>nostram</span> <span class='ocrx_word' id='word_1_143' title='bbox 832 676 866 706; x_wconf 90' lang='lat'>&amp;</span> <span class='ocrx_word' id='word_1_144' title='bbox 881 674 967 705; x_wconf 68' lang='lat' dir='ltr'>dietae</span> <span class='ocrx_word' id='word_1_145' title='bbox 981 674 1059 704; x_wconf 81' lang='lat' dir='ltr'>Filiae</span> <span class='ocrx_word' id='word_1_146' title='bbox 1075 674 1179 705; x_wconf 78' lang='lat' dir='ltr'>nostrae</span> <span class='ocrx_word' id='word_1_147' title='bbox 1194 673 1238 704; x_wconf 92' lang='lat' dir='ltr'>A-</span> 
     </span>
     <span class='ocr_line' id='line_1_21' title="bbox 178 710 1117 751; baseline 0.005 -13"><span class='ocrx_word' id='word_1_148' title='bbox 178 718 288 748; x_wconf 83' lang='lat' dir='ltr'>nimas,</span> <span class='ocrx_word' id='word_1_149' title='bbox 308 710 612 749; x_wconf 83' lang='lat' dir='ltr'>quaelibetJuramenta</span> <span class='ocrx_word' id='word_1_150' title='bbox 626 713 702 743; x_wconf 91' lang='lat' dir='ltr'>licita</span> <span class='ocrx_word' id='word_1_151' title='bbox 717 713 922 750; x_wconf 69' lang='lat' dir='ltr'>praediCtorurn</span> <span class='ocrx_word' id='word_1_152' title='bbox 937 714 1117 751; x_wconf 87' lang='lat' dir='ltr'>roborativa,</span> 
     </span>
    </p>

    <p class='ocr_par' dir='ltr' id='par_1_8' title="bbox 178 746 1238 829">
     <span class='ocr_line' id='line_1_22' title="bbox 206 746 1238 790; baseline 0.002 -13"><span class='ocrx_word' id='word_1_153' title='bbox 206 746 352 790; x_wconf 82' lang='lat' dir='ltr'>¹Necnon</span> <span class='ocrx_word' id='word_1_154' title='bbox 374 748 409 778; x_wconf 91' lang='lat' dir='ltr'>ad</span> <span class='ocrx_word' id='word_1_155' title='bbox 435 749 620 789; x_wconf 84' lang='lat' dir='ltr'>obligandum</span> <span class='ocrx_word' id='word_1_156' title='bbox 646 761 697 781; x_wconf 88' lang='lat' dir='ltr'>nos</span> <span class='ocrx_word' id='word_1_157' title='bbox 714 751 863 788; x_wconf 82' lang='lat' dir='ltr'>praefatum</span> <span class='ocrx_word' id='word_1_158' title='bbox 878 751 1062 790; x_wconf 84' lang='lat' dir='ltr'>&#39;Henricum,</span> <span class='ocrx_word' id='word_1_159' title='bbox 1080 754 1114 783; x_wconf 68' lang='grc' dir='ltr'>ὃς</span> <span class='ocrx_word' id='word_1_160' title='bbox 1131 750 1238 781; x_wconf 79' lang='lat' dir='ltr'>diCtam</span> 
     </span>
     <span class='ocr_line' id='line_1_23' title="bbox 178 784 1238 829; baseline 0.003 -14"><span class='ocrx_word' id='word_1_161' title='bbox 178 784 280 815; x_wconf 83' lang='lat' dir='ltr'>Filiam</span> <span class='ocrx_word' id='word_1_162' title='bbox 306 785 450 825; x_wconf 76' lang='lat' dir='ltr'>nostram,</span> <span class='ocrx_word' id='word_1_163' title='bbox 473 789 507 820; x_wconf 68' lang='grc' dir='ltr'>ὃς</span> <span class='ocrx_word' id='word_1_164' title='bbox 534 787 695 826; x_wconf 87' lang='lat' dir='ltr'>hujusmodi</span> <span class='ocrx_word' id='word_1_165' title='bbox 718 789 932 829; x_wconf 76' lang='lat' dir='ltr'>obligationem</span> <span class='ocrx_word' id='word_1_166' title='bbox 957 789 1057 819; x_wconf 90' lang='lat' dir='ltr'>nostro</span> <span class='ocrx_word' id='word_1_167' title='bbox 1081 789 1200 820; x_wconf 89' lang='lat' dir='ltr'>nomine</span> <span class='ocrx_word' id='word_1_168' title='bbox 1222 798 1238 818; x_wconf 91' lang='lat' dir='ltr'>a</span> 
     </span>
    </p>

    <p class='ocr_par' dir='ltr' id='par_1_9' title="bbox 201 824 1239 865">
     <span class='ocr_line' id='line_1_24' title="bbox 201 824 1239 865; baseline 0.003 -12"><span class='ocrx_word' id='word_1_169' title='bbox 201 833 257 854; x_wconf 84' lang='lat' dir='ltr'>arte</span> <span class='ocrx_word' id='word_1_170' title='bbox 279 825 360 855; x_wconf 87' lang='lat' dir='ltr'>altera</span> <span class='ocrx_word' id='word_1_171' title='bbox 386 824 614 865; x_wconf 85' lang='lat' dir='ltr'>Recipiendum,</span> <span class='ocrx_word' id='word_1_172' title='bbox 638 827 672 857; x_wconf 88' lang='lat' dir='ltr'>ad</span> <span class='ocrx_word' id='word_1_173' title='bbox 698 828 890 865; x_wconf 77' lang='lat' dir='ltr'>quascumque</span> <span class='ocrx_word' id='word_1_174' title='bbox 913 828 1090 864; x_wconf 84' lang='lat' dir='ltr'>Pecuniarias</span> <span class='ocrx_word' id='word_1_175' title='bbox 1113 828 1158 857; x_wconf 86' lang='lat' dir='ltr'>seu</span> <span class='ocrx_word' id='word_1_176' title='bbox 1175 827 1239 857; x_wconf 86' lang='lat' dir='ltr'>alias</span> 
     </span>
    </p>

    <p class='ocr_par' dir='ltr' id='par_1_10' title="bbox 178 864 1240 978">
     <span class='ocr_line' id='line_1_25' title="bbox 205 864 1240 904; baseline 0.002 -12"><span class='ocrx_word' id='word_1_177' title='bbox 205 872 284 893; x_wconf 80' lang='lat' dir='ltr'>oenas</span> <span class='ocrx_word' id='word_1_178' title='bbox 304 864 333 893; x_wconf 89' lang='lat' dir='ltr'>in</span> <span class='ocrx_word' id='word_1_179' title='bbox 355 873 491 895; x_wconf 84' lang='lat' dir='ltr'>eventum</span> <span class='ocrx_word' id='word_1_180' title='bbox 517 865 697 895; x_wconf 85' lang='lat' dir='ltr'>Matrimonii</span> <span class='ocrx_word' id='word_1_181' title='bbox 716 876 774 896; x_wconf 92' lang='lat' dir='ltr'>non</span> <span class='ocrx_word' id='word_1_182' title='bbox 803 865 945 904; x_wconf 82' lang='lat' dir='ltr'>faciendi,</span> <span class='ocrx_word' id='word_1_183' title='bbox 965 876 1014 904; x_wconf 87' lang='lat' dir='ltr'>per</span> <span class='ocrx_word' id='word_1_184' title='bbox 1032 875 1138 903; x_wconf 81' lang='lat' dir='ltr'>partem</span> <span class='ocrx_word' id='word_1_185' title='bbox 1158 864 1240 902; x_wconf 80' lang='lat' dir='ltr'>perfi-</span> 
     </span>
     <span class='ocr_line' id='line_1_26' title="bbox 178 901 1239 943; baseline 0.004 -13"><span class='ocrx_word' id='word_1_186' title='bbox 178 910 244 943; x_wconf 76' lang='lat' dir='ltr'>cere</span> <span class='ocrx_word' id='word_1_187' title='bbox 264 901 457 933; x_wconf 78' lang='lat' dir='ltr'>Recusantem</span> <span class='ocrx_word' id='word_1_188' title='bbox 473 903 628 943; x_wconf 74' lang='lat' dir='ltr'>solvendas,</span> <span class='ocrx_word' id='word_1_189' title='bbox 646 905 679 936; x_wconf 87' lang='lat'>&amp;</span> <span class='ocrx_word' id='word_1_190' title='bbox 698 903 773 935; x_wconf 86' lang='lat' dir='ltr'>Parti</span> <span class='ocrx_word' id='word_1_191' title='bbox 781 903 1003 936; x_wconf 86' lang='lat' dir='ltr'>Matrimonium</span> <span class='ocrx_word' id='word_1_192' title='bbox 1020 905 1123 936; x_wconf 84' lang='lat' dir='ltr'>servare</span> <span class='ocrx_word' id='word_1_193' title='bbox 1139 903 1239 935; x_wconf 85' lang='lat' dir='ltr'>volen-</span> 
     </span>
     <span class='ocr_line' id='line_1_27' title="bbox 183 940 417 978; baseline 0.013 -10"><span class='ocrx_word' id='word_1_194' title='bbox 183 946 205 969; x_wconf 84' lang='lat' dir='ltr'>ti</span> <span class='ocrx_word' id='word_1_195' title='bbox 223 940 417 978; x_wconf 85' lang='lat' dir='ltr'>applicandas,</span> 
     </span>
    </p>

    <p class='ocr_par' dir='ltr' id='par_1_11' title="bbox 178 978 1240 1096">
     <span class='ocr_line' id='line_1_28' title="bbox 215 978 1238 1022; baseline 0.002 -14"><span class='ocrx_word' id='word_1_196' title='bbox 215 978 262 1022; x_wconf 84' lang='lat' dir='ltr'>Ad</span> <span class='ocrx_word' id='word_1_197' title='bbox 282 978 524 1010; x_wconf 83' lang='lat' dir='ltr'>Renunciandum</span> <span class='ocrx_word' id='word_1_198' title='bbox 541 980 647 1018; x_wconf 85' lang='lat' dir='ltr'>etiam,</span> <span class='ocrx_word' id='word_1_199' title='bbox 664 982 783 1012; x_wconf 91' lang='lat' dir='ltr'>nomine</span> <span class='ocrx_word' id='word_1_200' title='bbox 799 981 896 1012; x_wconf 89' lang='lat' dir='ltr'>nostro</span> <span class='ocrx_word' id='word_1_201' title='bbox 908 1005 916 1019; x_wconf 83' lang='lat'>,</span> <span class='ocrx_word' id='word_1_202' title='bbox 941 980 1162 1019; x_wconf 87' lang='lat' dir='ltr'>quibuscumque</span> <span class='ocrx_word' id='word_1_203' title='bbox 1180 979 1238 1010; x_wconf 83' lang='lat' dir='ltr'>Ex-</span> 
     </span>
     <span class='ocr_line' id='line_1_29' title="bbox 178 1018 1239 1058; baseline 0.002 -12"><span class='ocrx_word' id='word_1_204' title='bbox 178 1018 376 1056; x_wconf 81' lang='lat' dir='ltr'>ceptionibus,</span> <span class='ocrx_word' id='word_1_205' title='bbox 393 1018 528 1056; x_wconf 78' lang='lat' dir='ltr'>Auxiliis,</span> <span class='ocrx_word' id='word_1_206' title='bbox 545 1019 719 1058; x_wconf 80' lang='lat' dir='ltr'>Priviiegiis,</span> <span class='ocrx_word' id='word_1_207' title='bbox 738 1019 954 1051; x_wconf 86' lang='lat' dir='ltr'>Communibus</span> <span class='ocrx_word' id='word_1_208' title='bbox 978 1027 1023 1050; x_wconf 82' lang='lat' dir='ltr'>aut</span> <span class='ocrx_word' id='word_1_209' title='bbox 1042 1020 1217 1057; x_wconf 80' lang='lat' dir='ltr'>Specialibus</span> <span class='ocrx_word' id='word_1_210' title='bbox 1229 1041 1239 1056; x_wconf 92' lang='lat'>,</span> 
     </span>
     <span class='ocr_line' id='line_1_30' title="bbox 179 1053 1240 1096; baseline 0.003 -12"><span class='ocrx_word' id='word_1_211' title='bbox 179 1053 336 1086; x_wconf 90' lang='lat' dir='ltr'>Canonico</span> <span class='ocrx_word' id='word_1_212' title='bbox 361 1056 407 1086; x_wconf 83' lang='lat' dir='ltr'>vel</span> <span class='ocrx_word' id='word_1_213' title='bbox 432 1056 529 1087; x_wconf 88' lang='lat' dir='ltr'>Civile</span> <span class='ocrx_word' id='word_1_214' title='bbox 556 1057 625 1095; x_wconf 87' lang='lat' dir='ltr'>Jure</span> <span class='ocrx_word' id='word_1_215' title='bbox 650 1059 750 1095; x_wconf 85' lang='lat' dir='ltr'>quovis</span> <span class='ocrx_word' id='word_1_216' title='bbox 784 1059 873 1088; x_wconf 88' lang='lat' dir='ltr'>modo</span> <span class='ocrx_word' id='word_1_217' title='bbox 906 1059 1134 1096; x_wconf 81' lang='lat' dir='ltr'>competentibus</span> <span class='ocrx_word' id='word_1_218' title='bbox 1149 1081 1159 1096; x_wconf 90' lang='lat'>,</span> <span class='ocrx_word' id='word_1_219' title='bbox 1191 1065 1240 1087; x_wconf 89' lang='lat' dir='ltr'>aut</span> 
     </span>
    </p>
   </div>
   <div class='ocr_carea' id='block_1_5' title="bbox 30 386 146 424">
    <p class='ocr_par' dir='ltr' id='par_1_12' title="bbox 30 386 146 424">
     <span class='ocr_line' id='line_1_31' title="bbox 30 386 146 424; baseline 0.009 -10"><span class='ocrx_word' id='word_1_220' title='bbox 30 386 97 415; x_wconf 80' lang='lat' dir='ltr'>Hen.</span> <span class='ocrx_word' id='word_1_221' title='bbox 115 398 146 424; x_wconf 78' lang='lat'>4.</span> 
     </span>
    </p>
   </div>
   <div class='ocr_carea' id='block_1_6' title="bbox 1277 715 2492 815">
    <p class='ocr_par' dir='ltr' id='par_1_13' title="bbox 1277 715 2492 815">
     <span class='ocr_line' id='line_1_32' title="bbox 1277 715 2492 769; baseline 0.009 -20"><span class='ocrx_word' id='word_1_222' title='bbox 1277 718 1305 745; x_wconf 43' lang='grc' dir='ltr'><strong><em>ᾖ</em></strong></span> <span class='ocrx_word' id='word_1_223' title='bbox 1329 718 1491 750; x_wconf 51' lang='lat' dir='ltr'>vagatus</span> <span class='ocrx_word' id='word_1_224' title='bbox 1522 721 1722 752; x_wconf 75' lang='lat' dir='ltr'>Matrimonii</span> <span class='ocrx_word' id='word_1_225' title='bbox 1752 715 1829 753; x_wconf 56' lang='lat' dir='ltr'>inter</span> <span class='ocrx_word' id='word_1_226' title='bbox 1858 723 2093 767; x_wconf 81' lang='lat' dir='ltr'>Primogenitum</span> <span class='ocrx_word' id='word_1_227' title='bbox 2125 725 2337 769; x_wconf 65' lang='lat' dir='ltr'>Imperatoris,</span> <span class='ocrx_word' id='word_1_228' title='bbox 2361 731 2381 751; x_wconf 64' lang='lat'>³*</span> <span class='ocrx_word' id='word_1_229' title='bbox 2405 729 2492 764; x_wconf 70' lang='lat' dir='ltr'>vnn</span> 
     </span>
     <span class='ocr_line' id='line_1_33' title="bbox 1525 767 2492 815; baseline 0.008 -16"><span class='ocrx_word' id='word_1_230' title='bbox 1525 771 1561 806; x_wconf 67' lang='lat'>&amp;⁶</span> <span class='ocrx_word' id='word_1_231' title='bbox 1587 768 1702 801; x_wconf 80' lang='lat' dir='ltr'>Filiam</span> <span class='ocrx_word' id='word_1_232' title='bbox 1725 771 1812 815; x_wconf 81' lang='lat' dir='ltr'>Regis</span> <span class='ocrx_word' id='word_1_233' title='bbox 1835 772 2080 815; x_wconf 72' lang='lat' dir='ltr'>Primogenitam.</span> <span class='ocrx_word' id='word_1_234' title='bbox 2379 779 2441 806; x_wconf 88' lang='lat'>¹79·</span> <span class='ocrx_word' id='word_1_235' title='bbox 2485 767 2492 771; x_wconf 34' lang='grc' dir='ltr'><strong><em>Δ</em></strong></span> 
     </span>
    </p>
   </div>
   <div class='ocr_carea' id='block_1_7' title="bbox 1277 842 2493 1087">
    <p class='ocr_par' dir='ltr' id='par_1_14' title="bbox 1369 842 2493 897">
     <span class='ocr_line' id='line_1_34' title="bbox 1369 842 2493 897; baseline -0.003 -15"><span class='ocrx_word' id='word_1_236' title='bbox 1369 851 1452 882; x_wconf 73' lang='lat' dir='ltr'>Ova</span> <span class='ocrx_word' id='word_1_237' title='bbox 1463 861 1486 883; x_wconf 81' lang='lat' dir='ltr'>R</span> <span class='ocrx_word' id='word_1_238' title='bbox 1497 861 1509 881; x_wconf 92' lang='lat'>1</span> <span class='ocrx_word' id='word_1_239' title='bbox 1520 860 1577 896; x_wconf 54' lang='lat' dir='ltr'>er</span> <span class='ocrx_word' id='word_1_240' title='bbox 1601 861 1624 883; x_wconf 82' lang='lat' dir='ltr'>U</span> <span class='ocrx_word' id='word_1_241' title='bbox 1636 859 1659 883; x_wconf 80' lang='lat' dir='ltr'>N</span> <span class='ocrx_word' id='word_1_242' title='bbox 1668 862 1680 883; x_wconf 96' lang='lat'>1</span> <span class='ocrx_word' id='word_1_243' title='bbox 1690 863 1710 883; x_wconf 93' lang='lat' dir='ltr'>v</span> <span class='ocrx_word' id='word_1_244' title='bbox 1721 862 1740 884; x_wconf 82' lang='lat' dir='ltr'>E</span> <span class='ocrx_word' id='word_1_245' title='bbox 1750 863 1774 884; x_wconf 86' lang='lat' dir='ltr'>R</span> <span class='ocrx_word' id='word_1_246' title='bbox 1783 863 1795 884; x_wconf 79' lang='lat' dir='ltr'>s</span> <span class='ocrx_word' id='word_1_247' title='bbox 1804 862 1834 890; x_wconf 84' lang='lat'>1,</span> <span class='ocrx_word' id='word_1_248' title='bbox 1861 853 1894 884; x_wconf 91' lang='lat' dir='ltr'>ad</span> <span class='ocrx_word' id='word_1_249' title='bbox 1913 864 1981 893; x_wconf 87' lang='lat' dir='ltr'>quos</span> <span class='ocrx_word' id='word_1_250' title='bbox 1996 855 2136 896; x_wconf 65' lang='lat' dir='ltr'>praespmia</span> <span class='ocrx_word' id='word_1_251' title='bbox 2149 859 2337 897; x_wconf 52' lang='lat' dir='ltr'>pervenerint,</span> <span class='ocrx_word' id='word_1_252' title='bbox 2358 843 2434 875; x_wconf 73' lang='lat' dir='ltr'>Arm·</span> <span class='ocrx_word' id='word_1_253' title='bbox 2449 842 2493 883; x_wconf 55' lang='lat' dir='ltr'>Di</span> 
     </span>
    </p>

    <p class='ocr_par' dir='ltr' id='par_1_15' title="bbox 1277 891 2493 1087">
     <span class='ocr_line' id='line_1_35' title="bbox 1379 891 2466 932; baseline 0.006 -12"><span class='ocrx_word' id='word_1_254' title='bbox 1379 891 1412 921; x_wconf 90' lang='lat'>&amp;</span> <span class='ocrx_word' id='word_1_255' title='bbox 1427 891 1579 928; x_wconf 76' lang='lat' dir='ltr'>praesertim</span> <span class='ocrx_word' id='word_1_256' title='bbox 1592 901 1716 928; x_wconf 84' lang='lat' dir='ltr'>quorum</span> <span class='ocrx_word' id='word_1_257' title='bbox 1731 892 1864 930; x_wconf 83' lang='lat' dir='ltr'>interest,</span> <span class='ocrx_word' id='word_1_258' title='bbox 1881 893 1926 924; x_wconf 83' lang='lat' dir='ltr'>vel</span> <span class='ocrx_word' id='word_1_259' title='bbox 1943 893 2069 930; x_wconf 82' lang='lat' dir='ltr'>interefle</span> <span class='ocrx_word' id='word_1_260' title='bbox 2081 898 2185 931; x_wconf 83' lang='lat' dir='ltr'>poterit</span> <span class='ocrx_word' id='word_1_261' title='bbox 2208 897 2237 932; x_wconf 87' lang='lat' dir='ltr'>in</span> <span class='ocrx_word' id='word_1_262' title='bbox 2261 897 2334 927; x_wconf 88' lang='lat' dir='ltr'>futu-</span> <span class='ocrx_word' id='word_1_263' title='bbox 2380 892 2466 922; x_wconf 77' lang='lat'><strong>¹4⁰¹·</strong></span> 
     </span>
     <span class='ocr_line' id='line_1_36' title="bbox 1278 925 2454 971; baseline 0.003 -11"><span class='ocrx_word' id='word_1_264' title='bbox 1278 939 1360 968; x_wconf 83' lang='lat' dir='ltr'>rum,</span> <span class='ocrx_word' id='word_1_265' title='bbox 1380 929 1473 968; x_wconf 82' lang='lat' dir='ltr'>Qiod</span> <span class='ocrx_word' id='word_1_266' title='bbox 1494 928 1578 965; x_wconf 86' lang='lat' dir='ltr'>Nos,</span> <span class='ocrx_word' id='word_1_267' title='bbox 1594 929 1755 968; x_wconf 67' lang='lat' dir='ltr'>Jolaamzes,</span> <span class='ocrx_word' id='word_1_268' title='bbox 1773 928 1832 961; x_wconf 81' lang='lat' dir='ltr'>Dei</span> <span class='ocrx_word' id='word_1_269' title='bbox 1855 931 1961 970; x_wconf 71' lang='lat' dir='ltr'>gratia,</span> <span class='ocrx_word' id='word_1_270' title='bbox 1987 930 2202 971; x_wconf 74' lang='lat' dir='ltr'>Hercfordenfis,</span> <span class='ocrx_word' id='word_1_271' title='bbox 2220 929 2334 971; x_wconf 78' lang='lat' dir='ltr'>Johan-</span> <span class='ocrx_word' id='word_1_272' title='bbox 2358 925 2412 949; x_wconf 65' lang='lat' dir='ltr'>An*</span> <span class='ocrx_word' id='word_1_273' title='bbox 2425 931 2454 951; x_wconf 83' lang='lat'>2·</span> 
     </span>
     <span class='ocr_line' id='line_1_37' title="bbox 1277 962 2481 1008; baseline 0.006 -10"><span class='ocrx_word' id='word_1_274' title='bbox 1277 980 1337 1006; x_wconf 80' lang='lat' dir='ltr'>nes,</span> <span class='ocrx_word' id='word_1_275' title='bbox 1363 967 1464 998; x_wconf 68' lang='lat' dir='ltr'>eadem</span> <span class='ocrx_word' id='word_1_276' title='bbox 1495 967 1600 1005; x_wconf 70' lang='lat' dir='ltr'>gratia,</span> <span class='ocrx_word' id='word_1_277' title='bbox 1622 967 1766 1006; x_wconf 79' lang='lat' dir='ltr'>Roffinzs,</span> <span class='ocrx_word' id='word_1_278' title='bbox 1799 968 1986 1000; x_wconf 79' lang='lat' dir='ltr'>Ecclesiarum</span> <span class='ocrx_word' id='word_1_279' title='bbox 2015 969 2171 1008; x_wconf 61' lang='lat' dir='ltr'>Episcopi:</span> <span class='ocrx_word' id='word_1_280' title='bbox 2203 974 2336 1002; x_wconf 82' lang='lat' dir='ltr'>Henricus</span> <span class='ocrx_word' id='word_1_281' title='bbox 2358 962 2393 987; x_wconf 73' lang='grc' dir='ltr'>Η·</span> <span class='ocrx_word' id='word_1_282' title='bbox 2408 971 2438 996; x_wconf 87' lang='lat'>4·</span> <span class='ocrx_word' id='word_1_283' title='bbox 2478 1002 2481 1005; x_wconf 91' lang='lat'>.</span> 
     </span>
     <span class='ocr_line' id='line_1_38' title="bbox 1278 1002 2493 1047; baseline 0.004 -11"><span class='ocrx_word' id='word_1_284' title='bbox 1278 1005 1485 1036; x_wconf 74' lang='lat' dir='ltr'>Nortlmmbriae</span> <span class='ocrx_word' id='word_1_285' title='bbox 1501 1005 1747 1044; x_wconf 78' lang='lat' dir='ltr'>constabularius,</span> <span class='ocrx_word' id='word_1_286' title='bbox 1767 1006 1922 1045; x_wconf 78' lang='lat' dir='ltr'>Radulphus</span> <span class='ocrx_word' id='word_1_287' title='bbox 1942 1006 2166 1046; x_wconf 68' lang='lat' dir='ltr'>Westmerlandiae</span> <span class='ocrx_word' id='word_1_288' title='bbox 2183 1009 2336 1041; x_wconf 80' lang='lat' dir='ltr'>Marescal-</span> <span class='ocrx_word' id='word_1_289' title='bbox 2356 1002 2445 1029; x_wconf 62' lang='lat' dir='ltr'><em>F&#39;anc·</em></span> <span class='ocrx_word' id='word_1_290' title='bbox 2462 1007 2493 1047; x_wconf 60' lang='lat'>²⁸,</span> 
     </span>
     <span class='ocr_line' id='line_1_39' title="bbox 1277 1041 2492 1087; baseline 0.004 -12"><span class='ocrx_word' id='word_1_291' title='bbox 1277 1045 1317 1075; x_wconf 91' lang='lat' dir='ltr'>lus</span> <span class='ocrx_word' id='word_1_292' title='bbox 1341 1044 1472 1081; x_wconf 81' lang='lat' dir='ltr'>Angliae,</span> <span class='ocrx_word' id='word_1_293' title='bbox 1488 1042 1637 1082; x_wconf 71' lang='lat' dir='ltr'>Comites,</span> <span class='ocrx_word' id='word_1_294' title='bbox 1657 1044 1827 1075; x_wconf 81' lang='lat' dir='ltr'>Sereniffimi</span> <span class='ocrx_word' id='word_1_295' title='bbox 1850 1045 1882 1075; x_wconf 66' lang='grc' dir='ltr'>ὃς</span> <span class='ocrx_word' id='word_1_296' title='bbox 1904 1045 2083 1077; x_wconf 71' lang='lat' dir='ltr'>Invictiffimi</span> <span class='ocrx_word' id='word_1_297' title='bbox 2105 1047 2261 1087; x_wconf 87' lang='lat' dir='ltr'>Principis,</span> <span class='ocrx_word' id='word_1_298' title='bbox 2279 1056 2333 1079; x_wconf 79' lang='lat' dir='ltr'>Do-</span> <span class='ocrx_word' id='word_1_299' title='bbox 2355 1041 2389 1064; x_wconf 85' lang='lat' dir='ltr'>H.</span> <span class='ocrx_word' id='word_1_300' title='bbox 2407 1047 2436 1073; x_wconf 88' lang='lat'>4·</span> <span class='ocrx_word' id='word_1_301' title='bbox 2454 1046 2492 1080; x_wconf 55' lang='lat' dir='ltr'>‚me</span> 
     </span>
    </p>
   </div>
   <div class='ocr_carea' id='block_1_8' title="bbox 20 2080 157 2342">
    <p class='ocr_par' dir='ltr' id='par_1_16' title="bbox 20 2080 157 2342">
     <span class='ocr_line' id='line_1_40' title="bbox 22 2080 137 2110; baseline 0.009 -1"><span class='ocrx_word' id='word_1_302' title='bbox 22 2080 43 2102; x_wconf 49' lang='grc' dir='ltr'>’Β</span> <span class='ocrx_word' id='word_1_303' title='bbox 54 2082 137 2110; x_wconf 79' lang='lat' dir='ltr'>Vm.</span> 
     </span>
     <span class='ocr_line' id='line_1_41' title="bbox 46 2120 108 2156; baseline 0.032 -10"><span class='ocrx_word' id='word_1_304' title='bbox 46 2120 108 2156; x_wconf 84' lang='lat'>178.</span> 
     </span>
     <span class='ocr_line' id='line_1_42' title="bbox 21 2158 155 2189; baseline -0.007 0"><span class='ocrx_word' id='word_1_305' title='bbox 21 2158 99 2189; x_wconf 87' lang='lat' dir='ltr'>Ann.</span> <span class='ocrx_word' id='word_1_306' title='bbox 114 2158 155 2188; x_wconf 92' lang='lat' dir='ltr'>D.</span> 
     </span>
     <span class='ocr_line' id='line_1_43' title="bbox 52 2207 136 2234; baseline -0.012 -7"><span class='ocrx_word' id='word_1_307' title='bbox 52 2207 136 2234; x_wconf 84' lang='lat'>1401.</span> 
     </span>
     <span class='ocr_line' id='line_1_44' title="bbox 20 2240 120 2265; baseline 0 -1"><span class='ocrx_word' id='word_1_308' title='bbox 20 2240 74 2265; x_wconf 83' lang='lat' dir='ltr'>An.</span> <span class='ocrx_word' id='word_1_309' title='bbox 95 2247 120 2265; x_wconf 91' lang='lat'>2.</span> 
     </span>
     <span class='ocr_line' id='line_1_45' title="bbox 21 2280 104 2312; baseline -0.024 -9"><span class='ocrx_word' id='word_1_310' title='bbox 21 2280 59 2303; x_wconf 77' lang='grc' dir='ltr'>Η.</span> <span class='ocrx_word' id='word_1_311' title='bbox 73 2282 104 2312; x_wconf 85' lang='lat'>4.</span> 
     </span>
     <span class='ocr_line' id='line_1_46' title="bbox 22 2313 157 2342; baseline 0 -1"><span class='ocrx_word' id='word_1_312' title='bbox 22 2313 91 2342; x_wconf 75' lang='lat' dir='ltr'>clau</span> <span class='ocrx_word' id='word_1_313' title='bbox 107 2336 112 2342; x_wconf 90' lang='lat'>.</span> <span class='ocrx_word' id='word_1_314' title='bbox 130 2323 157 2341; x_wconf 87' lang='lat'>2.</span> 
     </span>
    </p>
   </div>
   <div class='ocr_carea' id='block_1_9' title="bbox 19 2375 162 2429">
    <p class='ocr_par' dir='ltr' id='par_1_17' title="bbox 19 2375 162 2429">
     <span class='ocr_line' id='line_1_47' title="bbox 19 2375 162 2429; baseline 0.007 -11"><span class='ocrx_word' id='word_1_315' title='bbox 19 2375 162 2429; x_wconf 44' lang='grc' dir='ltr'>μή»,</span> 
     </span>
    </p>
   </div>
   <div class='ocr_carea' id='block_1_10' title="bbox 32 3821 164 4008">
    <p class='ocr_par' dir='ltr' id='par_1_18' title="bbox 32 3821 164 4008">
     <span class='ocr_line' id='line_1_48' title="bbox 36 3821 164 3856; baseline -0.008 -3"><span class='ocrx_word' id='word_1_316' title='bbox 36 3821 164 3856; x_wconf 89' lang='lat' dir='ltr'>Ann.D.</span> 
     </span>
     <span class='ocr_line' id='line_1_49' title="bbox 55 3871 143 3900; baseline 0.023 -11"><span class='ocrx_word' id='word_1_317' title='bbox 55 3871 143 3900; x_wconf 79' lang='lat'>1401.</span> 
     </span>
     <span class='ocr_line' id='line_1_50' title="bbox 33 3907 131 3930; baseline 0 0"><span class='ocrx_word' id='word_1_318' title='bbox 33 3907 87 3930; x_wconf 72' lang='lat' dir='ltr'>An.</span> <span class='ocrx_word' id='word_1_319' title='bbox 104 3911 131 3928; x_wconf 83' lang='lat'>2-</span> 
     </span>
     <span class='ocr_line' id='line_1_51' title="bbox 32 3946 107 3977; baseline 0 -8"><span class='ocrx_word' id='word_1_320' title='bbox 32 3946 68 3969; x_wconf 83' lang='lat' dir='ltr'>H.</span> <span class='ocrx_word' id='word_1_321' title='bbox 88 3952 107 3977; x_wconf 87' lang='lat'>4</span> 
     </span>
     <span class='ocr_line' id='line_1_52' title="bbox 32 3981 96 4008; baseline 0 -1"><span class='ocrx_word' id='word_1_322' title='bbox 32 3981 96 4008; x_wconf 69' lang='lat' dir='ltr'>thid.</span> 
     </span>
    </p>
   </div>
   <div class='ocr_carea' id='block_1_11' title="bbox 174 1095 1241 1903">
    <p class='ocr_par' dir='ltr' id='par_1_19' title="bbox 176 1095 1238 1209">
     <span class='ocr_line' id='line_1_53' title="bbox 176 1095 1238 1133; baseline 0.004 -11"><span class='ocrx_word' id='word_1_323' title='bbox 176 1095 393 1132; x_wconf 84' lang='lat' dir='ltr'>competituris,</span> <span class='ocrx_word' id='word_1_324' title='bbox 421 1096 524 1132; x_wconf 85' lang='lat' dir='ltr'>quibus</span> <span class='ocrx_word' id='word_1_325' title='bbox 552 1096 739 1126; x_wconf 74' lang='lat' dir='ltr'>mediantibus</span> <span class='ocrx_word' id='word_1_326' title='bbox 770 1097 903 1133; x_wconf 51' lang='lat' dir='ltr'>praeda-ita</span> <span class='ocrx_word' id='word_1_327' title='bbox 928 1096 972 1126; x_wconf 85' lang='lat' dir='ltr'>seu</span> <span class='ocrx_word' id='word_1_328' title='bbox 999 1097 1114 1133; x_wconf 85' lang='lat' dir='ltr'>aliquod</span> <span class='ocrx_word' id='word_1_329' title='bbox 1140 1104 1238 1126; x_wconf 87' lang='lat' dir='ltr'>eorum</span> 
     </span>
     <span class='ocr_line' id='line_1_54' title="bbox 176 1131 1238 1199; baseline 0.003 -38"><span class='ocrx_word' id='word_1_330' title='bbox 176 1131 288 1199; x_wconf 56' lang='lat' dir='ltr'>posgent</span> <span class='ocrx_word' id='word_1_331' title='bbox 318 1133 346 1162; x_wconf 89' lang='lat' dir='ltr'>in</span> <span class='ocrx_word' id='word_1_332' title='bbox 379 1133 473 1171; x_wconf 87' lang='lat' dir='ltr'>aliquo</span> <span class='ocrx_word' id='word_1_333' title='bbox 500 1134 617 1173; x_wconf 86' lang='lat' dir='ltr'>violari,</span> <span class='ocrx_word' id='word_1_334' title='bbox 641 1135 724 1173; x_wconf 85' lang='lat' dir='ltr'>elidi,</span> <span class='ocrx_word' id='word_1_335' title='bbox 747 1135 885 1173; x_wconf 77' lang='lat' dir='ltr'>infringi,</span> <span class='ocrx_word' id='word_1_336' title='bbox 916 1143 961 1165; x_wconf 83' lang='lat' dir='ltr'>aut</span> <span class='ocrx_word' id='word_1_337' title='bbox 991 1135 1112 1166; x_wconf 86' lang='lat' dir='ltr'>cavillari</span> <span class='ocrx_word' id='word_1_338' title='bbox 1138 1135 1238 1173; x_wconf 89' lang='lat' dir='ltr'>quovis</span> 
     </span>
     <span class='ocr_line' id='line_1_55' title="bbox 177 1179 286 1209; baseline 0 -9"><span class='ocrx_word' id='word_1_339' title='bbox 177 1179 230 1200; x_wconf 90' lang='lat' dir='ltr'>mo</span> <span class='ocrx_word' id='word_1_340' title='bbox 250 1180 286 1209; x_wconf 89' lang='lat'>0,</span> 
     </span>
    </p>

    <p class='ocr_par' dir='ltr' id='par_1_20' title="bbox 175 1209 1241 1442">
     <span class='ocr_line' id='line_1_56' title="bbox 214 1209 1239 1250; baseline 0 -11"><span class='ocrx_word' id='word_1_341' title='bbox 214 1209 260 1239; x_wconf 92' lang='lat' dir='ltr'>Ac</span> <span class='ocrx_word' id='word_1_342' title='bbox 279 1210 378 1240; x_wconf 86' lang='lat' dir='ltr'>omnia</span> <span class='ocrx_word' id='word_1_343' title='bbox 395 1210 445 1242; x_wconf 83' lang='lat' dir='ltr'>alia</span> <span class='ocrx_word' id='word_1_344' title='bbox 462 1212 496 1243; x_wconf 88' lang='lat'>&amp;</span> <span class='ocrx_word' id='word_1_345' title='bbox 513 1210 619 1248; x_wconf 78' lang='lat' dir='ltr'>singula</span> <span class='ocrx_word' id='word_1_346' title='bbox 638 1210 812 1242; x_wconf 76' lang='lat' dir='ltr'>Faciendum</span> <span class='ocrx_word' id='word_1_347' title='bbox 832 1211 866 1241; x_wconf 84' lang='lat'>&amp;</span> <span class='ocrx_word' id='word_1_348' title='bbox 885 1211 1102 1249; x_wconf 77' lang='lat' dir='ltr'>Exercendum,</span> <span class='ocrx_word' id='word_1_349' title='bbox 1119 1213 1190 1250; x_wconf 65' lang='lat' dir='ltr'>‘quae</span> <span class='ocrx_word' id='word_1_350' title='bbox 1210 1210 1239 1239; x_wconf 89' lang='lat' dir='ltr'>in</span> 
     </span>
     <span class='ocr_line' id='line_1_57' title="bbox 175 1246 1241 1287; baseline 0.002 -11"><span class='ocrx_word' id='word_1_351' title='bbox 175 1246 327 1278; x_wconf 73' lang='lat' dir='ltr'>Praemiffis</span> <span class='ocrx_word' id='word_1_352' title='bbox 346 1249 379 1280; x_wconf 70' lang='grc' dir='ltr'>δί</span> <span class='ocrx_word' id='word_1_353' title='bbox 398 1250 477 1280; x_wconf 88' lang='lat' dir='ltr'>circa</span> <span class='ocrx_word' id='word_1_354' title='bbox 497 1260 529 1279; x_wconf 89' lang='lat' dir='ltr'>ea</span> <span class='ocrx_word' id='word_1_355' title='bbox 548 1249 695 1280; x_wconf 83' lang='lat' dir='ltr'>necessaria</span> <span class='ocrx_word' id='word_1_356' title='bbox 714 1250 818 1280; x_wconf 91' lang='lat' dir='ltr'>fuerint</span> <span class='ocrx_word' id='word_1_357' title='bbox 844 1250 890 1280; x_wconf 86' lang='lat' dir='ltr'>seu</span> <span class='ocrx_word' id='word_1_358' title='bbox 917 1249 1135 1287; x_wconf 81' lang='lat' dir='ltr'>quomodolibet</span> <span class='ocrx_word' id='word_1_359' title='bbox 1152 1258 1241 1286; x_wconf 82' lang='lat' dir='ltr'>opor-</span> 
     </span>
     <span class='ocr_line' id='line_1_58' title="bbox 176 1287 1239 1325; baseline 0 -9"><span class='ocrx_word' id='word_1_360' title='bbox 176 1293 261 1325; x_wconf 84' lang='lat' dir='ltr'>tuna,</span> <span class='ocrx_word' id='word_1_361' title='bbox 280 1288 314 1318; x_wconf 85' lang='lat'>&amp;</span> <span class='ocrx_word' id='word_1_362' title='bbox 334 1297 397 1325; x_wconf 75' lang='lat' dir='ltr'>quae</span> <span class='ocrx_word' id='word_1_363' title='bbox 414 1287 484 1318; x_wconf 89' lang='lat' dir='ltr'>Nos</span> <span class='ocrx_word' id='word_1_364' title='bbox 500 1287 629 1325; x_wconf 69' lang='lat' dir='ltr'>praefatus</span> <span class='ocrx_word' id='word_1_365' title='bbox 644 1288 807 1325; x_wconf 82' lang='lat' dir='ltr'>Henricus,</span> <span class='ocrx_word' id='word_1_366' title='bbox 825 1296 871 1318; x_wconf 87' lang='lat' dir='ltr'>aut</span> <span class='ocrx_word' id='word_1_367' title='bbox 888 1288 964 1319; x_wconf 66' lang='lat' dir='ltr'>dicta</span> <span class='ocrx_word' id='word_1_368' title='bbox 984 1288 1055 1318; x_wconf 87' lang='lat' dir='ltr'>Filia</span> <span class='ocrx_word' id='word_1_369' title='bbox 1072 1287 1178 1325; x_wconf 82' lang='lat' dir='ltr'>nostra,</span> <span class='ocrx_word' id='word_1_370' title='bbox 1196 1287 1239 1317; x_wconf 83' lang='lat' dir='ltr'>fa·-</span> 
     </span>
     <span class='ocr_line' id='line_1_59' title="bbox 175 1325 1239 1364; baseline 0.001 -10"><span class='ocrx_word' id='word_1_371' title='bbox 175 1334 240 1355; x_wconf 85' lang='lat' dir='ltr'>cere</span> <span class='ocrx_word' id='word_1_372' title='bbox 260 1325 418 1363; x_wconf 66' lang='lat' dir='ltr'>poistmus,</span> <span class='ocrx_word' id='word_1_373' title='bbox 438 1337 470 1356; x_wconf 87' lang='lat' dir='ltr'>ac</span> <span class='ocrx_word' id='word_1_374' title='bbox 490 1327 605 1364; x_wconf 83' lang='lat' dir='ltr'>quilibet</span> <span class='ocrx_word' id='word_1_375' title='bbox 624 1326 753 1356; x_wconf 70' lang='lat' dir='ltr'>nostrum</span> <span class='ocrx_word' id='word_1_376' title='bbox 772 1326 863 1357; x_wconf 78' lang='lat' dir='ltr'>facere</span> <span class='ocrx_word' id='word_1_377' title='bbox 883 1327 983 1364; x_wconf 69' lang='lat' dir='ltr'>posset,</span> <span class='ocrx_word' id='word_1_378' title='bbox 1001 1327 1020 1356; x_wconf 87' lang='lat' dir='ltr'>si</span> <span class='ocrx_word' id='word_1_379' title='bbox 1039 1328 1067 1356; x_wconf 94' lang='lat' dir='ltr'>in</span> <span class='ocrx_word' id='word_1_380' title='bbox 1087 1325 1239 1356; x_wconf 75' lang='lat' dir='ltr'>Praemisiis</span> 
     </span>
     <span class='ocr_line' id='line_1_60' title="bbox 175 1363 1239 1403; baseline -0.001 -9"><span class='ocrx_word' id='word_1_381' title='bbox 175 1363 353 1401; x_wconf 75' lang='lat' dir='ltr'>personaliter</span> <span class='ocrx_word' id='word_1_382' title='bbox 373 1366 565 1395; x_wconf 80' lang='lat' dir='ltr'>intereilemus</span> <span class='ocrx_word' id='word_1_383' title='bbox 583 1373 629 1396; x_wconf 85' lang='lat' dir='ltr'>aut</span> <span class='ocrx_word' id='word_1_384' title='bbox 648 1364 799 1403; x_wconf 79' lang='lat' dir='ltr'>interesset,</span> <span class='ocrx_word' id='word_1_385' title='bbox 817 1367 904 1396; x_wconf 84' lang='lat' dir='ltr'>etiam</span> <span class='ocrx_word' id='word_1_386' title='bbox 921 1366 941 1395; x_wconf 84' lang='lat' dir='ltr'>fi</span> <span class='ocrx_word' id='word_1_387' title='bbox 956 1364 1128 1395; x_wconf 85' lang='lat' dir='ltr'>Mandatum</span> <span class='ocrx_word' id='word_1_388' title='bbox 1147 1365 1239 1401; x_wconf 81' lang='lat' dir='ltr'>magis</span> 
     </span>
     <span class='ocr_line' id='line_1_61' title="bbox 177 1403 440 1442; baseline 0.004 -10"><span class='ocrx_word' id='word_1_389' title='bbox 177 1403 291 1436; x_wconf 59' lang='lat' dir='ltr'>exigant</span> <span class='ocrx_word' id='word_1_390' title='bbox 306 1403 422 1439; x_wconf 79' lang='lat' dir='ltr'>speciale</span> <span class='ocrx_word' id='word_1_391' title='bbox 430 1426 440 1442; x_wconf 85' lang='lat'>,</span> 
     </span>
    </p>

    <p class='ocr_par' dir='ltr' id='par_1_21' title="bbox 174 1440 1239 1595">
     <span class='ocr_line' id='line_1_62' title="bbox 212 1440 1237 1481; baseline 0.001 -11"><span class='ocrx_word' id='word_1_392' title='bbox 212 1440 370 1471; x_wconf 62' lang='lat' dir='ltr'>Praedietos</span> <span class='ocrx_word' id='word_1_393' title='bbox 387 1441 564 1481; x_wconf 78' lang='lat' dir='ltr'>Episcopos,</span> <span class='ocrx_word' id='word_1_394' title='bbox 584 1443 617 1473; x_wconf 64' lang='grc' dir='ltr'>ὃς</span> <span class='ocrx_word' id='word_1_395' title='bbox 633 1441 782 1480; x_wconf 80' lang='lat' dir='ltr'>Comites,</span> <span class='ocrx_word' id='word_1_396' title='bbox 800 1441 911 1472; x_wconf 87' lang='lat' dir='ltr'>nostros</span> <span class='ocrx_word' id='word_1_397' title='bbox 924 1452 1019 1480; x_wconf 86' lang='lat' dir='ltr'>vetos,</span> <span class='ocrx_word' id='word_1_398' title='bbox 1036 1442 1191 1479; x_wconf 83' lang='lat' dir='ltr'>legitimos,</span> <span class='ocrx_word' id='word_1_399' title='bbox 1204 1441 1237 1472; x_wconf 89' lang='lat'>&amp;</span> 
     </span>
     <span class='ocr_line' id='line_1_63' title="bbox 174 1478 1238 1519; baseline 0.001 -10"><span class='ocrx_word' id='word_1_400' title='bbox 174 1478 345 1510; x_wconf 78' lang='lat' dir='ltr'>indubitatos</span> <span class='ocrx_word' id='word_1_401' title='bbox 359 1480 583 1518; x_wconf 83' lang='lat' dir='ltr'>Procuratores,</span> <span class='ocrx_word' id='word_1_402' title='bbox 604 1478 734 1518; x_wconf 62' lang='lat' dir='ltr'>Adtores,</span> <span class='ocrx_word' id='word_1_403' title='bbox 753 1481 896 1519; x_wconf 59' lang='lat' dir='ltr'>Fac‘iores,</span> <span class='ocrx_word' id='word_1_404' title='bbox 913 1479 1113 1517; x_wconf 82' lang='lat' dir='ltr'>Negotiorum</span> <span class='ocrx_word' id='word_1_405' title='bbox 1129 1479 1238 1511; x_wconf 90' lang='lat' dir='ltr'>Gesto-</span> 
     </span>
     <span class='ocr_line' id='line_1_64' title="bbox 176 1517 1239 1558; baseline 0.001 -11"><span class='ocrx_word' id='word_1_406' title='bbox 176 1527 236 1556; x_wconf 89' lang='lat' dir='ltr'>res,</span> <span class='ocrx_word' id='word_1_407' title='bbox 255 1517 489 1557; x_wconf 69' lang='lat' dir='ltr'>Commissariffi,</span> <span class='ocrx_word' id='word_1_408' title='bbox 508 1519 682 1557; x_wconf 79' lang='lat' dir='ltr'>Deputatos,</span> <span class='ocrx_word' id='word_1_409' title='bbox 708 1522 741 1551; x_wconf 86' lang='lat'>&amp;</span> <span class='ocrx_word' id='word_1_410' title='bbox 761 1520 901 1550; x_wconf 82' lang='lat' dir='ltr'>Nuncios</span> <span class='ocrx_word' id='word_1_411' title='bbox 921 1520 1067 1558; x_wconf 80' lang='lat' dir='ltr'>speciales,</span> <span class='ocrx_word' id='word_1_412' title='bbox 1088 1519 1239 1557; x_wconf 83' lang='lat' dir='ltr'>Facimus,</span> 
     </span>
     <span class='ocr_line' id='line_1_65' title="bbox 178 1556 900 1595; baseline 0.001 -9"><span class='ocrx_word' id='word_1_413' title='bbox 178 1556 368 1594; x_wconf 80' lang='lat' dir='ltr'>Ordinamus,</span> <span class='ocrx_word' id='word_1_414' title='bbox 387 1559 419 1588; x_wconf 85' lang='lat'>&amp;</span> <span class='ocrx_word' id='word_1_415' title='bbox 438 1557 647 1588; x_wconf 85' lang='lat' dir='ltr'>Constituimus</span> <span class='ocrx_word' id='word_1_416' title='bbox 662 1567 711 1595; x_wconf 89' lang='lat' dir='ltr'>per</span> <span class='ocrx_word' id='word_1_417' title='bbox 731 1557 900 1595; x_wconf 75' lang='lat' dir='ltr'>Prcescntcs,</span> 
     </span>
    </p>

    <p class='ocr_par' dir='ltr' id='par_1_22' title="bbox 176 1594 1240 1825">
     <span class='ocr_line' id='line_1_66' title="bbox 217 1594 1240 1635; baseline 0.002 -11"><span class='ocrx_word' id='word_1_418' title='bbox 217 1595 419 1626; x_wconf 81' lang='lat' dir='ltr'>Promittentes</span> <span class='ocrx_word' id='word_1_419' title='bbox 437 1596 519 1635; x_wconf 80' lang='lat' dir='ltr'>Nos,</span> <span class='ocrx_word' id='word_1_420' title='bbox 545 1597 578 1626; x_wconf 62' lang='grc' dir='ltr'>ὃς</span> <span class='ocrx_word' id='word_1_421' title='bbox 597 1597 702 1626; x_wconf 69' lang='lat' dir='ltr'>dic&#39;tam</span> <span class='ocrx_word' id='word_1_422' title='bbox 727 1596 827 1626; x_wconf 88' lang='lat' dir='ltr'>Filiam</span> <span class='ocrx_word' id='word_1_423' title='bbox 846 1596 971 1626; x_wconf 87' lang='lat' dir='ltr'>nostram</span> <span class='ocrx_word' id='word_1_424' title='bbox 990 1596 1098 1626; x_wconf 81' lang='lat' dir='ltr'>Ratum</span> <span class='ocrx_word' id='word_1_425' title='bbox 1115 1594 1240 1627; x_wconf 72' lang='lat' dir='ltr'>&amp;Gra-</span> 
     </span>
     <span class='ocr_line' id='line_1_67' title="bbox 180 1633 1240 1673; baseline -0.001 -9"><span class='ocrx_word' id='word_1_426' title='bbox 180 1641 243 1664; x_wconf 87' lang='lat' dir='ltr'>tum</span> <span class='ocrx_word' id='word_1_427' title='bbox 262 1644 399 1673; x_wconf 80' lang='lat' dir='ltr'>perpetuo</span> <span class='ocrx_word' id='word_1_428' title='bbox 418 1635 573 1671; x_wconf 68' lang='lat' dir='ltr'>habituros,</span> <span class='ocrx_word' id='word_1_429' title='bbox 591 1634 725 1673; x_wconf 87' lang='lat' dir='ltr'>quicquid</span> <span class='ocrx_word' id='word_1_430' title='bbox 746 1634 894 1673; x_wconf 62' lang='lat' dir='ltr'>perdictos</span> <span class='ocrx_word' id='word_1_431' title='bbox 912 1634 1106 1665; x_wconf 82' lang='lat' dir='ltr'>Procuratores</span> <span class='ocrx_word' id='word_1_432' title='bbox 1121 1633 1240 1672; x_wconf 86' lang='lat' dir='ltr'>nostros,</span> 
     </span>
     <span class='ocr_line' id='line_1_68' title="bbox 176 1672 1238 1712; baseline 0 -10"><span class='ocrx_word' id='word_1_433' title='bbox 176 1672 286 1703; x_wconf 66' lang='lat' dir='ltr'>Achm</span> <span class='ocrx_word' id='word_1_434' title='bbox 299 1695 308 1710; x_wconf 91' lang='lat'>,</span> <span class='ocrx_word' id='word_1_435' title='bbox 327 1672 470 1712; x_wconf 89' lang='lat' dir='ltr'>Gestum,</span> <span class='ocrx_word' id='word_1_436' title='bbox 489 1673 546 1704; x_wconf 83' lang='lat' dir='ltr'>sive</span> <span class='ocrx_word' id='word_1_437' title='bbox 560 1673 750 1703; x_wconf 63' lang='lat' dir='ltr'>Procuriitum</span> <span class='ocrx_word' id='word_1_438' title='bbox 767 1673 849 1703; x_wconf 80' lang='lat' dir='ltr'>fuerit</span> <span class='ocrx_word' id='word_1_439' title='bbox 863 1674 892 1702; x_wconf 88' lang='lat' dir='ltr'>in</span> <span class='ocrx_word' id='word_1_440' title='bbox 909 1673 1061 1704; x_wconf 75' lang='lat' dir='ltr'>Praemiffis</span> <span class='ocrx_word' id='word_1_441' title='bbox 1074 1675 1106 1704; x_wconf 89' lang='lat'>&amp;</span> <span class='ocrx_word' id='word_1_442' title='bbox 1126 1673 1238 1710; x_wconf 82' lang='lat' dir='ltr'>lingulis</span> 
     </span>
     <span class='ocr_line' id='line_1_69' title="bbox 176 1710 1240 1750; baseline -0.001 -8"><span class='ocrx_word' id='word_1_443' title='bbox 176 1710 410 1749; x_wconf 70' lang='lat' dir='ltr'>Praemissorum,</span> <span class='ocrx_word' id='word_1_444' title='bbox 426 1713 459 1743; x_wconf 73' lang='grc' dir='ltr'>δε</span> <span class='ocrx_word' id='word_1_445' title='bbox 474 1721 531 1741; x_wconf 89' lang='lat' dir='ltr'>non</span> <span class='ocrx_word' id='word_1_446' title='bbox 557 1713 750 1741; x_wconf 78' lang='lat' dir='ltr'>contravenire</span> <span class='ocrx_word' id='word_1_447' title='bbox 772 1710 922 1741; x_wconf 69' lang='lat' dir='ltr'>Praemiffis</span> <span class='ocrx_word' id='word_1_448' title='bbox 945 1721 1120 1750; x_wconf 89' lang='lat' dir='ltr'>quacumque</span> <span class='ocrx_word' id='word_1_449' title='bbox 1142 1711 1240 1741; x_wconf 90' lang='lat' dir='ltr'>Occa-</span> 
     </span>
     <span class='ocr_line' id='line_1_70' title="bbox 177 1748 1239 1788; baseline -0.001 -8"><span class='ocrx_word' id='word_1_450' title='bbox 177 1749 272 1787; x_wconf 85' lang='lat' dir='ltr'>sione,</span> <span class='ocrx_word' id='word_1_451' title='bbox 292 1748 401 1786; x_wconf 78' lang='lat' dir='ltr'>Causa,</span> <span class='ocrx_word' id='word_1_452' title='bbox 421 1750 464 1779; x_wconf 90' lang='lat' dir='ltr'>vel</span> <span class='ocrx_word' id='word_1_453' title='bbox 481 1750 624 1788; x_wconf 81' lang='lat' dir='ltr'>Ratione,</span> <span class='ocrx_word' id='word_1_454' title='bbox 642 1750 691 1780; x_wconf 87' lang='lat' dir='ltr'>sub</span> <span class='ocrx_word' id='word_1_455' title='bbox 707 1749 894 1787; x_wconf 83' lang='lat' dir='ltr'>Obligatione</span> <span class='ocrx_word' id='word_1_456' title='bbox 907 1750 1057 1781; x_wconf 88' lang='lat' dir='ltr'>Bonorum</span> <span class='ocrx_word' id='word_1_457' title='bbox 1073 1749 1239 1780; x_wconf 89' lang='lat' dir='ltr'>nostrorum</span> 
     </span>
     <span class='ocr_line' id='line_1_71' title="bbox 176 1788 729 1825; baseline -0.002 -7"><span class='ocrx_word' id='word_1_458' title='bbox 176 1790 309 1818; x_wconf 84' lang='lat' dir='ltr'>omnium</span> <span class='ocrx_word' id='word_1_459' title='bbox 324 1788 496 1825; x_wconf 70' lang='lat' dir='ltr'>presentium</span> <span class='ocrx_word' id='word_1_460' title='bbox 511 1789 543 1818; x_wconf 58' lang='grc' dir='ltr'>ἃ</span> <span class='ocrx_word' id='word_1_461' title='bbox 559 1788 729 1818; x_wconf 84' lang='lat' dir='ltr'>futurorum.</span> 
     </span>
    </p>

    <p class='ocr_par' dir='ltr' id='par_1_23' title="bbox 177 1826 1241 1903">
     <span class='ocr_line' id='line_1_72' title="bbox 214 1826 1241 1866; baseline 0.001 -10"><span class='ocrx_word' id='word_1_462' title='bbox 214 1826 282 1856; x_wconf 87' lang='lat' dir='ltr'>Dat.</span> <span class='ocrx_word' id='word_1_463' title='bbox 303 1827 331 1856; x_wconf 89' lang='lat' dir='ltr'>in</span> <span class='ocrx_word' id='word_1_464' title='bbox 354 1826 463 1856; x_wconf 80' lang='lat' dir='ltr'>Palatio</span> <span class='ocrx_word' id='word_1_465' title='bbox 482 1829 560 1864; x_wconf 75' lang='lat' dir='ltr'>Regis</span> <span class='ocrx_word' id='word_1_466' title='bbox 582 1826 722 1863; x_wconf 60' lang='lat' dir='ltr'>Wffimon.</span> <span class='ocrx_word' id='word_1_467' title='bbox 742 1826 791 1857; x_wconf 86' lang='lat' dir='ltr'>sub</span> <span class='ocrx_word' id='word_1_468' title='bbox 811 1826 918 1865; x_wconf 64' lang='lat' dir='ltr'>Niagni</span> <span class='ocrx_word' id='word_1_469' title='bbox 937 1827 1028 1865; x_wconf 85' lang='lat' dir='ltr'>Sigilli</span> <span class='ocrx_word' id='word_1_470' title='bbox 1048 1826 1136 1866; x_wconf 80' lang='lat' dir='ltr'>Regis</span> <span class='ocrx_word' id='word_1_471' title='bbox 1144 1826 1241 1858; x_wconf 83' lang='lat' dir='ltr'>Testi-</span> 
     </span>
     <span class='ocr_line' id='line_1_73' title="bbox 177 1865 767 1903; baseline 0 -9"><span class='ocrx_word' id='word_1_472' title='bbox 177 1866 291 1903; x_wconf 87' lang='lat' dir='ltr'>monio,</span> <span class='ocrx_word' id='word_1_473' title='bbox 308 1865 424 1896; x_wconf 87' lang='lat' dir='ltr'>decimo</span> <span class='ocrx_word' id='word_1_474' title='bbox 441 1866 527 1895; x_wconf 90' lang='lat' dir='ltr'>tertio</span> <span class='ocrx_word' id='word_1_475' title='bbox 548 1865 596 1895; x_wconf 87' lang='lat' dir='ltr'>die</span> <span class='ocrx_word' id='word_1_476' title='bbox 613 1865 767 1896; x_wconf 86' lang='lat' dir='ltr'>Februarii.</span> 
     </span>
    </p>
   </div>
   <div class='ocr_carea' id='block_1_12' title="bbox 874 1944 1134 1983">
    <p class='ocr_par' dir='ltr' id='par_1_24' title="bbox 874 1944 1134 1983">
     <span class='ocr_line' id='line_1_74' title="bbox 874 1944 1134 1983; baseline 0.004 -10"><span class='ocrx_word' id='word_1_477' title='bbox 874 1945 928 1974; x_wconf 85' lang='lat' dir='ltr'>Per</span> <span class='ocrx_word' id='word_1_478' title='bbox 943 1944 1023 1983; x_wconf 73' lang='lat' dir='ltr'>ipstem</span> <span class='ocrx_word' id='word_1_479' title='bbox 1030 1946 1134 1981; x_wconf 80' lang='lat' dir='ltr'>Regem.</span> 
     </span>
    </p>
   </div>
   <div class='ocr_carea' id='block_1_13' title="bbox 249 2065 1163 2116">
    <p class='ocr_par' dir='ltr' id='par_1_25' title="bbox 249 2065 1163 2116">
     <span class='ocr_line' id='line_1_75' title="bbox 249 2065 1163 2116; baseline 0.002 -16"><span class='ocrx_word' id='word_1_480' title='bbox 249 2066 276 2092; x_wconf 54' lang='lat'>³&amp;</span> <span class='ocrx_word' id='word_1_481' title='bbox 303 2068 351 2100; x_wconf 83' lang='lat' dir='ltr'>De</span> <span class='ocrx_word' id='word_1_482' title='bbox 370 2065 573 2100; x_wconf 66' lang='lat' dir='ltr'>comburendo</span> <span class='ocrx_word' id='word_1_483' title='bbox 595 2068 640 2100; x_wconf 83' lang='lat' dir='ltr'><em>W</em></span> <span class='ocrx_word' id='word_1_484' title='bbox 640 2067 799 2100; x_wconf 76' lang='lat' dir='ltr'>illielmttm</span> <span class='ocrx_word' id='word_1_485' title='bbox 822 2071 933 2102; x_wconf 70' lang='lat' dir='ltr'>Santra</span> <span class='ocrx_word' id='word_1_486' title='bbox 957 2069 1163 2116; x_wconf 62' lang='lat' dir='ltr'>Capellanums</span> 
     </span>
    </p>
   </div>
   <div class='ocr_carea' id='block_1_14' title="bbox 175 2151 1242 2503">
    <p class='ocr_par' dir='ltr' id='par_1_26' title="bbox 175 2151 1241 2272">
     <span class='ocr_line' id='line_1_76' title="bbox 180 2151 1064 2207; baseline 0.003 -24"><span class='ocrx_word' id='word_1_487' title='bbox 180 2151 305 2207; x_wconf 78' lang='lat' dir='ltr'>REX</span> <span class='ocrx_word' id='word_1_488' title='bbox 322 2151 426 2190; x_wconf 68' lang='lat' dir='ltr'>Maiori</span> <span class='ocrx_word' id='word_1_489' title='bbox 443 2153 474 2183; x_wconf 67' lang='grc' dir='ltr'>δε</span> <span class='ocrx_word' id='word_1_490' title='bbox 493 2151 722 2183; x_wconf 85' lang='lat' dir='ltr'>Vicecomitibus</span> <span class='ocrx_word' id='word_1_491' title='bbox 739 2153 915 2193; x_wconf 82' lang='lat' dir='ltr'>Londoniae,</span> <span class='ocrx_word' id='word_1_492' title='bbox 932 2154 1064 2186; x_wconf 82' lang='lat' dir='ltr'>Salutem.</span> 
     </span>
     <span class='ocr_line' id='line_1_77' title="bbox 278 2191 1241 2232; baseline 0.003 -11"><span class='ocrx_word' id='word_1_493' title='bbox 278 2191 360 2221; x_wconf 78' lang='lat' dir='ltr'>Cum</span> <span class='ocrx_word' id='word_1_494' title='bbox 398 2191 572 2222; x_wconf 82' lang='lat' dir='ltr'>Venerabilis</span> <span class='ocrx_word' id='word_1_495' title='bbox 589 2191 681 2229; x_wconf 84' lang='lat' dir='ltr'>Pater,</span> <span class='ocrx_word' id='word_1_496' title='bbox 698 2191 812 2221; x_wconf 79' lang='lat' dir='ltr'>Thomas</span> <span class='ocrx_word' id='word_1_497' title='bbox 827 2192 1044 2232; x_wconf 76' lang='lat' dir='ltr'>Archiepiftopus</span> <span class='ocrx_word' id='word_1_498' title='bbox 1058 2197 1241 2225; x_wconf 81' lang='lat' dir='ltr'>cantuarien-</span> 
     </span>
     <span class='ocr_line' id='line_1_78' title="bbox 175 2228 1103 2272; baseline 0.004 -13"><span class='ocrx_word' id='word_1_499' title='bbox 175 2228 218 2270; x_wconf 79' lang='lat' dir='ltr'>fis</span> <span class='ocrx_word' id='word_1_500' title='bbox 254 2231 339 2260; x_wconf 90' lang='lat' dir='ltr'>totius</span> <span class='ocrx_word' id='word_1_501' title='bbox 364 2248 367 2250; x_wconf 88' lang='grc'>-</span> <span class='ocrx_word' id='word_1_502' title='bbox 382 2230 469 2263; x_wconf 54' lang='lat' dir='ltr'>nulia·</span> <span class='ocrx_word' id='word_1_503' title='bbox 484 2229 608 2267; x_wconf 70' lang='lat' dir='ltr'>Primus,</span> <span class='ocrx_word' id='word_1_504' title='bbox 627 2230 659 2260; x_wconf 87' lang='lat'>&amp;</span> <span class='ocrx_word' id='word_1_505' title='bbox 675 2230 852 2267; x_wconf 80' lang='lat' dir='ltr'>Apostolicae</span> <span class='ocrx_word' id='word_1_506' title='bbox 868 2231 946 2262; x_wconf 90' lang='lat' dir='ltr'>Sedis</span> <span class='ocrx_word' id='word_1_507' title='bbox 963 2232 1103 2272; x_wconf 84' lang='lat' dir='ltr'>Legatus,</span> 
     </span>
    </p>

    <p class='ocr_par' dir='ltr' id='par_1_27' title="bbox 176 2252 1241 2423">
     <span class='ocr_line' id='line_1_79' title="bbox 215 2252 1241 2308; baseline 0.005 -10"><span class='ocrx_word' id='word_1_508' title='bbox 215 2252 263 2298; x_wconf 77' lang='lat' dir='ltr'>De</span> <span class='ocrx_word' id='word_1_509' title='bbox 280 2267 443 2306; x_wconf 88' lang='lat' dir='ltr'>Consensu,</span> <span class='ocrx_word' id='word_1_510' title='bbox 461 2269 494 2299; x_wconf 83' lang='lat'>&amp;</span> <span class='ocrx_word' id='word_1_511' title='bbox 512 2267 638 2307; x_wconf 66' lang='lat' dir='ltr'>Ass&#39;enfia,</span> <span class='ocrx_word' id='word_1_512' title='bbox 654 2278 687 2298; x_wconf 85' lang='lat' dir='ltr'>ac</span> <span class='ocrx_word' id='word_1_513' title='bbox 702 2268 832 2299; x_wconf 88' lang='lat' dir='ltr'>Consilio</span> <span class='ocrx_word' id='word_1_514' title='bbox 847 2268 988 2308; x_wconf 85' lang='lat' dir='ltr'>Coepisco</span> <span class='ocrx_word' id='word_1_515' title='bbox 1009 2281 1095 2302; x_wconf 89' lang='lat' dir='ltr'>orum</span> <span class='ocrx_word' id='word_1_516' title='bbox 1111 2273 1144 2303; x_wconf 66' lang='grc' dir='ltr'>ὃς</span> <span class='ocrx_word' id='word_1_517' title='bbox 1157 2272 1241 2303; x_wconf 89' lang='lat' dir='ltr'>Con-</span> 
     </span>
     <span class='ocr_line' id='line_1_80' title="bbox 177 2281 1241 2345; baseline 0.004 -7"><span class='ocrx_word' id='word_1_518' title='bbox 177 2307 297 2338; x_wconf 80' lang='lat' dir='ltr'>fratrum</span> <span class='ocrx_word' id='word_1_519' title='bbox 319 2306 570 2344; x_wconf 75' lang='lat' dir='ltr'>Suffraganeorum</span> <span class='ocrx_word' id='word_1_520' title='bbox 591 2307 724 2345; x_wconf 86' lang='lat' dir='ltr'>suorum,</span> <span class='ocrx_word' id='word_1_521' title='bbox 738 2317 854 2338; x_wconf 86' lang='lat' dir='ltr'>necnon</span> <span class='ocrx_word' id='word_1_522' title='bbox 872 2310 954 2339; x_wconf 88' lang='lat' dir='ltr'>totius</span> <span class='ocrx_word' id='word_1_523' title='bbox 975 2281 1055 2340; x_wconf 47' lang='lat' dir='ltr'>&amp;leri</span> <span class='ocrx_word' id='word_1_524' title='bbox 1077 2309 1241 2342; x_wconf 77' lang='lat' dir='ltr'>Provinciae</span> 
     </span>
     <span class='ocr_line' id='line_1_81' title="bbox 178 2344 1240 2388; baseline 0.005 -12"><span class='ocrx_word' id='word_1_525' title='bbox 178 2346 253 2384; x_wconf 79' lang='lat' dir='ltr'>suae,</span> <span class='ocrx_word' id='word_1_526' title='bbox 277 2345 307 2376; x_wconf 88' lang='lat' dir='ltr'>in</span> <span class='ocrx_word' id='word_1_527' title='bbox 330 2345 469 2376; x_wconf 87' lang='lat' dir='ltr'>Concilio</span> <span class='ocrx_word' id='word_1_528' title='bbox 492 2344 541 2375; x_wconf 91' lang='lat' dir='ltr'>suo</span> <span class='ocrx_word' id='word_1_529' title='bbox 563 2344 734 2375; x_wconf 82' lang='lat' dir='ltr'>Provinciali</span> <span class='ocrx_word' id='word_1_530' title='bbox 756 2348 943 2386; x_wconf 81' lang='lat' dir='ltr'>congregati,</span> <span class='ocrx_word' id='word_1_531' title='bbox 963 2347 1040 2386; x_wconf 87' lang='lat' dir='ltr'>Juris</span> <span class='ocrx_word' id='word_1_532' title='bbox 1061 2348 1185 2388; x_wconf 84' lang='lat' dir='ltr'>Ordine,</span> <span class='ocrx_word' id='word_1_533' title='bbox 1210 2352 1240 2381; x_wconf 88' lang='lat' dir='ltr'>in</span> 
     </span>
     <span class='ocr_line' id='line_1_82' title="bbox 176 2383 869 2423; baseline -0.003 -7"><span class='ocrx_word' id='word_1_534' title='bbox 176 2385 230 2416; x_wconf 82' lang='lat' dir='ltr'>hac</span> <span class='ocrx_word' id='word_1_535' title='bbox 251 2393 326 2422; x_wconf 59' lang='lat' dir='ltr'>parte</span> <span class='ocrx_word' id='word_1_536' title='bbox 343 2384 473 2422; x_wconf 81' lang='lat' dir='ltr'>requisito</span> <span class='ocrx_word' id='word_1_537' title='bbox 482 2406 492 2422; x_wconf 84' lang='lat'>,</span> <span class='ocrx_word' id='word_1_538' title='bbox 512 2384 542 2413; x_wconf 87' lang='lat' dir='ltr'>in</span> <span class='ocrx_word' id='word_1_539' title='bbox 555 2384 692 2414; x_wconf 87' lang='lat' dir='ltr'>omnibus</span> <span class='ocrx_word' id='word_1_540' title='bbox 705 2383 869 2423; x_wconf 85' lang='lat' dir='ltr'>observato,</span> 
     </span>
    </p>

    <p class='ocr_par' dir='ltr' id='par_1_28' title="bbox 175 2422 1242 2503">
     <span class='ocr_line' id='line_1_83' title="bbox 216 2422 1240 2464; baseline 0.004 -11"><span class='ocrx_word' id='word_1_541' title='bbox 216 2422 393 2453; x_wconf 63' lang='lat' dir='ltr'>[Villielmum</span> <span class='ocrx_word' id='word_1_542' title='bbox 408 2426 524 2460; x_wconf 62' lang='lat' dir='ltr'>Santra,</span> <span class='ocrx_word' id='word_1_543' title='bbox 541 2422 690 2459; x_wconf 81' lang='lat' dir='ltr'>aliquando</span> <span class='ocrx_word' id='word_1_544' title='bbox 705 2422 907 2462; x_wconf 84' lang='lat' dir='ltr'>Capellanum,</span> <span class='ocrx_word' id='word_1_545' title='bbox 925 2425 953 2455; x_wconf 92' lang='lat' dir='ltr'>in</span> <span class='ocrx_word' id='word_1_546' title='bbox 969 2423 1109 2456; x_wconf 85' lang='lat' dir='ltr'>Haeresim</span> <span class='ocrx_word' id='word_1_547' title='bbox 1126 2425 1240 2464; x_wconf 84' lang='lat' dir='ltr'>Damp-</span> 
     </span>
     <span class='ocr_line' id='line_1_84' title="bbox 175 2457 1242 2503; baseline 0.004 -11"><span class='ocrx_word' id='word_1_548' title='bbox 175 2471 291 2500; x_wconf 87' lang='lat' dir='ltr'>natum,</span> <span class='ocrx_word' id='word_1_549' title='bbox 318 2462 350 2493; x_wconf 85' lang='lat'><strong>&amp;</strong></span> <span class='ocrx_word' id='word_1_550' title='bbox 372 2471 421 2499; x_wconf 81' lang='lat' dir='ltr'>per</span> <span class='ocrx_word' id='word_1_551' title='bbox 445 2461 536 2499; x_wconf 87' lang='lat' dir='ltr'>ipsum</span> <span class='ocrx_word' id='word_1_552' title='bbox 561 2457 752 2491; x_wconf 73' lang='lat' dir='ltr'>W’i&#39;llielmum</span> <span class='ocrx_word' id='word_1_553' title='bbox 772 2471 822 2498; x_wconf 85' lang='lat' dir='ltr'>per</span> <span class='ocrx_word' id='word_1_554' title='bbox 841 2470 920 2493; x_wconf 85' lang='lat' dir='ltr'>antea</span> <span class='ocrx_word' id='word_1_555' title='bbox 938 2464 967 2492; x_wconf 91' lang='lat' dir='ltr'>in</span> <span class='ocrx_word' id='word_1_556' title='bbox 986 2463 1078 2494; x_wconf 86' lang='lat' dir='ltr'>forma</span> <span class='ocrx_word' id='word_1_557' title='bbox 1089 2464 1162 2503; x_wconf 87' lang='lat' dir='ltr'>Juris</span> <span class='ocrx_word' id='word_1_558' title='bbox 1181 2466 1242 2496; x_wconf 88' lang='lat' dir='ltr'>Ab·</span> 
     </span>
    </p>
   </div>
   <div class='ocr_carea' id='block_1_15' title="bbox 171 2498 1264 2542">
    <p class='ocr_par' dir='ltr' id='par_1_29' title="bbox 171 2498 1264 2542">
     <span class='ocr_line' id='line_1_85' title="bbox 171 2498 1264 2542; baseline 0.005 -12"><span class='ocrx_word' id='word_1_559' title='bbox 171 2501 311 2539; x_wconf 77' lang='lat' dir='ltr'>juratum,</span> <span class='ocrx_word' id='word_1_560' title='bbox 333 2501 365 2531; x_wconf 88' lang='lat'>&amp;</span> <span class='ocrx_word' id='word_1_561' title='bbox 389 2498 481 2538; x_wconf 85' lang='lat' dir='ltr'>ipsum</span> <span class='ocrx_word' id='word_1_562' title='bbox 499 2498 694 2531; x_wconf 87' lang='lat' dir='ltr'>Williclmum</span> <span class='ocrx_word' id='word_1_563' title='bbox 719 2501 750 2530; x_wconf 92' lang='lat' dir='ltr'>in</span> <span class='ocrx_word' id='word_1_564' title='bbox 774 2500 917 2531; x_wconf 79' lang='lat' dir='ltr'>Haerelim</span> <span class='ocrx_word' id='word_1_565' title='bbox 942 2502 1110 2541; x_wconf 69' lang='lat' dir='ltr'>praeditstam</span> <span class='ocrx_word' id='word_1_566' title='bbox 1135 2503 1264 2542; x_wconf 80' lang='lat' dir='ltr'>Relap-.</span> 
     </span>
    </p>
   </div>
   <div class='ocr_carea' id='block_1_16' title="bbox 173 2540 1252 3616">
    <p class='ocr_par' dir='ltr' id='par_1_30' title="bbox 173 2540 253 2577">
     <span class='ocr_line' id='line_1_86' title="bbox 173 2540 253 2577; baseline -0.013 -7"><span class='ocrx_word' id='word_1_567' title='bbox 173 2540 253 2577; x_wconf 79' lang='lat' dir='ltr'>sum,</span> 
     </span>
    </p>

    <p class='ocr_par' dir='ltr' id='par_1_31' title="bbox 174 2574 1243 2847">
     <span class='ocr_line' id='line_1_87' title="bbox 210 2574 1243 2619; baseline 0.003 -11"><span class='ocrx_word' id='word_1_568' title='bbox 210 2577 265 2609; x_wconf 87' lang='lat' dir='ltr'>Per</span> <span class='ocrx_word' id='word_1_569' title='bbox 291 2576 369 2608; x_wconf 88' lang='lat' dir='ltr'>suam</span> <span class='ocrx_word' id='word_1_570' title='bbox 386 2576 560 2609; x_wconf 82' lang='lat' dir='ltr'>Sententiam</span> <span class='ocrx_word' id='word_1_571' title='bbox 578 2574 757 2607; x_wconf 84' lang='lat' dir='ltr'>diffinitivam</span> <span class='ocrx_word' id='word_1_572' title='bbox 773 2576 950 2612; x_wconf 79' lang='lat' dir='ltr'>Haereticiim</span> <span class='ocrx_word' id='word_1_573' title='bbox 970 2578 1158 2610; x_wconf 84' lang='lat' dir='ltr'>Manifestum</span> <span class='ocrx_word' id='word_1_574' title='bbox 1178 2591 1243 2619; x_wconf 85' lang='lat' dir='ltr'>pro-</span> 
     </span>
     <span class='ocr_line' id='line_1_88' title="bbox 174 2615 1241 2657; baseline 0.003 -10"><span class='ocrx_word' id='word_1_575' title='bbox 174 2617 352 2647; x_wconf 81' lang='lat' dir='ltr'>nunciaverit</span> <span class='ocrx_word' id='word_1_576' title='bbox 378 2617 411 2647; x_wconf 89' lang='lat'>&amp;</span> <span class='ocrx_word' id='word_1_577' title='bbox 435 2615 630 2653; x_wconf 73' lang='lat' dir='ltr'>declaraverit,</span> <span class='ocrx_word' id='word_1_578' title='bbox 655 2626 688 2645; x_wconf 87' lang='lat' dir='ltr'>ac</span> <span class='ocrx_word' id='word_1_579' title='bbox 718 2615 939 2655; x_wconf 83' lang='lat' dir='ltr'>Degradandutn</span> <span class='ocrx_word' id='word_1_580' title='bbox 963 2616 1026 2648; x_wconf 89' lang='lat' dir='ltr'>fore</span> <span class='ocrx_word' id='word_1_581' title='bbox 1048 2617 1190 2657; x_wconf 89' lang='lat' dir='ltr'>decrevit,</span> <span class='ocrx_word' id='word_1_582' title='bbox 1208 2621 1241 2651; x_wconf 70' lang='grc' dir='ltr'>δε</span> 
     </span>
     <span class='ocr_line' id='line_1_89' title="bbox 177 2653 1242 2692; baseline 0.003 -6"><span class='ocrx_word' id='word_1_583' title='bbox 177 2656 214 2686; x_wconf 84' lang='lat' dir='ltr'>ab</span> <span class='ocrx_word' id='word_1_584' title='bbox 232 2655 313 2685; x_wconf 89' lang='lat' dir='ltr'>omni</span> <span class='ocrx_word' id='word_1_585' title='bbox 332 2655 517 2692; x_wconf 68' lang='lat' dir='ltr'>praemgmiva</span> <span class='ocrx_word' id='word_1_586' title='bbox 535 2657 569 2686; x_wconf 81' lang='lat'>&amp;</span> <span class='ocrx_word' id='word_1_587' title='bbox 588 2653 739 2692; x_wconf 81' lang='lat' dir='ltr'>Ptivilegio</span> <span class='ocrx_word' id='word_1_588' title='bbox 762 2655 891 2686; x_wconf 75' lang='lat' dir='ltr'>Clericali</span> <span class='ocrx_word' id='word_1_589' title='bbox 913 2655 946 2686; x_wconf 65' lang='lat' dir='ltr'>ea</span> <span class='ocrx_word' id='word_1_590' title='bbox 973 2656 1008 2686; x_wconf 88' lang='lat' dir='ltr'>de</span> <span class='ocrx_word' id='word_1_591' title='bbox 1027 2657 1109 2687; x_wconf 72' lang='lat' dir='ltr'>causa</span> <span class='ocrx_word' id='word_1_592' title='bbox 1136 2660 1242 2689; x_wconf 84' lang='lat' dir='ltr'>realiter</span> 
     </span>
     <span class='ocr_line' id='line_1_90' title="bbox 175 2692 1242 2733; baseline 0.004 -10"><span class='ocrx_word' id='word_1_593' title='bbox 175 2693 402 2731; x_wconf 80' lang='lat' dir='ltr'>Degradaverit‚</span> <span class='ocrx_word' id='word_1_594' title='bbox 420 2693 569 2731; x_wconf 87' lang='lat' dir='ltr'>ipsumque</span> <span class='ocrx_word' id='word_1_595' title='bbox 584 2692 776 2723; x_wconf 78' lang='lat' dir='ltr'>Willielmum</span> <span class='ocrx_word' id='word_1_596' title='bbox 793 2693 870 2724; x_wconf 86' lang='lat' dir='ltr'>Foro</span> <span class='ocrx_word' id='word_1_597' title='bbox 886 2694 1011 2724; x_wconf 85' lang='lat' dir='ltr'>Seculari</span> <span class='ocrx_word' id='word_1_598' title='bbox 1025 2695 1242 2733; x_wconf 87' lang='lat' dir='ltr'>relinquendum</span> 
     </span>
     <span class='ocr_line' id='line_1_91' title="bbox 175 2731 1243 2771; baseline 0.004 -9"><span class='ocrx_word' id='word_1_599' title='bbox 175 2732 232 2762; x_wconf 81' lang='lat' dir='ltr'>effe</span> <span class='ocrx_word' id='word_1_600' title='bbox 254 2731 439 2769; x_wconf 87' lang='lat' dir='ltr'>Decreverit,</span> <span class='ocrx_word' id='word_1_601' title='bbox 457 2733 491 2763; x_wconf 67' lang='grc' dir='ltr'>ὅς</span> <span class='ocrx_word' id='word_1_602' title='bbox 513 2732 622 2762; x_wconf 80' lang='lat' dir='ltr'>realiter</span> <span class='ocrx_word' id='word_1_603' title='bbox 647 2731 773 2768; x_wconf 78' lang='lat' dir='ltr'>reliquit,</span> <span class='ocrx_word' id='word_1_604' title='bbox 789 2732 865 2769; x_wconf 79' lang='lat' dir='ltr'>juxta</span> <span class='ocrx_word' id='word_1_605' title='bbox 888 2732 1000 2771; x_wconf 85' lang='lat' dir='ltr'>Leges,</span> <span class='ocrx_word' id='word_1_606' title='bbox 1025 2734 1058 2764; x_wconf 89' lang='lat'>&amp;</span> <span class='ocrx_word' id='word_1_607' title='bbox 1081 2734 1243 2766; x_wconf 84' lang='lat' dir='ltr'>Canonicas</span> 
     </span>
     <span class='ocr_line' id='line_1_92' title="bbox 175 2769 1243 2807; baseline 0.004 -6"><span class='ocrx_word' id='word_1_608' title='bbox 175 2770 343 2801; x_wconf 55' lang='lat' dir='ltr'>sanctiones</span> <span class='ocrx_word' id='word_1_609' title='bbox 357 2769 443 2800; x_wconf 86' lang='lat' dir='ltr'>editas</span> <span class='ocrx_word' id='word_1_610' title='bbox 456 2772 484 2800; x_wconf 90' lang='lat' dir='ltr'>in</span> <span class='ocrx_word' id='word_1_611' title='bbox 497 2771 550 2800; x_wconf 88' lang='lat' dir='ltr'>hac</span> <span class='ocrx_word' id='word_1_612' title='bbox 568 2777 660 2807; x_wconf 79' lang='lat' dir='ltr'>parte,</span> <span class='ocrx_word' id='word_1_613' title='bbox 677 2779 710 2799; x_wconf 89' lang='lat' dir='ltr'>ac</span> <span class='ocrx_word' id='word_1_614' title='bbox 732 2769 835 2800; x_wconf 71' lang='lat' dir='ltr'>Sancta</span> <span class='ocrx_word' id='word_1_615' title='bbox 849 2769 945 2801; x_wconf 89' lang='lat' dir='ltr'>Mater</span> <span class='ocrx_word' id='word_1_616' title='bbox 965 2771 1090 2802; x_wconf 87' lang='lat' dir='ltr'>Ecclesia</span> <span class='ocrx_word' id='word_1_617' title='bbox 1111 2784 1172 2804; x_wconf 89' lang='lat' dir='ltr'>non</span> <span class='ocrx_word' id='word_1_618' title='bbox 1194 2774 1243 2805; x_wconf 81' lang='lat' dir='ltr'>ha-</span> 
     </span>
     <span class='ocr_line' id='line_1_93' title="bbox 175 2807 767 2847; baseline -0.007 -7"><span class='ocrx_word' id='word_1_619' title='bbox 175 2811 240 2840; x_wconf 75' lang='lat' dir='ltr'>beat</span> <span class='ocrx_word' id='word_1_620' title='bbox 255 2809 366 2839; x_wconf 87' lang='lat' dir='ltr'>ulterius</span> <span class='ocrx_word' id='word_1_621' title='bbox 379 2808 445 2847; x_wconf 84' lang='lat' dir='ltr'>quid</span> <span class='ocrx_word' id='word_1_622' title='bbox 463 2808 546 2838; x_wconf 84' lang='lat' dir='ltr'>faciat</span> <span class='ocrx_word' id='word_1_623' title='bbox 559 2809 588 2838; x_wconf 91' lang='lat' dir='ltr'>in</span> <span class='ocrx_word' id='word_1_624' title='bbox 602 2807 767 2845; x_wconf 74' lang='lat' dir='ltr'>Praemiffis,</span> 
     </span>
    </p>

    <p class='ocr_par' dir='ltr' id='par_1_32' title="bbox 212 2843 1099 2886">
     <span class='ocr_line' id='line_1_94' title="bbox 212 2843 1099 2886; baseline 0.001 -8"><span class='ocrx_word' id='word_1_625' title='bbox 212 2846 282 2878; x_wconf 87' lang='lat' dir='ltr'>Nos</span> <span class='ocrx_word' id='word_1_626' title='bbox 297 2848 381 2886; x_wconf 83' lang='lat' dir='ltr'>igitur</span> <span class='ocrx_word' id='word_1_627' title='bbox 394 2846 512 2878; x_wconf 84' lang='lat' dir='ltr'>Zelator</span> <span class='ocrx_word' id='word_1_628' title='bbox 523 2845 661 2885; x_wconf 77' lang='lat' dir='ltr'>Justitiae,</span> <span class='ocrx_word' id='word_1_629' title='bbox 679 2847 713 2878; x_wconf 87' lang='lat'>&amp;</span> <span class='ocrx_word' id='word_1_630' title='bbox 730 2845 808 2876; x_wconf 81' lang='lat' dir='ltr'>Fidei</span> <span class='ocrx_word' id='word_1_631' title='bbox 821 2843 980 2878; x_wconf 68' lang='lat' dir='ltr'>Catholicae</span> <span class='ocrx_word' id='word_1_632' title='bbox 995 2847 1099 2880; x_wconf 89' lang='lat' dir='ltr'>Cultor</span> 
     </span>
    </p>

    <p class='ocr_par' dir='ltr' id='par_1_33' title="bbox 176 2884 1245 3042">
     <span class='ocr_line' id='line_1_95' title="bbox 213 2884 1244 2925; baseline 0.004 -9"><span class='ocrx_word' id='word_1_633' title='bbox 213 2885 350 2916; x_wconf 86' lang='lat' dir='ltr'>Volentes</span> <span class='ocrx_word' id='word_1_634' title='bbox 362 2884 519 2916; x_wconf 75' lang='lat' dir='ltr'>Eccleliam</span> <span class='ocrx_word' id='word_1_635' title='bbox 534 2885 668 2915; x_wconf 60' lang='lat' dir='ltr'>Sandtam</span> <span class='ocrx_word' id='word_1_636' title='bbox 680 2894 713 2915; x_wconf 84' lang='lat' dir='ltr'>ac</span> <span class='ocrx_word' id='word_1_637' title='bbox 725 2885 792 2922; x_wconf 86' lang='lat' dir='ltr'>Jura</span> <span class='ocrx_word' id='word_1_638' title='bbox 808 2885 841 2915; x_wconf 86' lang='lat'>&amp;</span> <span class='ocrx_word' id='word_1_639' title='bbox 860 2885 1015 2916; x_wconf 86' lang='lat' dir='ltr'>Libertates</span> <span class='ocrx_word' id='word_1_640' title='bbox 1036 2888 1097 2925; x_wconf 86' lang='lat' dir='ltr'>ejus</span> <span class='ocrx_word' id='word_1_641' title='bbox 1113 2899 1158 2919; x_wconf 89' lang='lat' dir='ltr'>em</span> <span class='ocrx_word' id='word_1_642' title='bbox 1183 2899 1244 2921; x_wconf 87' lang='lat' dir='ltr'>ma-</span> 
     </span>
     <span class='ocr_line' id='line_1_96' title="bbox 177 2923 1244 2967; baseline 0.004 -12"><span class='ocrx_word' id='word_1_643' title='bbox 177 2932 311 2955; x_wconf 88' lang='lat' dir='ltr'>nutenere</span> <span class='ocrx_word' id='word_1_644' title='bbox 326 2925 360 2955; x_wconf 91' lang='lat'>&amp;</span> <span class='ocrx_word' id='word_1_645' title='bbox 374 2923 573 2962; x_wconf 84' lang='lat' dir='ltr'>defendere,&amp;</span> <span class='ocrx_word' id='word_1_646' title='bbox 590 2923 749 2960; x_wconf 86' lang='lat' dir='ltr'>hujusmodi</span> <span class='ocrx_word' id='word_1_647' title='bbox 767 2923 894 2954; x_wconf 78' lang='lat' dir='ltr'>Haereses</span> <span class='ocrx_word' id='word_1_648' title='bbox 908 2925 942 2956; x_wconf 63' lang='grc' dir='ltr'>ὃς</span> <span class='ocrx_word' id='word_1_649' title='bbox 958 2924 1072 2956; x_wconf 83' lang='lat' dir='ltr'>Errores</span> <span class='ocrx_word' id='word_1_650' title='bbox 1085 2927 1122 2957; x_wconf 92' lang='lat' dir='ltr'>de</span> <span class='ocrx_word' id='word_1_651' title='bbox 1135 2927 1244 2967; x_wconf 75' lang='lat' dir='ltr'>Regno</span> 
     </span>
     <span class='ocr_line' id='line_1_97' title="bbox 176 2961 1245 3004; baseline 0.005 -11"><span class='ocrx_word' id='word_1_652' title='bbox 176 2962 275 2994; x_wconf 89' lang='lat' dir='ltr'>nostro</span> <span class='ocrx_word' id='word_1_653' title='bbox 290 2962 422 2998; x_wconf 58' lang='lat' dir='ltr'>Annine,</span> <span class='ocrx_word' id='word_1_654' title='bbox 441 2971 576 3000; x_wconf 87' lang='lat' dir='ltr'>quantum</span> <span class='ocrx_word' id='word_1_655' title='bbox 594 2962 622 2991; x_wconf 92' lang='lat' dir='ltr'>in</span> <span class='ocrx_word' id='word_1_656' title='bbox 638 2962 720 2992; x_wconf 88' lang='lat' dir='ltr'>nobis</span> <span class='ocrx_word' id='word_1_657' title='bbox 733 2961 790 3000; x_wconf 90' lang='lat' dir='ltr'>est,</span> <span class='ocrx_word' id='word_1_658' title='bbox 808 2962 941 2992; x_wconf 75' lang='lat' dir='ltr'>radicitus</span> <span class='ocrx_word' id='word_1_659' title='bbox 959 2965 1112 3004; x_wconf 85' lang='lat' dir='ltr'>extirpare,</span> <span class='ocrx_word' id='word_1_660' title='bbox 1126 2977 1159 2998; x_wconf 90' lang='lat' dir='ltr'>ac</span> <span class='ocrx_word' id='word_1_661' title='bbox 1174 2967 1245 2998; x_wconf 79' lang='lat' dir='ltr'>Hae-</span> 
     </span>
     <span class='ocr_line' id='line_1_98' title="bbox 176 3000 1054 3042; baseline 0.001 -11"><span class='ocrx_word' id='word_1_662' title='bbox 176 3002 278 3031; x_wconf 84' lang='lat' dir='ltr'>reticos</span> <span class='ocrx_word' id='word_1_663' title='bbox 291 3001 328 3030; x_wconf 89' lang='lat' dir='ltr'>sic</span> <span class='ocrx_word' id='word_1_664' title='bbox 344 3000 505 3031; x_wconf 57' lang='lat' dir='ltr'>Convitssos</span> <span class='ocrx_word' id='word_1_665' title='bbox 521 3000 760 3031; x_wconf 80' lang='lat' dir='ltr'>animadverlione</span> <span class='ocrx_word' id='word_1_666' title='bbox 777 3000 923 3038; x_wconf 68' lang='lat' dir='ltr'>condigna</span> <span class='ocrx_word' id='word_1_667' title='bbox 937 3004 1054 3042; x_wconf 90' lang='lat' dir='ltr'>punire,</span> 
     </span>
    </p>

    <p class='ocr_par' dir='ltr' id='par_1_34' title="bbox 177 3038 1247 3192">
     <span class='ocr_line' id='line_1_99' title="bbox 215 3038 1245 3078; baseline 0.005 -8"><span class='ocrx_word' id='word_1_668' title='bbox 215 3039 452 3077; x_wconf 87' lang='lat' dir='ltr'>Attendentesque</span> <span class='ocrx_word' id='word_1_669' title='bbox 467 3039 626 3077; x_wconf 84' lang='lat' dir='ltr'>hujusmodi</span> <span class='ocrx_word' id='word_1_670' title='bbox 648 3038 823 3077; x_wconf 79' lang='lat' dir='ltr'>Haereticos,</span> <span class='ocrx_word' id='word_1_671' title='bbox 838 3039 867 3068; x_wconf 88' lang='lat' dir='ltr'>in</span> <span class='ocrx_word' id='word_1_672' title='bbox 888 3039 991 3070; x_wconf 68' lang='lat' dir='ltr'>Forma</span> <span class='ocrx_word' id='word_1_673' title='bbox 1007 3041 1140 3078; x_wconf 62' lang='lat' dir='ltr'>praedicta</span> <span class='ocrx_word' id='word_1_674' title='bbox 1162 3042 1245 3075; x_wconf 89' lang='lat' dir='ltr'>Con-</span> 
     </span>
     <span class='ocr_line' id='line_1_100' title="bbox 177 3077 1247 3120; baseline 0.005 -12"><span class='ocrx_word' id='word_1_675' title='bbox 177 3078 272 3108; x_wconf 66' lang='lat' dir='ltr'>victos</span> <span class='ocrx_word' id='word_1_676' title='bbox 285 3078 318 3108; x_wconf 84' lang='lat'>&amp;</span> <span class='ocrx_word' id='word_1_677' title='bbox 334 3077 533 3116; x_wconf 66' lang='lat' dir='ltr'>Dampnatos,</span> <span class='ocrx_word' id='word_1_678' title='bbox 547 3077 624 3114; x_wconf 78' lang='lat' dir='ltr'>juxta</span> <span class='ocrx_word' id='word_1_679' title='bbox 649 3077 760 3114; x_wconf 83' lang='lat' dir='ltr'>Legem</span> <span class='ocrx_word' id='word_1_680' title='bbox 777 3077 936 3116; x_wconf 79' lang='lat' dir='ltr'>Divinam,</span> <span class='ocrx_word' id='word_1_681' title='bbox 951 3078 1133 3120; x_wconf 84' lang='lat' dir='ltr'>Humanam,</span> <span class='ocrx_word' id='word_1_682' title='bbox 1149 3081 1247 3112; x_wconf 83' lang='lat' dir='ltr'>Cano-</span> 
     </span>
     <span class='ocr_line' id='line_1_101' title="bbox 177 3115 1246 3155; baseline 0.006 -9"><span class='ocrx_word' id='word_1_683' title='bbox 177 3117 242 3146; x_wconf 85' lang='lat' dir='ltr'>nica</span> <span class='ocrx_word' id='word_1_684' title='bbox 266 3116 413 3154; x_wconf 84' lang='lat' dir='ltr'>instituta,</span> <span class='ocrx_word' id='word_1_685' title='bbox 437 3117 470 3148; x_wconf 90' lang='lat'>&amp;</span> <span class='ocrx_word' id='word_1_686' title='bbox 492 3117 522 3146; x_wconf 91' lang='lat' dir='ltr'>in</span> <span class='ocrx_word' id='word_1_687' title='bbox 545 3116 597 3145; x_wconf 88' lang='lat' dir='ltr'>hac</span> <span class='ocrx_word' id='word_1_688' title='bbox 617 3125 694 3155; x_wconf 87' lang='lat' dir='ltr'>parte</span> <span class='ocrx_word' id='word_1_689' title='bbox 724 3115 983 3154; x_wconf 77' lang='lat' dir='ltr'>consuetudinarie,</span> <span class='ocrx_word' id='word_1_690' title='bbox 1009 3116 1089 3155; x_wconf 86' lang='lat' dir='ltr'>Ignis</span> <span class='ocrx_word' id='word_1_691' title='bbox 1112 3120 1246 3152; x_wconf 88' lang='lat' dir='ltr'>incendio</span> 
     </span>
     <span class='ocr_line' id='line_1_102' title="bbox 179 3154 448 3192; baseline -0.007 -7"><span class='ocrx_word' id='word_1_692' title='bbox 179 3155 312 3185; x_wconf 86' lang='lat' dir='ltr'>comburi</span> <span class='ocrx_word' id='word_1_693' title='bbox 327 3154 430 3185; x_wconf 86' lang='lat' dir='ltr'>debere</span> <span class='ocrx_word' id='word_1_694' title='bbox 438 3177 448 3192; x_wconf 91' lang='lat'>,</span> 
     </span>
    </p>

    <p class='ocr_par' dir='ltr' id='par_1_35' title="bbox 180 3189 1249 3460">
     <span class='ocr_line' id='line_1_103' title="bbox 218 3189 1249 3234; baseline 0.006 -12"><span class='ocrx_word' id='word_1_695' title='bbox 218 3191 311 3222; x_wconf 86' lang='lat' dir='ltr'>Vobis</span> <span class='ocrx_word' id='word_1_696' title='bbox 325 3191 490 3230; x_wconf 73' lang='lat' dir='ltr'>districtius,</span> <span class='ocrx_word' id='word_1_697' title='bbox 505 3202 564 3229; x_wconf 88' lang='lat' dir='ltr'>quo</span> <span class='ocrx_word' id='word_1_698' title='bbox 579 3189 938 3231; x_wconf 73' lang='lat' dir='ltr'>possumuS,Praecipimus,</span> <span class='ocrx_word' id='word_1_699' title='bbox 956 3193 1071 3225; x_wconf 85' lang='lat' dir='ltr'>firmiter</span> <span class='ocrx_word' id='word_1_700' title='bbox 1094 3195 1249 3234; x_wconf 81' lang='lat' dir='ltr'>Injungen-</span> 
     </span>
     <span class='ocr_line' id='line_1_104' title="bbox 181 3229 1248 3276; baseline 0.006 -15"><span class='ocrx_word' id='word_1_701' title='bbox 181 3239 241 3269; x_wconf 81' lang='lat' dir='ltr'>tes,</span> <span class='ocrx_word' id='word_1_702' title='bbox 258 3231 337 3270; x_wconf 72' lang='lat' dir='ltr'>quod</span> <span class='ocrx_word' id='word_1_703' title='bbox 353 3231 501 3268; x_wconf 75' lang='lat' dir='ltr'>praefatum</span> <span class='ocrx_word' id='word_1_704' title='bbox 514 3229 726 3267; x_wconf 61' lang='lat' dir='ltr'>WVillielmum,</span> <span class='ocrx_word' id='word_1_705' title='bbox 746 3232 774 3260; x_wconf 93' lang='lat' dir='ltr'>in</span> <span class='ocrx_word' id='word_1_706' title='bbox 798 3229 936 3261; x_wconf 86' lang='lat' dir='ltr'>Custodia</span> <span class='ocrx_word' id='word_1_707' title='bbox 951 3231 1044 3262; x_wconf 68' lang='lat' dir='ltr'>vestra</span> <span class='ocrx_word' id='word_1_708' title='bbox 1064 3235 1248 3276; x_wconf 84' lang='lat' dir='ltr'>existentem,</span> 
     </span>
     <span class='ocr_line' id='line_1_105' title="bbox 180 3268 1248 3312; baseline 0.006 -13"><span class='ocrx_word' id='word_1_709' title='bbox 180 3271 209 3299; x_wconf 91' lang='lat' dir='ltr'>in</span> <span class='ocrx_word' id='word_1_710' title='bbox 225 3269 319 3307; x_wconf 87' lang='lat' dir='ltr'>aliquo</span> <span class='ocrx_word' id='word_1_711' title='bbox 340 3269 407 3299; x_wconf 91' lang='lat' dir='ltr'>loco</span> <span class='ocrx_word' id='word_1_712' title='bbox 424 3269 542 3307; x_wconf 84' lang='lat' dir='ltr'>publico</span> <span class='ocrx_word' id='word_1_713' title='bbox 562 3270 595 3300; x_wconf 64' lang='grc' dir='ltr'>ὃς</span> <span class='ocrx_word' id='word_1_714' title='bbox 615 3276 720 3306; x_wconf 83' lang='lat' dir='ltr'>aperto,</span> <span class='ocrx_word' id='word_1_715' title='bbox 743 3268 815 3299; x_wconf 89' lang='lat' dir='ltr'>infra</span> <span class='ocrx_word' id='word_1_716' title='bbox 835 3269 1009 3301; x_wconf 88' lang='lat' dir='ltr'>Libertatem</span> <span class='ocrx_word' id='word_1_717' title='bbox 1029 3271 1159 3303; x_wconf 84' lang='lat' dir='ltr'>Civitatis</span> <span class='ocrx_word' id='word_1_718' title='bbox 1176 3285 1248 3312; x_wconf 79' lang='lat' dir='ltr'>prae-</span> 
     </span>
     <span class='ocr_line' id='line_1_106' title="bbox 181 3305 1249 3353; baseline 0.006 -15"><span class='ocrx_word' id='word_1_719' title='bbox 181 3307 286 3345; x_wconf 63' lang='lat' dir='ltr'>dietae,</span> <span class='ocrx_word' id='word_1_720' title='bbox 306 3305 400 3338; x_wconf 69' lang='lat' dir='ltr'>Causa</span> <span class='ocrx_word' id='word_1_721' title='bbox 417 3306 560 3345; x_wconf 70' lang='lat' dir='ltr'>praemissa</span> <span class='ocrx_word' id='word_1_722' title='bbox 577 3316 676 3337; x_wconf 86' lang='lat' dir='ltr'>coram</span> <span class='ocrx_word' id='word_1_723' title='bbox 694 3305 806 3345; x_wconf 85' lang='lat' dir='ltr'>Populo</span> <span class='ocrx_word' id='word_1_724' title='bbox 823 3308 984 3347; x_wconf 68' lang='lat' dir='ltr'>publicata,</span> <span class='ocrx_word' id='word_1_725' title='bbox 1003 3308 1070 3347; x_wconf 86' lang='lat' dir='ltr'>Igni</span> <span class='ocrx_word' id='word_1_726' title='bbox 1090 3314 1249 3353; x_wconf 81' lang='lat' dir='ltr'>committi,</span> 
     </span>
     <span class='ocr_line' id='line_1_107' title="bbox 180 3344 1249 3387; baseline 0.005 -10"><span class='ocrx_word' id='word_1_727' title='bbox 180 3356 215 3377; x_wconf 86' lang='lat' dir='ltr'>ac</span> <span class='ocrx_word' id='word_1_728' title='bbox 235 3346 325 3383; x_wconf 90' lang='lat' dir='ltr'>ipsum</span> <span class='ocrx_word' id='word_1_729' title='bbox 344 3346 374 3375; x_wconf 90' lang='lat' dir='ltr'>in</span> <span class='ocrx_word' id='word_1_730' title='bbox 398 3346 501 3377; x_wconf 89' lang='lat' dir='ltr'>eodem</span> <span class='ocrx_word' id='word_1_731' title='bbox 526 3344 599 3382; x_wconf 84' lang='lat' dir='ltr'>Igne</span> <span class='ocrx_word' id='word_1_732' title='bbox 624 3344 731 3374; x_wconf 84' lang='lat' dir='ltr'>realiter</span> <span class='ocrx_word' id='word_1_733' title='bbox 750 3347 882 3376; x_wconf 89' lang='lat' dir='ltr'>comburi</span> <span class='ocrx_word' id='word_1_734' title='bbox 901 3346 1023 3385; x_wconf 83' lang='lat' dir='ltr'>faciatis,</span> <span class='ocrx_word' id='word_1_735' title='bbox 1045 3349 1074 3378; x_wconf 85' lang='lat' dir='ltr'>in</span> <span class='ocrx_word' id='word_1_736' title='bbox 1091 3346 1249 3387; x_wconf 80' lang='lat' dir='ltr'>hujusmodi</span> 
     </span>
     <span class='ocr_line' id='line_1_108' title="bbox 182 3382 1249 3427; baseline 0.006 -13"><span class='ocrx_word' id='word_1_737' title='bbox 182 3384 313 3414; x_wconf 89' lang='lat' dir='ltr'>criminis</span> <span class='ocrx_word' id='word_1_738' title='bbox 337 3383 564 3415; x_wconf 87' lang='lat' dir='ltr'>Detestationem</span> <span class='ocrx_word' id='word_1_739' title='bbox 574 3406 585 3421; x_wconf 88' lang='lat'>,</span> <span class='ocrx_word' id='word_1_740' title='bbox 615 3382 787 3423; x_wconf 87' lang='lat' dir='ltr'>aliorumque</span> <span class='ocrx_word' id='word_1_741' title='bbox 820 3383 1045 3416; x_wconf 86' lang='lat' dir='ltr'>Christianorum</span> <span class='ocrx_word' id='word_1_742' title='bbox 1078 3386 1249 3427; x_wconf 80' lang='lat' dir='ltr'>Exemplum</span> 
     </span>
     <span class='ocr_line' id='line_1_109' title="bbox 183 3421 384 3460; baseline -0.005 -7"><span class='ocrx_word' id='word_1_743' title='bbox 183 3421 384 3460; x_wconf 71' lang='lat' dir='ltr'>manifestum,</span> 
     </span>
    </p>

    <p class='ocr_par' dir='ltr' id='par_1_36' title="bbox 221 3459 1095 3499">
     <span class='ocr_line' id='line_1_110' title="bbox 221 3459 1095 3499; baseline 0.003 -9"><span class='ocrx_word' id='word_1_744' title='bbox 221 3460 260 3490; x_wconf 93' lang='lat' dir='ltr'>Et</span> <span class='ocrx_word' id='word_1_745' title='bbox 276 3460 351 3499; x_wconf 88' lang='lat' dir='ltr'>hoc,</span> <span class='ocrx_word' id='word_1_746' title='bbox 367 3461 417 3491; x_wconf 87' lang='lat' dir='ltr'>sub</span> <span class='ocrx_word' id='word_1_747' title='bbox 432 3460 615 3491; x_wconf 80' lang='lat' dir='ltr'>incumbenti</span> <span class='ocrx_word' id='word_1_748' title='bbox 629 3459 769 3498; x_wconf 88' lang='lat' dir='ltr'>periculo,</span> <span class='ocrx_word' id='word_1_749' title='bbox 788 3461 940 3492; x_wconf 88' lang='lat' dir='ltr'>nullatenus</span> <span class='ocrx_word' id='word_1_750' title='bbox 954 3463 1095 3493; x_wconf 87' lang='lat' dir='ltr'>omittatis.</span> 
     </span>
    </p>

    <p class='ocr_par' dir='ltr' id='par_1_37' title="bbox 186 3497 1252 3616">
     <span class='ocr_line' id='line_1_111' title="bbox 186 3497 1252 3570; baseline 0.006 -41"><span class='ocrx_word' id='word_1_751' title='bbox 186 3538 207 3570; x_wconf 72' lang='lat' dir='ltr'>b</span> <span class='ocrx_word' id='word_1_752' title='bbox 257 3497 347 3543; x_wconf 70' lang='lat' dir='ltr'>Teste</span> <span class='ocrx_word' id='word_1_753' title='bbox 366 3499 473 3537; x_wconf 82' lang='lat' dir='ltr'>meipso</span> <span class='ocrx_word' id='word_1_754' title='bbox 492 3499 566 3536; x_wconf 83' lang='lat' dir='ltr'>apud</span> <span class='ocrx_word' id='word_1_755' title='bbox 587 3498 861 3540; x_wconf 64' lang='lat' dir='ltr'>W’stmonasterium,</span> <span class='ocrx_word' id='word_1_756' title='bbox 887 3500 1022 3532; x_wconf 87' lang='lat' dir='ltr'>vicesimo</span> <span class='ocrx_word' id='word_1_757' title='bbox 1043 3502 1119 3533; x_wconf 85' lang='lat' dir='ltr'>sexto</span> <span class='ocrx_word' id='word_1_758' title='bbox 1137 3502 1182 3533; x_wconf 91' lang='lat' dir='ltr'>die</span> <span class='ocrx_word' id='word_1_759' title='bbox 1201 3504 1252 3535; x_wconf 87' lang='lat' dir='ltr'>Fe-</span> 
     </span>
     <span class='ocr_line' id='line_1_112' title="bbox 207 3545 300 3568; baseline -0.011 -1"><span class='ocrx_word' id='word_1_760' title='bbox 207 3545 300 3568; x_wconf 81' lang='lat' dir='ltr'>ruam.</span> 
     </span>
     <span class='ocr_line' id='line_1_113' title="bbox 480 3574 1213 3616; baseline 0.007 -12"><span class='ocrx_word' id='word_1_761' title='bbox 480 3577 532 3605; x_wconf 74' lang='lat' dir='ltr'>Per</span> <span class='ocrx_word' id='word_1_762' title='bbox 549 3574 630 3616; x_wconf 67' lang='lat' dir='ltr'>rpfizm</span> <span class='ocrx_word' id='word_1_763' title='bbox 645 3579 742 3613; x_wconf 84' lang='lat' dir='ltr'>Regem</span> <span class='ocrx_word' id='word_1_764' title='bbox 759 3575 797 3613; x_wconf 59' lang='grc' dir='ltr'>ῤ’</span> <span class='ocrx_word' id='word_1_765' title='bbox 812 3576 958 3607; x_wconf 77' lang='lat' dir='ltr'>Concilium</span> <span class='ocrx_word' id='word_1_766' title='bbox 975 3581 1004 3607; x_wconf 86' lang='lat' dir='ltr'>in</span> <span class='ocrx_word' id='word_1_767' title='bbox 1018 3578 1213 3610; x_wconf 72' lang='lat' dir='ltr'>parliamento.</span> 
     </span>
    </p>
   </div>
   <div class='ocr_carea' id='block_1_17' title="bbox 1137 3667 1252 3672">
    <p class='ocr_par' dir='ltr' id='par_1_38' title="bbox 1137 3667 1252 3672">
     <span class='ocr_line' id='line_1_114' title="bbox 1137 3667 1252 3672; baseline 0 0"><span class='ocrx_word' id='word_1_768' title='bbox 1137 3667 1252 3672; x_wconf 95' lang='lat' dir='ltr'> </span> 
     </span>
    </p>
   </div>
   <div class='ocr_carea' id='block_1_18' title="bbox 401 3720 1030 3770">
    <p class='ocr_par' dir='ltr' id='par_1_39' title="bbox 401 3720 1030 3770">
     <span class='ocr_line' id='line_1_115' title="bbox 401 3720 1030 3770; baseline 0.003 -15"><span class='ocrx_word' id='word_1_769' title='bbox 401 3725 459 3756; x_wconf 84' lang='lat' dir='ltr'>Pro</span> <span class='ocrx_word' id='word_1_770' title='bbox 485 3720 706 3765; x_wconf 66' lang='lat' dir='ltr'>Ambczffiatore</span> <span class='ocrx_word' id='word_1_771' title='bbox 730 3726 818 3770; x_wconf 56' lang='lat' dir='ltr'>Regi]</span> <span class='ocrx_word' id='word_1_772' title='bbox 842 3724 1030 3770; x_wconf 57' lang='lat' dir='ltr'>portugalia.</span> 
     </span>
    </p>
   </div>
   <div class='ocr_carea' id='block_1_19' title="bbox 187 3807 1257 4157">
    <p class='ocr_par' dir='ltr' id='par_1_40' title="bbox 187 3807 1257 4157">
     <span class='ocr_line' id='line_1_116' title="bbox 187 3807 1252 3880; baseline 0.005 -42"><span class='ocrx_word' id='word_1_773' title='bbox 187 3807 316 3880; x_wconf 81' lang='lat' dir='ltr'>REX</span> <span class='ocrx_word' id='word_1_774' title='bbox 349 3807 550 3845; x_wconf 74' lang='lat' dir='ltr'>Custumario,</span> <span class='ocrx_word' id='word_1_775' title='bbox 581 3807 750 3847; x_wconf 80' lang='lat' dir='ltr'>Scrutatori,</span> <span class='ocrx_word' id='word_1_776' title='bbox 781 3809 815 3839; x_wconf 61' lang='grc' dir='ltr'>ὃς</span> <span class='ocrx_word' id='word_1_777' title='bbox 841 3809 1096 3840; x_wconf 86' lang='lat' dir='ltr'>Contratotulatori</span> <span class='ocrx_word' id='word_1_778' title='bbox 1121 3811 1189 3849; x_wconf 86' lang='lat' dir='ltr'>suis,</span> <span class='ocrx_word' id='word_1_779' title='bbox 1223 3813 1252 3842; x_wconf 90' lang='lat' dir='ltr'>in</span> 
     </span>
     <span class='ocr_line' id='line_1_117' title="bbox 269 3845 1255 3888; baseline 0.004 -11"><span class='ocrx_word' id='word_1_780' title='bbox 269 3847 358 3877; x_wconf 87' lang='lat' dir='ltr'>Portu</span> <span class='ocrx_word' id='word_1_781' title='bbox 384 3845 628 3885; x_wconf 77' lang='lat' dir='ltr'>suthamptoniae,</span> <span class='ocrx_word' id='word_1_782' title='bbox 653 3846 819 3887; x_wconf 88' lang='lat' dir='ltr'>Plymmuth</span> <span class='ocrx_word' id='word_1_783' title='bbox 829 3869 839 3885; x_wconf 92' lang='lat'>,</span> <span class='ocrx_word' id='word_1_784' title='bbox 871 3846 916 3876; x_wconf 85' lang='lat' dir='ltr'>vel</span> <span class='ocrx_word' id='word_1_785' title='bbox 950 3846 1139 3888; x_wconf 82' lang='lat' dir='ltr'>Dcrtemuth,</span> <span class='ocrx_word' id='word_1_786' title='bbox 1176 3850 1255 3881; x_wconf 86' lang='lat' dir='ltr'>Salu-</span> 
     </span>
     <span class='ocr_line' id='line_1_118' title="bbox 189 3894 1063 3918; baseline 0.002 -2"><span class='ocrx_word' id='word_1_787' title='bbox 189 3894 259 3916; x_wconf 85' lang='lat' dir='ltr'>tem.</span> <span class='ocrx_word' id='word_1_788' title='bbox 345 3915 348 3918; x_wconf 19' lang='grc' dir='ltr'><strong><em>Δ</em></strong></span> <span class='ocrx_word' id='word_1_789' title='bbox 1060 3912 1063 3918; x_wconf 27' lang='lat' dir='ltr'>i</span> 
     </span>
     <span class='ocr_line' id='line_1_119' title="bbox 227 3921 1256 3964; baseline 0.006 -12"><span class='ocrx_word' id='word_1_790' title='bbox 227 3921 401 3954; x_wconf 85' lang='lat' dir='ltr'>Mandamus</span> <span class='ocrx_word' id='word_1_791' title='bbox 414 3923 497 3953; x_wconf 89' lang='lat' dir='ltr'>vobis</span> <span class='ocrx_word' id='word_1_792' title='bbox 511 3922 606 3961; x_wconf 81' lang='lat' dir='ltr'>quod,</span> <span class='ocrx_word' id='word_1_793' title='bbox 624 3922 761 3954; x_wconf 59' lang='lat' dir='ltr'>dileitum</span> <span class='ocrx_word' id='word_1_794' title='bbox 776 3924 869 3962; x_wconf 83' lang='lat' dir='ltr'>nobis,</span> <span class='ocrx_word' id='word_1_795' title='bbox 887 3926 1045 3953; x_wconf 71' lang='lat' dir='ltr'>Martinam</span> <span class='ocrx_word' id='word_1_796' title='bbox 1059 3925 1090 3955; x_wconf 75' lang='lat' dir='ltr'>de</span> <span class='ocrx_word' id='word_1_797' title='bbox 1105 3924 1184 3964; x_wconf 74' lang='lat' dir='ltr'>Senfh</span> <span class='ocrx_word' id='word_1_798' title='bbox 1201 3927 1256 3958; x_wconf 91' lang='lat' dir='ltr'>Le-</span> 
     </span>
     <span class='ocr_line' id='line_1_120' title="bbox 193 3960 1256 4000; baseline 0.001 -8"><span class='ocrx_word' id='word_1_799' title='bbox 193 3971 264 4000; x_wconf 88' lang='lat' dir='ltr'>gum</span> <span class='ocrx_word' id='word_1_800' title='bbox 279 3960 462 3999; x_wconf 71' lang='lat' dir='ltr'>Doctorem,</span> <span class='ocrx_word' id='word_1_801' title='bbox 478 3961 713 3992; x_wconf 80' lang='lat' dir='ltr'>Ambaffiatorem</span> <span class='ocrx_word' id='word_1_802' title='bbox 730 3961 861 3992; x_wconf 82' lang='lat' dir='ltr'>cariffimi</span> <span class='ocrx_word' id='word_1_803' title='bbox 879 3961 975 3992; x_wconf 87' lang='lat' dir='ltr'>Fratris</span> <span class='ocrx_word' id='word_1_804' title='bbox 989 3962 1077 3993; x_wconf 85' lang='lat' dir='ltr'>nostri</span> <span class='ocrx_word' id='word_1_805' title='bbox 1090 3966 1168 4000; x_wconf 78' lang='lat' dir='ltr'>Regis</span> <span class='ocrx_word' id='word_1_806' title='bbox 1189 3967 1256 3994; x_wconf 89' lang='lat' dir='ltr'>Por-</span> 
     </span>
     <span class='ocr_line' id='line_1_121' title="bbox 193 3998 1256 4039; baseline 0.004 -10"><span class='ocrx_word' id='word_1_807' title='bbox 193 3998 321 4037; x_wconf 78' lang='lat' dir='ltr'>tugaliae,</span> <span class='ocrx_word' id='word_1_808' title='bbox 347 4000 377 4028; x_wconf 85' lang='lat' dir='ltr'>in</span> <span class='ocrx_word' id='word_1_809' title='bbox 397 3998 507 4036; x_wconf 83' lang='lat' dir='ltr'>Regno</span> <span class='ocrx_word' id='word_1_810' title='bbox 528 3999 627 4029; x_wconf 89' lang='lat' dir='ltr'>nostro</span> <span class='ocrx_word' id='word_1_811' title='bbox 646 3999 759 4035; x_wconf 75' lang='lat' dir='ltr'>Angliae</span> <span class='ocrx_word' id='word_1_812' title='bbox 776 3999 959 4038; x_wconf 84' lang='lat' dir='ltr'>existentem,</span> <span class='ocrx_word' id='word_1_813' title='bbox 985 4002 1050 4039; x_wconf 81' lang='lat' dir='ltr'>qui,</span> <span class='ocrx_word' id='word_1_814' title='bbox 1076 4001 1111 4032; x_wconf 91' lang='lat' dir='ltr'>de</span> <span class='ocrx_word' id='word_1_815' title='bbox 1130 4002 1256 4034; x_wconf 69' lang='lat' dir='ltr'>Licentia</span> 
     </span>
     <span class='ocr_line' id='line_1_122' title="bbox 192 4036 1255 4079; baseline 0.003 -11"><span class='ocrx_word' id='word_1_816' title='bbox 192 4036 306 4075; x_wconf 64' lang='lat' dir='ltr'>nostrii,</span> <span class='ocrx_word' id='word_1_817' title='bbox 323 4037 414 4067; x_wconf 87' lang='lat' dir='ltr'>versus</span> <span class='ocrx_word' id='word_1_818' title='bbox 430 4046 520 4075; x_wconf 83' lang='lat' dir='ltr'>partes</span> <span class='ocrx_word' id='word_1_819' title='bbox 538 4038 594 4068; x_wconf 89' lang='lat' dir='ltr'>suas</span> <span class='ocrx_word' id='word_1_820' title='bbox 612 4039 736 4075; x_wconf 77' lang='lat' dir='ltr'>proprias</span> <span class='ocrx_word' id='word_1_821' title='bbox 754 4039 783 4068; x_wconf 93' lang='lat' dir='ltr'>in</span> <span class='ocrx_word' id='word_1_822' title='bbox 802 4039 932 4076; x_wconf 81' lang='lat' dir='ltr'>proximo</span> <span class='ocrx_word' id='word_1_823' title='bbox 951 4038 1127 4076; x_wconf 72' lang='lat' dir='ltr'>profecturus</span> <span class='ocrx_word' id='word_1_824' title='bbox 1144 4040 1202 4079; x_wconf 87' lang='lat' dir='ltr'>cst,</span> <span class='ocrx_word' id='word_1_825' title='bbox 1225 4043 1255 4071; x_wconf 95' lang='lat' dir='ltr'>in</span> 
     </span>
     <span class='ocr_line' id='line_1_123' title="bbox 191 4074 1257 4116; baseline 0.002 -9"><span class='ocrx_word' id='word_1_826' title='bbox 191 4077 287 4116; x_wconf 87' lang='lat' dir='ltr'>aliquo</span> <span class='ocrx_word' id='word_1_827' title='bbox 306 4074 443 4105; x_wconf 88' lang='lat' dir='ltr'>Portuum</span> <span class='ocrx_word' id='word_1_828' title='bbox 463 4076 683 4114; x_wconf 68' lang='lat' dir='ltr'>praedietorum,</span> <span class='ocrx_word' id='word_1_829' title='bbox 711 4076 802 4107; x_wconf 89' lang='lat' dir='ltr'>versus</span> <span class='ocrx_word' id='word_1_830' title='bbox 820 4076 912 4107; x_wconf 87' lang='lat' dir='ltr'>Partes</span> <span class='ocrx_word' id='word_1_831' title='bbox 928 4077 1090 4115; x_wconf 68' lang='lat' dir='ltr'>praedictas,</span> <span class='ocrx_word' id='word_1_832' title='bbox 1116 4088 1184 4108; x_wconf 91' lang='lat' dir='ltr'>cum</span> <span class='ocrx_word' id='word_1_833' title='bbox 1204 4079 1257 4109; x_wconf 92' lang='lat' dir='ltr'>Vi-</span> 
     </span>
     <span class='ocr_line' id='line_1_124' title="bbox 192 4113 1257 4157; baseline 0.003 -12"><span class='ocrx_word' id='word_1_834' title='bbox 192 4115 267 4155; x_wconf 84' lang='lat' dir='ltr'>ginti</span> <span class='ocrx_word' id='word_1_835' title='bbox 285 4115 318 4146; x_wconf 89' lang='lat'>&amp;</span> <span class='ocrx_word' id='word_1_836' title='bbox 340 4114 479 4153; x_wconf 81' lang='lat' dir='ltr'>Quinque</span> <span class='ocrx_word' id='word_1_837' title='bbox 492 4113 637 4152; x_wconf 58' lang='lat' dir='ltr'>Pedonis,</span> <span class='ocrx_word' id='word_1_838' title='bbox 664 4116 696 4145; x_wconf 64' lang='grc' dir='ltr'>ὃς</span> <span class='ocrx_word' id='word_1_839' title='bbox 717 4114 895 4153; x_wconf 80' lang='lat' dir='ltr'>Qindecim</span> <span class='ocrx_word' id='word_1_840' title='bbox 914 4115 1019 4155; x_wconf 84' lang='lat' dir='ltr'>Equis,</span> <span class='ocrx_word' id='word_1_841' title='bbox 1045 4126 1078 4147; x_wconf 85' lang='lat' dir='ltr'>ac</span> <span class='ocrx_word' id='word_1_842' title='bbox 1097 4116 1257 4157; x_wconf 80' lang='lat' dir='ltr'>Manticis,</span> 
     </span>
    </p>
   </div>
   <div class='ocr_carea' id='block_1_20' title="bbox 1278 1081 2389 1814">
    <p class='ocr_par' dir='ltr' id='par_1_41' title="bbox 1278 1081 2389 1198">
     <span class='ocr_line' id='line_1_125' title="bbox 1278 1081 2389 1125; baseline 0.005 -13"><span class='ocrx_word' id='word_1_843' title='bbox 1278 1086 1344 1112; x_wconf 82' lang='lat' dir='ltr'>mini</span> <span class='ocrx_word' id='word_1_844' title='bbox 1361 1085 1473 1112; x_wconf 78' lang='lat' dir='ltr'>Henrici</span> <span class='ocrx_word' id='word_1_845' title='bbox 1483 1081 1595 1120; x_wconf 79' lang='lat' dir='ltr'>Angliae</span> <span class='ocrx_word' id='word_1_846' title='bbox 1608 1105 1617 1119; x_wconf 84' lang='lat'>,</span> <span class='ocrx_word' id='word_1_847' title='bbox 1634 1086 1807 1122; x_wconf 70' lang='lat' dir='ltr'>Franciaeque</span> <span class='ocrx_word' id='word_1_848' title='bbox 1823 1086 1900 1121; x_wconf 84' lang='lat' dir='ltr'>Regis</span> <span class='ocrx_word' id='word_1_849' title='bbox 1920 1094 1953 1114; x_wconf 90' lang='lat' dir='ltr'>ac</span> <span class='ocrx_word' id='word_1_850' title='bbox 1972 1083 2092 1115; x_wconf 87' lang='lat' dir='ltr'>Domini</span> <span class='ocrx_word' id='word_1_851' title='bbox 2111 1085 2267 1125; x_wconf 76' lang='lat' dir='ltr'>Hiberniae,</span> <span class='ocrx_word' id='word_1_852' title='bbox 2274 1098 2340 1118; x_wconf 90' lang='lat' dir='ltr'>nec·</span> <span class='ocrx_word' id='word_1_853' title='bbox 2362 1084 2389 1103; x_wconf 85' lang='lat'>²·</span> 
     </span>
     <span class='ocr_line' id='line_1_126' title="bbox 1279 1119 2339 1158; baseline 0.006 -7"><span class='ocrx_word' id='word_1_854' title='bbox 1279 1132 1339 1151; x_wconf 90' lang='lat' dir='ltr'>non</span> <span class='ocrx_word' id='word_1_855' title='bbox 1353 1120 1489 1158; x_wconf 80' lang='lat' dir='ltr'>Ingenua:</span> <span class='ocrx_word' id='word_1_856' title='bbox 1505 1121 1537 1151; x_wconf 91' lang='lat'>&amp;</span> <span class='ocrx_word' id='word_1_857' title='bbox 1553 1119 1774 1151; x_wconf 57' lang='lat' dir='ltr'>Praeclariffimae</span> <span class='ocrx_word' id='word_1_858' title='bbox 1786 1121 1809 1151; x_wconf 87' lang='lat' dir='ltr'>F</span> <span class='ocrx_word' id='word_1_859' title='bbox 1811 1121 1864 1152; x_wconf 82' lang='lat' dir='ltr'>iliae</span> <span class='ocrx_word' id='word_1_860' title='bbox 1878 1121 1933 1152; x_wconf 73' lang='lat' dir='ltr'>suae</span> <span class='ocrx_word' id='word_1_861' title='bbox 1955 1121 2077 1154; x_wconf 69' lang='lat' dir='ltr'>Senior-is</span> <span class='ocrx_word' id='word_1_862' title='bbox 2096 1120 2236 1155; x_wconf 75' lang='lat' dir='ltr'>Domina:</span> <span class='ocrx_word' id='word_1_863' title='bbox 2257 1125 2339 1157; x_wconf 84' lang='lat' dir='ltr'>Blan-</span> 
     </span>
     <span class='ocr_line' id='line_1_127' title="bbox 1279 1159 1503 1198; baseline -0.004 -8"><span class='ocrx_word' id='word_1_864' title='bbox 1279 1160 1370 1198; x_wconf 74' lang='lat' dir='ltr'>chiae,</span> <span class='ocrx_word' id='word_1_865' title='bbox 1388 1170 1422 1189; x_wconf 74' lang='lat' dir='ltr'>ex</span> <span class='ocrx_word' id='word_1_866' title='bbox 1436 1159 1503 1197; x_wconf 68' lang='lat' dir='ltr'>una,</span> 
     </span>
    </p>

    <p class='ocr_par' dir='ltr' id='par_1_42' title="bbox 1278 1197 2340 1427">
     <span class='ocr_line' id='line_1_128' title="bbox 1320 1197 2339 1239; baseline 0.004 -11"><span class='ocrx_word' id='word_1_867' title='bbox 1320 1197 1457 1236; x_wconf 79' lang='lat' dir='ltr'>Nosque,</span> <span class='ocrx_word' id='word_1_868' title='bbox 1477 1197 1620 1235; x_wconf 74' lang='lat' dir='ltr'>Johasmes</span> <span class='ocrx_word' id='word_1_869' title='bbox 1641 1201 1782 1236; x_wconf 79' lang='lat' dir='ltr'>Camerer,</span> <span class='ocrx_word' id='word_1_870' title='bbox 1801 1197 1863 1228; x_wconf 66' lang='lat' dir='ltr'>alias</span> <span class='ocrx_word' id='word_1_871' title='bbox 1881 1198 1972 1229; x_wconf 67' lang='lat' dir='ltr'>dietus</span> <span class='ocrx_word' id='word_1_872' title='bbox 1989 1200 2020 1229; x_wconf 78' lang='lat' dir='ltr'>de</span> <span class='ocrx_word' id='word_1_873' title='bbox 2041 1199 2182 1239; x_wconf 69' lang='lat' dir='ltr'>Dalburg,</span> <span class='ocrx_word' id='word_1_874' title='bbox 2207 1197 2339 1233; x_wconf 76' lang='lat' dir='ltr'>Theramo</span> 
     </span>
     <span class='ocr_line' id='line_1_129' title="bbox 1280 1236 2340 1276; baseline 0.005 -11"><span class='ocrx_word' id='word_1_875' title='bbox 1280 1236 1386 1266; x_wconf 81' lang='lat' dir='ltr'>Kuchel</span> <span class='ocrx_word' id='word_1_876' title='bbox 1400 1237 1538 1267; x_wconf 86' lang='lat' dir='ltr'>Scultetus</span> <span class='ocrx_word' id='word_1_877' title='bbox 1554 1236 1583 1265; x_wconf 92' lang='lat' dir='ltr'>in</span> <span class='ocrx_word' id='word_1_878' title='bbox 1599 1236 1792 1276; x_wconf 84' lang='lat' dir='ltr'>Oppenheym</span> <span class='ocrx_word' id='word_1_879' title='bbox 1809 1236 1933 1275; x_wconf 84' lang='lat' dir='ltr'>Milites,</span> <span class='ocrx_word' id='word_1_880' title='bbox 1950 1247 1983 1267; x_wconf 85' lang='lat' dir='ltr'>ac</span> <span class='ocrx_word' id='word_1_881' title='bbox 1997 1238 2153 1268; x_wconf 59' lang='lat' dir='ltr'>:almannus</span> <span class='ocrx_word' id='word_1_882' title='bbox 2168 1239 2198 1268; x_wconf 84' lang='lat' dir='ltr'>de</span> <span class='ocrx_word' id='word_1_883' title='bbox 2218 1241 2340 1271; x_wconf 80' lang='lat' dir='ltr'>Smalen-</span> 
     </span>
     <span class='ocr_line' id='line_1_130' title="bbox 1279 1273 2340 1312; baseline 0.005 -8"><span class='ocrx_word' id='word_1_884' title='bbox 1279 1276 1345 1312; x_wconf 81' lang='lat' dir='ltr'>burg</span> <span class='ocrx_word' id='word_1_885' title='bbox 1360 1274 1491 1306; x_wconf 80' lang='lat' dir='ltr'>Decanus</span> <span class='ocrx_word' id='word_1_886' title='bbox 1506 1274 1638 1304; x_wconf 80' lang='lat' dir='ltr'>Ecclesiae</span> <span class='ocrx_word' id='word_1_887' title='bbox 1652 1276 1740 1304; x_wconf 77' lang='lat' dir='ltr'>beatae</span> <span class='ocrx_word' id='word_1_888' title='bbox 1756 1273 1859 1304; x_wconf 78' lang='lat' dir='ltr'>Mariae</span> <span class='ocrx_word' id='word_1_889' title='bbox 1873 1275 1907 1305; x_wconf 87' lang='lat' dir='ltr'>ad</span> <span class='ocrx_word' id='word_1_890' title='bbox 1921 1275 2020 1312; x_wconf 84' lang='lat' dir='ltr'>gradus</span> <span class='ocrx_word' id='word_1_891' title='bbox 2035 1276 2190 1308; x_wconf 87' lang='lat' dir='ltr'>Colonien.</span> <span class='ocrx_word' id='word_1_892' title='bbox 2212 1277 2340 1310; x_wconf 87' lang='lat' dir='ltr'>Illustris-</span> 
     </span>
     <span class='ocr_line' id='line_1_131' title="bbox 1279 1311 2340 1356; baseline 0.006 -13"><span class='ocrx_word' id='word_1_893' title='bbox 1279 1314 1341 1343; x_wconf 87' lang='lat' dir='ltr'>fimi</span> <span class='ocrx_word' id='word_1_894' title='bbox 1355 1323 1387 1343; x_wconf 91' lang='lat' dir='ltr'>ac</span> <span class='ocrx_word' id='word_1_895' title='bbox 1404 1311 1632 1343; x_wconf 75' lang='lat' dir='ltr'>Cliristianiffimi</span> <span class='ocrx_word' id='word_1_896' title='bbox 1648 1312 1772 1342; x_wconf 88' lang='lat' dir='ltr'>Domini</span> <span class='ocrx_word' id='word_1_897' title='bbox 1789 1315 1901 1353; x_wconf 59' lang='lat' dir='ltr'>Ruperti</span> <span class='ocrx_word' id='word_1_898' title='bbox 1920 1316 1998 1351; x_wconf 80' lang='lat' dir='ltr'>Regis</span> <span class='ocrx_word' id='word_1_899' title='bbox 2018 1317 2213 1355; x_wconf 79' lang='lat' dir='ltr'>Romanorum,</span> <span class='ocrx_word' id='word_1_900' title='bbox 2228 1316 2340 1356; x_wconf 86' lang='lat' dir='ltr'>semper</span> 
     </span>
     <span class='ocr_line' id='line_1_132' title="bbox 1278 1349 2339 1391; baseline 0.006 -10"><span class='ocrx_word' id='word_1_901' title='bbox 1278 1351 1415 1391; x_wconf 88' lang='lat' dir='ltr'>Augusti,</span> <span class='ocrx_word' id='word_1_902' title='bbox 1433 1361 1546 1382; x_wconf 88' lang='lat' dir='ltr'>necnon</span> <span class='ocrx_word' id='word_1_903' title='bbox 1561 1350 1622 1380; x_wconf 88' lang='lat' dir='ltr'>Filii</span> <span class='ocrx_word' id='word_1_904' title='bbox 1636 1349 1674 1381; x_wconf 90' lang='lat' dir='ltr'>sui</span> <span class='ocrx_word' id='word_1_905' title='bbox 1689 1350 1829 1390; x_wconf 82' lang='lat' dir='ltr'>Senioris,</span> <span class='ocrx_word' id='word_1_906' title='bbox 1846 1354 1957 1382; x_wconf 78' lang='lat' dir='ltr'>Domini</span> <span class='ocrx_word' id='word_1_907' title='bbox 1970 1354 2113 1384; x_wconf 79' lang='lat' dir='ltr'>Ludowici</span> <span class='ocrx_word' id='word_1_908' title='bbox 2134 1353 2263 1386; x_wconf 90' lang='lat' dir='ltr'>Comitis</span> <span class='ocrx_word' id='word_1_909' title='bbox 2283 1351 2339 1388; x_wconf 82' lang='lat' dir='ltr'>Pa-</span> 
     </span>
     <span class='ocr_line' id='line_1_133' title="bbox 1278 1389 1763 1427; baseline -0.004 -7"><span class='ocrx_word' id='word_1_910' title='bbox 1278 1391 1356 1420; x_wconf 85' lang='lat' dir='ltr'>latini</span> <span class='ocrx_word' id='word_1_911' title='bbox 1372 1390 1450 1421; x_wconf 87' lang='lat' dir='ltr'>Reni</span> <span class='ocrx_word' id='word_1_912' title='bbox 1463 1400 1495 1420; x_wconf 86' lang='lat' dir='ltr'>ac</span> <span class='ocrx_word' id='word_1_913' title='bbox 1512 1389 1606 1419; x_wconf 90' lang='lat' dir='ltr'>Ducis</span> <span class='ocrx_word' id='word_1_914' title='bbox 1622 1389 1763 1427; x_wconf 78' lang='lat' dir='ltr'>Bavariae,</span> 
     </span>
    </p>

    <p class='ocr_par' dir='ltr' id='par_1_43' title="bbox 1278 1427 2340 1582">
     <span class='ocr_line' id='line_1_134' title="bbox 1316 1427 2338 1469; baseline 0.004 -10"><span class='ocrx_word' id='word_1_915' title='bbox 1316 1428 1403 1466; x_wconf 86' lang='lat' dir='ltr'>Super</span> <span class='ocrx_word' id='word_1_916' title='bbox 1420 1427 1574 1465; x_wconf 79' lang='lat' dir='ltr'>Maritagio</span> <span class='ocrx_word' id='word_1_917' title='bbox 1588 1428 1643 1457; x_wconf 84' lang='lat' dir='ltr'>sive</span> <span class='ocrx_word' id='word_1_918' title='bbox 1658 1427 1836 1465; x_wconf 75' lang='lat' dir='ltr'>Sponsalibus</span> <span class='ocrx_word' id='word_1_919' title='bbox 1850 1429 1883 1459; x_wconf 92' lang='lat'>&amp;</span> <span class='ocrx_word' id='word_1_920' title='bbox 1904 1427 2115 1469; x_wconf 85' lang='lat' dir='ltr'>Matrimonio,</span> <span class='ocrx_word' id='word_1_921' title='bbox 2132 1431 2203 1462; x_wconf 87' lang='lat' dir='ltr'>inter</span> <span class='ocrx_word' id='word_1_922' title='bbox 2224 1442 2338 1463; x_wconf 66' lang='lat' dir='ltr'>memo-2</span> 
     </span>
     <span class='ocr_line' id='line_1_135' title="bbox 1278 1465 2339 1502; baseline 0.005 -5"><span class='ocrx_word' id='word_1_923' title='bbox 1278 1475 1350 1497; x_wconf 89' lang='lat' dir='ltr'>ratos</span> <span class='ocrx_word' id='word_1_924' title='bbox 1364 1467 1526 1497; x_wconf 89' lang='lat' dir='ltr'>Dominum</span> <span class='ocrx_word' id='word_1_925' title='bbox 1544 1465 1734 1496; x_wconf 83' lang='lat' dir='ltr'>Ludowicum</span> <span class='ocrx_word' id='word_1_926' title='bbox 1749 1466 1783 1496; x_wconf 91' lang='lat'>&amp;</span> <span class='ocrx_word' id='word_1_927' title='bbox 1805 1465 1965 1497; x_wconf 87' lang='lat' dir='ltr'>Dominam</span> <span class='ocrx_word' id='word_1_928' title='bbox 1989 1468 2150 1499; x_wconf 75' lang='lat' dir='ltr'>Blancliiam</span> <span class='ocrx_word' id='word_1_929' title='bbox 2169 1472 2339 1502; x_wconf 49' lang='lat' dir='ltr'>coniri-ilien-</span> 
     </span>
     <span class='ocr_line' id='line_1_136' title="bbox 1280 1504 2340 1546; baseline 0.005 -11"><span class='ocrx_word' id='word_1_930' title='bbox 1280 1505 1337 1543; x_wconf 86' lang='lat' dir='ltr'>dis,</span> <span class='ocrx_word' id='word_1_931' title='bbox 1358 1505 1557 1536; x_wconf 86' lang='lat' dir='ltr'>Procuratores</span> <span class='ocrx_word' id='word_1_932' title='bbox 1577 1506 1609 1534; x_wconf 83' lang='lat'>&amp;</span> <span class='ocrx_word' id='word_1_933' title='bbox 1632 1504 1812 1534; x_wconf 63' lang='lat' dir='ltr'>Trac‘tatotes</span> <span class='ocrx_word' id='word_1_934' title='bbox 1832 1505 1969 1544; x_wconf 76' lang='lat' dir='ltr'>legitimi,</span> <span class='ocrx_word' id='word_1_935' title='bbox 1994 1507 2026 1537; x_wconf 64' lang='grc' dir='ltr'>ὃς</span> <span class='ocrx_word' id='word_1_936' title='bbox 2051 1507 2190 1546; x_wconf 71' lang='lat' dir='ltr'>utriusque</span> <span class='ocrx_word' id='word_1_937' title='bbox 2211 1508 2340 1540; x_wconf 87' lang='lat' dir='ltr'>Partium</span> 
     </span>
     <span class='ocr_line' id='line_1_137' title="bbox 1279 1541 1871 1582; baseline -0.002 -8"><span class='ocrx_word' id='word_1_938' title='bbox 1279 1543 1421 1575; x_wconf 88' lang='lat' dir='ltr'>Potestate</span> <span class='ocrx_word' id='word_1_939' title='bbox 1437 1545 1536 1581; x_wconf 87' lang='lat' dir='ltr'>pariter</span> <span class='ocrx_word' id='word_1_940' title='bbox 1550 1543 1583 1573; x_wconf 85' lang='lat'>&amp;</span> <span class='ocrx_word' id='word_1_941' title='bbox 1598 1542 1738 1573; x_wconf 87' lang='lat' dir='ltr'>Mandato</span> <span class='ocrx_word' id='word_1_942' title='bbox 1750 1541 1871 1582; x_wconf 82' lang='lat' dir='ltr'>suffulti,</span> 
     </span>
    </p>

    <p class='ocr_par' dir='ltr' id='par_1_44' title="bbox 1315 1580 1562 1619">
     <span class='ocr_line' id='line_1_138' title="bbox 1315 1580 1562 1619; baseline -0.004 -7"><span class='ocrx_word' id='word_1_943' title='bbox 1315 1581 1394 1613; x_wconf 86' lang='lat' dir='ltr'>Parte</span> <span class='ocrx_word' id='word_1_944' title='bbox 1408 1591 1441 1612; x_wconf 81' lang='lat' dir='ltr'>ex</span> <span class='ocrx_word' id='word_1_945' title='bbox 1462 1580 1562 1619; x_wconf 69' lang='lat' dir='ltr'>altera,</span> 
     </span>
    </p>

    <p class='ocr_par' dir='ltr' id='par_1_45' title="bbox 1280 1619 2342 1814">
     <span class='ocr_line' id='line_1_139' title="bbox 1316 1619 2339 1662; baseline 0.004 -12"><span class='ocrx_word' id='word_1_946' title='bbox 1316 1620 1387 1650; x_wconf 88' lang='lat' dir='ltr'>Post</span> <span class='ocrx_word' id='word_1_947' title='bbox 1404 1619 1546 1657; x_wconf 84' lang='lat' dir='ltr'>diversos,</span> <span class='ocrx_word' id='word_1_948' title='bbox 1564 1629 1611 1656; x_wconf 87' lang='lat' dir='ltr'>pet</span> <span class='ocrx_word' id='word_1_949' title='bbox 1629 1629 1680 1649; x_wconf 87' lang='lat' dir='ltr'>nos</span> <span class='ocrx_word' id='word_1_950' title='bbox 1698 1619 1825 1657; x_wconf 84' lang='lat' dir='ltr'>habitos,</span> <span class='ocrx_word' id='word_1_951' title='bbox 1843 1619 1996 1651; x_wconf 65' lang='lat' dir='ltr'>Tractatus</span> <span class='ocrx_word' id='word_1_952' title='bbox 2013 1620 2092 1659; x_wconf 87' lang='lat' dir='ltr'>supet</span> <span class='ocrx_word' id='word_1_953' title='bbox 2108 1622 2272 1662; x_wconf 83' lang='lat' dir='ltr'>Praemiffis,</span> <span class='ocrx_word' id='word_1_954' title='bbox 2286 1633 2339 1654; x_wconf 85' lang='lat' dir='ltr'>no-</span> 
     </span>
     <span class='ocr_line' id='line_1_140' title="bbox 1280 1656 2342 1700; baseline 0.002 -10"><span class='ocrx_word' id='word_1_955' title='bbox 1280 1659 1410 1697; x_wconf 79' lang='lat' dir='ltr'>vissime,</span> <span class='ocrx_word' id='word_1_956' title='bbox 1431 1658 1496 1696; x_wconf 77' lang='lat' dir='ltr'>post</span> <span class='ocrx_word' id='word_1_957' title='bbox 1513 1659 1612 1688; x_wconf 84' lang='lat' dir='ltr'>multas</span> <span class='ocrx_word' id='word_1_958' title='bbox 1632 1656 1852 1688; x_wconf 82' lang='lat' dir='ltr'>Deliberationcs</span> <span class='ocrx_word' id='word_1_959' title='bbox 1867 1658 1981 1696; x_wconf 86' lang='lat' dir='ltr'>habitas,</span> <span class='ocrx_word' id='word_1_960' title='bbox 1996 1659 2075 1696; x_wconf 80' lang='lat' dir='ltr'>super</span> <span class='ocrx_word' id='word_1_961' title='bbox 2094 1660 2222 1700; x_wconf 67' lang='lat' dir='ltr'>punctis,</span> <span class='ocrx_word' id='word_1_962' title='bbox 2241 1662 2342 1692; x_wconf 89' lang='lat' dir='ltr'>Mem-</span> 
     </span>
     <span class='ocr_line' id='line_1_141' title="bbox 1280 1694 2342 1735; baseline 0.003 -7"><span class='ocrx_word' id='word_1_963' title='bbox 1280 1699 1353 1735; x_wconf 85' lang='lat' dir='ltr'>bris,</span> <span class='ocrx_word' id='word_1_964' title='bbox 1376 1698 1410 1728; x_wconf 89' lang='lat'>&amp;</span> <span class='ocrx_word' id='word_1_965' title='bbox 1435 1696 1568 1728; x_wconf 88' lang='lat' dir='ltr'>Articulis</span> <span class='ocrx_word' id='word_1_966' title='bbox 1594 1695 1772 1733; x_wconf 84' lang='lat' dir='ltr'>sequentibus</span> <span class='ocrx_word' id='word_1_967' title='bbox 1804 1694 1833 1725; x_wconf 93' lang='lat' dir='ltr'>C</span> <span class='ocrx_word' id='word_1_968' title='bbox 1842 1706 1862 1725; x_wconf 93' lang='lat' dir='ltr'>o</span> <span class='ocrx_word' id='word_1_969' title='bbox 1874 1705 1896 1726; x_wconf 84' lang='lat' dir='ltr'>N</span> <span class='ocrx_word' id='word_1_970' title='bbox 1907 1707 1927 1726; x_wconf 82' lang='lat' dir='ltr'>v</span> <span class='ocrx_word' id='word_1_971' title='bbox 1937 1706 1955 1726; x_wconf 80' lang='lat' dir='ltr'>E</span> <span class='ocrx_word' id='word_1_972' title='bbox 1967 1706 1989 1726; x_wconf 82' lang='lat' dir='ltr'>N</span> <span class='ocrx_word' id='word_1_973' title='bbox 2000 1706 2011 1726; x_wconf 89' lang='lat'>1</span> <span class='ocrx_word' id='word_1_974' title='bbox 2022 1707 2080 1728; x_wconf 80' lang='lat' dir='ltr'>Mu</span> <span class='ocrx_word' id='word_1_975' title='bbox 2090 1707 2101 1728; x_wconf 83' lang='lat' dir='ltr'>s</span> <span class='ocrx_word' id='word_1_976' title='bbox 2110 1721 2120 1735; x_wconf 89' lang='lat'>,</span> <span class='ocrx_word' id='word_1_977' title='bbox 2153 1700 2186 1730; x_wconf 62' lang='grc' dir='ltr'>ὃς</span> <span class='ocrx_word' id='word_1_978' title='bbox 2211 1710 2244 1730; x_wconf 85' lang='lat' dir='ltr'>ex</span> <span class='ocrx_word' id='word_1_979' title='bbox 2263 1700 2342 1731; x_wconf 67' lang='lat' dir='ltr'>certa</span> 
     </span>
     <span class='ocr_line' id='line_1_142' title="bbox 1281 1734 2340 1772; baseline 0.004 -6"><span class='ocrx_word' id='word_1_980' title='bbox 1281 1736 1397 1767; x_wconf 73' lang='lat' dir='ltr'>scientia</span> <span class='ocrx_word' id='word_1_981' title='bbox 1417 1735 1474 1766; x_wconf 92' lang='lat' dir='ltr'>Co</span> <span class='ocrx_word' id='word_1_982' title='bbox 1486 1740 1822 1772; x_wconf 79' lang='lat' dir='ltr'>NcoRDAVIMUS,</span> <span class='ocrx_word' id='word_1_983' title='bbox 1839 1734 1872 1764; x_wconf 88' lang='lat'>&amp;</span> <span class='ocrx_word' id='word_1_984' title='bbox 1886 1734 2069 1766; x_wconf 72' lang='lat' dir='ltr'>Praesentibus</span> <span class='ocrx_word' id='word_1_985' title='bbox 2087 1736 2340 1769; x_wconf 74' lang='lat' dir='ltr'>CoNcoRDA-</span> 
     </span>
     <span class='ocr_line' id='line_1_143' title="bbox 1282 1774 1588 1814; baseline -0.01 -9"><span class='ocrx_word' id='word_1_986' title='bbox 1282 1784 1381 1814; x_wconf 60' lang='lat' dir='ltr'>iiius,</span> <span class='ocrx_word' id='word_1_987' title='bbox 1400 1783 1431 1805; x_wconf 90' lang='lat' dir='ltr'>ut</span> <span class='ocrx_word' id='word_1_988' title='bbox 1449 1774 1588 1812; x_wconf 76' lang='lat' dir='ltr'>sequitur,</span> 
     </span>
    </p>
   </div>
   <div class='ocr_carea' id='block_1_21' title="bbox 1285 1848 2345 2119">
    <p class='ocr_par' dir='ltr' id='par_1_46' title="bbox 1286 1848 2344 2006">
     <span class='ocr_line' id='line_1_144' title="bbox 1324 1848 2343 1891; baseline 0.001 -8"><span class='ocrx_word' id='word_1_989' title='bbox 1324 1851 1369 1882; x_wconf 83' lang='lat' dir='ltr'>IN</span> <span class='ocrx_word' id='word_1_990' title='bbox 1382 1861 1455 1883; x_wconf 81' lang='lat' dir='ltr'>PRI</span> <span class='ocrx_word' id='word_1_991' title='bbox 1465 1860 1513 1881; x_wconf 80' lang='lat' dir='ltr'>Mt</span> <span class='ocrx_word' id='word_1_992' title='bbox 1523 1860 1551 1888; x_wconf 88' lang='lat' dir='ltr'>s,</span> <span class='ocrx_word' id='word_1_993' title='bbox 1568 1849 1647 1888; x_wconf 76' lang='lat' dir='ltr'>quod</span> <span class='ocrx_word' id='word_1_994' title='bbox 1661 1848 1809 1880; x_wconf 85' lang='lat' dir='ltr'>Dominus</span> <span class='ocrx_word' id='word_1_995' title='bbox 1829 1850 1963 1879; x_wconf 78' lang='lat' dir='ltr'>Henricus</span> <span class='ocrx_word' id='word_1_996' title='bbox 1982 1852 2042 1880; x_wconf 77' lang='lat' dir='ltr'>Rex</span> <span class='ocrx_word' id='word_1_997' title='bbox 2063 1851 2176 1890; x_wconf 73' lang='lat' dir='ltr'>Angliae</span> <span class='ocrx_word' id='word_1_998' title='bbox 2194 1853 2343 1891; x_wconf 60' lang='lat' dir='ltr'>praedictus</span> 
     </span>
     <span class='ocr_line' id='line_1_145' title="bbox 1287 1888 2344 1929; baseline 0.001 -8"><span class='ocrx_word' id='word_1_999' title='bbox 1287 1890 1382 1929; x_wconf 88' lang='lat' dir='ltr'>dabit,</span> <span class='ocrx_word' id='word_1_1000' title='bbox 1407 1892 1440 1922; x_wconf 71' lang='grc' dir='ltr'>ὅ(</span> <span class='ocrx_word' id='word_1_1001' title='bbox 1457 1889 1520 1920; x_wconf 87' lang='lat' dir='ltr'>dare</span> <span class='ocrx_word' id='word_1_1002' title='bbox 1545 1889 1688 1926; x_wconf 79' lang='lat' dir='ltr'>promisit,</span> <span class='ocrx_word' id='word_1_1003' title='bbox 1713 1896 1904 1918; x_wconf 79' lang='lat' dir='ltr'>memoratam</span> <span class='ocrx_word' id='word_1_1004' title='bbox 1923 1888 2084 1918; x_wconf 83' lang='lat' dir='ltr'>Dominam</span> <span class='ocrx_word' id='word_1_1005' title='bbox 2103 1891 2266 1920; x_wconf 73' lang='lat' dir='ltr'>Blanchiam</span> <span class='ocrx_word' id='word_1_1006' title='bbox 2292 1892 2344 1922; x_wconf 84' lang='lat' dir='ltr'>Se-</span> 
     </span>
     <span class='ocr_line' id='line_1_146' title="bbox 1286 1922 2343 1963; baseline 0.002 -4"><span class='ocrx_word' id='word_1_1007' title='bbox 1286 1930 1401 1959; x_wconf 89' lang='lat' dir='ltr'>niorem</span> <span class='ocrx_word' id='word_1_1008' title='bbox 1420 1929 1496 1958; x_wconf 84' lang='lat' dir='ltr'>suam</span> <span class='ocrx_word' id='word_1_1009' title='bbox 1515 1928 1615 1958; x_wconf 85' lang='lat' dir='ltr'>Filiam</span> <span class='ocrx_word' id='word_1_1010' title='bbox 1633 1927 1684 1963; x_wconf 90' lang='lat' dir='ltr'>ipsi</span> <span class='ocrx_word' id='word_1_1011' title='bbox 1702 1922 1836 1956; x_wconf 89' lang='lat' dir='ltr'>Domino</span> <span class='ocrx_word' id='word_1_1012' title='bbox 1853 1927 2002 1956; x_wconf 71' lang='lat' dir='ltr'>Ludowico</span> <span class='ocrx_word' id='word_1_1013' title='bbox 2021 1927 2127 1959; x_wconf 86' lang='lat' dir='ltr'>Seniori</span> <span class='ocrx_word' id='word_1_1014' title='bbox 2149 1930 2171 1959; x_wconf 87' lang='lat' dir='ltr'>F</span> <span class='ocrx_word' id='word_1_1015' title='bbox 2174 1931 2220 1960; x_wconf 88' lang='lat' dir='ltr'>ilio</span> <span class='ocrx_word' id='word_1_1016' title='bbox 2234 1930 2343 1961; x_wconf 89' lang='lat' dir='ltr'>Domi-</span> 
     </span>
     <span class='ocr_line' id='line_1_147' title="bbox 1287 1965 2298 2006; baseline 0.001 -9"><span class='ocrx_word' id='word_1_1017' title='bbox 1287 1969 1317 1998; x_wconf 91' lang='lat' dir='ltr'>ni</span> <span class='ocrx_word' id='word_1_1018' title='bbox 1335 1967 1423 2006; x_wconf 85' lang='lat' dir='ltr'>Regis</span> <span class='ocrx_word' id='word_1_1019' title='bbox 1442 1965 1665 2002; x_wconf 85' lang='lat' dir='ltr'>Romanorum,</span> <span class='ocrx_word' id='word_1_1020' title='bbox 1679 1966 1712 1995; x_wconf 64' lang='grc' dir='ltr'>ὃς</span> <span class='ocrx_word' id='word_1_1021' title='bbox 1732 1975 1792 1995; x_wconf 89' lang='lat' dir='ltr'>non</span> <span class='ocrx_word' id='word_1_1022' title='bbox 1811 1965 1906 2003; x_wconf 86' lang='lat' dir='ltr'>alteri,</span> <span class='ocrx_word' id='word_1_1023' title='bbox 1924 1966 1952 1995; x_wconf 90' lang='lat' dir='ltr'>in</span> <span class='ocrx_word' id='word_1_1024' title='bbox 1974 1965 2103 1996; x_wconf 77' lang='lat' dir='ltr'>Uxorem</span> <span class='ocrx_word' id='word_1_1025' title='bbox 2123 1968 2298 2006; x_wconf 76' lang='lat' dir='ltr'>legitimam,</span> 
     </span>
    </p>

    <p class='ocr_par' dir='ltr' id='par_1_47' title="bbox 1285 2003 2345 2119">
     <span class='ocr_line' id='line_1_148' title="bbox 1323 2003 2345 2044; baseline 0.002 -9"><span class='ocrx_word' id='word_1_1026' title='bbox 1323 2005 1439 2044; x_wconf 86' lang='lat' dir='ltr'>Ipseque</span> <span class='ocrx_word' id='word_1_1027' title='bbox 1456 2005 1600 2035; x_wconf 88' lang='lat' dir='ltr'>Dominus</span> <span class='ocrx_word' id='word_1_1028' title='bbox 1618 2003 1780 2033; x_wconf 77' lang='lat' dir='ltr'>Ludowicus</span> <span class='ocrx_word' id='word_1_1029' title='bbox 1799 2004 1882 2034; x_wconf 87' lang='lat' dir='ltr'>ducet</span> <span class='ocrx_word' id='word_1_1030' title='bbox 1901 2004 1934 2034; x_wconf 89' lang='lat'>&amp;</span> <span class='ocrx_word' id='word_1_1031' title='bbox 1959 2005 2079 2041; x_wconf 84' lang='lat' dir='ltr'>accipiet</span> <span class='ocrx_word' id='word_1_1032' title='bbox 2104 2007 2220 2036; x_wconf 78' lang='lat' dir='ltr'>eandem</span> <span class='ocrx_word' id='word_1_1033' title='bbox 2237 2007 2345 2039; x_wconf 45' lang='lat' dir='ltr'>Domi*</span> 
     </span>
     <span class='ocr_line' id='line_1_149' title="bbox 1286 2042 2342 2086; baseline 0.003 -12"><span class='ocrx_word' id='word_1_1034' title='bbox 1286 2055 1352 2074; x_wconf 89' lang='lat' dir='ltr'>nam</span> <span class='ocrx_word' id='word_1_1035' title='bbox 1371 2043 1533 2073; x_wconf 68' lang='lat' dir='ltr'>Blanchiam</span> <span class='ocrx_word' id='word_1_1036' title='bbox 1553 2043 1603 2073; x_wconf 85' lang='lat' dir='ltr'>sibi</span> <span class='ocrx_word' id='word_1_1037' title='bbox 1627 2043 1655 2072; x_wconf 91' lang='lat' dir='ltr'>in</span> <span class='ocrx_word' id='word_1_1038' title='bbox 1678 2042 1812 2072; x_wconf 78' lang='lat' dir='ltr'>Uxorem</span> <span class='ocrx_word' id='word_1_1039' title='bbox 1832 2043 2009 2080; x_wconf 83' lang='lat' dir='ltr'>legitimam,</span> <span class='ocrx_word' id='word_1_1040' title='bbox 2033 2043 2066 2074; x_wconf 87' lang='lat'>&amp;</span> <span class='ocrx_word' id='word_1_1041' title='bbox 2089 2054 2149 2075; x_wconf 88' lang='lat' dir='ltr'>non</span> <span class='ocrx_word' id='word_1_1042' title='bbox 2175 2045 2275 2086; x_wconf 84' lang='lat' dir='ltr'>aliam,</span> <span class='ocrx_word' id='word_1_1043' title='bbox 2292 2047 2342 2077; x_wconf 85' lang='lat' dir='ltr'>sub</span> 
     </span>
     <span class='ocr_line' id='line_1_150' title="bbox 1285 2081 1733 2119; baseline -0.007 -6"><span class='ocrx_word' id='word_1_1044' title='bbox 1285 2083 1378 2113; x_wconf 88' lang='lat' dir='ltr'>modis</span> <span class='ocrx_word' id='word_1_1045' title='bbox 1393 2084 1425 2114; x_wconf 86' lang='lat'>&amp;</span> <span class='ocrx_word' id='word_1_1046' title='bbox 1441 2083 1539 2112; x_wconf 86' lang='lat' dir='ltr'>formis</span> <span class='ocrx_word' id='word_1_1047' title='bbox 1551 2081 1733 2119; x_wconf 86' lang='lat' dir='ltr'>sequentibus.</span> 
     </span>
    </p>
   </div>
   <div class='ocr_carea' id='block_1_22' title="bbox 1280 2157 2345 2813">
    <p class='ocr_par' dir='ltr' id='par_1_48' title="bbox 1280 2157 2345 2345">
     <span class='ocr_line' id='line_1_151' title="bbox 1320 2157 2344 2198; baseline 0 -7"><span class='ocrx_word' id='word_1_1048' title='bbox 1320 2159 1344 2190; x_wconf 95' lang='lat' dir='ltr'><strong>P</strong></span> <span class='ocrx_word' id='word_1_1049' title='bbox 1354 2170 1377 2191; x_wconf 82' lang='lat' dir='ltr'>R</span> <span class='ocrx_word' id='word_1_1050' title='bbox 1386 2169 1398 2190; x_wconf 87' lang='lat'>1</span> <span class='ocrx_word' id='word_1_1051' title='bbox 1410 2168 1436 2190; x_wconf 82' lang='lat' dir='ltr'>M</span> <span class='ocrx_word' id='word_1_1052' title='bbox 1447 2161 1466 2190; x_wconf 89' lang='grc' dir='ltr'>ὸ</span> <span class='ocrx_word' id='word_1_1053' title='bbox 1475 2182 1484 2198; x_wconf 82' lang='grc'>,</span> <span class='ocrx_word' id='word_1_1054' title='bbox 1502 2158 1579 2197; x_wconf 77' lang='lat' dir='ltr'>quod</span> <span class='ocrx_word' id='word_1_1055' title='bbox 1592 2166 1764 2188; x_wconf 82' lang='lat' dir='ltr'>memoratus</span> <span class='ocrx_word' id='word_1_1056' title='bbox 1779 2157 1924 2187; x_wconf 86' lang='lat' dir='ltr'>Dominus</span> <span class='ocrx_word' id='word_1_1057' title='bbox 1935 2159 2068 2187; x_wconf 73' lang='lat' dir='ltr'>Henrims</span> <span class='ocrx_word' id='word_1_1058' title='bbox 2080 2160 2140 2188; x_wconf 69' lang='lat' dir='ltr'>Rex</span> <span class='ocrx_word' id='word_1_1059' title='bbox 2159 2159 2274 2198; x_wconf 78' lang='lat' dir='ltr'>Angliae</span> <span class='ocrx_word' id='word_1_1060' title='bbox 2293 2162 2344 2193; x_wconf 76' lang='lat' dir='ltr'>da-</span> 
     </span>
     <span class='ocr_line' id='line_1_152' title="bbox 1281 2196 2343 2237; baseline 0 -8"><span class='ocrx_word' id='word_1_1061' title='bbox 1281 2199 1324 2229; x_wconf 88' lang='lat' dir='ltr'>bit</span> <span class='ocrx_word' id='word_1_1062' title='bbox 1344 2199 1393 2237; x_wconf 81' lang='lat' dir='ltr'>ipsi</span> <span class='ocrx_word' id='word_1_1063' title='bbox 1412 2198 1544 2228; x_wconf 88' lang='lat' dir='ltr'>Domino</span> <span class='ocrx_word' id='word_1_1064' title='bbox 1564 2197 1725 2234; x_wconf 79' lang='lat' dir='ltr'>Ludowico,</span> <span class='ocrx_word' id='word_1_1065' title='bbox 1747 2206 1814 2226; x_wconf 89' lang='lat' dir='ltr'>cum</span> <span class='ocrx_word' id='word_1_1066' title='bbox 1833 2196 1901 2226; x_wconf 78' lang='lat' dir='ltr'>Filia</span> <span class='ocrx_word' id='word_1_1067' title='bbox 1921 2197 1967 2226; x_wconf 72' lang='lat' dir='ltr'>sua</span> <span class='ocrx_word' id='word_1_1068' title='bbox 1984 2196 2112 2228; x_wconf 74' lang='lat' dir='ltr'>Domina</span> <span class='ocrx_word' id='word_1_1069' title='bbox 2134 2198 2284 2237; x_wconf 68' lang='lat' dir='ltr'>Blanclmi,</span> <span class='ocrx_word' id='word_1_1070' title='bbox 2307 2201 2343 2230; x_wconf 64' lang='grc' dir='ltr'>ὃς</span> 
     </span>
     <span class='ocr_line' id='line_1_153' title="bbox 1282 2233 2345 2275; baseline 0 -7"><span class='ocrx_word' id='word_1_1071' title='bbox 1282 2248 1335 2275; x_wconf 88' lang='lat' dir='ltr'>pro</span> <span class='ocrx_word' id='word_1_1072' title='bbox 1352 2237 1431 2268; x_wconf 86' lang='lat' dir='ltr'>Dote</span> <span class='ocrx_word' id='word_1_1073' title='bbox 1444 2236 1585 2274; x_wconf 83' lang='lat' dir='ltr'>ejusdem,</span> <span class='ocrx_word' id='word_1_1074' title='bbox 1603 2235 1630 2265; x_wconf 85' lang='lat' dir='ltr'>xl</span> <span class='ocrx_word' id='word_1_1075' title='bbox 1647 2235 1692 2265; x_wconf 83' lang='lat' dir='ltr'>M.</span> <span class='ocrx_word' id='word_1_1076' title='bbox 1707 2234 1861 2264; x_wconf 88' lang='lat' dir='ltr'>Nobilium</span> <span class='ocrx_word' id='word_1_1077' title='bbox 1876 2233 1969 2264; x_wconf 89' lang='lat' dir='ltr'>Cunei</span> <span class='ocrx_word' id='word_1_1078' title='bbox 1985 2235 2112 2274; x_wconf 73' lang='lat' dir='ltr'>Angliae,</span> <span class='ocrx_word' id='word_1_1079' title='bbox 2129 2247 2161 2267; x_wconf 86' lang='lat' dir='ltr'>ac</span> <span class='ocrx_word' id='word_1_1080' title='bbox 2179 2237 2286 2269; x_wconf 88' lang='lat' dir='ltr'>Valoris</span> <span class='ocrx_word' id='word_1_1081' title='bbox 2308 2240 2345 2271; x_wconf 75' lang='grc' dir='ltr'>δε</span> 
     </span>
     <span class='ocr_line' id='line_1_154' title="bbox 1282 2272 2343 2344; baseline 0.002 -38"><span class='ocrx_word' id='word_1_1082' title='bbox 1282 2276 1419 2344; x_wconf 53' lang='grc' dir='ltr'>Ροῑὲάεττέε</span> <span class='ocrx_word' id='word_1_1083' title='bbox 1432 2275 1530 2305; x_wconf 88' lang='lat' dir='ltr'>usualis</span> <span class='ocrx_word' id='word_1_1084' title='bbox 1542 2275 1572 2305; x_wconf 89' lang='lat' dir='ltr'>in</span> <span class='ocrx_word' id='word_1_1085' title='bbox 1586 2273 1693 2311; x_wconf 80' lang='lat' dir='ltr'>Regno</span> <span class='ocrx_word' id='word_1_1086' title='bbox 1709 2272 1841 2311; x_wconf 82' lang='lat' dir='ltr'>Angliae,</span> <span class='ocrx_word' id='word_1_1087' title='bbox 1857 2272 1892 2303; x_wconf 86' lang='lat' dir='ltr'>ad</span> <span class='ocrx_word' id='word_1_1088' title='bbox 1907 2273 2063 2304; x_wconf 82' lang='lat' dir='ltr'>Ter-minos</span> <span class='ocrx_word' id='word_1_1089' title='bbox 2085 2284 2135 2312; x_wconf 86' lang='lat' dir='ltr'>per</span> <span class='ocrx_word' id='word_1_1090' title='bbox 2156 2275 2250 2307; x_wconf 84' lang='lat' dir='ltr'>Partes</span> <span class='ocrx_word' id='word_1_1091' title='bbox 2270 2287 2343 2308; x_wconf 91' lang='lat' dir='ltr'>con-</span> 
     </span>
     <span class='ocr_line' id='line_1_155' title="bbox 1280 2324 1440 2345; baseline -0.006 0"><span class='ocrx_word' id='word_1_1092' title='bbox 1280 2325 1331 2345; x_wconf 86' lang='lat' dir='ltr'>cor</span> <span class='ocrx_word' id='word_1_1093' title='bbox 1354 2325 1387 2344; x_wconf 88' lang='lat' dir='ltr'>an</span> <span class='ocrx_word' id='word_1_1094' title='bbox 1407 2324 1440 2344; x_wconf 87' lang='lat' dir='ltr'>os</span> 
     </span>
    </p>

    <p class='ocr_par' dir='ltr' id='par_1_49' title="bbox 1280 2336 2345 2506">
     <span class='ocr_line' id='line_1_156' title="bbox 1318 2336 2343 2390; baseline 0 -6"><span class='ocrx_word' id='word_1_1095' title='bbox 1318 2353 1363 2384; x_wconf 76' lang='lat' dir='ltr'>I&#39;r</span> <span class='ocrx_word' id='word_1_1096' title='bbox 1375 2361 1429 2383; x_wconf 76' lang='lat' dir='ltr'>EM</span> <span class='ocrx_word' id='word_1_1097' title='bbox 1439 2336 1542 2390; x_wconf 71' lang='lat' dir='ltr'>,’quod</span> <span class='ocrx_word' id='word_1_1098' title='bbox 1558 2352 1649 2381; x_wconf 84' lang='lat' dir='ltr'>mittet</span> <span class='ocrx_word' id='word_1_1099' title='bbox 1662 2350 1780 2381; x_wconf 83' lang='lat' dir='ltr'>eandem</span> <span class='ocrx_word' id='word_1_1100' title='bbox 1789 2350 1869 2389; x_wconf 80' lang='lat' dir='ltr'>suam</span> <span class='ocrx_word' id='word_1_1101' title='bbox 1884 2348 1981 2379; x_wconf 73' lang='lat' dir='ltr'>Filiam</span> <span class='ocrx_word' id='word_1_1102' title='bbox 1997 2351 2047 2388; x_wconf 79' lang='lat' dir='ltr'>ipfi</span> <span class='ocrx_word' id='word_1_1103' title='bbox 2063 2350 2199 2383; x_wconf 81' lang='lat' dir='ltr'>Domino</span> <span class='ocrx_word' id='word_1_1104' title='bbox 2207 2354 2343 2384; x_wconf 82' lang='lat' dir='ltr'>Ludowi-</span> 
     </span>
     <span class='ocr_line' id='line_1_157' title="bbox 1280 2388 2345 2430; baseline 0.002 -9"><span class='ocrx_word' id='word_1_1105' title='bbox 1280 2403 1307 2421; x_wconf 90' lang='lat' dir='ltr'>co</span> <span class='ocrx_word' id='word_1_1106' title='bbox 1321 2391 1408 2421; x_wconf 83' lang='lat' dir='ltr'>taliter</span> <span class='ocrx_word' id='word_1_1107' title='bbox 1430 2391 1558 2420; x_wconf 88' lang='lat' dir='ltr'>fulcitam</span> <span class='ocrx_word' id='word_1_1108' title='bbox 1577 2388 1813 2426; x_wconf 76' lang='lat' dir='ltr'>Pamfarnalibus‚</span> <span class='ocrx_word' id='word_1_1109' title='bbox 1833 2388 1994 2427; x_wconf 76' lang='lat' dir='ltr'>jocalibus,</span> <span class='ocrx_word' id='word_1_1110' title='bbox 2019 2390 2052 2420; x_wconf 60' lang='grc' dir='ltr'>ὃς</span> <span class='ocrx_word' id='word_1_1111' title='bbox 2070 2389 2240 2430; x_wconf 84' lang='lat' dir='ltr'>Ornatibus,</span> <span class='ocrx_word' id='word_1_1112' title='bbox 2259 2401 2345 2430; x_wconf 75' lang='lat' dir='ltr'>prout</span> 
     </span>
     <span class='ocr_line' id='line_1_158' title="bbox 1281 2427 2344 2468; baseline 0.003 -8"><span class='ocrx_word' id='word_1_1113' title='bbox 1281 2430 1364 2461; x_wconf 83' lang='lat' dir='ltr'>decet</span> <span class='ocrx_word' id='word_1_1114' title='bbox 1377 2429 1498 2468; x_wconf 84' lang='lat' dir='ltr'>Regiam</span> <span class='ocrx_word' id='word_1_1115' title='bbox 1513 2427 1702 2465; x_wconf 75' lang='lat' dir='ltr'>Magestatem</span> <span class='ocrx_word' id='word_1_1116' title='bbox 1717 2428 1884 2465; x_wconf 82' lang='lat' dir='ltr'>utrobique,</span> <span class='ocrx_word' id='word_1_1117' title='bbox 1900 2437 1934 2457; x_wconf 82' lang='lat' dir='ltr'>ac</span> <span class='ocrx_word' id='word_1_1118' title='bbox 1946 2427 2109 2459; x_wconf 85' lang='lat' dir='ltr'>Senioribus</span> <span class='ocrx_word' id='word_1_1119' title='bbox 2124 2429 2196 2459; x_wconf 88' lang='lat' dir='ltr'>Filio</span> <span class='ocrx_word' id='word_1_1120' title='bbox 2217 2441 2250 2461; x_wconf 90' lang='lat' dir='ltr'>ac</span> <span class='ocrx_word' id='word_1_1121' title='bbox 2265 2431 2344 2463; x_wconf 81' lang='lat' dir='ltr'>Filiae</span> 
     </span>
     <span class='ocr_line' id='line_1_159' title="bbox 1284 2465 2092 2506; baseline -0.002 -8"><span class='ocrx_word' id='word_1_1122' title='bbox 1284 2468 1404 2505; x_wconf 84' lang='lat' dir='ltr'>Regum</span> <span class='ocrx_word' id='word_1_1123' title='bbox 1418 2467 1556 2506; x_wconf 85' lang='lat' dir='ltr'>utriusque</span> <span class='ocrx_word' id='word_1_1124' title='bbox 1571 2466 1646 2497; x_wconf 87' lang='lat' dir='ltr'>cedit</span> <span class='ocrx_word' id='word_1_1125' title='bbox 1658 2466 1693 2496; x_wconf 88' lang='lat' dir='ltr'>ad</span> <span class='ocrx_word' id='word_1_1126' title='bbox 1710 2465 1862 2496; x_wconf 78' lang='lat' dir='ltr'>Honorem</span> <span class='ocrx_word' id='word_1_1127' title='bbox 1880 2467 1913 2496; x_wconf 70' lang='grc' dir='ltr'>ὃς</span> <span class='ocrx_word' id='word_1_1128' title='bbox 1930 2465 2092 2505; x_wconf 87' lang='lat' dir='ltr'>Decorem,</span> 
     </span>
    </p>

    <p class='ocr_par' dir='ltr' id='par_1_50' title="bbox 1280 2503 2345 2813">
     <span class='ocr_line' id='line_1_160' title="bbox 1321 2503 2345 2544; baseline 0.001 -7"><span class='ocrx_word' id='word_1_1129' title='bbox 1321 2505 1450 2543; x_wconf 76' lang='lat' dir='ltr'>ITEM,</span> <span class='ocrx_word' id='word_1_1130' title='bbox 1480 2504 1575 2543; x_wconf 87' lang='lat' dir='ltr'>quod,</span> <span class='ocrx_word' id='word_1_1131' title='bbox 1599 2506 1629 2534; x_wconf 86' lang='lat' dir='ltr'>in</span> <span class='ocrx_word' id='word_1_1132' title='bbox 1655 2503 1914 2542; x_wconf 68' lang='lat' dir='ltr'>conpensationem</span> <span class='ocrx_word' id='word_1_1133' title='bbox 1941 2503 2172 2544; x_wconf 79' lang='lat' dir='ltr'>Praemiisorum,</span> <span class='ocrx_word' id='word_1_1134' title='bbox 2198 2504 2345 2538; x_wconf 86' lang='lat' dir='ltr'>Dominus</span> 
     </span>
     <span class='ocr_line' id='line_1_161' title="bbox 1281 2541 2344 2583; baseline 0.003 -10"><span class='ocrx_word' id='word_1_1135' title='bbox 1281 2549 1413 2583; x_wconf 79' lang='lat' dir='ltr'>Rupertus</span> <span class='ocrx_word' id='word_1_1136' title='bbox 1432 2548 1491 2573; x_wconf 76' lang='lat' dir='ltr'>Rex</span> <span class='ocrx_word' id='word_1_1137' title='bbox 1509 2547 1698 2580; x_wconf 80' lang='lat' dir='ltr'>Romanorum,</span> <span class='ocrx_word' id='word_1_1138' title='bbox 1715 2545 1747 2573; x_wconf 85' lang='lat'>&amp;</span> <span class='ocrx_word' id='word_1_1139' title='bbox 1765 2544 1822 2580; x_wconf 79' lang='lat' dir='ltr'>ejus</span> <span class='ocrx_word' id='word_1_1140' title='bbox 1842 2542 1923 2572; x_wconf 86' lang='lat' dir='ltr'>Filius</span> <span class='ocrx_word' id='word_1_1141' title='bbox 1941 2541 2086 2573; x_wconf 88' lang='lat' dir='ltr'>Dominus</span> <span class='ocrx_word' id='word_1_1142' title='bbox 2106 2545 2275 2575; x_wconf 75' lang='lat' dir='ltr'>-Ludowicus</span> <span class='ocrx_word' id='word_1_1143' title='bbox 2294 2546 2344 2576; x_wconf 81' lang='lat' dir='ltr'>sae-</span> 
     </span>
     <span class='ocr_line' id='line_1_162' title="bbox 1280 2580 2345 2623; baseline 0.008 -16"><span class='ocrx_word' id='word_1_1144' title='bbox 1280 2585 1385 2621; x_wconf 56' lang='lat' dir='ltr'>pffffl,</span> <span class='ocrx_word' id='word_1_1145' title='bbox 1401 2582 1590 2620; x_wconf 74' lang='lat' dir='ltr'>Affignabunt</span> <span class='ocrx_word' id='word_1_1146' title='bbox 1608 2581 1729 2619; x_wconf 75' lang='lat' dir='ltr'>praefatae</span> <span class='ocrx_word' id='word_1_1147' title='bbox 1745 2580 1886 2611; x_wconf 80' lang='lat' dir='ltr'>Dominae</span> <span class='ocrx_word' id='word_1_1148' title='bbox 1905 2580 2046 2610; x_wconf 77' lang='lat' dir='ltr'>Blanchiae</span> <span class='ocrx_word' id='word_1_1149' title='bbox 2070 2583 2105 2612; x_wconf 83' lang='lat' dir='ltr'>ad</span> <span class='ocrx_word' id='word_1_1150' title='bbox 2129 2582 2225 2613; x_wconf 84' lang='lat' dir='ltr'>Vitam</span> <span class='ocrx_word' id='word_1_1151' title='bbox 2249 2584 2345 2623; x_wconf 83' lang='lat' dir='ltr'>suam,-</span> 
     </span>
     <span class='ocr_line' id='line_1_163' title="bbox 1282 2619 2345 2663; baseline 0 -10"><span class='ocrx_word' id='word_1_1152' title='bbox 1282 2624 1333 2661; x_wconf 86' lang='lat'>&amp;,</span> <span class='ocrx_word' id='word_1_1153' title='bbox 1361 2621 1425 2660; x_wconf 86' lang='lat' dir='ltr'>post</span> <span class='ocrx_word' id='word_1_1154' title='bbox 1451 2621 1533 2659; x_wconf 83' lang='lat' dir='ltr'>ipsius</span> <span class='ocrx_word' id='word_1_1155' title='bbox 1557 2621 1684 2657; x_wconf 82' lang='lat' dir='ltr'>obitum,</span> <span class='ocrx_word' id='word_1_1156' title='bbox 1716 2619 1885 2650; x_wconf 64' lang='lat' dir='ltr'>Ham-edibus</span> <span class='ocrx_word' id='word_1_1157' title='bbox 1904 2619 1943 2663; x_wconf 62' lang='grc' dir='ltr'>ῥεῖ</span> <span class='ocrx_word' id='word_1_1158' title='bbox 1967 2619 2125 2657; x_wconf 83' lang='lat' dir='ltr'>hujusmodi</span> <span class='ocrx_word' id='word_1_1159' title='bbox 2153 2621 2345 2653; x_wconf 86' lang='lat' dir='ltr'>Matrimonio</span> 
     </span>
     <span class='ocr_line' id='line_1_164' title="bbox 1282 2657 2345 2699; baseline 0 -8"><span class='ocrx_word' id='word_1_1160' title='bbox 1282 2661 1434 2699; x_wconf 80' lang='lat' dir='ltr'>procreatis</span> <span class='ocrx_word' id='word_1_1161' title='bbox 1452 2660 1577 2697; x_wconf 82' lang='lat' dir='ltr'>dabunt,</span> <span class='ocrx_word' id='word_1_1162' title='bbox 1595 2659 1713 2688; x_wconf 87' lang='lat' dir='ltr'>nomine</span> <span class='ocrx_word' id='word_1_1163' title='bbox 1731 2659 1764 2688; x_wconf 68' lang='grc' dir='ltr'>δε</span> <span class='ocrx_word' id='word_1_1164' title='bbox 1782 2667 1816 2688; x_wconf 77' lang='lat' dir='ltr'>ex</span> <span class='ocrx_word' id='word_1_1165' title='bbox 1834 2667 1916 2688; x_wconf 73' lang='lat' dir='ltr'>causa</span> <span class='ocrx_word' id='word_1_1166' title='bbox 1936 2657 2106 2688; x_wconf 74' lang='lat' dir='ltr'>Donationis</span> <span class='ocrx_word' id='word_1_1167' title='bbox 2124 2668 2238 2698; x_wconf 83' lang='lat' dir='ltr'>propter</span> <span class='ocrx_word' id='word_1_1168' title='bbox 2255 2661 2345 2698; x_wconf 88' lang='lat' dir='ltr'>Nup-</span> 
     </span>
     <span class='ocr_line' id='line_1_165' title="bbox 1281 2695 2344 2736; baseline 0.001 -7"><span class='ocrx_word' id='word_1_1169' title='bbox 1281 2701 1346 2736; x_wconf 83' lang='lat' dir='ltr'>tias,</span> <span class='ocrx_word' id='word_1_1170' title='bbox 1371 2697 1485 2736; x_wconf 79' lang='lat' dir='ltr'>Castra,</span> <span class='ocrx_word' id='word_1_1171' title='bbox 1511 2698 1630 2735; x_wconf 87' lang='lat' dir='ltr'>Terras,</span> <span class='ocrx_word' id='word_1_1172' title='bbox 1657 2696 1812 2734; x_wconf 87' lang='lat' dir='ltr'>Doniinia,</span> <span class='ocrx_word' id='word_1_1173' title='bbox 1839 2695 2041 2735; x_wconf 76' lang='lat' dir='ltr'>Poii&#39;effioncs,</span> <span class='ocrx_word' id='word_1_1174' title='bbox 2058 2697 2144 2727; x_wconf 79' lang='lat' dir='ltr'>Villas</span> <span class='ocrx_word' id='word_1_1175' title='bbox 2193 2698 2292 2729; x_wconf 86' lang='lat' dir='ltr'>Curias</span> <span class='ocrx_word' id='word_1_1176' title='bbox 2310 2701 2344 2731; x_wconf 65' lang='grc' dir='ltr'>ὃ(</span> 
     </span>
     <span class='ocr_line' id='line_1_166' title="bbox 1284 2721 2345 2775; baseline -0.001 -7"><span class='ocrx_word' id='word_1_1177' title='bbox 1284 2738 1395 2768; x_wconf 76' lang='lat' dir='ltr'>Praedia</span> <span class='ocrx_word' id='word_1_1178' title='bbox 1407 2736 1485 2775; x_wconf 70' lang='lat' dir='ltr'>juxta</span> <span class='ocrx_word' id='word_1_1179' title='bbox 1503 2735 1640 2773; x_wconf 84' lang='lat' dir='ltr'>Renum,</span> <span class='ocrx_word' id='word_1_1180' title='bbox 1658 2734 1703 2766; x_wconf 92' lang='lat' dir='ltr'>vel</span> <span class='ocrx_word' id='word_1_1181' title='bbox 1722 2736 1749 2764; x_wconf 92' lang='lat' dir='ltr'>in</span> <span class='ocrx_word' id='word_1_1182' title='bbox 1771 2734 1884 2765; x_wconf 88' lang='lat' dir='ltr'>Ducatu</span> <span class='ocrx_word' id='word_1_1183' title='bbox 1911 2734 2046 2773; x_wconf 67' lang='lat' dir='ltr'>Bwariae,</span> <span class='ocrx_word' id='word_1_1184' title='bbox 2071 2736 2103 2766; x_wconf 85' lang='lat' dir='ltr'>ad</span> <span class='ocrx_word' id='word_1_1185' title='bbox 2132 2721 2262 2767; x_wconf 67' lang='lat' dir='ltr'>xfaiorem</span> <span class='ocrx_word' id='word_1_1186' title='bbox 2284 2737 2345 2768; x_wconf 87' lang='lat' dir='ltr'>An-</span> 
     </span>
     <span class='ocr_line' id='line_1_167' title="bbox 1282 2773 2345 2813; baseline -0.001 -6"><span class='ocrx_word' id='word_1_1187' title='bbox 1282 2786 1370 2807; x_wconf 86' lang='lat' dir='ltr'>nuum</span> <span class='ocrx_word' id='word_1_1188' title='bbox 1395 2777 1423 2806; x_wconf 89' lang='lat' dir='ltr'>iv</span> <span class='ocrx_word' id='word_1_1189' title='bbox 1443 2775 1490 2804; x_wconf 90' lang='lat' dir='ltr'>M.</span> <span class='ocrx_word' id='word_1_1190' title='bbox 1512 2774 1681 2805; x_wconf 84' lang='lat' dir='ltr'>eorumdem</span> <span class='ocrx_word' id='word_1_1191' title='bbox 1699 2773 1867 2811; x_wconf 88' lang='lat' dir='ltr'>Nobilium,</span> <span class='ocrx_word' id='word_1_1192' title='bbox 1885 2773 2026 2811; x_wconf 83' lang='lat' dir='ltr'>ipsamque</span> <span class='ocrx_word' id='word_1_1193' title='bbox 2046 2775 2074 2803; x_wconf 92' lang='lat' dir='ltr'>in</span> <span class='ocrx_word' id='word_1_1194' title='bbox 2098 2774 2255 2813; x_wconf 87' lang='lat' dir='ltr'>Dominiis,</span> <span class='ocrx_word' id='word_1_1195' title='bbox 2273 2775 2345 2806; x_wconf 85' lang='lat' dir='ltr'>Cas-</span> 
     </span>
    </p>
   </div>
   <div class='ocr_carea' id='block_1_23' title="bbox 1277 2810 2347 2853">
    <p class='ocr_par' dir='ltr' id='par_1_51' title="bbox 1277 2810 2347 2853">
     <span class='ocr_line' id='line_1_168' title="bbox 1277 2810 2347 2853; baseline -0.001 -8"><span class='ocrx_word' id='word_1_1196' title='bbox 1277 2816 1348 2853; x_wconf 64' lang='lat' dir='ltr'>tris,</span> <span class='ocrx_word' id='word_1_1197' title='bbox 1373 2814 1486 2852; x_wconf 86' lang='lat' dir='ltr'>Terris,</span> <span class='ocrx_word' id='word_1_1198' title='bbox 1514 2810 1751 2849; x_wconf 81' lang='lat' dir='ltr'>Possessionibus,</span> <span class='ocrx_word' id='word_1_1199' title='bbox 1770 2811 1863 2849; x_wconf 80' lang='lat' dir='ltr'>Villis,</span> <span class='ocrx_word' id='word_1_1200' title='bbox 1880 2811 1974 2841; x_wconf 87' lang='lat' dir='ltr'>Curiis</span> <span class='ocrx_word' id='word_1_1201' title='bbox 1991 2812 2022 2841; x_wconf 66' lang='grc' dir='ltr'>ὃς</span> <span class='ocrx_word' id='word_1_1202' title='bbox 2043 2811 2158 2843; x_wconf 67' lang='lat' dir='ltr'>Prrediis</span> <span class='ocrx_word' id='word_1_1203' title='bbox 2175 2813 2347 2853; x_wconf 83' lang='lat' dir='ltr'>hujusmodi,</span> 
     </span>
    </p>
   </div>
   <div class='ocr_carea' id='block_1_24' title="bbox 1283 2848 2406 4184">
    <p class='ocr_par' dir='ltr' id='par_1_52' title="bbox 1283 2848 2348 3083">
     <span class='ocr_line' id='line_1_169' title="bbox 1284 2848 2346 2891; baseline 0 -8"><span class='ocrx_word' id='word_1_1204' title='bbox 1284 2854 1343 2891; x_wconf 84' lang='lat' dir='ltr'>fibi,</span> <span class='ocrx_word' id='word_1_1205' title='bbox 1358 2853 1391 2883; x_wconf 70' lang='lat' dir='ltr'>&amp;c</span> <span class='ocrx_word' id='word_1_1206' title='bbox 1409 2851 1579 2882; x_wconf 68' lang='lat' dir='ltr'>Haeredibus</span> <span class='ocrx_word' id='word_1_1207' title='bbox 1598 2851 1649 2881; x_wconf 85' lang='lat' dir='ltr'>suis</span> <span class='ocrx_word' id='word_1_1208' title='bbox 1666 2849 1822 2887; x_wconf 70' lang='lat' dir='ltr'>hujuitnodi</span> <span class='ocrx_word' id='word_1_1209' title='bbox 1843 2848 2021 2887; x_wconf 72' lang='lat' dir='ltr'>possidendis,</span> <span class='ocrx_word' id='word_1_1210' title='bbox 2039 2850 2207 2882; x_wconf 84' lang='lat' dir='ltr'>sufficienter</span> <span class='ocrx_word' id='word_1_1211' title='bbox 2225 2852 2258 2882; x_wconf 91' lang='lat'>&amp;</span> <span class='ocrx_word' id='word_1_1212' title='bbox 2273 2853 2346 2890; x_wconf 85' lang='lat' dir='ltr'>legi-</span> 
     </span>
     <span class='ocr_line' id='line_1_170' title="bbox 1284 2887 2347 2927; baseline -0.002 -5"><span class='ocrx_word' id='word_1_1213' title='bbox 1284 2893 1355 2923; x_wconf 72' lang='lat' dir='ltr'>time</span> <span class='ocrx_word' id='word_1_1214' title='bbox 1374 2889 1550 2927; x_wconf 78' lang='lat' dir='ltr'>feoffiibunr,</span> <span class='ocrx_word' id='word_1_1215' title='bbox 1568 2890 1601 2920; x_wconf 65' lang='grc' dir='ltr'>ὃς</span> <span class='ocrx_word' id='word_1_1216' title='bbox 1618 2889 1692 2922; x_wconf 65' lang='lat' dir='ltr'>clam</span> <span class='ocrx_word' id='word_1_1217' title='bbox 1712 2888 1832 2926; x_wconf 72' lang='lat' dir='ltr'>facient,</span> <span class='ocrx_word' id='word_1_1218' title='bbox 1851 2888 1883 2918; x_wconf 75' lang='grc' dir='ltr'>ὃ(</span> <span class='ocrx_word' id='word_1_1219' title='bbox 1899 2887 2090 2919; x_wconf 67' lang='lat' dir='ltr'>assecurabunt</span> <span class='ocrx_word' id='word_1_1220' title='bbox 2115 2892 2248 2927; x_wconf 78' lang='lat' dir='ltr'>congruis</span> <span class='ocrx_word' id='word_1_1221' title='bbox 2267 2891 2347 2922; x_wconf 87' lang='lat' dir='ltr'>Lite-</span> 
     </span>
     <span class='ocr_line' id='line_1_171' title="bbox 1284 2926 2347 2966; baseline 0 -6"><span class='ocrx_word' id='word_1_1222' title='bbox 1284 2931 1318 2961; x_wconf 81' lang='lat' dir='ltr'>ris</span> <span class='ocrx_word' id='word_1_1223' title='bbox 1343 2929 1522 2966; x_wconf 83' lang='lat' dir='ltr'>Parentibus,</span> <span class='ocrx_word' id='word_1_1224' title='bbox 1546 2939 1580 2958; x_wconf 82' lang='lat' dir='ltr'>ac</span> <span class='ocrx_word' id='word_1_1225' title='bbox 1607 2929 1636 2956; x_wconf 88' lang='lat' dir='ltr'>iii</span> <span class='ocrx_word' id='word_1_1226' title='bbox 1663 2926 1863 2957; x_wconf 73' lang='lat' dir='ltr'>Poffeffionem</span> <span class='ocrx_word' id='word_1_1227' title='bbox 1887 2927 2050 2957; x_wconf 87' lang='lat' dir='ltr'>corumdem</span> <span class='ocrx_word' id='word_1_1228' title='bbox 2075 2928 2159 2964; x_wconf 67' lang='lat' dir='ltr'>ipsam</span> <span class='ocrx_word' id='word_1_1229' title='bbox 2187 2928 2347 2960; x_wconf 85' lang='lat' dir='ltr'>Dominam</span> 
     </span>
     <span class='ocr_line' id='line_1_172' title="bbox 1285 2964 2348 3005; baseline 0 -7"><span class='ocrx_word' id='word_1_1230' title='bbox 1285 2968 1450 2998; x_wconf 78' lang='lat' dir='ltr'>Blanchiam</span> <span class='ocrx_word' id='word_1_1231' title='bbox 1470 2967 1515 2998; x_wconf 78' lang='lat' dir='ltr'>seu</span> <span class='ocrx_word' id='word_1_1232' title='bbox 1533 2966 1613 3004; x_wconf 80' lang='lat' dir='ltr'>ipsius</span> <span class='ocrx_word' id='word_1_1233' title='bbox 1631 2965 1664 2995; x_wconf 85' lang='lat' dir='ltr'>ad</span> <span class='ocrx_word' id='word_1_1234' title='bbox 1682 2965 1739 2995; x_wconf 87' lang='lat' dir='ltr'>hoc</span> <span class='ocrx_word' id='word_1_1235' title='bbox 1758 2965 1920 2995; x_wconf 77' lang='lat' dir='ltr'>Artornatos</span> <span class='ocrx_word' id='word_1_1236' title='bbox 1937 2964 2084 3003; x_wconf 85' lang='lat' dir='ltr'>Imittent,</span> <span class='ocrx_word' id='word_1_1237' title='bbox 2102 2975 2228 3005; x_wconf 83' lang='lat' dir='ltr'>ponent,</span> <span class='ocrx_word' id='word_1_1238' title='bbox 2253 2968 2285 2998; x_wconf 71' lang='grc' dir='ltr'>δε</span> <span class='ocrx_word' id='word_1_1239' title='bbox 2304 2969 2348 2998; x_wconf 89' lang='lat' dir='ltr'>in-</span> 
     </span>
     <span class='ocr_line' id='line_1_173' title="bbox 1283 3002 2348 3041; baseline 0 -4"><span class='ocrx_word' id='word_1_1240' title='bbox 1283 3008 1388 3038; x_wconf 87' lang='lat' dir='ltr'>ducent</span> <span class='ocrx_word' id='word_1_1241' title='bbox 1405 3006 1511 3036; x_wconf 81' lang='lat' dir='ltr'>realiter</span> <span class='ocrx_word' id='word_1_1242' title='bbox 1530 3006 1563 3035; x_wconf 85' lang='lat'>&amp;</span> <span class='ocrx_word' id='word_1_1243' title='bbox 1582 3013 1649 3035; x_wconf 90' lang='lat' dir='ltr'>cum</span> <span class='ocrx_word' id='word_1_1244' title='bbox 1669 3003 1783 3041; x_wconf 57' lang='lat' dir='ltr'>effestu,</span> <span class='ocrx_word' id='word_1_1245' title='bbox 1799 3012 1860 3034; x_wconf 89' lang='lat' dir='ltr'>ante</span> <span class='ocrx_word' id='word_1_1246' title='bbox 1879 3002 2169 3041; x_wconf 83' lang='lat' dir='ltr'>Solempnizationem</span> <span class='ocrx_word' id='word_1_1247' title='bbox 2189 3005 2348 3037; x_wconf 86' lang='lat' dir='ltr'>Matrimo-</span> 
     </span>
     <span class='ocr_line' id='line_1_174' title="bbox 1285 3044 1510 3083; baseline -0.013 -7"><span class='ocrx_word' id='word_1_1248' title='bbox 1285 3047 1324 3076; x_wconf 88' lang='lat' dir='ltr'>nii</span> <span class='ocrx_word' id='word_1_1249' title='bbox 1343 3044 1489 3083; x_wconf 68' lang='lat' dir='ltr'>supradieti</span> <span class='ocrx_word' id='word_1_1250' title='bbox 1501 3066 1510 3081; x_wconf 89' lang='lat'>,</span> 
     </span>
    </p>

    <p class='ocr_par' dir='ltr' id='par_1_53' title="bbox 1285 3079 2350 3430">
     <span class='ocr_line' id='line_1_175' title="bbox 1327 3079 2349 3121; baseline -0.001 -9"><span class='ocrx_word' id='word_1_1251' title='bbox 1327 3084 1374 3115; x_wconf 78' lang='lat' dir='ltr'>lT</span> <span class='ocrx_word' id='word_1_1252' title='bbox 1387 3094 1404 3115; x_wconf 72' lang='lat' dir='ltr'>E</span> <span class='ocrx_word' id='word_1_1253' title='bbox 1417 3091 1461 3121; x_wconf 83' lang='lat' dir='ltr'>M,</span> <span class='ocrx_word' id='word_1_1254' title='bbox 1481 3081 1560 3120; x_wconf 72' lang='lat' dir='ltr'>quod</span> <span class='ocrx_word' id='word_1_1255' title='bbox 1575 3081 1701 3118; x_wconf 64' lang='lat' dir='ltr'>praefatus</span> <span class='ocrx_word' id='word_1_1256' title='bbox 1716 3079 1861 3111; x_wconf 84' lang='lat' dir='ltr'>Dominus</span> <span class='ocrx_word' id='word_1_1257' title='bbox 1882 3080 2015 3110; x_wconf 79' lang='lat' dir='ltr'>Henricus</span> <span class='ocrx_word' id='word_1_1258' title='bbox 2037 3084 2097 3110; x_wconf 83' lang='lat' dir='ltr'>Rex</span> <span class='ocrx_word' id='word_1_1259' title='bbox 2113 3081 2242 3121; x_wconf 78' lang='lat' dir='ltr'>Angliae,</span> <span class='ocrx_word' id='word_1_1260' title='bbox 2261 3083 2349 3114; x_wconf 84' lang='lat' dir='ltr'>Anno</span> 
     </span>
     <span class='ocr_line' id='line_1_176' title="bbox 1286 3118 2350 3157; baseline -0.004 -4"><span class='ocrx_word' id='word_1_1261' title='bbox 1286 3133 1302 3153; x_wconf 90' lang='lat' dir='ltr'>a</span> <span class='ocrx_word' id='word_1_1262' title='bbox 1327 3120 1485 3152; x_wconf 87' lang='lat' dir='ltr'>Nativitate</span> <span class='ocrx_word' id='word_1_1263' title='bbox 1514 3119 1639 3150; x_wconf 90' lang='lat' dir='ltr'>Domini</span> <span class='ocrx_word' id='word_1_1264' title='bbox 1662 3126 1827 3156; x_wconf 83' lang='lat' dir='ltr'>computato</span> <span class='ocrx_word' id='word_1_1265' title='bbox 1852 3118 2024 3157; x_wconf 81' lang='lat' dir='ltr'>Milleiimo,</span> <span class='ocrx_word' id='word_1_1266' title='bbox 2057 3120 2350 3157; x_wconf 79' lang='lat' dir='ltr'>Quadringentefimo</span> 
     </span>
     <span class='ocr_line' id='line_1_177' title="bbox 1285 3156 2347 3197; baseline 0 -7"><span class='ocrx_word' id='word_1_1267' title='bbox 1285 3161 1436 3197; x_wconf 86' lang='lat' dir='ltr'>Secundo,</span> <span class='ocrx_word' id='word_1_1268' title='bbox 1456 3159 1591 3197; x_wconf 73' lang='lat' dir='ltr'>proximo</span> <span class='ocrx_word' id='word_1_1269' title='bbox 1611 3166 1747 3195; x_wconf 84' lang='lat' dir='ltr'>venturo,</span> <span class='ocrx_word' id='word_1_1270' title='bbox 1764 3157 1826 3194; x_wconf 82' lang='lat' dir='ltr'>post</span> <span class='ocrx_word' id='word_1_1271' title='bbox 1847 3156 1961 3187; x_wconf 85' lang='lat' dir='ltr'>Festum</span> <span class='ocrx_word' id='word_1_1272' title='bbox 1981 3157 2109 3195; x_wconf 69' lang='lat' dir='ltr'>Paschae,</span> <span class='ocrx_word' id='word_1_1273' title='bbox 2136 3159 2169 3188; x_wconf 87' lang='lat'>&amp;</span> <span class='ocrx_word' id='word_1_1274' title='bbox 2187 3169 2251 3190; x_wconf 80' lang='lat' dir='ltr'>ante</span> <span class='ocrx_word' id='word_1_1275' title='bbox 2268 3160 2347 3190; x_wconf 89' lang='lat' dir='ltr'>diem</span> 
     </span>
     <span class='ocr_line' id='line_1_178' title="bbox 1287 3195 2348 3236; baseline -0.001 -7"><span class='ocrx_word' id='word_1_1276' title='bbox 1287 3200 1476 3230; x_wconf 78' lang='lat' dir='ltr'>Dominicam</span> <span class='ocrx_word' id='word_1_1277' title='bbox 1486 3221 1495 3236; x_wconf 88' lang='lat'>,</span> <span class='ocrx_word' id='word_1_1278' title='bbox 1514 3206 1571 3235; x_wconf 87' lang='lat' dir='ltr'>quo</span> <span class='ocrx_word' id='word_1_1279' title='bbox 1588 3195 1729 3226; x_wconf 85' lang='lat' dir='ltr'>decantari</span> <span class='ocrx_word' id='word_1_1280' title='bbox 1747 3195 1824 3233; x_wconf 86' lang='lat' dir='ltr'>solet,</span> <span class='ocrx_word' id='word_1_1281' title='bbox 1843 3205 1895 3233; x_wconf 88' lang='lat' dir='ltr'>pro</span> <span class='ocrx_word' id='word_1_1282' title='bbox 1914 3196 2028 3226; x_wconf 88' lang='lat' dir='ltr'>introitu</span> <span class='ocrx_word' id='word_1_1283' title='bbox 2052 3196 2157 3234; x_wconf 71' lang='lat' dir='ltr'>Miisae,</span> <span class='ocrx_word' id='word_1_1284' title='bbox 2171 3197 2220 3234; x_wconf 83' lang='lat' dir='ltr'>JU</span> <span class='ocrx_word' id='word_1_1285' title='bbox 2232 3207 2269 3228; x_wconf 85' lang='lat' dir='ltr'>nt</span> <span class='ocrx_word' id='word_1_1286' title='bbox 2280 3207 2300 3228; x_wconf 81' lang='lat' dir='ltr'>L</span> <span class='ocrx_word' id='word_1_1287' title='bbox 2312 3208 2348 3228; x_wconf 80' lang='lat' dir='ltr'>A-</span> 
     </span>
     <span class='ocr_line' id='line_1_179' title="bbox 1287 3233 2348 3275; baseline -0.002 -7"><span class='ocrx_word' id='word_1_1288' title='bbox 1287 3247 1339 3268; x_wconf 82' lang='grc' dir='ltr'>ΤΕ</span> <span class='ocrx_word' id='word_1_1289' title='bbox 1362 3236 1515 3275; x_wconf 84' lang='lat' dir='ltr'>(videlicet)</span> <span class='ocrx_word' id='word_1_1290' title='bbox 1537 3235 1649 3265; x_wconf 86' lang='lat' dir='ltr'>tertium</span> <span class='ocrx_word' id='word_1_1291' title='bbox 1668 3234 1746 3264; x_wconf 89' lang='lat' dir='ltr'>diem</span> <span class='ocrx_word' id='word_1_1292' title='bbox 1765 3233 1957 3264; x_wconf 79' lang='lat' dir='ltr'>Dominicum</span> <span class='ocrx_word' id='word_1_1293' title='bbox 1976 3234 2040 3271; x_wconf 85' lang='lat' dir='ltr'>post</span> <span class='ocrx_word' id='word_1_1294' title='bbox 2053 3234 2130 3264; x_wconf 87' lang='lat' dir='ltr'>idem</span> <span class='ocrx_word' id='word_1_1295' title='bbox 2150 3235 2282 3273; x_wconf 83' lang='lat' dir='ltr'>Festum,</span> <span class='ocrx_word' id='word_1_1296' title='bbox 2295 3236 2348 3266; x_wconf 90' lang='lat' dir='ltr'>du-</span> 
     </span>
     <span class='ocr_line' id='line_1_180' title="bbox 1287 3272 2350 3309; baseline -0.003 -2"><span class='ocrx_word' id='word_1_1297' title='bbox 1287 3284 1333 3307; x_wconf 87' lang='lat' dir='ltr'>cet</span> <span class='ocrx_word' id='word_1_1298' title='bbox 1351 3285 1397 3306; x_wconf 79' lang='lat' dir='ltr'>aut</span> <span class='ocrx_word' id='word_1_1299' title='bbox 1413 3275 1481 3305; x_wconf 89' lang='lat' dir='ltr'>duci</span> <span class='ocrx_word' id='word_1_1300' title='bbox 1499 3273 1582 3304; x_wconf 74' lang='lat' dir='ltr'>faciet</span> <span class='ocrx_word' id='word_1_1301' title='bbox 1600 3273 1687 3309; x_wconf 83' lang='lat' dir='ltr'>ipsam</span> <span class='ocrx_word' id='word_1_1302' title='bbox 1702 3275 1775 3302; x_wconf 79' lang='lat' dir='ltr'>luam</span> <span class='ocrx_word' id='word_1_1303' title='bbox 1793 3272 1892 3302; x_wconf 81' lang='lat' dir='ltr'>Filiam</span> <span class='ocrx_word' id='word_1_1304' title='bbox 1912 3272 2057 3303; x_wconf 81' lang='lat' dir='ltr'>Seniorem</span> <span class='ocrx_word' id='word_1_1305' title='bbox 2083 3272 2242 3304; x_wconf 88' lang='lat' dir='ltr'>Dominam</span> <span class='ocrx_word' id='word_1_1306' title='bbox 2269 3274 2350 3305; x_wconf 85' lang='lat' dir='ltr'>Blan-</span> 
     </span>
     <span class='ocr_line' id='line_1_181' title="bbox 1289 3310 2350 3351; baseline -0.003 -6"><span class='ocrx_word' id='word_1_1307' title='bbox 1289 3315 1401 3351; x_wconf 86' lang='lat' dir='ltr'>chiam,</span> <span class='ocrx_word' id='word_1_1308' title='bbox 1420 3313 1530 3343; x_wconf 87' lang='lat' dir='ltr'>Aninio</span> <span class='ocrx_word' id='word_1_1309' title='bbox 1550 3310 1710 3349; x_wconf 86' lang='lat' dir='ltr'>perficiendi</span> <span class='ocrx_word' id='word_1_1310' title='bbox 1734 3310 1949 3340; x_wconf 81' lang='lat' dir='ltr'>Matrimonium</span> <span class='ocrx_word' id='word_1_1311' title='bbox 1967 3310 2000 3340; x_wconf 88' lang='lat'>&amp;</span> <span class='ocrx_word' id='word_1_1312' title='bbox 2019 3319 2118 3341; x_wconf 71' lang='lat' dir='ltr'>caetera</span> <span class='ocrx_word' id='word_1_1313' title='bbox 2138 3312 2350 3349; x_wconf 68' lang='lat' dir='ltr'>1³1-aemiffi‚suis</span> 
     </span>
     <span class='ocr_line' id='line_1_182' title="bbox 1292 3348 2350 3390; baseline -0.002 -7"><span class='ocrx_word' id='word_1_1314' title='bbox 1292 3353 1442 3390; x_wconf 77' lang='lat' dir='ltr'>Expeniis,</span> <span class='ocrx_word' id='word_1_1315' title='bbox 1465 3350 1615 3388; x_wconf 82' lang='lat' dir='ltr'>Periculis,</span> <span class='ocrx_word' id='word_1_1316' title='bbox 1638 3350 1672 3380; x_wconf 88' lang='lat'>&amp;</span> <span class='ocrx_word' id='word_1_1317' title='bbox 1697 3348 1796 3386; x_wconf 78' lang='lat' dir='ltr'>Curis,</span> <span class='ocrx_word' id='word_1_1318' title='bbox 1818 3349 1853 3379; x_wconf 89' lang='lat' dir='ltr'>ad</span> <span class='ocrx_word' id='word_1_1319' title='bbox 1872 3348 2026 3379; x_wconf 80' lang='lat' dir='ltr'>Civitatem</span> <span class='ocrx_word' id='word_1_1320' title='bbox 2046 3349 2235 3387; x_wconf 49' lang='lat' dir='ltr'>iNs‘ietropolim</span> <span class='ocrx_word' id='word_1_1321' title='bbox 2255 3350 2350 3381; x_wconf 90' lang='lat' dir='ltr'>Colo-</span> 
     </span>
     <span class='ocr_line' id='line_1_183' title="bbox 1289 3389 1956 3430; baseline -0.007 -9"><span class='ocrx_word' id='word_1_1322' title='bbox 1289 3392 1366 3422; x_wconf 87' lang='lat' dir='ltr'>niam</span> <span class='ocrx_word' id='word_1_1323' title='bbox 1384 3391 1462 3427; x_wconf 88' lang='lat' dir='ltr'>super</span> <span class='ocrx_word' id='word_1_1324' title='bbox 1484 3389 1617 3427; x_wconf 85' lang='lat' dir='ltr'>Renum,</span> <span class='ocrx_word' id='word_1_1325' title='bbox 1951 3425 1956 3430; x_wconf 30' lang='grc' dir='ltr'>ι</span> 
     </span>
    </p>

    <p class='ocr_par' dir='ltr' id='par_1_54' title="bbox 1290 3424 2352 3735">
     <span class='ocr_line' id='line_1_184' title="bbox 1327 3424 2351 3466; baseline -0.003 -6"><span class='ocrx_word' id='word_1_1326' title='bbox 1327 3429 1374 3459; x_wconf 81' lang='grc' dir='ltr'>Ιτ</span> <span class='ocrx_word' id='word_1_1327' title='bbox 1384 3439 1402 3459; x_wconf 77' lang='grc' dir='ltr'>Ε</span> <span class='ocrx_word' id='word_1_1328' title='bbox 1414 3437 1441 3459; x_wconf 79' lang='lat' dir='ltr'><strong>M</strong></span> <span class='ocrx_word' id='word_1_1329' title='bbox 1451 3451 1459 3466; x_wconf 88' lang='lat'>,</span> <span class='ocrx_word' id='word_1_1330' title='bbox 1475 3427 1554 3465; x_wconf 82' lang='lat' dir='ltr'>quod</span> <span class='ocrx_word' id='word_1_1331' title='bbox 1569 3427 1598 3456; x_wconf 87' lang='lat' dir='ltr'>in</span> <span class='ocrx_word' id='word_1_1332' title='bbox 1613 3425 1689 3456; x_wconf 60' lang='lat' dir='ltr'>dieta</span> <span class='ocrx_word' id='word_1_1333' title='bbox 1705 3425 1829 3456; x_wconf 81' lang='lat' dir='ltr'>Civitate</span> <span class='ocrx_word' id='word_1_1334' title='bbox 1851 3424 2014 3456; x_wconf 70' lang='lat' dir='ltr'>Coloniensi</span> <span class='ocrx_word' id='word_1_1335' title='bbox 2024 3448 2033 3462; x_wconf 88' lang='lat'>,</span> <span class='ocrx_word' id='word_1_1336' title='bbox 2052 3424 2197 3456; x_wconf 84' lang='lat' dir='ltr'>Dominus</span> <span class='ocrx_word' id='word_1_1337' title='bbox 2217 3429 2351 3465; x_wconf 69' lang='lat' dir='ltr'>Rupertus</span> 
     </span>
     <span class='ocr_line' id='line_1_185' title="bbox 1291 3463 2351 3501; baseline 0 -5"><span class='ocrx_word' id='word_1_1338' title='bbox 1291 3470 1350 3497; x_wconf 81' lang='lat' dir='ltr'>Rex</span> <span class='ocrx_word' id='word_1_1339' title='bbox 1370 3470 1548 3496; x_wconf 80' lang='lat' dir='ltr'>Romanorum</span> <span class='ocrx_word' id='word_1_1340' title='bbox 1563 3475 1596 3495; x_wconf 87' lang='lat' dir='ltr'>ac</span> <span class='ocrx_word' id='word_1_1341' title='bbox 1613 3465 1704 3495; x_wconf 68' lang='lat' dir='ltr'>dietus</span> <span class='ocrx_word' id='word_1_1342' title='bbox 1724 3465 1881 3493; x_wconf 79' lang='lat' dir='ltr'>Lodowicus</span> <span class='ocrx_word' id='word_1_1343' title='bbox 1898 3464 1955 3501; x_wconf 80' lang='lat' dir='ltr'>ejus</span> <span class='ocrx_word' id='word_1_1344' title='bbox 1972 3463 2064 3500; x_wconf 84' lang='lat' dir='ltr'>Filius,</span> <span class='ocrx_word' id='word_1_1345' title='bbox 2084 3463 2170 3501; x_wconf 78' lang='lat' dir='ltr'>ipsam</span> <span class='ocrx_word' id='word_1_1346' title='bbox 2190 3464 2351 3496; x_wconf 86' lang='lat' dir='ltr'>Dominam</span> 
     </span>
     <span class='ocr_line' id='line_1_186' title="bbox 1290 3501 2352 3542; baseline -0.003 -5"><span class='ocrx_word' id='word_1_1347' title='bbox 1290 3505 1468 3541; x_wconf 64' lang='lat' dir='ltr'>Blanclaiam,</span> <span class='ocrx_word' id='word_1_1348' title='bbox 1486 3513 1516 3534; x_wconf 92' lang='lat' dir='ltr'>ut</span> <span class='ocrx_word' id='word_1_1349' title='bbox 1534 3503 1670 3541; x_wconf 86' lang='lat' dir='ltr'>Sponsam</span> <span class='ocrx_word' id='word_1_1350' title='bbox 1687 3503 1874 3541; x_wconf 75' lang='lat' dir='ltr'>deiideratani,</span> <span class='ocrx_word' id='word_1_1351' title='bbox 1893 3512 1940 3539; x_wconf 86' lang='lat' dir='ltr'>per</span> <span class='ocrx_word' id='word_1_1352' title='bbox 1957 3501 2017 3532; x_wconf 87' lang='lat' dir='ltr'>suos</span> <span class='ocrx_word' id='word_1_1353' title='bbox 2035 3503 2177 3541; x_wconf 81' lang='lat' dir='ltr'>condigne</span> <span class='ocrx_word' id='word_1_1354' title='bbox 2197 3503 2352 3542; x_wconf 84' lang='lat' dir='ltr'>suscipient,</span> 
     </span>
     <span class='ocr_line' id='line_1_187' title="bbox 1291 3540 2352 3581; baseline -0.003 -6"><span class='ocrx_word' id='word_1_1355' title='bbox 1291 3555 1324 3575; x_wconf 90' lang='lat' dir='ltr'>ac</span> <span class='ocrx_word' id='word_1_1356' title='bbox 1343 3543 1519 3581; x_wconf 80' lang='lat' dir='ltr'>honorifice,</span> <span class='ocrx_word' id='word_1_1357' title='bbox 1544 3553 1596 3578; x_wconf 76' lang='lat' dir='ltr'>ac,</span> <span class='ocrx_word' id='word_1_1358' title='bbox 1621 3540 1739 3572; x_wconf 82' lang='lat' dir='ltr'>Christo</span> <span class='ocrx_word' id='word_1_1359' title='bbox 1761 3540 1886 3578; x_wconf 73' lang='lat' dir='ltr'>auspice,</span> <span class='ocrx_word' id='word_1_1360' title='bbox 1911 3540 2028 3571; x_wconf 83' lang='lat' dir='ltr'>feliciter</span> <span class='ocrx_word' id='word_1_1361' title='bbox 2047 3550 2145 3570; x_wconf 89' lang='lat' dir='ltr'>eorum</span> <span class='ocrx_word' id='word_1_1362' title='bbox 2169 3541 2300 3579; x_wconf 74' lang='lat' dir='ltr'>Expenlis</span> <span class='ocrx_word' id='word_1_1363' title='bbox 2319 3543 2352 3572; x_wconf 89' lang='lat'>&amp;</span> 
     </span>
     <span class='ocr_line' id='line_1_188' title="bbox 1293 3578 2352 3616; baseline -0.003 -3"><span class='ocrx_word' id='word_1_1364' title='bbox 1293 3583 1372 3613; x_wconf 72' lang='lat' dir='ltr'>Cura</span> <span class='ocrx_word' id='word_1_1365' title='bbox 1389 3583 1493 3612; x_wconf 84' lang='lat' dir='ltr'>ducent</span> <span class='ocrx_word' id='word_1_1366' title='bbox 1511 3580 1545 3611; x_wconf 81' lang='lat' dir='ltr'>ad</span> <span class='ocrx_word' id='word_1_1367' title='bbox 1566 3579 1697 3610; x_wconf 85' lang='lat' dir='ltr'>Castrum</span> <span class='ocrx_word' id='word_1_1368' title='bbox 1717 3580 1750 3610; x_wconf 88' lang='lat'>&amp;</span> <span class='ocrx_word' id='word_1_1369' title='bbox 1769 3579 1899 3616; x_wconf 84' lang='lat' dir='ltr'>Opidinn</span> <span class='ocrx_word' id='word_1_1370' title='bbox 1918 3578 2104 3616; x_wconf 70' lang='lat' dir='ltr'>Heidelberg,</span> <span class='ocrx_word' id='word_1_1371' title='bbox 2124 3588 2177 3615; x_wconf 86' lang='lat' dir='ltr'>pro</span> <span class='ocrx_word' id='word_1_1372' title='bbox 2196 3579 2352 3610; x_wconf 55' lang='lat' dir='ltr'>Matrimo-</span> 
     </span>
     <span class='ocr_line' id='line_1_189' title="bbox 1292 3617 2352 3657; baseline -0.004 -5"><span class='ocrx_word' id='word_1_1373' title='bbox 1292 3623 1342 3652; x_wconf 90' lang='lat' dir='ltr'>nio</span> <span class='ocrx_word' id='word_1_1374' title='bbox 1360 3631 1392 3651; x_wconf 83' lang='lat' dir='ltr'>ac</span> <span class='ocrx_word' id='word_1_1375' title='bbox 1410 3618 1527 3657; x_wconf 80' lang='lat' dir='ltr'>Nuptiis</span> <span class='ocrx_word' id='word_1_1376' title='bbox 1547 3621 1561 3635; x_wconf 57' lang='lat'><strong>⁸</strong></span> <span class='ocrx_word' id='word_1_1377' title='bbox 1582 3617 1757 3656; x_wconf 87' lang='lat' dir='ltr'>hujusmodi,</span> <span class='ocrx_word' id='word_1_1378' title='bbox 1775 3626 1876 3647; x_wconf 72' lang='lat' dir='ltr'>extunc</span> <span class='ocrx_word' id='word_1_1379' title='bbox 1898 3617 2025 3653; x_wconf 66' lang='lat' dir='ltr'>proximi·</span> <span class='ocrx_word' id='word_1_1380' title='bbox 2040 3617 2164 3655; x_wconf 78' lang='lat' dir='ltr'>sequenti</span> <span class='ocrx_word' id='word_1_1381' title='bbox 2183 3617 2352 3654; x_wconf 62' lang='lat' dir='ltr'>Dominici,</span> 
     </span>
     <span class='ocr_line' id='line_1_190' title="bbox 1293 3654 2352 3696; baseline -0.002 -7"><span class='ocrx_word' id='word_1_1382' title='bbox 1293 3658 1465 3690; x_wconf 84' lang='lat' dir='ltr'>celebrandis</span> <span class='ocrx_word' id='word_1_1383' title='bbox 1485 3658 1517 3688; x_wconf 71' lang='grc' dir='ltr'>δε</span> <span class='ocrx_word' id='word_1_1384' title='bbox 1536 3657 1728 3694; x_wconf 76' lang='lat' dir='ltr'>perficiendis,</span> <span class='ocrx_word' id='word_1_1385' title='bbox 1746 3656 1780 3685; x_wconf 88' lang='lat' dir='ltr'>ad</span> <span class='ocrx_word' id='word_1_1386' title='bbox 1800 3654 1929 3685; x_wconf 83' lang='lat' dir='ltr'>Eandem</span> <span class='ocrx_word' id='word_1_1387' title='bbox 1951 3654 2007 3684; x_wconf 87' lang='lat' dir='ltr'>Dei</span> <span class='ocrx_word' id='word_1_1388' title='bbox 2024 3656 2057 3686; x_wconf 83' lang='lat'>&amp;</span> <span class='ocrx_word' id='word_1_1389' title='bbox 2080 3665 2268 3696; x_wconf 84' lang='lat' dir='ltr'>communem</span> <span class='ocrx_word' id='word_1_1390' title='bbox 2287 3657 2352 3687; x_wconf 71' lang='lat' dir='ltr'>La:-</span> 
     </span>
     <span class='ocr_line' id='line_1_191' title="bbox 1293 3695 1804 3735; baseline -0.01 -7"><span class='ocrx_word' id='word_1_1391' title='bbox 1293 3699 1384 3729; x_wconf 88' lang='lat' dir='ltr'>titiam</span> <span class='ocrx_word' id='word_1_1392' title='bbox 1402 3697 1571 3735; x_wconf 82' lang='lat' dir='ltr'>Regnorum</span> <span class='ocrx_word' id='word_1_1393' title='bbox 1596 3695 1804 3733; x_wconf 69' lang='lat' dir='ltr'>praedic&#39;iorum.</span> 
     </span>
    </p>

    <p class='ocr_par' dir='ltr' id='par_1_55' title="bbox 1291 3730 2406 4072">
     <span class='ocr_line' id='line_1_192' title="bbox 1328 3730 2350 3773; baseline -0.001 -9"><span class='ocrx_word' id='word_1_1394' title='bbox 1328 3736 1373 3766; x_wconf 84' lang='lat' dir='ltr'>IT</span> <span class='ocrx_word' id='word_1_1395' title='bbox 1383 3744 1400 3766; x_wconf 76' lang='grc' dir='ltr'>Ε</span> <span class='ocrx_word' id='word_1_1396' title='bbox 1411 3743 1438 3765; x_wconf 86' lang='grc' dir='ltr'><em>Μ</em></span> <span class='ocrx_word' id='word_1_1397' title='bbox 1447 3758 1456 3773; x_wconf 79' lang='lat'>,</span> <span class='ocrx_word' id='word_1_1398' title='bbox 1475 3735 1510 3763; x_wconf 71' lang='lat' dir='ltr'>ne</span> <span class='ocrx_word' id='word_1_1399' title='bbox 1523 3735 1627 3763; x_wconf 88' lang='lat' dir='ltr'>oriatur</span> <span class='ocrx_word' id='word_1_1400' title='bbox 1642 3733 1772 3763; x_wconf 88' lang='lat' dir='ltr'>Dubium</span> <span class='ocrx_word' id='word_1_1401' title='bbox 1788 3732 1865 3768; x_wconf 88' lang='lat' dir='ltr'>super</span> <span class='ocrx_word' id='word_1_1402' title='bbox 1877 3730 2070 3765; x_wconf 67' lang='lat' dir='ltr'>Affiaimione</span> <span class='ocrx_word' id='word_1_1403' title='bbox 2086 3730 2251 3762; x_wconf 61' lang='lat' dir='ltr'>Castrorum</span> <span class='ocrx_word' id='word_1_1404' title='bbox 2260 3755 2269 3771; x_wconf 87' lang='lat'>,</span> <span class='ocrx_word' id='word_1_1405' title='bbox 2282 3732 2350 3764; x_wconf 89' lang='lat' dir='ltr'>Do-</span> 
     </span>
     <span class='ocr_line' id='line_1_193' title="bbox 1291 3763 2355 3811; baseline -0.003 -8"><span class='ocrx_word' id='word_1_1406' title='bbox 1291 3772 1464 3811; x_wconf 84' lang='lat' dir='ltr'>miniorum,</span> <span class='ocrx_word' id='word_1_1407' title='bbox 1489 3772 1662 3808; x_wconf 86' lang='lat' dir='ltr'>Terrarum,</span> <span class='ocrx_word' id='word_1_1408' title='bbox 1688 3768 1912 3807; x_wconf 81' lang='lat' dir='ltr'>Posseffionum,</span> <span class='ocrx_word' id='word_1_1409' title='bbox 1938 3763 2077 3799; x_wconf 66' lang='lat' dir='ltr'>Villaruzn</span> <span class='ocrx_word' id='word_1_1410' title='bbox 2101 3771 2160 3800; x_wconf 71' lang='grc' dir='ltr'>δίε.</span> <span class='ocrx_word' id='word_1_1411' title='bbox 2193 3771 2228 3801; x_wconf 89' lang='lat' dir='ltr'>de</span> <span class='ocrx_word' id='word_1_1412' title='bbox 2253 3772 2355 3809; x_wconf 87' lang='lat' dir='ltr'>quibus</span> 
     </span>
     <span class='ocr_line' id='line_1_194' title="bbox 1292 3807 2354 3851; baseline -0.003 -9"><span class='ocrx_word' id='word_1_1413' title='bbox 1292 3812 1489 3851; x_wconf 58' lang='lat' dir='ltr'>praemittitur,</span> <span class='ocrx_word' id='word_1_1414' title='bbox 1514 3810 1592 3850; x_wconf 67' lang='grc' dir='ltr'>ΑΒ]</span> <span class='ocrx_word' id='word_1_1415' title='bbox 1606 3817 1749 3839; x_wconf 73' lang='grc' dir='ltr'>ΕετυΜ</span> <span class='ocrx_word' id='word_1_1416' title='bbox 1774 3808 1811 3847; x_wconf 76' lang='lat' dir='ltr'>est</span> <span class='ocrx_word' id='word_1_1417' title='bbox 1826 3830 1836 3846; x_wconf 90' lang='lat'>,</span> <span class='ocrx_word' id='word_1_1418' title='bbox 1869 3808 1948 3845; x_wconf 74' lang='lat' dir='ltr'>quud</span> <span class='ocrx_word' id='word_1_1419' title='bbox 1971 3807 2116 3837; x_wconf 71' lang='lat' dir='ltr'>Dominus</span> <span class='ocrx_word' id='word_1_1420' title='bbox 2137 3810 2269 3838; x_wconf 66' lang='lat' dir='ltr'>Hearicus</span> <span class='ocrx_word' id='word_1_1421' title='bbox 2295 3813 2354 3839; x_wconf 81' lang='lat' dir='ltr'>Rex</span> 
     </span>
     <span class='ocr_line' id='line_1_195' title="bbox 1294 3846 2406 3887; baseline -0.002 -7"><span class='ocrx_word' id='word_1_1422' title='bbox 1294 3850 1406 3887; x_wconf 78' lang='lat' dir='ltr'>Angliae</span> <span class='ocrx_word' id='word_1_1423' title='bbox 1424 3849 1572 3886; x_wconf 69' lang='lat' dir='ltr'>prietatstus</span> <span class='ocrx_word' id='word_1_1424' title='bbox 1598 3848 1717 3885; x_wconf 83' lang='lat' dir='ltr'>poterit,</span> <span class='ocrx_word' id='word_1_1425' title='bbox 1742 3846 1809 3876; x_wconf 67' lang='lat' dir='ltr'>esim</span> <span class='ocrx_word' id='word_1_1426' title='bbox 1835 3846 1971 3881; x_wconf 83' lang='lat' dir='ltr'>voluerit,</span> <span class='ocrx_word' id='word_1_1427' title='bbox 1989 3847 2098 3876; x_wconf 71' lang='lat' dir='ltr'>mittete</span> <span class='ocrx_word' id='word_1_1428' title='bbox 2118 3846 2180 3876; x_wconf 89' lang='lat' dir='ltr'>suos</span> <span class='ocrx_word' id='word_1_1429' title='bbox 2202 3847 2356 3887; x_wconf 68' lang='lat' dir='ltr'>Nunc-ios,</span> <span class='ocrx_word' id='word_1_1430' title='bbox 2403 3847 2406 3849; x_wconf 62' lang='grc'><strong>’</strong></span> 
     </span>
     <span class='ocr_line' id='line_1_196' title="bbox 1294 3882 2356 3926; baseline -0.005 -6"><span class='ocrx_word' id='word_1_1431' title='bbox 1294 3890 1328 3920; x_wconf 91' lang='lat'>&amp;</span> <span class='ocrx_word' id='word_1_1432' title='bbox 1345 3887 1497 3926; x_wconf 73' lang='lat' dir='ltr'>proesertim</span> <span class='ocrx_word' id='word_1_1433' title='bbox 1515 3886 1551 3916; x_wconf 90' lang='lat' dir='ltr'>de</span> <span class='ocrx_word' id='word_1_1434' title='bbox 1567 3887 1698 3923; x_wconf 79' lang='lat' dir='ltr'>proximo</span> <span class='ocrx_word' id='word_1_1435' title='bbox 1715 3886 1787 3914; x_wconf 89' lang='lat' dir='ltr'>inter</span> <span class='ocrx_word' id='word_1_1436' title='bbox 1805 3883 1882 3914; x_wconf 87' lang='lat' dir='ltr'>Festa</span> <span class='ocrx_word' id='word_1_1437' title='bbox 1905 3882 2110 3920; x_wconf 62' lang='lat' dir='ltr'>Affimptionis</span> <span class='ocrx_word' id='word_1_1438' title='bbox 2134 3886 2167 3914; x_wconf 62' lang='lat' dir='ltr'>ec</span> <span class='ocrx_word' id='word_1_1439' title='bbox 2191 3885 2356 3917; x_wconf 70' lang='lat' dir='ltr'>Nativitatis</span> 
     </span>
     <span class='ocr_line' id='line_1_197' title="bbox 1294 3921 2354 3966; baseline -0.003 -9"><span class='ocrx_word' id='word_1_1440' title='bbox 1294 3927 1418 3966; x_wconf 82' lang='lat' dir='ltr'>Virginis</span> <span class='ocrx_word' id='word_1_1441' title='bbox 1432 3925 1543 3962; x_wconf 71' lang='lat' dir='ltr'>Almae,</span> <span class='ocrx_word' id='word_1_1442' title='bbox 1560 3924 1593 3954; x_wconf 74' lang='lat' dir='ltr'>ari</span> <span class='ocrx_word' id='word_1_1443' title='bbox 1611 3923 1811 3961; x_wconf 69' lang='lat' dir='ltr'>experiendum</span> <span class='ocrx_word' id='word_1_1444' title='bbox 1827 3921 1862 3952; x_wconf 90' lang='lat' dir='ltr'>de</span> <span class='ocrx_word' id='word_1_1445' title='bbox 1877 3922 1999 3961; x_wconf 82' lang='lat' dir='ltr'>eisdem,</span> <span class='ocrx_word' id='word_1_1446' title='bbox 2023 3922 2055 3952; x_wconf 65' lang='grc' dir='ltr'>ἃ</span> <span class='ocrx_word' id='word_1_1447' title='bbox 2074 3932 2141 3951; x_wconf 85' lang='lat' dir='ltr'>cum</span> <span class='ocrx_word' id='word_1_1448' title='bbox 2161 3922 2301 3953; x_wconf 58' lang='lat' dir='ltr'>Mamiatn</span> <span class='ocrx_word' id='word_1_1449' title='bbox 2320 3926 2354 3955; x_wconf 88' lang='lat'>&amp;</span> 
     </span>
     <span class='ocr_line' id='line_1_198' title="bbox 1294 3960 2356 4003; baseline -0.005 -8"><span class='ocrx_word' id='word_1_1450' title='bbox 1294 3964 1430 4003; x_wconf 76' lang='lat' dir='ltr'>potestate</span> <span class='ocrx_word' id='word_1_1451' title='bbox 1446 3962 1634 4000; x_wconf 81' lang='lat' dir='ltr'>Recipicndi,</span> <span class='ocrx_word' id='word_1_1452' title='bbox 1653 3963 1716 3992; x_wconf 89' lang='lat' dir='ltr'>vice</span> <span class='ocrx_word' id='word_1_1453' title='bbox 1737 3961 1769 3991; x_wconf 72' lang='grc' dir='ltr'>δε</span> <span class='ocrx_word' id='word_1_1454' title='bbox 1792 3961 1907 3990; x_wconf 86' lang='lat' dir='ltr'>nomine</span> <span class='ocrx_word' id='word_1_1455' title='bbox 1930 3960 2014 3989; x_wconf 60' lang='lat' dir='ltr'>dicire</span> <span class='ocrx_word' id='word_1_1456' title='bbox 2038 3960 2177 3990; x_wconf 64' lang='lat' dir='ltr'>Dominae</span> <span class='ocrx_word' id='word_1_1457' title='bbox 2198 3961 2356 3999; x_wconf 67' lang='lat' dir='ltr'>Bt’anchzae,</span> 
     </span>
     <span class='ocr_line' id='line_1_199' title="bbox 1294 3997 2356 4038; baseline -0.003 -5"><span class='ocrx_word' id='word_1_1458' title='bbox 1294 4005 1323 4033; x_wconf 93' lang='lat' dir='ltr'>in</span> <span class='ocrx_word' id='word_1_1459' title='bbox 1346 4003 1449 4033; x_wconf 86' lang='lat' dir='ltr'>Forma</span> <span class='ocrx_word' id='word_1_1460' title='bbox 1471 4000 1623 4038; x_wconf 69' lang='lat' dir='ltr'>praedicta,</span> <span class='ocrx_word' id='word_1_1461' title='bbox 1639 3997 1842 4030; x_wconf 75' lang='lat' dir='ltr'>Poiscffionem</span> <span class='ocrx_word' id='word_1_1462' title='bbox 1863 3998 2033 4028; x_wconf 85' lang='lat' dir='ltr'>eorumdem</span> <span class='ocrx_word' id='word_1_1463' title='bbox 2049 4008 2134 4035; x_wconf 85' lang='lat' dir='ltr'>prout</span> <span class='ocrx_word' id='word_1_1464' title='bbox 2156 3998 2184 4028; x_wconf 86' lang='lat' dir='ltr'>id</span> <span class='ocrx_word' id='word_1_1465' title='bbox 2208 4001 2356 4037; x_wconf 61' lang='lat' dir='ltr'>expedierit</span> 
     </span>
     <span class='ocr_line' id='line_1_200' title="bbox 1297 4039 1532 4072; baseline -0.017 0"><span class='ocrx_word' id='word_1_1466' title='bbox 1297 4041 1387 4072; x_wconf 87' lang='lat' dir='ltr'>modo</span> <span class='ocrx_word' id='word_1_1467' title='bbox 1412 4039 1532 4070; x_wconf 89' lang='lat' dir='ltr'>meliori.</span> 
     </span>
    </p>

    <p class='ocr_par' dir='ltr' id='par_1_56' title="bbox 1297 4073 2359 4181">
     <span class='ocr_line' id='line_1_201' title="bbox 1333 4073 2359 4117; baseline -0.003 -8"><span class='ocrx_word' id='word_1_1468' title='bbox 1333 4078 1378 4109; x_wconf 84' lang='grc' dir='ltr'>Ιτ</span> <span class='ocrx_word' id='word_1_1469' title='bbox 1390 4088 1407 4109; x_wconf 78' lang='grc' dir='ltr'>Ε</span> <span class='ocrx_word' id='word_1_1470' title='bbox 1418 4085 1461 4115; x_wconf 82' lang='grc' dir='ltr'>Μ,</span> <span class='ocrx_word' id='word_1_1471' title='bbox 1479 4077 1497 4106; x_wconf 92' lang='lat' dir='ltr'>si</span> <span class='ocrx_word' id='word_1_1472' title='bbox 1519 4076 1607 4117; x_wconf 89' lang='lat' dir='ltr'>(quod</span> <span class='ocrx_word' id='word_1_1473' title='bbox 1627 4075 1707 4106; x_wconf 89' lang='lat' dir='ltr'>Deus</span> <span class='ocrx_word' id='word_1_1474' title='bbox 1721 4074 1770 4104; x_wconf 74' lang='lat' dir='ltr'>diu</span> <span class='ocrx_word' id='word_1_1475' title='bbox 1785 4074 1901 4109; x_wconf 83' lang='lat' dir='ltr'>avertat)</span> <span class='ocrx_word' id='word_1_1476' title='bbox 1923 4073 1985 4111; x_wconf 89' lang='lat' dir='ltr'>post</span> <span class='ocrx_word' id='word_1_1477' title='bbox 2008 4073 2260 4105; x_wconf 68' lang='lat' dir='ltr'>Consumationetn</span> <span class='ocrx_word' id='word_1_1478' title='bbox 2277 4074 2359 4114; x_wconf 78' lang='lat' dir='ltr'>ipsius</span> 
     </span>
     <span class='ocr_line' id='line_1_202' title="bbox 1297 4112 2359 4181; baseline -0.007 -32"><span class='ocrx_word' id='word_1_1479' title='bbox 1297 4115 1496 4154; x_wconf 83' lang='lat' dir='ltr'>Matrimonii,</span> <span class='ocrx_word' id='word_1_1480' title='bbox 1512 4115 1544 4146; x_wconf 70' lang='grc' dir='ltr'>ὃς</span> <span class='ocrx_word' id='word_1_1481' title='bbox 1559 4114 1635 4146; x_wconf 67' lang='lat' dir='ltr'>Data</span> <span class='ocrx_word' id='word_1_1482' title='bbox 1648 4113 1767 4181; x_wconf 44' lang='lat' dir='ltr'>suffigi}&gt;</span> <span class='ocrx_word' id='word_1_1483' title='bbox 1775 4112 1801 4142; x_wconf 77' lang='lat' dir='ltr'>xl</span> <span class='ocrx_word' id='word_1_1484' title='bbox 1819 4112 1864 4143; x_wconf 82' lang='lat' dir='ltr'>M.</span> <span class='ocrx_word' id='word_1_1485' title='bbox 1880 4112 2036 4143; x_wconf 83' lang='lat' dir='ltr'>Nobilium</span> <span class='ocrx_word' id='word_1_1486' title='bbox 2060 4123 2113 4151; x_wconf 83' lang='lat' dir='ltr'>pro</span> <span class='ocrx_word' id='word_1_1487' title='bbox 2134 4113 2214 4144; x_wconf 79' lang='lat' dir='ltr'>Dote</span> <span class='ocrx_word' id='word_1_1488' title='bbox 2236 4112 2289 4180; x_wconf 84' lang='lat' dir='ltr'>(del</span> <span class='ocrx_word' id='word_1_1489' title='bbox 2302 4124 2359 4158; x_wconf 48' lang='grc' dir='ltr'>(χορ</span> 
     </span>
    </p>

    <p class='ocr_par' dir='ltr' id='par_1_57' title="bbox 1491 4160 2361 4184">
     <span class='ocr_line' id='line_1_203' title="bbox 1491 4160 2361 4184; baseline -0.005 1"><span class='ocrx_word' id='word_1_1490' title='bbox 1491 4167 1495 4171; x_wconf 94' lang='grc'><em>·</em></span> <span class='ocrx_word' id='word_1_1491' title='bbox 1788 4160 1803 4184; x_wconf 66' lang='lat'>2</span> <span class='ocrx_word' id='word_1_1492' title='bbox 2290 4160 2361 4182; x_wconf 78' lang='lat' dir='ltr'>atius</span> 
     </span>
    </p>
   </div>
   <div class='ocr_carea' id='block_1_25' title="bbox 2373 3624 2488 3691">
    <p class='ocr_par' dir='ltr' id='par_1_58' title="bbox 2373 3624 2488 3691">
     <span class='ocr_line' id='line_1_204' title="bbox 2373 3624 2488 3659; baseline 0 -7"><span class='ocrx_word' id='word_1_1493' title='bbox 2373 3624 2392 3643; x_wconf 65' lang='lat'>¹*</span> <span class='ocrx_word' id='word_1_1494' title='bbox 2405 3625 2488 3659; x_wconf 76' lang='lat' dir='ltr'>VIII,</span> 
     </span>
     <span class='ocr_line' id='line_1_205' title="bbox 2392 3663 2455 3691; baseline 0.016 -1"><span class='ocrx_word' id='word_1_1495' title='bbox 2392 3663 2455 3691; x_wconf 82' lang='lat'>180.</span> 
     </span>
    </p>
   </div>
  </div>
 </body>
</html>
