2561 4251
42 209 118 240 Ann.
130 208 172 240 D.

40 257 156 324 &K

44 829 62 847 ι
84 828 150 855 vn.

48 875 111 903 υς-

52 2503 129 2534 Ann.
143 2502 184 2534 D.

80 2550 167 2582 1377.

50 2585 104 2609 An.
123 2591 168 2617 51.

51 2624 81 2647 E.
103 2629 129 2646 2.

52 2662 127 2686 Fran.
141 2667 185 2693 5¹.

53 2701 83 2722 13.
107 2706 183 2733 3.m.

54 2744 82 2772 3.

62 3848 79 3863 0
94 3848 161 3876 vn.

66 3895 127 3919 ¹44·

191 127 240 177 58

187 211 329 249 gentiam,
347 208 443 239 Armis
458 205 689 243 competentibus
710 205 836 243 armiati,
862 204 899 236 δε
919 204 950 233 in
971 201 1146 233 Arraiatione
1165 200 1253 232 teneri

190 254 390 321 misamsgmper
402 282 482 321 quod
497 283 624 320 prompti
639 282 692 313 fint
704 283 739 314 ὃ(
751 281 835 318 parati
856 279 891 310 ad
910 278 1109 310 Resistendum
1134 278 1254 309 Malitiae

190 324 379 368 Inimicorurn
394 320 559 351 nostrorum
575 321 796 359 praedi&orum‚
811 319 830 349 fi
845 319 895 358 qui
907 318 1016 358 ingredi
1029 317 1257 358 praesumpserint

191 374 280 432 pali?
289 362 370 437 guagd
393 396 510 436 Nobis,
529 399 563 430 ὃς
587 396 692 436 Regno
713 395 831 435 nostro,
849 403 896 426 aut
907 394 1082 433 Principatui
1098 393 1256 433 praedffio,

190 449 237 470 aut
260 438 354 475 Ligeis
376 436 477 466 nostris
498 436 639 474 praedictis
659 436 785 473 ibidem,
802 445 850 472 per
864 434 958 465 dictos
972 434 1111 465 inimicos
1126 432 1258 470 nostros,

191 477 312 536 seulfibi
334 475 539 513 Adhaerentes,
558 474 729 512 Dampnum
750 475 784 506 &
805 473 970 505 Periculum
992 483 1053 504 non
1074 472 1185 504 eveniat
1209 470 1258 501 ali-

191 525 347 584 quEs'hoc
362 575 372 591 ,
397 552 467 582 sicut
489 550 559 582 Nos
581 551 614 582 &
634 550 792 582 Honorem
816 551 946 582 nostrum
961 573 971 589 ‚
1004 560 1037 581 ac
1067 548 1258 580 Salvationem

194 593 293 637 Regni
307 591 397 622 nostri
411 593 445 623 &
460 587 640 628 Principatus
654 590 876 629 praedic‘torum,
894 590 1026 627 diligitis,
1044 587 1200 620 nullatenus
1224 597 1260 618 o-

193 640 321 701 ml'tlgaetitse
336 667 419 708 Rege
432 666 506 706 apud
516 666 807 699 Westmonasterium
817 691 827 707 ,
847 667 964 699 decimo
980 667 1083 705 quinto
1094 664 1140 696 die
1149 663 1259 696 Martii.

669 747 724 775 Per
740 744 822 786 ipficm
837 748 934 784 Regem
946 741 984 780 &⁵
999 742 1156 774 Concilium.

197 824 216 844 ⁴¹
237 821 404 854 Consimilia
425 821 522 854 Brevia
544 821 700 891 dirigduntur
721 822 861 892 igolrninis
881 821 1060 860 subscriptis,
1085 820 1136 851 sub
1157 819 1260 851 eadem

624 871 684 900 ata,
700 872 730 893 vi
752 871 849 901 ercet,

232 939 497 1008 Rishard⁰.prg⁷c²‘²'p¹’
513 937 639 978 Walliae,
657 940 691 971 &
705 938 819 970 Comiti
839 938 976 977 Cestriae,
993 936 1040 969 vel
1060 937 1118 976 ejus
1142 935 1259 967 Locum

271 988 376 1009 tenenti
447 988 473 1009 c.

236 1001 426 1047 Edmundo’de
442 1019 554 1046 Mmtuo
572 1019 668 1053 Mari,
684 1016 799 1047 Comiti
814 1015 969 1054 Marchiae,
988 1013 1035 1046 vel
1050 1013 1124 1053 ejuS‚
1141 1013 1204 1044 &c.

234 1056 370 1086 Richardo
379 1078 388 1094 ‚
409 1058 505 1084 Comiti
519 1054 682 1085 Arunda-llae
692 1078 701 1093 ,
718 1057 778 1086 &c.

234 1095 342 1125 Thomae
357 1095 388 1124 de
404 1092 481 1123 Bello
498 1096 612 1130 Campo,
629 1093 743 1125 Comiti
758 1094 899 1125 Warwic.
916 1092 979 1123 δῖε.

233 1136 356 1169 Hugom',
375 1136 475 1162 Canuti
489 1130 643 1170 Staffbra'iae
653 1157 661 1171 ‚
678 1134 739 1164 &c.

235 1171 376 1210 Comitzffie
386 1171 523 1200 Marchiae
539 1173 648 1208 Matri,
666 1172 726 1202 ἃς.

234 1214 404 1247 Αἶανςανεῐιε
420 1207 560 1246 Ilffazshall
572 1209 736 1239 Comitiffae
752 1208 931 1240 Norffolciae
943 1206 1085 1238 Dominae
1104 1204 1140 1236 de
1162 1204 1261 1244 Chep-

269 1248 396 1287 pestowe
411 1249 444 1279 &
460 1248 482 1277 F
484 1249 599 1277 irmariae
614 1247 749 1279 Dominii
763 1248 798 1278 de
813 1247 994 1286 Bergevenny
1010 1248 1039 1276 in
1055 1244 1168 1276 Wallia.

232 1289 349 1317 Gur-'Aoni
362 1288 393 1316 de
408 1290 522 1324 Briene,
540 1288 599 1317 &c.

232 1325 339 1365 Jacobo
353 1326 384 1354 a'e
399 1324 494 1354 Audle
507 1326 538 1354 de
553 1324 667 1363 Heleigh
683 1325 834 1363 Chivaler‚

232 1364 381 1403 Reginaldo
392 1364 423 1393 de
435 1367 505 1399 Grey
519 1364 551 1393 de
565 1364 676 1404 Ruthyn
685 1387 694 1403 ‚
713 1366 774 1397 δίε.

235 1407 336 1440 Rogero
354 1402 539 1442 Lestraunge‚
558 1404 618 1434 &c.

236 1442 352 1472 Roberto
368 1443 400 1471 de
412 1445 545 1470 Ferraria
559 1441 704 1473 Chivaler.

235 1483 249 1510 Ῑ
251 1483 279 1509 V
278 1481 386 1510 illiel'mo
402 1481 433 1509 de
449 1479 606 1520 Wyndesbre
613 1503 623 1520 ,

237 1520 353 1549 lieberto
373 1522 500 1555 Penrees,
519 1520 580 1551 δίε.

235 1558 369 1588 ΝἱιΙααίασ
386 1557 502 1588 Burnell
508 1580 517 1595 ‚

235 1595 413 1626 Elizabethae
431 1595 459 1624 la
481 1595 641 1637 Despenfir,
658 1597 719 1629 &c.

238 1636 373 1666 Nicholao
389 1636 420 1664 de
440 1635 565 1674 Arzdele,

238 1674 362 1705 Gilberto
377 1673 490 1712 Talbot,
504 1676 565 1706 ἃς.

238 1750 413 1782 Custodibus
436 1749 666 1789 Dominiorum,
686 1750 902 1787 Maneriorum,
919 1749 1093 1784 Terrarum,
1111 1745 1145 1777 &
1166 1745 1266 1775 Tene-

202 1800 382 1828 mcmorum,
401 1800 466 1827 quse
484 1790 596 1820 fuerunt
617 1789 764 1829 Humfredi
785 1789 816 1818 de
837 1787 952 1825 Bohun,
972 1796 1060 1824 nuper
1082 1786 1252 1828 Comitis-‘He

200 1828 337 1867 refordiae,
354 1829 499 1866 defuncti,
519 1829 545 1857 in
569 1830 691 1866 partibus
713 1827 844 1865 Wailiae,
863 1828 892 1856 in
914 1835 999 1856 manu
1020 1823 1114 1854 nostra
1129 1846 1138 1862 ,
1158 1832 1266 1852 ratione

200 1867 323 1898 Minoris
339 1867 442 1897 AEtatis
458 1865 615 1897 Haeredum
630 1867 712 1905 ipsius
728 1863 1077 1904 Comitis‚existentium,
1096 1872 1129 1893 ac
1139 1860 1266 1892 Viceco·

199 1907 314 1937 mitibus
330 1908 363 1938 ὃ(
378 1905 557 1944 Senescallis,
576 1906 637 1937 &c.

238 1983 414 2014 Custodibus
438 1981 647 2013 Dominiorum
662 2005 672 2022 ,
697 1982 759 2014 ὅτε.
782 1989 848 2020 quae
875 1980 990 2011 fuerunt
1010 1977 1152 2010 Edwardi
1176 1986 1267 2017 nuper

200 2025 316 2054 Domini
326 2022 352 2052 le
366 2020 511 2062 Despenser
526 2021 662 2053 defuncti.

238 2097 414 2129 Custodibus
437 2097 647 2129 Dominiorum
658 2122 668 2136 ,
687 2097 749 2130 &c.
768 2106 835 2137 quae
856 2096 971 2128 fuerunt
988 2094 1131 2135 Johannis
1151 2095 1183 2125 de
1202 2095 1267 2124 Ha-

190 2137 287 2178 styng,
307 2147 396 2176 nuper
413 2141 524 2168 Comitis
539 2136 721 2168 Penbrochiae.

234 2213 411 2246 Custodibus
426 2213 636 2247 Dominiorurn
644 2239 653 2255 ‚
671 2215 734 2247 &c.
752 2224 818 2255 quae
831 2214 946 2246 fuerunt
955 2212 1100 2253 Johanm's
1111 2213 1143 2244 de
1155 2211 1266 2243 Cherle—

190 2252 271 2294 ston,
289 2253 324 2285 de
339 2253 444 2293 Powys
457 2254 603 2294 defuncti,
621 2257 682 2287 &c.

377 2399 429 2432 De
444 2395 616 2430 Traslana'o
640 2408 712 2430 cum
730 2394 920 2441 Adverslzrio
938 2397 1082 2428 Franciae.

254 2491 281 2521 E
301 2490 390 2521 RoY
408 2501 436 2522 as
451 2514 460 2530 ,
479 2491 646 2522 Reverentz
665 2489 761 2521 Pieres
781 2500 817 2521 en
840 2489 917 2521 Dieu
933 2513 943 2528 ,
968 2490 1066 2520 Adam
1085 2489 1212 2531 Eveffiue
1233 2491 1266 2519 de

271 2533 345 2559 Seint
358 2532 462 2560 David
479 2530 575 2561 nostre
588 2530 777 2568 Chanceller,
794 2528 894 2568 Johan
907 2529 1034 2568 Evesque
1053 2529 1086 2558 de
1107 2528 1262 2569 Herefhrd:

203 2567 332 2598 William
346 2569 378 2597 de
397 2572 531 2605 Montagu
540 2568 638 2599 Conte
651 2568 689 2599 de
701 2569 848 2599 Saresbirs:
862 2567 1011 2598 Monfieur
1023 2567 1124 2596 Robert
1137 2567 1169 2596 de
1177 2566 1265 2606 Ashe-

202 2614 250 2636 ton
264 2607 358 2637 nostre
373 2605 604 2646 Chamberleyn,
623 2607 774 2637 Monsieur
787 2605 934 2645 Guychard
944 2605 1087 2645 d'Angle,
1106 2605 1244 2637 Banereri
1256 2617 1262 2637 τ

204 2645 351 2676 Monsieur
365 2644 478 2684 Aubrey
494 2645 524 2674 de
538 2648 618 2683 Veer,
636 2645 785 2676 Monlieur
802 2644 886 2681 Hugh
898 2646 931 2674 de
944 2647 1079 2682 Segrave,
1099 2643 1263 2676 Chivalers:

202 2683 314 2714 Mestre
331 2685 454 2713 Wimtier
467 2682 603 2713 Skirlawe
620 2683 704 2713 Dean
724 2684 761 2714 de
782 2683 862 2713 Seint
884 2682 1002 2722 Martyn
1025 2683 1117 2714 Grant
1129 2683 1165 2714 de
1183 2684 1263 2715 Lon-

200 2723 280 2760 dres,
298 2724 332 2754 &
349 2721 458 2753 Mestre
472 2721 571 2760 Johan
585 2722 617 2751 de
630 2721 711 2760 Shepe
727 2733 758 2760 e,
777 2720 925 2751 DoCtours
939 2730 974 2751 en
991 2721 1038 2751 Lo
1057 2732 1086 2758 s,
1104 2721 1209 2753 Salutz.

238 2761 480 2792 Remeinteuantz
502 2761 569 2790 bien
590 2760 689 2790 fovent
719 2770 747 2790 es
770 2759 955 2797 Affliffions,
980 2759 1034 2789 Tri
1058 2761 1183 2791 ulacions
1197 2784 1207 2800 ‚
1230 2763 1265 2793 δε

201 2800 283 2831 Malx
292 2823 302 2839 ,
320 2809 413 2838 queux
426 2800 453 2829 le
468 2799 574 2838 Poeple
587 2797 729 2829 Cristiene
742 2798 775 2829 ad
789 2797 903 2829 soeffert
935 2799 968 2829 δι’.
984 2797 1087 2828 soeffre
1101 2798 1136 2828 de
1151 2800 1215 2836 jour
1227 2811 1263 2830 cn

198 2849 293 2878 autre,
347 2848 409 2878 rmy
431 2839 469 2869 les
492 2836 618 2868 Guerres
633 2860 643 2875 ,
662 2847 765 2868 meuez
784 2845 864 2867 entre
884 2820 973 2867 Ixious
993 2837 1028 2868 &
1048 2836 1160 2866 charles
1179 2837 1266 2877 nistre

199 2849 373 2918 Adverssii2·e
394 2878 425 2906 de
444 2880 548 2906 France
564 2899 573 2915 ,
590 2887 606 2907 a
628 2875 708 2906 cause
725 2877 761 2907 de
783 2875 878 2906 nostre
900 2874 988 2906 Droit
1009 2875 1046 2905 de
1067 2875 1175 2906 France
1188 2899 1199 2915 ,
1217 2876 1265 2907 des

201 2926 295 2955 queux
310 2915 407 2947 Griefs
421 2925 493 2945 nous
509 2925 597 2945 avons
612 2914 748 2952 tresgrant
762 2913 826 2945 Pite
838 2915 872 2945 ὃς
889 2912 969 2944 Com
1009 2913 1098 2952 ffion,

240 2954 276 2985 Et
291 2956 381 2991 eiant,
399 2953 709 2990 outre,confideration
723 2964 738 2984 a
753 2962 786 2983 ce
801 2963 858 2991 que
875 2955 902 2990 (a
916 2953 951 2983 l’e
977 2953 1023 2983 est
1039 2962 1096 2991 que
1111 2954 1189 2983 bone
1205 2953 1265 2984 Ac-

202 2993 292 3031 cord,
310 2994 344 3024 &
367 2993 456 3023 ferme
478 2994 511 3024 &
535 2991 617 3022 finale
638 2991 726 3030 Pees,
744 2991 841 3023 serroit
861 3000 941 3022 entre
961 2991 1049 3021 Nous
1064 2992 1097 3023 &
1113 2991 1210 3022 nostre
1225 2993 1265 3023 dit

202 3031 380 3068 Adversaire)
398 3030 493 3061 nostre
507 3034 581 3061 Seint
597 3033 674 3060 Piere
689 3030 714 3060 le
728 3033 801 3069 Pape
818 3031 852 3061 ad
867 3030 989 3069 pluseurs
1002 3029 1076 3060 foitz
1090 3031 1213 3061 envoiez
1227 3031 1266 3061 ses

203 3070 346 3110 Meffages
359 3070 532 3107 solempnes,
549 3070 600 3107 ὃς,
618 3069 1001 3107 darreinement,reverentz
1017 3068 1112 3100 Pieres
1127 3078 1163 3099 en
1174 3068 1264 3108 Dieu,

201 3109 394 3149 I'Arcevesque
407 3109 438 3138 de
453 3111 586 3138 Ravenne
600 3108 633 3138 ὃς
650 3107 846 3148 I’Arcevesque
861 3108 894 3138 de
904 3107 1042 3146 Roen,les
1063 3116 1157 3146 queux
1175 3117 1194 3147 y
1214 3118 1267 3139 ont

202 3149 342 3218 tragillez
355 3149 389 3180 ὃς
406 3146 549 3178 entenduz
561 3146 791 3185 diligentement,

277 3198 327 3218 ous

240 3225 269 3256 A
283 3226 308 3256 ia
321 3211 490 3256 §everence
503 3224 540 3255 de
554 3223 632 3254 Dieu
649 3224 682 3256 sc
695 3223 731 3255 de
752 3223 832 3255 Seint
852 3223 970 3264 Esglise,
988 3225 1022 3256 ὃς
1042 3223 1078 3256 de
1102 3224 1128 3254 ia
1143 3223 1269 3256 persone

204 3265 241 3296 de
253 3264 350 3296 nostre
365 3264 406 3295 dit
421 3264 500 3295 Seint
514 3262 614 3301 Piere,

241 3303 343 3334 Eiantz
356 3314 371 3333 a
385 3303 492 3342 present
509 3304 608 3341 (come
623 3300 717 3332 toudis
731 3310 819 3332 avons
835 3301 900 3337 euz]
911 3301 1007 3339 nostre
1022 3301 1138 3333 volente
1151 3300 1269 3339 enclyns

204 3342 312 3410 acb-Rue
327 3342 415 3381 Pees,
433 3341 505 3372 dont
524 3341 582 3371 s’en
602 3340 748 3378 purroient
771 3340 864 3370 moult
885 3340 933 3370 des
954 3340 1037 3371 Biens
1058 3339 1165 3370 ensuire
1178 3349 1193 3369 a
1205 3349 1270 3371 tout

236 3390 258 3410 ri
286 3390 358 3411 rente

243 3419 289 3449 Au
312 3405 437 3457 fyn'que
457 3419 534 3449 bone
555 3418 658 3448 Traite
678 3417 727 3449 sov
739 3426 786 3447 ern
801 3416 890 3455 puisse
905 3416 989 3457 faire,
1009 3419 1044 3450 &
1056 3426 1070 3448 a
1083 3417 1107 3448 la
1124 3416 1221 3448 Priere
1235 3417 1268 3448 &

205 3456 376 3488 Mediacion
391 3459 439 3488 des
452 3457 511 3487 ditz
526 3456 693 3487 Reverentz
709 3450 820 3493 Pieres,

244 3495 293 3526 De
307 3496 410 3527 l'assent
425 3497 472 3526 des
489 3495 617 3533 Prelatz,
634 3495 774 3532 Noblez,
792 3494 826 3525 &
841 3502 930 3525 autres
945 3494 1059 3525 Grantz
1072 3494 1105 3525 &
1128 3493 1212 3532 Sages
1231 3493 1269 3524 de

206 3535 303 3565 nostre
317 3535 451 3565 Roialme
464 3534 538 3564 d'En
559 3534 675 3572 leterre,
693 3534 726 3564 &
741 3542 839 3572 parmy
850 3533 875 3562 la
890 3533 1068 3572 confyance,
1088 3532 1180 3571 quicle
1194 3541 1268 3562 nous

203 3582 290 3603 avons
304 3573 340 3604 de
356 3582 416 3604 voz
431 3574 517 3610 Sem,
562 3573 685 3610 oialtez,
702 3574 736 3603 &
751 3572 950 3609 Avisernentz,

239 3610 320 3642 Vous
345 3622 434 3643 avons
458 3611 584 3641 ordenez
599 3635 608 3648 ,
626 3610 750 3648 deputez
764 3633 774 3648 ,
791 3611 919 3640 commis
934 3632 944 3648 ,
962 3611 996 3641 &
1018 3608 1137 3640 establiz
1152 3630 1162 3646 ,
1183 3607 1269 3638 orde·

204 3657 277 3679 nons
291 3673 300 3686 ,
318 3650 458 3689 deputons
471 3674 480 3685 ,
500 3657 695 3680 commettons
709 3673 718 3686 ,
737 3650 771 3678 δε
790 3648 958 3686 establions,
976 3648 1013 3679 de
1034 3647 1130 3678 nostre
1146 3647 1268 3676 certeine

206 3685 330 3726 science,
349 3699 397 3726 par
421 3689 445 3718 la
464 3688 566 3719 Tenur
590 3688 627 3718 de
647 3697 694 3717 ces
717 3687 854 3725 presentes
870 3687 999 3725 Lettres,
1015 3696 1074 3718 noz
1089 3686 1183 3717 vraiez
1196 3683 1269 3714 Pro-

206 3733 333 3764 cureurs,
352 3728 384 3757 &
401 3726 543 3765 Messages
558 3726 709 3763 especiaulx

245 3761 382 3795 Donantz
399 3767 432 3796 ὃς
453 3772 663 3796 commertantz
683 3774 698 3793 a
714 3748 812 3802 Votis,
830 3773 869 3794 ou
892 3763 981 3794 Trois
1005 3763 1043 3794 de
1056 3773 1145 3801 vous,
1164 3761 1184 3791 si
1198 3770 1270 3791 vous

206 3808 278 3829 tcuz
296 3811 331 3831 ne
349 3812 452 3840 purrez
474 3813 488 3833 a
509 3813 543 3834 ce
565 3801 701 3833 entendre
718 3801 778 3839 (dee
793 3811 887 3840 queux
901 3812 973 3832 nous
987 3802 1091 3832 volons
1108 3810 1164 3839 que
1178 3809 1269 3829 aucun

207 3838 244 3867 de
259 3849 344 3875 vous,
359 3841 477 3880 Evesqes
499 3842 532 3872 δε
553 3846 652 3878 Conte,
670 3841 722 3871 soit
744 3840 794 3875 un)
821 3840 988 3879 Auctorite,
1008 3839 1176 3875 Poissance,
1193 3838 1226 3868 &
1250 3838 1269 3856 *²

207 3875 395 3921 Mandement
416 3881 528 3920 especial
551 3882 584 3911 ὅ(
605 3878 716 3919 general
731 3901 740 3915 ,
758 3878 948 3908 d'Affernbler
963 3903 972 3916 ,
992 3877 1142 3909 Convenir
1156 3899 1166 3915 ,
1184 3875 1270 3906 Trai-

205 3923 256 3944 tier
267 3937 277 3952 ,
292 3914 469 3962 Compoier,
483 3918 651 3957 Tranfiger,
667 3916 786 3947 Pacifier
801 3941 811 3953 ,
830 3918 864 3947 δε
885 3917 1033 3947 Accordei·
1050 3940 1060 3955 ,
1075 3915 1118 3946 sur
1137 3923 1208 3945 touz
1230 3914 1269 3944 les

206 3952 338 3989 Debatz,
357 3953 567 3993 Contentions,
588 3955 761 3995 Qreffions,
780 3953 921 3991 Guerres,
941 3954 1058 3993 Riotes,
1077 3955 1111 3985 &
1126 3953 1270 3989 Discortz,

208 4000 294 4021 menz
315 3992 348 4021 δε
370 3991 535 4027 demesnez,
554 4004 590 4023 ou
614 4005 629 4023 a
650 3995 766 4025 movoir
787 3993 821 4023 &
837 3993 1000 4031 dcmesner,
1020 4001 1147 4030 parentre
1162 3991 1268 4028 Nous,

208 4039 268 4060 noz
283 4029 364 4067 Filz,
378 4032 410 4061 &
425 4039 512 4061 autres
528 4031 663 4062 Persones
677 4032 715 4062 de
728 4030 825 4063 nostre
840 4031 999 4068 Sank,noz
1013 4032 1150 4070 Subgitz,
1171 4029 1268 4068 Amyz

639 111 1897 166 CONVENTIONES‚'L1TERAE‚

1294 198 1405 238 Aniez,
1424 199 1564 240 eidam,
1580 201 1614 244 sc
1627 200 1795 231 Adherentz
1811 209 1978 240 queconqae
2010 201 2099 235 deca
2111 202 2146 235 sc
2159 197 2361 245 derata-Mra,
2373 199 2451 235 Anu.
2465 201 2515 243 n
2544 184 2549 204 ⁶

1294 237 1363 268 d'un
1377 248 1456 278 part,
1472 239 1506 269 &
1521 239 1548 269 le
1565 239 1608 269 dit
1623 238 1738 269 charles
1757 238 1845 278 nostre
1863 224 2055 281 Adverlssire,
2071 241 2112 273 ses
2132 241 2263 278 Frerers,
2281 239 2360 279 Ftlz,
2396 249 2482 282 1377·
2550 247 2552 249 ’

1295 277 1329 307 &
1350 286 1440 308 autres
1464 277 1602 308 Persones
1622 277 1659 307 de
1681 277 1731 308 son
1753 277 1830 308 Sank
1843 300 1854 316 ,
1877 277 1917 309 ses
1938 277 2070 318 Subgiz,
2095 280 2185 320 Amys
2198 303 2212 319 ,
2241 278 2336 310 Alliez
2351 302 2362 319 ‚
2376 280 2444 310 Edv.
2459 290 2511 318 301
2545 277 2550 291 ¹

1295 314 1417 346 Eidantz
1432 341 1442 354 ,
1460 317 1493 347 &
1516 315 1685 346 Adherentz
1704 316 1888 354 quielconqes
1901 338 1913 355 ,
1929 326 1967 347 en
1987 318 2100 353 general
2119 329 2160 350 ou
2183 329 2220 350 en
2241 318 2361 358 special,

1295 351 1358 388 &a
1367 362 1450 393 prout
1464 359 1493 385 in
1506 353 1688 395 Pottstatibus
1701 358 1789 385 Datis
1802 363 1852 385 20.
1865 357 1937 394 Sept.
1952 357 2035 385 Anni
2041 361 2188 394 praeteriti.

1332 431 1415 462 Don.
1432 442 1482 470 par
1492 431 1728 470 Tesmoignance
1746 431 1783 462 de
1804 430 1902 462 nostre
1921 430 2016 463 Grant
2030 431 2112 468 Seal,
2126 443 2143 464 a
2156 434 2252 468 nostre
2264 435 2364 476 Puays

1297 468 1333 499 de
1346 469 1586 509 Westmonstier,
1603 471 1630 501 le
1644 472 1728 510 xxvi,
1742 472 1809 510 jour
1823 470 1978 508 d’Averill,
1993 469 2062 500 l’An
2083 470 2122 501 du
2143 471 2239 505 Grace
2259 474 2364 513 Mille,

1296 508 1475 547 Troicentz‚
1491 509 1607 546 Septant
1617 510 1650 540 &
1665 509 1739 547 sept,
1757 510 1790 541 &
1805 509 1843 539 de
1856 519 1917 540 noz
1932 508 2070 548 Regnez,
2088 509 2125 540 de
2148 509 2254 544 France
2269 513 2365 545 Trent

1298 546 1374 586 Oet,
1394 547 1428 578 ὃς
1442 547 1638 586 d’Engleterre
1654 547 1879 587 Cynquantisme
1894 547 2016 579 Primer.

1298 694 1392 738 Super
1412 688 1550 734 Custodia
1569 691 1761 738 Epiftopatus
1778 691 1985 734 Menevenst's,
2008 701 2136 739 tempore
2150 696 2363 730 Vacationum.

1303 776 1423 833 REX
1442 776 1605 825 Omnibus,
1621 775 1656 807 ad
1668 786 1759 815 quos,
1777 776 1840 808 &c.
1859 774 1995 807 Salutem.

1401 816 1499 847 Sciatis
1518 815 1599 853 quod
1619 815 1706 855 Nos,

1337 854 1385 886 Ad
1409 864 1484 894 grata
1506 853 1698 886 &laudabilia
1713 853 1858 892 Obsequia
1871 853 1986 892 Nobis,
2006 863 2073 892 per,
2093 854 2293 887 Venerabilem
2306 855 2363 887 Pa-
2380 861 2433 887 An.
2450 868 2498 895 51.
2559 867 2561 895 j

2379 779 2516 813 Anu-D‘.
2558 753 2561 810 l

2402 828 2489 859 1377-

1297 900 1371 924 trem
1380 894 1511 931 ,Adam,
1527 895 1555 922 E
1573 895 1682 933 {scopum
1696 892 2122 931 Menevenfi’m,Cancellarium
2135 893 2364 933 nostrum‚mul-
2380 901 2411 924 Ε.
2429 906 2456 931 3.

1297 933 1427 970 tipliciter
1441 935 1538 970 impen
1550 942 1580 970 a,
1599 931 1852 963 considerationem
1866 932 2018 971 habentffi,

2381 940 2499 972 Pat.51.
2558 935 2561 945 ‘¹

1338 971 1383 1001 Ac
1400 972 1544 1009 volentes,
1559 980 1596 1001 eo
1608 979 1759 1009 praetexru,
1777 979 1808 1001 ut
1820 970 1904 1006 ,idern
1924 969 2108 1010 Episcopatus
2126 973 2161 1004 δε
2177 971 2366 1010 Temporaiia
2381 979 2409 1002 Ε.
2421 984 2493 1012 3.m,

1299 1010 1424 1046 ejusdem
1439 1033 1448 1048 ,
1466 1011 1495 1039 in
1515 1010 1625 1047 singulis
1648 1008 1850 1040 Vacationibus
1871 1009 1994 1047 ejusdem
2010 1033 2020 1049 ‚
2044 1010 2146 1050 absque
2167 1009 2365 1042 Distrad’tione

1299 1048 1449 1079 Bonorum
1463 1050 1496 1080 &
1512 1047 1602 1079 Vasto
1619 1047 1685 1078 inde
1700 1047 1851 1085 faciendo,
1865 1049 2042 1086 temporibus
2059 1049 2177 1088 futuris,
2192 1049 2366 1088 praeserven—

1299 1095 1362 1123 tur,
1380 1087 1414 1117 ad
1430 1086 1662 1125 Requifitionem
1678 1086 1758 1127 ipsius
1774 1085 1926 1124 Episcopi,
1942 1088 2062 1124 gratiose
2076 1089 2243 1128 providere,

1339 1125 1389 1156 De
1401 1125 1518 1156 Affensu
1532 1125 1717 1156 Praelatorum
1727 1148 1736 1164 ,
1756 1124 1876 1155 Ducum
1885 1149 1895 1163 ,
1911 1124 2368 1167 Comitum‚Baronum,&alio-·

1300 1174 1365 1195 rum
1382 1163 1571 1203 Magnamm,
1592 1165 1686 1203 Regni
1699 1163 1789 1195 nostri
1802 1163 1934 1202 Angliae,
1953 1165 2039 1195 nobis
2050 1165 2253 1204 assistentium,

1338 1203 1556 1242 Conceffirnus,
1572 1213 1626 1241 pro
1642 1203 1756 1240 Nobis,
1774 1203 1808 1233 &
1830 1202 2002 1233 Haeredibus
2021 1203 2137 1242 nostris,
2155 1204 2263 1235 dilectis
2283 1206 2367 1237 nobis

1300 1242 1328 1272 in
1344 1242 1479 1280 Christo,
1497 1241 1674 1272 Praecentori
1696 1243 1730 1272 ὃ(
1754 1240 1890 1279 Capitulo
1912 1240 2048 1272 Ecclesiae
2071 1242 2255 1274 Menevenfis
2269 1244 2370 1284 quod,

1300 1282 1330 1311 in
1347 1281 1460 1318 singulis
1478 1281 1678 1312 vacationibus
1692 1279 1878 1318 Episcopatus
1893 1279 2094 1319 Menevenfis,
2113 1282 2244 1320 quotiens
2252 1281 2370 1322 Episco-

1301 1329 1398 1358 patum
1412 1320 1492 1350 illum
1505 1330 1616 1350 exnunc
1638 1329 1736 1350 vacare
1755 1319 1925 1359 contigerit,
1942 1330 1992 1358 per
2012 1319 2146 1350 Mortem
2155 1344 2165 1359 ,
2183 1318 2353 1351 Ceffionem
2360 1321 2379 1360 ,⁸

1303 1359 1554 1398 Reiignationem,
1573 1359 1618 1389 vel
1631 1359 1732 1397 quovis
1745 1358 1800 1389 alio
1820 1357 1927 1397 mod0,
1946 1358 2051 1398 iidem,
2070 1358 2236 1390 Praecentor
2256 1360 2290 1390 δε
2311 1359 2371 1390 Ca-

1302 1398 1426 1433 pitulum
1442 1422 1450 1435 ,
1469 1400 1501 1428 &
1521 1407 1623 1428 eorum
1644 1396 1824 1428 Successores
1837 1420 1847 1435 ,
1865 1397 1985 1428 habeant
2006 1397 2040 1428 &
2062 1407 2176 1430 teneant
2198 1396 2371 1429 Custodiam

1304 1435 1491 1474 Episcopatus
1504 1437 1574 1466 illius
1589 1438 1621 1467 ὃς
1634 1437 1766 1467 omnium
1779 1436 1998 1473 Temporalium
2020 1436 2160 1476 ejusdem,
2180 1447 2251 1468 cum
2272 1438 2374 1468 omni-

1304 1476 1358 1505 bus
1366 1475 1464 1506 Rebus
1471 1475 1505 1506 ad
1514 1475 1716 1512 Episcopatum
1728 1475 1808 1505 illum
1824 1475 2070 1513 qualitercumque
2081 1476 2274 1514 spectantibus
2282 1475 2373 1514 ,adeo

1305 1513 1389 1552 plene
1405 1515 1438 1544 ὃς
1454 1515 1562 1552 integre
1579 1514 1648 1544 licut
1662 1514 1758 1552 aliquis
1774 1512 1947 1552 Episcopus,
1962 1514 2085 1552 ejusdem
2110 1512 2313 1553 Episcopatus,
2329 1514 2373 1545 E-

1314 1552 1482 1590 iiscoparurn
1496 1553 1575 1582 illum
1591 1554 1625 1584 &
1638 1552 1825 1590 Temporalia
1837 1552 1976 1590 ejusdem,
1996 1562 2066 1583 cum
2081 1554 2216 1583 omnibus
2230 1552 2374 1585 Rebus&

1330 1593 1392 1621 onis
1418 1592 1453 1621 ad
1473 1591 1572 1621 eadem
1595 1592 1798 1629 pertinentibus
1812 1615 1821 1628 ,
1847 1591 1921 1622 Sede
1942 1591 2024 1629 plena
2037 1613 2047 1630 ,
2063 1591 2203 1630 aliquibus
2225 1592 2375 1623 retroactis

1305 1631 1483 1698 {ittergapoabus
1491 1652 1522 1698 ,C
1519 1630 1621 1698 effe?
1636 1631 1669 1661 ὅ(
1679 1639 1776 1698 tltlznere
1788 1631 2011 1698 consueverugit,
2022 1629 2182 1701 ΙκὲεῇὺΝεέζ,
2192 1638 2247 1700 l{gt
2259 1629 2374 1675 *Haere-

1369 1679 1409 1699 no
1437 1679 1458 1698 ri
1568 1679 1587 1698 o
1609 1679 1685 1698 tarni
1707 1678 1753 1698 am
1789 1678 1858 1698 cum
1873 1678 1954 1698 omni
1977 1678 2008 1699 us
2054 1678 2070 1699 e
2092 1679 2122 1700 us
2236 1679 2279 1699 ms
2320 1679 2375 1700 rae-

1306 1707 1387 1738 dietis
1396 1731 1405 1746 ,
1423 1691 1623 1744 Temporibus
1637 1691 1829 1737 Vacatiouum
1842 1706 1951 1737 illarum
1960 1730 1970 1745 ,
1988 1707 2092 1737 habere
2105 1707 2249 1745 possemus
2263 1679 2376 1738 vefde-

1305 1745 1455 1815 Peremus,
1475 1745 1495 1776 si
1506 1747 1536 1776 in
1552 1745 1647 1777 Manu
1662 1744 1758 1776 nostra
1772 1744 1818 1776 vel
1832 1744 1994 1775 Haeredum
2005 1744 2172 1776 nostrorum
2185 1754 2292 1777 retenta
2306 1745 2376 1778 fuis·

1317 1794 1365 1815 ent

1342 1810 1383 1854 Ita't
1399 1824 1480 1862 quod
1493 1823 1638 1864 praedicti,
1656 1822 1824 1854 Praecentor
1837 1822 1872 1853 &
1895 1821 2081 1861 Capitulum,
2098 1821 2135 1853 de
2152 1822 2378 1862 Temporalibus

1307 1862 1392 1894 Bonis
1407 1865 1441 1895 δε
1457 1863 1557 1894 Rebus
1571 1862 1713 1901 praedic'tis
1727 1862 1840 1900 plenam
1856 1862 1890 1893 &
1905 1861 2021 1891 liberam
2036 1860 2378 1893 Administrationemha-

1307 1902 1408 1939 boent,
1424 1902 1458 1933 &
1474 1902 1645 1932 omnimoda
1658 1900 1863 1932 Emolumenta
1876 1900 1943 1931 inde
1955 1900 2127 1939 percipiant,
2140 1910 2174 1930 ac
2198 1900 2264 1931 inde
2283 1901 2378 1938 dispo-

1306 1951 1375 1972 nere
1388 1941 1422 1972 &
1436 1940 1567 1971 ordinare
1622 1939 1702 1977 ffinr,
1721 1947 1804 1978 prout
1821 1939 1858 1969 eis
1871 1939 1971 1970 melius
1984 1939 2117 1970 &utilius
2123 1938 2265 1970 videbitur
2271 1939 2381 1970 facien-

1307 1980 1393 2018 dum,
1411 1980 1445 2011 ὅτ
1465 1989 1550 2018 prout
1596 1979 1705 2026 piscopi
1727 1979 1783 2009 loci
1803 1977 1873 2009 illius
1885 1978 1953 2009 inde
1968 1976 2082 2016 possent
2096 1977 2206 2016 facere,
2221 1977 2374 2017 ordinare,

1308 2019 1340 2049 &
1355 2018 1502 2056 disponere
1518 2018 1591 2049 Sede
1605 2018 1703 2056 plena,
1718 2026 1766 2048 aut
1781 2016 1851 2048 Nos
1861 2017 1907 2048 vel
1923 2015 2061 2047 Haeredes
2076 2016 2169 2048 nostri
2190 2017 2259 2048 inde
2282 2016 2377 2048 facere

1307 2058 1451 2096 possemus
1464 2057 1660 2096 Temporibus
1674 2056 1865 2087 Vacationum
1880 2056 2098 2093 praedietarum:

1346 2096 1436 2128 Salvis
1451 2096 1550 2127 Nobis
1565 2097 1598 2127 ὃ(
1613 2095 1783 2126 Haeredibus
1798 2094 1901 2125 nostris
1915 2094 2019 2125 Feodis
2033 2094 2181 2133 Militum,
2196 2103 2261 2134 quae
2276 2097 2380 2126 tenen-⁴

1307 2145 1352 2167 tur
1365 2135 1402 2166 de
1415 2135 1585 2174 Episcopatu
1602 2134 1741 2173 praedicto
1750 2157 1760 2172 ,
1777 2134 1811 2165 &
1826 2133 2072 2165 Advocationibus
2086 2132 2292 2172 Ecclesiarurm
2306 2142 2379 2164 cum

1306 2175 1478 2213 acciderint,
1496 2174 1692 2212 TemporIbus
1709 2172 1902 2203 Vacationum
1916 2171 2132 2211 praedictarum,
2151 2173 2187 2203 ita
2208 2173 2290 2211 quod
2311 2181 2380 2202 om-

1306 2224 1356 2244 nes
1378 2213 1519 2244 Redditus
1538 2213 1571 2244 &
1594 2211 1714 2243 Servitia
1737 2211 1858 2249 Annua,
1874 2211 1910 2241 de
1932 2210 2034 2241 Feodis
2055 2211 2213 2250 praedic'tis,
2231 2211 2261 2241 in
2283 2210 2378 2242 vam-

1305 2253 1430 2283 tionibus
1449 2252 1518 2291 illis,
1533 2251 1746 2290 provenientia,
1763 2249 1898 2288 praefatis,
1914 2249 2090 2281 Praecenton'
2108 2250 2142 2281 &
2164 2248 2316 2289 Capitulo,
2333 2259 2380 2281 re-

1305 2302 1453 2323 maneant:

1344 2331 1433 2362 Salvis
1448 2332 1532 2361 etiam
1546 2329 1646 2361 Nobis
1661 2330 1695 2361 δε
1710 2327 1883 2360 Haeredibus
1899 2326 2001 2359 nostris
2008 2326 2147 2366 Escaeds,
2166 2337 2234 2367 quas
2247 2327 2379 2359 accidere

1307 2370 1458 2410 contigerit
1473 2369 1670 2407 Temporibus
1686 2366 1845 2407 praediffi53
1864 2368 1900 2398 ita
1913 2376 2009 2398 tamen
2024 2367 2107 2406 quod
2122 2376 2223 2398 ornnes
2237 2365 2380 2397 Redditus

1307 2411 1342 2441 δε
1366 2409 1485 2440 Servitia
1507 2409 1629 2446 Annua,
1645 2408 1681 2438 de
1702 2406 1842 2445 praedietis
1864 2405 1986 2438 Escaetis
1999 2429 2010 2445 ‚
2027 2407 2058 2436 in
2082 2404 2289 2437 Vacationibus
2308 2404 2380 2444 iuis,

1308 2449 1503 2486 provenientia
1516 2472 1525 2486 ,
1543 2447 1665 2486 praefatis
1678 2470 1688 2485 ‚
1705 2445 1881 2477 Praecentori
1904 2446 1938 2477 &
1958 2442 2097 2484 Capitulo
2110 2467 2121 2484 ,
2140 2444 2265 2476 similiter
2286 2453 2380 2476 rema-

1307 2497 1406 2518 neant:

1348 2526 1425 2565 Qlae
1447 2525 1563 2564 quidem
1586 2524 1710 2555 Escaetae
1726 2547 1735 2562 ,
1754 2523 1864 2563 singulis
1884 2522 2089 2553 Vacationibus
2111 2522 2196 2553 finitis
2219 2520 2378 2559 (videlicet)

1308 2565 1372 2602 post
1387 2565 1409 2595 F
1412 2564 1563 2595 idelitatem
1578 2564 1676 2601 ipsius,
1695 2572 1783 2600 quern
1800 2561 1909 2592 ibidem
1916 2561 2009 2600 Eligi,
2030 2559 2205 2591 Confirmari
2243 2560 2288 2590 seu
2295 2559 2378 2590 Prae-

1308 2603 1356 2634 fici
1377 2604 1527 2642 contigerit
1549 2604 1579 2632 in
1601 2601 1775 2639 Episcopum
1796 2600 1918 2638 ejusdem
1939 2600 2016 2643 loci,
2034 2598 2135 2642 Nobis
2155 2600 2189 2629 &
2204 2582 2379 2629 ssiaeredibus

1309 2642 1413 2672 nostris
1427 2642 1549 2679 faciam,
1567 2641 1718 2671 liberentur
1734 2640 1766 2670 &
1783 2646 1944 2669 remaneant
1958 2637 2051 2668 eidem
2066 2636 2229 2676 Episcopo,
2247 2636 2281 2667 &
2302 2636 2378 2666 Suc-

1309 2681 1460 2712 cefforibus
1474 2680 1541 2718 suis,
1560 2678 1707 2717 Episcopis
1718 2678 1777 2708 loci
1789 2677 1880 2715 illius,
1899 2678 2130 2715 imperpetuum,
2145 2676 2204 2706 fine
2222 2675 2374 2706 ocoesione

1308 2720 1355 2750 vel
1368 2719 1577 2758 impedimento
1592 2717 1714 2755 Nostri,
1732 2717 1778 2748 vel
1799 2715 1958 2747 Haeredum
1979 2714 2146 2745 nostrorum
2168 2723 2380 2753 quorumcum-

1310 2768 1512 2828 qulefeddendo
1526 2795 1592 2827 inde
1607 2795 1704 2840 Nobis
1718 2795 1752 2827 &
1766 2793 1938 2825 Haeredibus
1960 2792 2082 2832 nostris,
2099 2799 2155 2838 pro
2175 2791 2298 2832 qualibet
2319 2789 2379 2822 Va·

1309 2837 1421 2866 catione
1433 2834 1620 2874 Episcopatus
1635 2835 1723 2873 illius,
1741 2833 1760 2864 si
1781 2843 1830 2872 per
1850 2843 1940 2864 unum
1962 2833 2082 2863 Annum
2103 2840 2244 2871 integrum
2259 2830 2380 2874 durave-

1309 2876 1361 2912 rit,
1378 2874 1527 2911 Centum,
1545 2874 1744 2913 quaterviginti
1760 2896 1769 2911 ,
1787 2873 1820 2903 &
1839 2871 1941 2903 decem
1966 2871 2064 2902 Libras
2079 2895 2089 2908 ,
2107 2870 2224 2908 Septem
2245 2868 2379 2906 Sohdos,

1309 2912 1365 2943 Sex
1385 2916 1400 2930 ¹⁵
1422 2913 1579 2951 Denarios,
1597 2912 1704 2943 Unum
1718 2911 1870 2948 obolum,
1889 2910 1924 2940 &
1937 2909 2043 2953 Unum
2057 2908 2270 2947 Qadrantem,

1347 2950 1402 2990 Et,
1419 2951 1438 2981 fi
1459 2951 1580 2982 Vacatio
1601 2950 1726 2989 ejusdem
1748 2946 1934 2988 Episcopatus
1954 2948 2058 2977 minori
2077 2955 2208 2983 tempore
2223 2947 2312 2983 quarn
2327 2954 2376 2983 per

1309 2999 1398 3020 unum
1414 2989 1532 3020 Annum
1545 2990 1701 3028 duraverit,
1719 2997 1787 3018 tunc
1801 2987 1905 3024 iidem,
1925 2985 2091 3016 Praecentor
2107 2985 2144 3028 ὃς
2154 2983 2378 3022 Capitulum,&

1309 3038 1410 3058 eorum
1425 3029 1622 3066 Successores,
1638 3037 1690 3067 pro
1706 3026 1777 3057 Rata
1793 3025 1945 3063 temporis,
1966 3034 2025 3062 quo
2047 3023 2167 3054 vacatio
2186 3023 2230 3053 illa
2250 3032 2300 3061 per
2321 3024 2377 3053 mi-

1311 3076 1363 3097 nus
1378 3077 1492 3105 tempus
1505 3068 1542 3097 fic
1556 3066 1714 3101 duraverit,
1730 3065 1766 3094 de
1779 3064 1862 3094 dietis
1875 3061 2021 3100 Centum,
2060 3062 2256 3100 uaterviginti,
2275 3062 2309 3092 &
2325 3061 2377 3091 de-

1313 3115 1378 3136 cern
1394 3106 1505 3143 Libris,
1523 3106 1629 3143 septem
1645 3103 1764 3141 Solidis,
1780 3102 1836 3134 Sex
1850 3101 1998 3140 Denariis,
2052 3111 2092 3131 no
2105 3100 2225 3139 Obolo,
2242 3101 2276 3132 &
2298 3099 2378 3131 Uno

1314 3144 1482 3183 Quadrante
1491 3166 1500 3181 ,
1516 3145 1608 3173 minus
1621 3142 1748 3181 solvant,

1351 3182 1390 3213 Et
1412 3183 1431 3213 fi
1455 3182 1555 3219 majori
1574 3191 1705 3219 tempore
1719 3190 1805 3219 quam
1820 3189 1870 3218 per
1883 3188 1974 3211 unum
1988 3178 2108 3209 Annum
2122 3177 2265 3209 duraverit
2278 3176 2380 3208 eadem

1313 3220 1453 3260 Vacatio,
1471 3229 1558 3258 tunc,
1574 3231 1628 3258 pro
1654 3219 1728 3250 Rata
1750 3220 1902 3257 temporis,
1921 3228 1980 3257 quo
2001 3219 2088 3258 magis
2107 3216 2145 3248 fic
2164 3216 2326 3254 duraverit,
2341 3215 2380 3246 de

1334 3259 1455 3290 raedietis
1477 3259 1625 3298 Centum,
1644 3259 1860 3296 quaterviginti,
1878 3259 1912 3289 δε
1931 3257 2033 3287 decem
2058 3256 2169 3294 Libris,
2188 3255 2304 3293 Septem
2325 3254 2381 3285 So-

1325 3298 1392 3338 idis,
1409 3298 1465 3329 Sex
1487 3298 1636 3337 Denariis,
1655 3297 1732 3329 Uno
1756 3297 1875 3335 Oboio,
1891 3297 1925 3328 ὃς
1945 3296 2022 3327 Uno
2044 3294 2210 3334 Quadrante
2224 3294 2312 3333 magis
2326 3293 2382 3324 sol-

1313 3346 1390 3369 vant.

1351 3375 1552 3407 Conceffirnus
1564 3376 1646 3407 etiarn
1663 3385 1715 3415 pro
1726 3374 1882 3413 Nobis,&
1899 3372 2072 3404 Haeredibus
2086 3371 2188 3402 nostris
2197 3371 2294 3410 ‚quod
2306 3380 2381 3408 prae-

1313 3414 1401 3454 dieti,
1420 3415 1584 3446 Praecentor
1604 3416 1637 3445 ὅ(
1662 3414 1849 3453 Capitulum,
1867 3414 1900 3443 ὅτ,
1920 3422 2022 3443 eorum
2043 3410 2381 3448 Succefforesimperpe-

1313 3462 1411 3491 tuum,
1430 3454 1550 3484 habeant
1563 3454 1596 3484 ὃ(
1610 3462 1723 3484 teneant
1740 3451 1910 3484 Custodiam
1925 3448 2111 3488 Episcopatus
2124 3448 2269 3488 praediciti,
2288 3448 2382 3485 fingu-

1313 3492 1345 3522 lis
1359 3494 1535 3532 temporibus
1550 3491 1742 3523 Vacationum
1757 3490 1878 3529 ejusdem
1888 3512 1897 3528 ,
1915 3490 1945 3518 in
1959 3489 2051 3520 forma
2067 3488 2219 3527 praedieta,
2234 3496 2284 3524 per
2291 3495 2382 3530 quan-

1314 3540 1507 3569 tumcumque
1521 3539 1634 3568 tempus
1654 3530 1818 3561 duraverint
1837 3528 2009 3560 vacationes
2028 3527 2153 3566 ejusdem
2175 3524 2326 3569 Ecclefi2e3
2343 3532 2381 3554 ita

1315 3571 1396 3607 quod
1412 3570 1504 3600 nullus
1518 3569 1652 3600 Escaetor
1689 3567 1880 3605 vicecomes,
1897 3575 1943 3598 aut
1956 3567 2001 3597 alii
2016 3565 2112 3597 Ballivi
2128 3564 2174 3595 vel
2186 3562 2316 3606 Ministri
2327 3570 2381 3591 no-

1315 3608 1362 3638 stri
1384 3610 1577 3647 quicumque,
1596 3616 1643 3637 aut
1661 3592 1823 3637 l-laeredum
1846 3605 2029 3644 nostrorum,
2047 3604 2084 3635 de
2103 3601 2243 3634 Custodia
2263 3599 2382 3638 Episco-

1314 3645 1395 3684 patus
1417 3647 1564 3685 praedit‘ti,
1585 3645 1803 3683 Maneriorum,
1821 3653 1867 3675 aut
1886 3645 2000 3675 aliarum
2025 3643 2156 3679 Rerum,
2173 3641 2219 3670 seu
2231 3638 2382 3669 Bonorum

1314 3695 1570 3723 quorumcumque
1585 3707 1595 3722 ,
1613 3685 1647 3714 ad
1669 3684 1778 3714 dicium
1803 3682 2008 3721 Episcopatum
2029 3680 2214 3724 spectantium
2227 3700 2238 3714 2
2262 3686 2384 3715 quoquo

1314 3725 1422 3762 modo,
1441 3725 1548 3753 ratione
1563 3723 1726 3754 Vacationis
1740 3723 1826 3758 illius,
1845 3722 1871 3752 se
1887 3723 1915 3751 in
1929 3721 2025 3759 aliquo
2038 3722 2242 3760 intromittant:

1350 3762 1422 3792 Hoc
1437 3771 1533 3792 tamen
1547 3771 1686 3800 excepto,
1706 3760 1787 3799 quod
1802 3760 1953 3797 Escaetor,
1970 3768 2017 3789 aut
2033 3758 2098 3800 alius
2117 3753 2252 3798 Mmlster
2266 3752 2383 3798 noster,

1313 3800 1359 3830 seu
1374 3801 1533 3831 Haeredum
1547 3800 1730 3837 nostrorum,
1749 3800 1797 3837 qui
1814 3808 1868 3836 pro
1883 3807 2014 3835 tempore
2027 3796 2128 3838 fuerit,
2145 3792 2220 3836 infra'
2242 3791 2382 3836 Palatium

1313 3839 1562 3907 {assasse
1573 3834 2278 3914 sdCEsmMsinmSm1m
2288 3830 2382 3899 03¹¹ss?-

1912 3896 1922 3911 ²
2020 3910 2025 3915 .
2194 3907 2203 3916 Α

1314 3925 1409 3982 ‘iiis
1423 3913 1819 3990 232‘522533221255540?
1821 3921 1956 3980 ‘afflige
1964 3907 2208 3985 “Effassagffit’iossss
2222 3908 2261 3976 ἓξ
2281 3906 2382 3982 ‘iffi

1313 3991 1447 4021 Tenente
1467 3992 1536 4021 dic'ti
1559 3989 1744 4028 Episcopatus
1756 4013 1766 4026 ,
1784 3989 1830 4018 vel
1853 3988 1948 4023 aliquo
1968 3985 2023 4015 alio
2035 4009 2045 4022 ,
2062 3984 2128 4015 inde
2147 3983 2286 4022 capiendo
2300 4006 2312 4027 ⁹.
2333 3982 2379 4012 seu

1313 4029 1398 4059 etiam
1413 4029 1597 4067 asportand03
1617 4031 1652 4058 ita
1666 4027 1765 4066 quod,
1783 4026 1854 4057 ultra
1866 4033 1956 4055 unum
1971 4023 2060 4054 Diem
2070 4046 2081 4062 ,
2098 4023 2251 4055 occasione
2266 4019 2381 4096 Serpsigae

2388 1022 2430 1049 ¹7-

2397 2918 2414 2935 ·
2429 2918 2500 2947 vn.

2399 2965 2463 2993 145.
