2561 4251
234 113 284 140 20
761 89 1563 137 CONVENTIONES,
1634 89 2033 142 LITERAE,

73 181 149 213 Ann.
165 180 208 212 D.
259 167 327 213 Nos
341 205 350 220 ,
376 182 404 211 in
428 179 509 210 dic‘to
532 178 722 220 Parliamento
743 177 843 207 nostro
850 201 868 220 ,q
878 177 963 215 usque
974 175 1019 219 ¹ad
1041 176 1228 215 Qindenam
1242 174 1296 219 Pa-
1337 179 1423 213 rium,
1441 175 1516 217 xrvi.
1536 173 1596 205 Die
1608 173 1720 212 Martii,
1734 174 1957 220 AnnotDomini
1973 174 2146 221 Millefirno‚
2158 173 2402 218 Trescentefimo,
2423 175 2502 207 Ann.
2514 177 2555 215 D:

94 220 178 260 1388.
222 222 313 258 schae„
335 221 468 259 proximo
483 218 611 259 futurum
621 240 629 254 ,
650 225 732 245 certis
745 216 781 259 de
796 220 884 259 caulis
900 223 1085 261 continuato,
1102 213 1137 244 de
1152 213 1295 244 Nomini-
1336 212 1526 253 octogenmo
1539 212 1674 252 octavo,
1688 214 1723 245 ὅτ.
1738 213 1834 253 Regni
1845 213 1934 244 nostri
1948 215 2112 246 undecimo.
2447 215 2548 261 3388,-

71 261 123 288 Ric.
141 269 166 286 2.
221 262 272 291 bus
292 260 425 289 omniurn
442 257 474 286 δε
487 256 669 296 ‘singulorum
685 277 693 291 ,
711 254 884 292 quid16tum
898 254 1112 283 &aeramentum
1129 261 1226 283 coram
1242 262 1296 282 vo-
2422 257 2477 284 Ru.
2496 265 2524 285 2.

74 1804 153 1836 Anni
168 1802 208 1834 D.

98 1844 182 1882 1388.

73 1887 125 1911 An.
153 1892 192 1910 ιι.

74 1926 104 1949 R.
128 1931 152 1948 2.

74 1964 140 1987 Scot.
167 1969 207 1986 ιι.

73 2003 103 2026 R.
124 2008 148 2026 2.

75 2047 102 2064 m
135 2048 160 2064 2.

74 2075 93 2093 ²*
117 2076 171 2103 VII

74 2123 139 2151 573·

221 300 263 329 bis
279 299 314 328 iic
331 298 436 327 facient
449 318 459 331 ,
479 296 524 322 seu
537 296 585 331 qui
599 294 665 323 illud
682 293 773 323 facere
787 291 968 321 recusaverint
1005 291 1050 320 vel
1065 290 1229 321 recusaverit
1251 292 1262 329 ί
1276 291 1295 321 fi

223 338 270 376 qui
288 336 390 366 fuerint
419 333 464 362 vel
483 332 565 363 fuerit
584 337 591 367 )
611 333 661 361 sub
682 331 783 367 Sigillis
805 329 918 367 vestris,
936 314 1071 359 distinete
1091 330 1124 360 δε
1139 330 1249 368 aperte,
1267 329 1296 359 in

222 374 374 412 Quindcna
391 370 524 408 predii-Sta
536 395 545 409 ,
564 369 764 406 certificando,
782 367 819 398 Et
831 369 888 399 hoc
903 369 955 398 sub
968 368 1147 399 incumbenti
1159 367 1287 407 periculo

221 413 378 444 nullatenus
393 410 535 440 omittatis.

254 488 347 519 Teste
361 486 446 526 Rege
458 485 530 526 apud
547 482 805 523 westmonasterium
815 507 825 522 ,
844 493 890 514 xx.
902 483 948 514 die
962 483 1071 514 Martii.

700 562 753 590 Per
767 560 848 600 ipfitm
860 564 957 599 Regem
972 559 1011 597 ό·
1025 558 1182 590 Concilium.

379 662 492 693 Forma
508 655 692 704 Juramenti
712 654 752 688 de
772 667 829 704 quo
840 657 936 703 fhpra
945 655 986 701 fit
1000 658 1120 689 mentio.

269 757 325 784 Ous
345 753 455 793 Jurrez
475 764 525 793 que
545 763 612 782 vous
628 752 769 781 Garderez
789 750 827 787 ὠ·
836 752 936 792 ferrez
966 752 1075 781 Garder
1091 749 1120 780 la
1136 750 1200 780 bone
1215 753 1296 788 Pees,

279 792 383 832 ,Quiete
398 816 408 831 ,
424 791 461 826 ό
480 790 662 831 Tranquillite
678 791 714 820 du
735 790 871 827 Roialme3
892 789 930 825 ὠ·
941 813 951 828 ,
963 789 992 830 fi
1004 791 1104 828 ascunz
1116 789 1207 820 veulle
1214 789 1293 830 faire

217 839 340 864 emontre
354 831 428 870 cela,
447 842 514 860 vous
531 829 573 869 luy
597 836 688 859 contre
710 828 825 869 esterrez
841 829 878 865 &
895 828 1080 870 destourberez
1096 840 1114 857 a
1127 836 1187 858 tout
1203 827 1293 869 vestre

261 881 304 900 air
314 881 323 899 .·

218 875 297 939 PoEt
313 932 322 947 ,
340 909 366 949 fi
388 907 480 946 astum
498 909 592 936 Gentz
607 906 730 936 veullent
749 910 820 936 riens
835 905 913 947 faire
929 913 1052 936 encontre
1067 905 1102 935 les
1115 910 1194 944 Corpr
1207 905 1239 935 de
1256 904 1293 935 les

220 950 354 988 Pars-ones
378 948 421 976 des
445 950 515 986 Cyni-¹
537 949 676 982 Seignours
691 944 905 985 (c’estaffavot'r)
925 945 1057 974 Thomas
1077 946 1144 974 Duk
1163 945 1195 975 de
1210 944 1292 974 Glou-

221 987 315 1028 cestre,
332 986 432 1026 Henry
446 990 530 1014 Coum
543 984 575 1013 de
586 984 697 1022 Derby,
712 983 837 1014 Richard
853 988 937 1013 count
950 982 1122 1012 d'Arundell
1132 981 1169 1017 ὠ·
1183 983 1216 1012 de
1229 985 1294 1012 Sur·

222 1037 286 1066 rey,
305 1027 326 1055 'l
335 1026 436 1054 homas
457 1027 543 1052 Count
563 1023 595 1052 de
612 1025 781 1061 lVarrewic,
799 1021 837 1056 ὠ
857 1022 986 1052 Thomas
1005 1025 1093 1051 Count
1110 1021 1293 1060 Mareschall,

219 1076 251 1095 ou
269 1066 349 1102 alcun
368 1064 399 1092 de
419 1073 488 1099 eux,
508 1072 575 1100 vous
588 1061 704 1101 esterrez
718 1072 764 1090 oue
786 1061 821 1091 les
842 1061 904 1089 dstz
925 1060 999 1095 cynk
1012 1062 1247 1100 Seigneurrjesqes
1265 1059 1298 1089 al

217 1108 304 1133 entier
314 1102 369 1142 fyn
386 1101 417 1130 de
433 1100 482 1140 cest
495 1101 601 1142 preffent
618 1099 807 1137 Parliament,
826 1099 863 1134 ὠ
883 1110 936 1128 eux
951 1099 1156 1137 Mayntendrez
1177 1097 1215 1134 &
1230 1099 1294 1139 SuJZ

218 1143 334 1171 tendrez
344 1165 353 1177 ‚
372 1152 390 1168 a
407 1148 464 1168 tout
483 1140 573 1177 vestre
587 1139 628 1167 dit
644 1142 736 1175 poair,
756 1149 774 1167 a
789 1142 873 1168 vivre
886 1137 924 1172 ὠ
939 1141 1022 1166 morir
1043 1149 1089 1167 oue
1105 1148 1158 1167 eux
1169 1145 1294 1168 enrontre

220 1188 286 1210 touz
300 1183 308 1214 ζ
319 1178 390 1208 nulia
406 1180 524 1213 Parlone
537 1177 644 1206 n'autre
657 1176 731 1217 chose
746 1184 852 1215 exrepte
873 1187 906 1206 en
920 1187 1027 1205 manere
1041 1176 1208 1213 avantdite)
1225 1180 1295 1206 Sau-

218 1225 294 1248 vant
311 1242 319 1254 ,
345 1224 405 1246 tout
418 1215 515 1254 foitz,
535 1215 626 1254 vestre
649 1218 801 1253 Ligeauncc
817 1224 914 1244 envers
930 1214 1016 1253 nostre
1038 1219 1165 1252 Seigneur
1184 1214 1209 1244 le
1222 1218 1294 1255 Roy,

218 1256 256 1291 <ij
276 1256 304 1284 la
329 1253 490 1294 Prerogatif
503 1254 582 1294 desa
606 1257 704 1283 corone
720 1277 730 1293 ,
748 1253 787 1290 ό»
810 1253 846 1283 les
869 1255 939 1294 Leyr
955 1252 992 1289 ὠ·
1009 1253 1087 1283 hones
1107 1252 1241 1294 Custumes
1263 1255 1294 1284 de

216 1294 347 1325 Roialme.

258 1381 427 1414 Consimilia
444 1381 543 1412 Brevia
557 1380 715 1419 diriguntur
728 1379 913 1419 subscriptis,
931 1381 959 1409 in
983 1378 1179 1412 Comitatibus
1192 1381 1257 1412 sub-

470 1419 590 1459 scriptis,
609 1420 658 1450 sub
682 1417 780 1449 eadem
796 1417 890 1458 Data,
911 1418 1058 1458 videlicet,

260 1507 389 1577 fahanm'
405 1505 492 1546 Cressp
507 1509 535 1535 V
536 1509 594 1536 icet.

280 1558 300 1576 n
315 1545 466 1577 Comitatu
477 1545 729 1584 Notynghamiae,
747 1545 808 1575 &c.

416 1695 466 1727 De
487 1692 659 1727 vastando
682 1706 750 1727 cum
775 1693 966 1739 Adverfiirio
986 1696 1098 1726 Scon'ae.

227 1787 350 1846 REX
369 1787 532 1826 Omnibus,
549 1787 583 1818 ad
599 1798 687 1828 quos,
702 1789 762 1820 &c.
781 1788 915 1819 Salutem.

336 1826 432 1856 Sciatis
448 1827 529 1864 quiid
543 1826 628 1866 Nos,

260 1864 308 1895 De
323 1864 527 1904 circumspecta
554 1865 695 1896 Fidelitate
714 1865 747 1896 ὃς
764 1864 922 1904 Industria,
940 1866 1115 1898 Venerabilis
1139 1867 1241 1908 Patris,
1258 1868 1295 1907 J.

228 1903 552 1944 EpirscopissDunolmenfis
567 1927 577 1942 ,
603 1915 636 1935 ac
649 1928 659 1943 ,
684 1904 868 1935 Dilectorum
890 1906 923 1936 &
947 1906 1084 1936 Fidelium
1108 1906 1271 1938 nostrorum
1287 1931 1297 1947 ,

229 1945 341 1973 Henrxi
357 1944 388 1972 de
403 1945 503 1982 Percy,
522 1942 648 1973 Comitis
663 1943 887 1974 Norihumbriae
908 1943 1119 1982 Consanguinei
1141 1946 1229 1976 nostri
1250 1957 1297 1977 ca-

227 1982 324 2011 riffimi
338 2005 347 2020 ,
368 1981 508 2019 Johanm's
526 1985 638 2012 Domini
659 1982 691 2011 de
714 1982 833 2020 Nevill,
853 1985 951 2013 Briani
971 1984 1002 2013 de
1016 1983 1170 2023 Stapilton,
1189 1984 1296 2016 Chiva-

226 2021 332 2089 ler,fi{c
353 2021 371 2039 ²*
392 2020 522 2061 Magistri
543 2021 655 2051 Ricardi
675 2020 810 2060 Rouhall,
829 2021 946 2059 Legum
967 2022 1123 2063 Dodtoris,
1139 2024 1296 2062 plurimum

226 2070 282 2090 con
325 2069 400 2090 entes

264 2098 312 2128 De
339 2082 452 2128 Ass'er'isu
476 2099 508 2129 ὅ(
533 2098 715 2129 Avisamento
737 2097 863 2130 Concilii
886 2099 973 2130 nostri
990 2101 1080 2140 ipsos,
1099 2101 1297 2142 Episcopum,

220 2136 377 2168 Comitem
393 2160 401 2175 ,
416 2137 579 2176 johannem
596 2161 605 2176 ,
624 2137 756 2168 Brianum
772 2160 781 2176 ,
799 2138 831 2169 δε
855 2137 1015 2170 Ricardum
1031 2140 1141 2171 nostros
1162 2150 1244 2172 veros
1264 2143 1297 2173 ὅ(

225 2175 365 2215 legitimo)
383 2176 597 2214 Procuratores,
615 2176 812 2216 Negotiorum
821 2176 962 2217 gestores,
979 2179 1154 2218 Deputatos,
1166 2189 1199 2210 ac
1208 2180 1299 2211 Nun-

225 2219 285 2245 cios
305 2215 430 2257 speciales
449 2214 578 2246 Facimus
593 2238 603 2254 ,
626 2215 763 2246 Creamus
776 2240 786 2255 ,
805 2215 984 2256 Deputamus
1000 2242 1011 2257 ,
1029 2219 1062 2249 &
1084 2217 1298 2251 Censtituimus

229 2263 280 2294 per
297 2253 464 2293 Praeientes,

265 2292 373 2324 Dantes
387 2293 489 2323 eisdem
508 2292 744 2325 Procuratoribus
756 2317 766 2332 ,
785 2293 934 2333 Deputatis
948 2319 957 2333 ,
983 2295 1015 2326 &
1032 2295 1159 2328 Nunciis
1181 2295 1298 2336 nostris,

227 2331 360 2371 Qiatuor
373 2354 383 2370 ,
398 2332 505 2362 Tribus
519 2354 529 2370 ,
547 2334 579 2362 &
599 2333 724 2363 Duobus
746 2343 846 2363 eorum
873 2333 1044 2366 potestatem
1066 2336 1217 2375 plenariam
1234 2359 1243 2374 ‚
1263 2345 1296 2367 ac

228 2370 400 2401 Mandatum
422 2371 551 2408 generale
567 2371 599 2401 ὃς
617 2372 732 2409 speciale
746 2396 755 2409 ,
775 2371 994 2410 Conveniendi,
1016 2374 1184 2413 Loquendi,
1204 2373 1299 2405 Com-

228 2410 411 2447 municandi,
430 2410 603 2448 Tractandi,
622 2412 655 2441 &
671 2408 878 2441 Concordandi
891 2421 944 2449 pro
958 2412 1072 2451 Nobis,
1085 2414 1118 2444 ὃ(
1133 2413 1230 2443 nostro
1245 2423 1298 2444 no-

228 2449 305 2478 mine
320 2470 329 2486 ,
343 2458 376 2478 ac
396 2458 450 2486 pro
466 2448 573 2487 Regnis
588 2472 597 2486 ,
615 2449 712 2479 Terris
728 2473 737 2486 ,
758 2449 905 2480 Dominiis
920 2474 930 2488 ,
948 2450 1090 2490 Subditis,
1107 2451 1247 2490 vassallis,
1265 2453 1299 2483 ὃ(

231 2486 343 2525 Ligeis,
360 2496 393 2517 ac
410 2486 534 2526 Alligatis
554 2486 655 2517 nostris
676 2488 918 2527 quibuscumque,
937 2499 1007 2520 cum
1022 2490 1198 2530 Adversario
1211 2490 1299 2530 nostro

231 2527 345 2562 Scotiae,
364 2525 407 2554 seu
426 2535 483 2563 ejus
502 2526 530 2556 in
545 2526 598 2556 hac
617 2534 693 2563 parte
712 2526 959 2567 procuratoribus,
977 2528 1118 2568 Nunciis,
1137 2530 1183 2560 seu
1200 2529 1298 2568 Depu-

231 2564 309 2601 tatis,
329 2564 476 2600 plenariam
499 2563 670 2595 Potestatem
686 2566 722 2595 ab
736 2566 796 2604 ipso
813 2566 980 2597 Adversario
1001 2567 1099 2598 nostro
1115 2569 1299 2606 habentibus,

232 2603 290 2632 tam
305 2601 340 2631 de
359 2601 431 2631 Pace
445 2602 478 2632 ὃς
490 2601 656 2633 Concordia
673 2603 799 2634 finalibus
814 2605 846 2634 ὃς
862 2607 1016 2644 perpetuis,
1039 2608 1126 2645 quam
1139 2607 1175 2637 de
1186 2607 1298 2646 quibus-

231 2649 360 2682 cumque
371 2640 508 2678 Treugis,
526 2640 701 2671 Guerrarum
718 2642 882 2674 sufferentiis
898 2667 908 2683 ,
923 2645 1084 2684 Amicitiis,
1106 2646 1201 2686 Ligis,
1216 2645 1299 2677 Con-

233 2679 479 2715 foederationibus,
497 2681 529 2710 &
548 2679 714 2710 Unionibus
723 2703 732 2717 ,

272 2717 348 2748 Inter
362 2719 421 2746 Nos
431 2741 440 2754 ,
456 2718 488 2748 &
503 2717 641 2748 Haeredes
654 2718 780 2757 nostros,
798 2729 851 2759 pro
865 2720 972 2759 Regnis
982 2745 991 2759 ,
1010 2722 1124 2761 Terris,
1142 2724 1175 2755 δε
1190 2723 1300 2755 1)οωί-

233 2757 305 2794 niis,
324 2766 357 2786 ac
373 2755 677 2798 Subditis„Vassallis,
690 2758 722 2787 &
736 2758 861 2796 Alligatis
876 2759 976 2789 nostris
996 2762 1137 2798 praediffis
1151 2785 1160 2800 ,
1178 2772 1211 2792 ex
1227 2773 1299 2802 una,

233 2797 267 2827 &
289 2795 377 2837 ipsum
401 2796 603 2841 Adverjarium
623 2797 755 2836 nostrum,
773 2797 806 2827 &
828 2797 977 2837 Haeredes,
993 2798 1175 2839 Complices,
1191 2802 1223 2832 ὃ(
1239 2803 1299 2832 alli-

232 2843 311 2873 gatos
325 2837 404 2871 suos,
420 2843 472 2872 pro
489 2834 543 2871 be,
562 2835 674 2872 Terris,
693 2835 857 2873 Dominiis,
877 2836 999 2867 Subditis
1013 2860 1023 2875 ,
1040 2839 1072 2869 ὃς
1087 2839 1213 2878 Alligatis
1228 2840 1298 2880 suis,

233 2882 268 2904 ex
284 2872 364 2902 Parte
378 2873 476 2911 altera,
495 2876 633 2910 perpetuo
646 2873 690 2903 vel
704 2874 738 2903 ad
752 2883 861 2911 tempus
875 2875 1009 2906 duraturis
1019 2898 1029 2913 ,

274 2910 405 2941 Necnon
426 2911 610 2949 Tranligendi
625 2935 635 2949 ,
653 2911 861 2950 Componendi
877 2938 886 2952 ,
904 2915 937 2944 ὅ(
952 2913 1115 2946 Baciscendi
1135 2925 1203 2946 curn
1218 2916 1298 2947 dicto

235 2948 418 2987 Adversario,
437 2951 481 2980 seu
497 2952 554 2989 ejus
572 2949 777 2981 Commisi'ariis
793 2975 802 2990 ,
820 2961 866 2982 aut
882 2953 1031 2992 Deputatis
1052 2953 1253 2985 sufficientibus
1271 2958 1299 2986 in

235 2988 288 3018 hac
313 2997 387 3024 parte
400 3011 408 3026 ,
434 2988 513 3027 super
532 2990 665 3019 omnibus
685 2990 718 3019 δε
737 2989 855 3029 singulis.
894 2991 1109 3031 Qioestionibus
1123 3016 1132 3030 ‚
1152 2993 1298 3033 Qierelis,

239 3026 336 3057 Riotis
351 3049 360 3064 ,
378 3027 410 3057 &c
425 3026 541 3057 Debitis
555 3050 565 3065 ,
583 3037 650 3057 cum
664 3029 796 3058 omnibus
814 3029 864 3059 suis
887 3031 919 3061 &
935 3031 1048 3067 singulis
1067 3032 1219 3070 Articulis,
1234 3032 1301 3062 Cir-

234 3064 408 3096 cumstantiis
421 3088 430 3103 ,
449 3066 634 3096 incidentibus
648 3089 658 3105 ,
678 3069 883 3106 emergentibus
897 3091 906 3107 ,
926 3069 1165 3109 dependentibuS,
1181 3071 1214 3101 &
1227 3081 1298 3102 con-

236 3105 313 3134 nexis
327 3126 336 3141 ,
353 3104 423 3133 inter
443 3102 641 3141 progenitores
662 3105 771 3135 nostros
783 3129 793 3143 ,
818 3107 899 3137 clarae
921 3110 1089 3148 memoriae,
1114 3110 1147 3140 &
1162 3108 1247 3147 Nos,
1265 3119 1299 3139 eir

239 3153 294 3172 una
305 3167 314 3180 ‚
333 3152 366 3172 ac
389 3142 481 3179 Ipsum
494 3165 503 3180 ,
520 3142 716 3181 progenitore>-
727 3167 736 3181 ,
757 3145 790 3175 ὅ(
807 3145 939 3184 Alligatos
955 3147 1016 3177 suos
1032 3170 1042 3186 ,
1061 3148 1299 3187 qualitercumque

238 3191 303 3212 ante
317 3181 378 3211 haec
394 3190 524 3219 tempora
539 3183 641 3220 moris,
659 3192 692 3212 ex
709 3182 789 3213 Parte
801 3185 897 3222 altera,

282 3218 446 3259 Omniaque
460 3221 493 3250 ὃ(
508 3219 610 3257 lingula
645 3221 682 3251 iic
696 3221 845 3260 Trauata,
864 3223 992 3262 Locuta,
1011 3223 1162 3255 Transiitsta
1178 3247 1188 3263 ,
1207 3223 1302 3255 Com-

241 3258 345 3296 polita,
366 3256 515 3288 Pacificata
530 3281 540 3296 ,
556 3260 588 3289 &
603 3244 787 3289 Concordata
802 3284 812 3298 ,
831 3271 898 3292 cum
912 3263 1046 3293 omnibus
1061 3263 1094 3294 &
1109 3263 1218 3303 singulis
1229 3262 1304 3293 Inci-

243 3296 374 3327 dentibus
385 3320 395 3335 ,
411 3297 630 3336 Emergentibus
643 3321 653 3336 ,
671 3297 905 3337 Dependentibus
920 3324 930 3338 ,
949 3302 981 3332 &
998 3300 1158 3340 Connexis,
1178 3301 1304 3332 Firman-

244 3335 291 3373 di,
310 3335 454 3373 Vallandi,
472 3337 671 3374 Approbandi,
692 3336 854 3376 Laudandi,
873 3339 905 3369 ὅ(
921 3339 1036 3370 finaliter
1051 3339 1260 3378 concludendi,

285 3373 330 3403 Ac
346 3373 432 3412 Nos,
444 3374 482 3416 -&
495 3375 631 3405 Haeredes
645 3375 754 3405 nostros
770 3399 780 3414 ,
799 3375 832 3405 ad
848 3377 884 3407 iic
902 3378 1105 3409 Tractatorum
1119 3379 1152 3409 &
1172 3377 1305 3408 Concor-

246 3412 377 3481 }atortini
388 3414 601 3481 {imerffmiam
613 3437 623 3452 ,
641 3414 862 3452 quibuscumque
877 3417 928 3445 viis
943 3418 975 3447 δε
999 3418 1090 3448 modis
1103 3440 1114 3456 ,
1131 3415 1254 3447 honestis
1274 3418 1307 3448 &

258 3459 333 3482 icitis
368 3461 386 3480 o
418 3462 426 3480 i
447 3462 480 3480 nn
503 3462 511 3481 i

290 3461 551 3528 Ac’Obligation'es
563 3491 720 3521 consimiles
734 3514 745 3529 ,
762 3500 796 3520 ex
811 3500 885 3530 parte
899 3492 1000 3532 altera,
1015 3492 1205 3533 Requirendi,
1221 3492 1309 3524 Reci-

251 3528 364 3567 piendi,
381 3529 414 3559 &
429 3529 584 3566 Stipulandi
594 3552 603 3566 ,

292 3565 507 3605 Quodcumque
524 3566 724 3605 Juramentum
736 3591 746 3606 ,
765 3567 917 3599 honestum
933 3571 965 3601 &
985 3570 1093 3601 licitum
1106 3594 1116 3610 ,
1131 3572 1161 3601 in
1175 3570 1310 3601 Animam

254 3604 380 3634 nostram
395 3606 557 3644 praestandi,

290 3642 422 3673 Necnon
437 3645 536 3673 onmia
554 3644 604 3673 alia
619 3645 651 3674 &
672 3645 776 3682 singula
790 3644 984 3684 Excercendi,
1004 3646 1152 3686 Faciendi,
1170 3649 1203 3679 &
1221 3646 1313 3685 Expe-

254 3679 348 3722 diendi
364 3691 428 3720 quae
447 3683 522 3712 circa
539 3682 684 3713 Praeniiil'a
705 3683 853 3713 necessaria
874 3684 974 3714 fuerint
995 3686 1038 3714 vel
1059 3687 1144 3717 etiam
1156 3695 1314 3725 oportuna,

256 3727 341 3747 etiam
357 3720 376 3749 si
392 3719 563 3750 Mandatum
577 3721 685 3759 exigant
721 3731 963 3760 uantumcumque
977 3723 1107 3763 speciale,

261 3793 275 3798 ..
298 3755 425 3795 Rarum,
450 3757 596 3795 Gratum,
628 3760 661 3789 &
719 3762 821 3790 irinum
836 3783 845 3798 ,
870 3764 1006 3800 perpetuo
1031 3762 1151 3793 habituri
1183 3762 1316 3801 quicquid

260 3792 342 3836 iidem
358 3795 572 3833 Procuratores,
589 3797 738 3836 Deputati,
756 3799 789 3829 ὅ(
805 3798 920 3829 Nuncii
935 3799 1041 3838 nostri,
1060 3811 1093 3831 ac
1110 3801 1154 3831 alii
1167 3802 1319 3838 praenomi-

259 3840 318 3861 nati
331 3831 522 3863 Commiflfarii
536 3834 642 3874 nostri,
660 3835 809 3876 Qatuor,
826 3837 914 3875 Tres,
927 3839 960 3869 δε
984 3838 1054 3868 Duo
1075 3849 1191 3875 eorum,
1208 3838 1319 3868 Nomi-

262 3873 299 3911 ne
320 3870 416 3899 nostro
429 3894 438 3908 ,
460 3872 578 3903 fecerint
601 3874 630 3902 in
650 3872 820 3912 Praerniffis,
845 3875 889 3904 vel
910 3876 1002 3915 aliquo
1026 3877 1262 3913 Praemifforum3
1281 3877 1318 3908 Et

261 3906 318 3935 hoc
333 3930 342 3943 ,
358 3909 409 3950 ¹iub
434 3909 580 3946 Yp01heca
603 3913 636 3943 &
661 3910 803 3942 Cautione
818 3914 950 3943 omnium
965 3913 1112 3946 Bonorum
1132 3914 1293 3945 nostrorum
1308 3939 1318 3954 ,

263 3943 459 3975 Promittimus
473 3949 506 3978 δε
524 3952 690 3988 exponimus
706 3950 867 3981 Cautiones.

298 3981 365 4012 Dat.
386 3983 436 4013 sub
455 3985 559 4023 Magni
581 3987 667 4027 Sigilli
685 3988 774 4020 nostri
795 3989 981 4022 Testimonio
996 4014 1006 4030 ,
1023 3991 1097 4032 apud
1119 3990 1320 4032 Westmonaste-

1813 291 1867 320 Per
1879 288 1965 330 ipfirm
1979 293 2076 330 Regem
2088 289 2128 328 ό·
2145 291 2296 325 Concilium.

1362 418 1455 462 Super
1469 415 1674 459 Translatione
1689 412 1729 448 ab
1748 412 1926 459 Eboracesfi
1947 414 1993 448 ad
2007 416 2168 460 Eoclafiaem
2186 419 2290 453 SamSh'
2306 420 2378 453 An-

1463 462 1535 497 dreae
1546 491 1557 507 ,
1579 467 1615 503 (ῤ’
1628 475 1683 510 pro
1702 460 1881 508 Eboracensi
1893 463 2026 509 Ecclesia
2043 464 2081 498 de
2098 469 2273 511 Provifione.

1336 549 1524 612 URbanus
1540 549 1697 589 Episcopus,
1715 549 1817 581 Servus
1832 549 1988 583 Servorum
2000 550 2083 591 Dei,
2098 550 2252 583 Cariffimo
2269 554 2298 585 in
2314 553 2399 586 Chri·
2425 536 2501 569 Am·
2511 537 2553 572 DJ

1426 588 1474 619 sto
1487 589 1578 627 Filio,
1597 590 1712 619 Ricardo
1724 591 1789 627 Regi
1802 589 1916 628 Angliae
1929 588 2051 630 Illustri,
2069 591 2194 622 Salutem
2208 592 2242 623 δε
2254 591 2398 631 Apostoli·
2447 578 2530 616 ¹388·

1336 635 1402 657 cam
1415 626 1660 658 Benediffionem.
2423 620 2477 645 ‘¹‘-
2497 626 2538 646 ¹¹·

1373 663 1482 710 ⁸Gratiae
1505 666 1624 697 Divinae
1644 665 1800 711 Praernium
1823 667 1857 699 &
1878 666 2023 698 Humanae
2042 667 2146 700 Laudis
2161 670 2339 709 praeconium
2353 681 2401 702 ac·
2421 659 2451 682 R.
2472 665 2497 683 ²·
2525 694 2532 701 .
2549 695 2556 705 .

1355 713 1472 744 uiritur,
1491 706 1510 736 si
1523 714 1570 744 per
1585 704 1724 735 Seculares
1739 704 1884 743 Principes
1893 705 2033 744 Praelatis,
2049 708 2197 746 praesertim
2211 707 2400 740 Ecclefiarum
2423 698 2462 738 ξπ
2485 697 2556 732 ⁰⁷¹3!

1365 743 1547 775 athedraliurn
1561 744 1691 783 regimini
1706 743 1938 783 Praesidentibus‚
1953 746 2089 782 oportuni
2102 745 2218 778 Favoris
2233 746 2399 779 Praefidium
2423 742 2448 759 ²⁷²
2463 735 2525 759 Tur.

1334 781 1493 851 &Sl-lqnor
1509 782 1620 813 debitus
1634 782 1820 824 impendatur.
2423 780 2450 798 ⁷³·
2470 778 2499 808 7·

1395 831 1448 852 ane

1370 844 1496 891 Eccle’fia
1510 858 1682 891 Eboracenfi
1701 869 1735 890 ex
1750 869 1786 890 eo
1800 859 1922 892 Pastoris
1941 861 2080 901 regimine
2091 860 2222 893 destituta
2237 863 2316 902 quod
2331 863 2402 896 Nos

1334 897 1421 930 hodie
1435 922 1445 938 ,
1471 898 1669 929 Venerabilem
1694 897 1818 929 Fratrem
1844 899 1974 931 nostrum
2028 900 2224 930 Alexandrum
2246 901 2400 942 Episcopum

1332 939 1429 968 Sane‘li
1449 938 1573 967 Andreae
1589 961 1600 977 ,
1621 946 1691 967 tunc
1714 937 1969 979 Archiepiscopum
1984 923 2212 977 Eboracensem,
2227 939 2295 970 licet
2307 941 2405 972 absen-

1334 985 1391 1007 tem
1401 1000 1410 1015 ,
1426 988 1441 1008 a
1455 977 1589 1014 vinculo,
1605 986 1664 1014 quo
1675 976 1762 1006 dictae
1776 975 1947 1008 Eboracensi
1957 977 2109 1017 Ecclesiae,
2127 979 2174 1009 cui
2189 987 2257 1009 tunc
2292 988 2406 1019 raeerat,

1334 1017 1480 1047 tenebatur
1495 1039 1505 1054 ,
1523 1015 1559 1045 de
1584 1015 1714 1045 Fratrum
1732 1014 1894 1046 nostrorum
1913 1015 2050 1047 Concilio
2062 1039 2072 1054 ‚
2097 1017 2132 1048 &
2154 1015 2267 1055 Aposto
2279 1017 2332 1048 icae

1334 1052 1436 1084 testatis
1450 1053 1640 1092 plenitudine,
1657 1052 1832 1084 absolventes
1847 1078 1856 1092 ,
1873 1054 1961 1092 ipsum
1974 1055 2008 1086 ad
2023 1055 2142 1085 eandem
2161 1055 2318 1087 Ecclesiam
2355 1067 2405 1087 an-

1334 1092 1374 1122 cti
1402 1093 1523 1123 Andreae
1539 1115 1549 1131 ,
1571 1102 1641 1123 tunc
1669 1101 1816 1122 vacantem
1830 1116 1840 1129 ,
1864 1093 1995 1123 duximus
2027 1093 2205 1124 Au&oritate
2236 1094 2403 1135 Apostolica'i

1334 1130 1578 1162 Transferendum
1591 1154 1601 1169 ,
1620 1132 1638 1150 ²¹⁸
1658 1130 1848 1161 Praeficiendo
1860 1131 1948 1169 ipsum
1964 1132 2056 1162 eidem
2069 1131 2205 1163 Ecclefiae
2217 1133 2313 1165 Sancti
2340 1134 2403 1165 An—
2427 1126 2446 1147 ²¹⁵
2465 1129 2532 1157 VH-

1333 1169 1408 1239 dre}
1425 1171 1454 1200 in
1469 1170 1645 1209 Episcopum
1661 1171 1695 1201 &
1710 1169 1874 1208 Pastorem,
2426 1175 2443 1204 5
2447 1175 2495 1202 74·

1407 1219 1438 1238 OS

1372 1247 1418 1277 Ad
1433 1232 1630 1278 Piovisionem
1645 1246 1725 1285 ipsius
1740 1245 1927 1278 Eboracensis
1939 1246 2075 1279 Ecclefiae
2089 1248 2213 1280 celerem
2228 1248 2263 1280 &
2276 1249 2404 1290 felicem,

1335 1287 1372 1316 ne
1385 1286 1479 1325 longae
1494 1284 1657 1317 Vacationis
1677 1294 1864 1326 exponeretur
1886 1286 2085 1318 incommodis
2100 1310 2112 1326 ‚
2128 1286 2254 1319 Paternis
2267 1289 2300 1320 &
2313 1288 2405 1320 solici-

1336 1326 1370 1355 tis
1383 1324 1477 1356 studiis
1492 1325 1683 1364 intendentes,

1372 1362 1442 1393 Post
1471 1363 1714 1395 Deliberationem
1732 1386 1742 1401 ,
1768 1373 1853 1402 quam
1876 1363 1913 1394 de
1943 1362 2133 1395 Praeficiendo
2158 1364 2252 1396 eidem
2275 1365 2407 1397 Ecclefiae

1335 1401 1505 1433 Eboracensi
1524 1402 1677 1433 Personam
1692 1425 1701 1440 ,
1721 1403 1820 1433 utilem
1836 1402 1871 1433 &
1889 1404 1977 1434 etiam
1996 1403 2168 1434 frustuoiam
2181 1426 2192 1443 ,
2215 1413 2283 1434 cum
2303 1405 2407 1436 eisdem

1336 1440 1474 1471 Fratribus
1487 1441 1637 1472 habuimus
1652 1441 1834 1480 diligentem,

1373 1478 1506 1511 Demum
1527 1479 1563 1510 ad
1577 1503 1587 1518 ,
1614 1480 1814 1511 Venerabilem
1843 1478 1968 1511 Fratrem
1990 1479 2122 1512 nostrum
2135 1504 2145 1519 ,
2170 1479 2317 1521 rhomam,
2334 1490 2405 1513 tune

1336 1516 1471 1557 Eliensem
1483 1519 1654 1558 Episeopum,
1673 1519 1702 1548 in
1723 1518 1980 1558 Archiepiscopum
1994 1519 2205 1550 Eboracensem
2220 1518 2370 1560 Elatum,

1376 1555 1564 1588 Confideratis
1584 1556 1733 1597 grandium
1757 1556 1903 1588 Virtutum
1926 1559 2034 1589 meritis
2051 1581 2061 1597 ‚
2080 1559 2182 1597 quibus
2195 1557 2348 1589 Personam
2366 1561 2410 1597 ip-

1337 1594 1389 1625 sius
1403 1595 1533 1626 Thomae
1547 1595 1639 1626 Eleeti
1655 1595 1764 1626 illarum
1781 1595 1914 1633 Largitor
1959 1596 2270 1636 Dominusinsignivit,
2289 1597 2410 1637 &quod

1339 1634 1395 1671 ipse
1409 1634 1540 1665 Thomas
1554 1633 1686 1672 Uedius,
1705 1635 1754 1672 qui
1767 1644 1780 1664 r
1817 1635 1898 1664 imini
1913 1619 2027 1666 E’lienfis
2049 1635 2185 1666 Ecclesiae
2199 1635 2333 1667 hactenus
2352 1637 2411 1667 lau-

1337 1673 1466 1704 dabiliter
1480 1673 1592 1711 praefuit
1609 1696 1619 1710 ,
1638 1673 1783 1710 praefatam
1825 1673 2009 1704 boracensem
2029 1673 2183 1705 Ecclefiam
2203 1675 2270 1705 sciet
2283 1675 2316 1706 &
2329 1684 2412 1713 pote-

1338 1711 1374 1742 rit
1375 1712 1541 1780 ‚Cgluetore
1555 1711 1709 1780 Βοιηιιὶιο,
1727 1711 1998 1780 Γώἓὲἰξὲἑξξαε,
2015 1712 2049 1744 &
2061 1713 2178 1743 feliciter
2191 1713 2366 1753 gubernare,

1570 1761 1582 1780 s
1637 1761 1654 1780 u
1665 1760 1698 1780 os
1711 1760 1750 1780 no

1373 1759 1651 1828 Imgffigxt‘ngsuigffir
1660 1812 1671 1827 ,
1690 1790 1745 1820 tam
1760 1788 1809 1826 ipfi
1821 1772 1996 1832 Eboracenfi
2010 1787 2250 1830 Ecclefiae,quam
2261 1790 2320 1829 ejus
2335 1789 2411 1822 Gre-

1339 1828 1369 1868 gi
1385 1827 1568 1865 Dominic0‚
1586 1827 1727 1858 salubriter
1744 1826 1911 1865 providere,

1376 1865 1509 1898 Eundem
1531 1866 1682 1897 Thomam
1704 1865 1842 1896 Electum
1856 1876 1871 1896 a
1890 1865 2035 1905 vinculo,
2053 1877 2113 1906 quo
2134 1866 2220 1898 dictae
2235 1866 2339 1898 Elienfi
2352 1867 2411 1900 Ec-

1338 1905 1445 1945 clesiae,
1465 1906 1513 1937 cui
1527 1914 1596 1935 tunc
1609 1914 1745 1945 praeerat,
1763 1904 1926 1943 tenebatur,
1944 1904 1980 1936 de
1993 1905 2163 1937 eorumdem
2182 1905 2315 1937 Fratrum
2328 1905 2413 1938 Con-

1338 1944 1421 1983 cilio,
1437 1945 1469 1975 &
1487 1944 1611 1983 ejusdem
1627 1943 1780 1974 Potestatis
1793 1943 1978 1983 plenitudine,
1999 1944 2204 1983 Absolventae,

1375 1982 1472 2023 Ipsum
1495 1983 1530 2014 ad
1551 1982 1669 2013 eandem
1692 1981 1903 2013 Eboracensem
1925 1981 2082 2013 Ecclesiam
2097 1983 2276 2014 Auctoritate
2290 1983 2415 2023 Aposto-

1340 2021 1396 2052 lica
1419 2021 1608 2053 transtulimus
1630 2020 1775 2061 ipsumque
1796 2020 1836 2050 illi
1857 2020 2036 2059 praefecimus
2051 2022 2082 2052 in
2104 2021 2363 2061 Archiepiscopum
2381 2024 2416 2054 &

1340 2060 1510 2100 Pastorem,
1534 2058 1640 2090 Curam
1663 2060 1697 2091 &
1713 2058 1997 2090 Administrationem
2013 2060 2094 2100 ipsius
2115 2059 2298 2100 Eboracenfis
2313 2060 2417 2093 Eccle-

1340 2099 1386 2130 fiae
1401 2099 1452 2130 fibi
1466 2100 1497 2130 in
1513 2098 1696 2137 spiritualibus
1717 2099 1751 2130 &
1765 2097 1983 2138 Temporalibus
1996 2099 2119 2139 plenarie
2139 2100 2366 2138 committendo,
2382 2100 2418 2131 li·

1340 2139 1491 2179 heramque
1513 2138 1563 2168 sibi
1585 2136 1680 2169 dando
1702 2136 1863 2168 Licentiam
1886 2137 1920 2168 ad
1943 2138 2062 2168 eandem
2082 2136 2293 2169 Eboracensem
2310 2138 2415 2170 Eccle-

1340 2178 1405 2208 siam
1428 2175 1607 2215 transeundi,
1625 2175 1708 2207 firma
1728 2175 1774 2214 spe
1787 2198 1797 2214 ‚
1816 2175 1978 2214 fiduciaque
1997 2178 2143 2215 conceptis
2156 2177 2261 2217 quod,
2279 2177 2331 2207 diri
2351 2185 2417 2209 ente

1340 2215 1478 2246 Domino
1494 2215 1584 2247 Actus
1596 2218 1676 2253 suos,
1691 2214 1805 2252 praefata
1819 2212 2004 2245 Eboracensis
2018 2214 2158 2254 Ecclesia,
2177 2225 2227 2254 per
2239 2216 2320 2253 ipsius
2358 2216 2414 2247 ho-

1340 2264 1397 2285 mae
1419 2253 1511 2285 Eleffi
1532 2253 1793 2292 circumspectionis
1811 2251 1979 2284 Industriam
2002 2254 2036 2285 &
2059 2253 2183 2285 studium
2208 2253 2388 2286 frucstuosum
2402 2278 2414 2295 ‚

1339 2291 2086 2369 {iffi&istil1352i'ssffipffiisslsslgi‘ssssle’nissnff²‘²
2106 2293 2135 2323 ³¹²
2151 2291 2257 2324 ‘isdem
2279 2293 2414 2333 Temp‘*

1376 2370 1458 2402 Cum
1482 2342 1574 2409 itague
1597 2369 1669 2406 (Fili
1690 2370 1844 2407 cariffime)
1869 2370 1900 2401 sit
1919 2369 2066 2401 Virtutum
2087 2369 2172 2410 Opus
2190 2369 2250 2401 Dei
2265 2369 2416 2402 Ministros

1339 2410 1464 2449 benigno
1485 2410 1582 2440 favore
1605 2408 1735 2447 prosequi
1784 2418 1817 2439 ac
1837 2417 1886 2439 eos
1907 2409 1999 2440 verbis
2022 2409 2056 2441 &
2074 2409 2208 2449 operibus
2220 2433 2230 2448 ,
2255 2420 2308 2448 pro
2328 2409 2417 2450 Regis

1339 2450 1437 2479 aeterni
1454 2448 1562 2488 gloria,
1580 2449 1725 2486 venerari,
1744 2431 1928 2478 {erenitatem
1949 2456 2028 2478 tuam
2052 2446 2202 2488 Rogamus
2221 2448 2255 2490 ᾃε
2271 2448 2418 2480 hortamur

1340 2489 1445 2518 attente
1467 2488 1596 2525 quatinus
1617 2486 1742 2517 eundem
1762 2485 1897 2516 Electum
1918 2487 1953 2518 &
1967 2485 2110 2525 praefatam
2128 2486 2285 2517 Ecclesiam
2306 2486 2418 2518 Ebora-

1340 2526 1472 2562 censem,
1490 2526 1545 2556 suae
1561 2524 1650 2556 Curae
1662 2524 1874 2564 Commiffim,
1894 2524 1999 2555 habens
2014 2534 2068 2563 pro
2088 2523 2200 2555 Nostra
2219 2525 2254 2557 &
2269 2523 2418 2563 Apostoli-

1340 2574 1384 2595 cae
1407 2564 1486 2595 Sedis
1507 2563 1682 2595 Reverentia
1698 2563 1861 2602 propensius
1883 2561 2110 2593 commendatos
2122 2586 2132 2602 ,
2147 2562 2219 2600 ipsos
2239 2563 2358 2606 beni-gni
2377 2564 2420 2595 fii.

1339 2604 1414 2633 voris
1430 2603 1546 2634 Auxilio
1558 2602 1746 2643 prosequaris,
1763 2603 1799 2631 ita
1817 2601 1897 2640 quod
1910 2602 1987 2632 idern
2002 2600 2117 2631 Electus
2130 2624 2141 2639 ,
2160 2609 2217 2631 tuae
2235 2599 2418 2634 Cellitudinis

1340 2642 1426 2673 fultus
1441 2641 1574 2672 Praesidio
1588 2664 1599 2680 ,
1615 2641 1643 2671 in
1659 2639 1824 2670 Commisso
1839 2640 1889 2670 sibi
1913 2639 2001 2670 Curae
2021 2638 2168 2670 pastoralis
2182 2638 2295 2670 Officio
2310 2640 2395 2680 poffit
2404 2663 2416 2680 ,

1340 2680 1409 2711 Deo
1423 2681 1567 2718 propitio,
1585 2679 1755 2719 prosperari,
1773 2687 1806 2709 ac
1821 2678 1874 2708 tibi
1889 2679 1992 2709 exinde
2004 2679 2133 2717 perennis
2153 2676 2229 2708 Vitae
2244 2679 2417 2719 praemium,

1339 2720 1373 2751 &
1386 2729 1401 2749 a
1417 2718 1516 2749 Nobis
1531 2719 1678 2759 proveniat
1699 2716 1776 2748 actio
1792 2715 1955 2748 Gratiarum

1376 2758 1445 2789 Dat.
1462 2756 1564 2797 Perufii
1579 2757 1617 2787 iii.
1633 2755 1720 2787 Non.
1736 2755 1855 2795 Aprilis,
1869 2740 2057 2787 Pontificatfis
2069 2754 2159 2786 nostri
2174 2754 2263 2787 Anno
2276 2754 2406 2786 Decimo

2075 2835 2113 2863 Β.
2129 2833 2162 2864 de
2181 2835 2217 2863 Pi
2240 2835 2303 2862 orio.

1525 2980 1575 3011 De
1593 2973 1810 3020 Provist‘onibus
1821 2984 1878 3019 pro
1893 2974 2020 3017 Ecclesia
2037 2973 2236 3017 Dunolmetfi.

1342 3071 1523 3132 URbanur
1536 3070 1696 3117 *Epistopuss
1714 3071 1816 3116 Servus
1830 3069 1984 3114 Servorum
2000 3067 2080 3112 Dei,
2099 3067 2243 3098 carissimo
2264 3069 2293 3098 in
2314 3065 2404 3098 Chri·
2429 3067 2506 3099 Ann.
2522 3067 2561 3099 D.

1428 3110 1474 3140 sto
1489 3111 1579 3146 Filio,
1596 3109 1730 3138 Richardo
1745 3111 1809 3146 Regi
1831 3107 1944 3145 Angliae
1960 3106 2083 3146 Illustri,
2099 3106 2226 3138 Salutem
2240 3106 2408 3146 &Aposto-
2457 3107 2543 3148 1388.

1343 3148 1426 3179 licam
1450 3148 1694 3179 Bencdiffionem.
2428 3149 2481 3174 Aia.
2499 3155 2542 3175 ιι.

1381 3186 1491 3216 Gratiae
1506 3186 1623 3216 Divinae
1637 3184 1794 3215 Praemium
1809 3184 1842 3215 ὃς
1856 3183 1989 3214 humanae
2003 3183 2088 3215 laudis
2109 3183 2293 3216 Praeconiurn
2315 3185 2411 3223 acqui·
2427 3189 2458 3214 R.
2480 3194 2506 3212 2.

1344 3222 2412 3302 fimi}¹³1²nfflsslssecciissffssdrffiffiff915⁵&ssssssssssssffissfifffflsffli
2431 3223 2530 3291 „.¹ss¹j‘·

1344 3272 1406 3332 iiiiii
1421 3272 1535 3348 ngcloeris
1551 3301 1717 3332 Praefidium
1733 3302 1766 3333 δε
1781 3300 1888 3331 Honor
1907 3299 2016 3331 debitus
2029 3300 2215 3338 impendatur.
2297 3283 2308 3301 ’

1382 3340 1569 3410 lsssliige’lmenfi
1584 3378 1709 3410 Ecclesia
1723 3388 1756 3410 ex
1770 3387 1806 3409 eo
1821 3385 1939 3408 vacante
1975 3376 2033 3407 uod
2049 3375 2117 3408 Nos
2136 3376 2241 3416 hodie,
2257 3377 2414 3409 Venerabi-

1347 3418 1404 3447 lem
1425 3417 1549 3448 Fratrem
1570 3417 1698 3448 nostrum
1712 3440 1723 3456 ,
1749 3416 1909 3455 Johannem
1929 3417 1956 3444 Ε
1969 3413 2066 3454 iensem
2079 3439 2089 3454 ,
2116 3424 2185 3446 tunc
2208 3415 2414 3456 Dunolmensem

1349 3456 1501 3495 Episcopum
1517 3480 1527 3495 ,
1543 3468 1557 3487 a
1578 3455 1704 3487 Vinculo
1716 3480 1726 3493 ,
1744 3465 1802 3495 quo
1821 3454 1869 3494 ipsi
1892 3453 2026 3484 Ecclesiae
2048 3453 2237 3485 Dunolrnenfi
2254 3478 2264 3494 ,
2282 3455 2330 3486 cui
2343 3462 2414 3486 tunc

1350 3503 1464 3533 praeerat
1482 3496 1644 3532 tenebatur,
1661 3494 1697 3524 de
1712 3494 1841 3523 Fratrum
1860 3491 2023 3523 nostrorum
2044 3491 2200 3530 Concilio,
2218 3493 2252 3524 &
2267 3492 2414 3531 Apostoli-

1352 3543 1395 3563 cae
1408 3532 1551 3564 Potestatis
1567 3533 1757 3571 plenitudine,
1775 3530 1975 3568 Absolventes,
1993 3530 2082 3569 ipsum
2102 3531 2136 3561 ad
2150 3530 2291 3561 Eliensem
2312 3530 2415 3561 Eccle-

1352 3572 1417 3601 siam
1434 3594 1443 3609 ,
1470 3581 1538 3602 tunc
1562 3571 1677 3603 Pastore
1699 3577 1843 3613 carentem
1859 3591 1869 3607 ,
1893 3569 2078 3613 Autsstoritate¹
2101 3568 2268 3638 AffiOst⁰¹iC5
2286 3568 2416 3612 duximus

1353 3609 1596 3641 Transferendum
1609 3632 1619 3648 ,
1638 3607 1819 3646 praeficiendo
1841 3616 1909 3638 eum
1930 3607 2018 3638 dietae
2036 3606 2116 3638 Elien
2153 3607 2287 3638 Ecclefiae
2301 3616 2330 3637 in
2345 3606 2417 3646 Epi-

1354 3649 1472 3686 scopum
1488 3650 1522 3680 &
1538 3648 1704 3686 Pastorem,

1391 3686 1654 3756 ΙᾸΙὲεΙόιονίΓιοηειη
1667 3723 1753 3754 dictae
1762 3722 1962 3754 Dunelmenfis
1975 3722 2111 3754 Ecclefiae
2123 3722 2244 3764 celerem
2252 3720 2419 3767 &felicemg

1356 3773 1392 3794 ne
1412 3764 1461 3807 lon
1481 3774 1506 3793 ae
1529 3762 1692 3794 Vacationis
1713 3771 1898 3801 exponeretur
1920 3761 2105 3800 Incomodis,
2122 3759 2245 3790 Paternis
2263 3759 2297 3790 &
2310 3760 2421 3791 solicitis

1357 3801 1464 3869 sttuiiil:
1479 3801 1740 3879 nDtgflgzrraggsgnem'
1758 3849 1843 3878 quam
1857 3839 1893 3869 de
1908 3837 2099 3868 Praeficiendo
2120 3835 2214 3866 eidem
2231 3835 2420 3869 Dunelrnenfi

1358 3878 1491 3908 Ecclesiae
1514 3878 1665 3909 Personam
1681 3901 1691 3916 ,
1708 3878 1807 3908 utilem
1829 3879 1862 3908 δε
1881 3878 1967 3907 etiam
1987 3873 2180 3913 fructuosam,
2198 3884 2266 3906 cum
2281 3874 2423 3907 Fratribus

1358 3915 1459 3946 nostris
1475 3917 1624 3947 habuimus
1640 3916 1822 3956 diligentem,

1393 3954 1526 3984 Demum
1551 3954 1585 3984 ad
1634 3954 1830 3985 venerabilem
1852 3952 1979 3982 Fratrem
2000 3949 2133 3983 nostrum
2148 3974 2159 3992 ‚
2179 3951 2334 3985 Waeltmm
2353 3960 2425 3984 tunc

1358 3991 1401 4022 W
1403 3992 1535 4023 ellensem
1548 3993 1583 4025 &
1598 3977 1794 4024 l3at0niensem
1807 3991 1985 4029 Episcopum
1993 4012 2004 4028 ,
2344 4026 2428 4060 Com
