2561 4251
694 168 803 209 ET
885 168 1150 210 ACTA
1232 167 1700 209 PUBLICA.

7 260 82 292 Arm.
96 255 136 287 D.
149 257 199 288 vel
223 257 295 298 quod
311 254 419 297 fiterint
435 278 444 292 ,
464 255 590 292 primitiis
616 254 687 284 didio
711 257 825 284 Domino
842 252 927 294 nostro
945 256 1011 292 Regi
1026 260 1075 283 aut
1094 252 1205 283 Concilio

28 303 111 338 1393.
140 297 193 337 fico
211 297 284 326 modo
301 295 389 325 debito
400 291 490 332 fioerit
505 291 647 332 ostenfiaem:
1163 329 1168 334 .

8 340 59 367 luc.
77 345 103 363 2.
187 338 229 364 Et
247 333 322 374 quod
336 338 418 360 extra
435 332 535 360 didi‘um
554 334 671 368 Regnum
690 338 740 359 aut
764 333 875 360 Terram
893 331 1054 369 praedic‘lam
1070 353 1079 368 ,
1111 330 1207 369 absque

150 376 278 404 Licentia
292 369 398 409 speciali
416 371 482 399 disti
500 373 610 398 Domini
629 368 708 408 nestri
726 371 802 406 Regis
819 391 828 405 ,
851 369 889 404 &
907 368 952 398 hoc
964 377 1011 407 per
1030 371 1141 398 Literas
1160 367 1210 397 vel

151 414 258 440 Brevia
269 410 320 449 sub
338 411 442 444 Magno
455 407 545 446 sigillo
564 409 629 437 dieii
645 410 755 437 Domini
775 406 854 446 nostri
871 409 968 444 Regis,
991 417 1030 436 me
1046 417 1097 435 non
1116 413 1207 434 tram-

151 449 272 489 feram‚·
299 450 367 476 SIC
399 449 470 476 ME
504 448 627 476 DEUS
653 446 890 485 ADJUVET
917 446 982 473 ET
1009 446 1206 474 SANCTA

154 487 275 526 EJUS
308 487 623 515 EVANGELIA.

187 562 225 593 Et
240 562 306 593 ideo
323 563 404 593 vobis
419 563 452 593 &
466 560 580 591 cuilibet
593 559 722 589 vestrum
741 558 912 589 Mandamus
925 559 1022 598 quod,
1040 559 1206 597 praedidhim

151 601 332 631 Franciscum
347 601 381 631 ad
394 599 552 637 hujusmodi
566 597 708 628 Officium
725 596 897 628 ColleCmris
910 598 1103 635 admittentes,
1119 599 1210 635 ipsum

153 639 296 669 Officium
317 638 400 677 illud,
419 648 452 667 ac
475 646 506 667 ea
527 645 592 673 quae
611 636 645 665 ad
667 635 808 666 Officium
830 636 896 666 illud
917 637 1113 667 rationabiliter
1128 638 1211 673 perti-

153 688 240 716 nent,
258 680 286 708 in
300 677 396 708 eadem
410 675 500 705 Terra
513 673 625 711 nostra,
640 676 717 713 juxta
740 675 861 704 formam
884 674 1059 705 Sacramenti
1078 675 1117 704 sui
1137 684 1209 712 prae-

154 716 240 754 dieti,
259 717 335 747 licite
347 723 493 745 excercere
506 713 539 743 &c
553 712 644 743 facere
656 714 836 751 permittatis,
855 715 888 744 &
904 713 995 743 eidem
1010 713 1033 742 F
1035 713 1158 743 rancisco
1180 713 1210 742 in

157 755 226 793 hiis,
245 765 309 793 quae
324 751 491 791 praedictum
505 750 647 781 Officium
661 751 740 782 suum
756 751 1008 790 Collectorisjuste
1022 758 1213 788 concernunt,

155 793 278 824 assistatis
292 800 359 822 cum
371 790 487 828 favore,
582 829 586 833 -
999 828 1006 833 Ω
1067 828 1073 834 ⁹
1193 828 1198 833 ·

196 831 374 862 Durntamen
393 828 468 859 idem
488 827 511 857 F
512 827 647 858 ranciscus
665 827 882 860 Sacramentum
903 827 984 858 suum
998 837 1028 858 m
1040 827 1135 866 aliquo
1149 836 1214 858 arti-

156 870 224 901 culo
237 868 373 899 excedere
387 878 447 897 non
462 866 620 904 praesumat.

231 907 265 937 In
282 909 377 944 cuius,
391 906 452 936 &c.
1043 942 1048 947 Ι
1129 942 1145 948 ..

195 944 288 976 Teste
302 945 385 984 Rege
398 943 471 982 apud
484 941 759 982 Wstmonasterium,
777 942 893 974 decimo
909 942 1009 982 quinto
1021 940 1067 972 dle
1077 941 1155 980 Juln.

253 1070 303 1101 De
320 1065 488 1099 variando
504 1078 574 1098 cum
590 1063 727 1099 Ducibus
746 1068 865 1098 Bituriae
881 1068 918 1104 (ῤ’
935 1065 1119 1112 Burgundice.

12 1167 88 1199 Ann.
99 1166 140 1198 D.

32 1215 117 1245 1393-

9 1249 62 1274 An.
79 1255 120 1281 17·

11 1288 40 1312 R.
62 1293 87 1310 2.

10 1325 99 1349 Franc.

17 1364 94 1395 17.R.
115 1369 144 1388 2.

13 1408 48 1427 m.
70 1408 112 1433 ¹5-

158 1153 238 1216 LE
251 1152 316 1182 R01
333 1162 348 1182 3
362 1160 431 1183 touz
444 1160 503 1183 noz
512 1151 662 1190 Justicers,
679 1149 816 1189 Amirals,
835 1149 993 1189 Visamiral‚
1010 1152 1069 1182 &c.
1089 1150 1166 1182 Salut
1178 1151 1212 1182 &

237 1191 395 1221 Dileffion.

199 1230 354 1261 Savom
374 1238 482 1260 vous
502 1236 671 1259 FAISONS
690 1238 761 1267 que,

199 1267 298 1298 Come
310 1267 393 1308 nostre
406 1268 579 1306 Adversaire
592 1267 623 1296 de
637 1269 739 1295 France
752 1267 790 1296 eit
805 1276 925 1304 purpos,
943 1266 1049 1298 ficome
1061 1267 1149 1298 Nous
1165 1277 1214 1297 en-

160 1308 298 1345 tendons,
316 1307 351 1336 de
364 1308 496 1344 envoier,
515 1316 543 1335 es
558 1305 662 1335 Parties
672 1305 708 1335 de
727 1305 869 1343 Picardie,
888 1315 938 1344 pur
961 1308 1078 1336 certeins
1101 1307 1215 1343 choses,

158 1346 315 1377 touchantz
337 1346 370 1376 &
388 1344 554 1382 regardant'z
573 1344 600 1373 16
621 1343 681 1374 Fait
702 1343 741 1373 du
762 1344 876 1373 Traitee
896 1346 931 1374 de
953 1344 1022 1374 Pees
1036 1369 1044 1381 ,
1066 1345 1214 1383 n'adgsiires

159 1384 261 1422 parlees
275 1393 368 1421 entre,
386 1393 445 1414 noz
458 1383 600 1414 treschicrs
611 1383 645 1413 &
657 1382 792 1413 tresamez
807 1382 936 1419 Uncles,
955 1381 991 1411 les
1003 1386 1076 1412 Ducs
1091 1383 1123 1411 de
1138 1386 1217 1411 Lan-

158 1422 256 1461 castre,
275 1421 312 1456 (ἐν
326 1423 357 1451 de
372 1421 534 1461 Gloucestre,
549 1429 598 1457 pur
612 1423 688 1449 Nous
704 1422 736 1451 &
752 1430 786 1450 en
803 1420 897 1451 nostre
912 1421 1005 1452 Noun
1015 1444 1024 1458 ,
1042 1421 1125 1450 d'une
1140 1429 1215 1457 part,

159 1462 192 1492 ὅ(
208 1470 266 1491 noz
278 1461 373 1490 chiere
387 1462 419 1491 &
436 1469 512 1490 ames
526 1458 661 1495 cousins,
680 1458 715 1488 les
731 1461 803 1488 Dm
817 1460 849 1488 de
872 1461 957 1496 Berry
967 1483 976 1498 ,
995 1460 1028 1489 &
1049 1459 1081 1487 de
1102 1462 1216 1495 But-goi-

156 1511 226 1537 gne,
245 1499 357 1530 Uncles
371 1499 407 1528 de
421 1498 517 1529 nostre
529 1498 569 1528 dit
584 1497 763 1535 Adversaire,
782 1507 834 1534 pur
854 1497 910 1527 Lui
929 1498 962 1528 ὃ(
981 1507 1017 1527 en
1035 1498 1084 1527 son
1104 1496 1216 1535 Noun,

160 1538 265 1569 d'autre
281 1547 357 1574 part,
375 1536 579 1574 c’estaffavoir,
684 1568 688 1572 ⁴

200 1575 301 1605 Nichol
309 1574 433 1615 Evefilue
446 1576 477 1605 de
492 1578 616 1612 Baieux,
635 1575 667 1604 &
680 1573 729 1612 Sys
744 1581 834 1604 autres
847 1572 997 1605 Doctours
1015 1584 1045 1604 es
1065 1573 1160 1614 Loys‚
1178 1584 1217 1606 ou

162 1614 277 1652 Clercs,
295 1614 421 1652 Prelatz,
439 1623 478 1643 ou
493 1613 607 1642 d'autres
621 1610 736 1649 Estatz,

201 1652 289 1683 Nous
309 1662 398 1682 avons
419 1652 457 1681 les
475 1650 573 1680 deffuz
591 1657 715 1688 nomez,
733 1649 855 1688 ovesque
874 1650 946 1681 leurs
967 1649 1066 1680 Gentz
1079 1652 1112 1682 &
1127 1651 1220 1682 Fami-

161 1690 231 1726 lers,
250 1691 287 1721 de
300 1690 365 1729 quel
378 1689 447 1720 estat
460 1689 539 1728 qu’ils
553 1689 657 1727 soient,
675 1689 763 1718 sorent
778 1687 938 1727 Chivalers,
957 1689 1219 1729 Esquiers,Clercs,

161 1730 196 1762 &
220 1729 355 1766 Vadlet‘L,
377 1736 499 1761 venantz
517 1737 553 1758 en
571 1727 631 1757 leur
651 1726 860 1766 Compaignie‚
883 1738 923 1758 ou
942 1736 1099 1760 autrement
1120 1739 1173 1766 pur
1196 1729 1220 1760 la

164 1768 245 1799 cause
260 1767 410 1805 desusdite,
430 1767 514 1804 ‘usqes
528 1776 561 1795 au
575 1765 696 1794 Nombre
710 1766 741 1794 de
753 1768 799 1802 Sys
815 1768 908 1795 Vintz
927 1765 1092 1805 Parfimnes,
1110 1777 1125 1797 a
1149 1767 1221 1798 Chi-

164 1806 227 1844 val,
244 1817 284 1837 ou
299 1815 315 1836 a
328 1805 405 1844 Pee,
423 1777 482 1836 ieur
498 1803 646 1841 Chivaux,
665 1803 807 1840 Monoie,
822 1803 966 1843 Hernois,
984 1806 1017 1836 ὃ(
1030 1815 1120 1836 autres
1140 1806 1221 1837 Biens

162 1854 345 1884 queconqu,
364 1846 420 1883 pris
433 1844 466 1874 ὃ(
480 1843 634 1883 preignons
645 1851 680 1872 en
695 1841 789 1872 nostre
801 1841 874 1872 Sauf
882 1844 916 1874 ὃς
930 1843 1000 1874 Seur
1021 1842 1169 1884 Conduir,
1185 1855 1221 1875 en

163 1893 285 1921 venant,
305 1893 352 1921 par
369 1883 470 1920 Meer,
487 1882 521 1912 &
533 1891 580 1918 par
597 1880 706 1918 Terre,
724 1890 752 1911 es
765 1880 835 1910 dites
851 1880 954 1912 Parties
967 1882 1004 1912 de
1018 1881 1221 1921 Picardie,pur

162 1922 189 1952 13
204 1922 282 1952 cause
296 1921 456 1959 defuisdite,
474 1921 507 1951 &
521 1920 546 1950 la
558 1920 723 1957 demormu,
740 1920 773 1949 &
785 1928 926 1950 retornant
937 1931 999 1951 vers
1013 1920 1052 1951 les
1067 1920 1171 1952 Parties
1186 1922 1222 1953 de

164 1960 289 1997 France,
307 1970 356 2000 par
369 1959 470 1998 Meer,
486 1959 520 1989 ὃ(
533 1968 582 1996 par
593 1957 685 1988 Terre
700 1966 771 1988 touz
786 1957 953 1996 Ensemble,
973 1969 1012 1990 ou
1035 1969 1084 1996 par
1103 1959 1224 1999 Parties,

165 1998 274 2029 ficome
287 1999 347 2029 bon
361 1998 419 2028 leur
432 1997 584 2034 semblera,
599 1997 632 2027 &
645 1996 664 2026 fi
678 1996 777 2026 fovent
789 2006 875 2028 come
899 1998 918 2027 il
935 1998 994 2028 leur
1013 1998 1119 2037 plerra,
1133 2000 1224 2039 jusqes

163 2047 180 2068 a
192 2038 216 2067 la
233 2037 313 2067 Feste
327 2037 363 2067 de
377 2045 446 2067 touz
460 2036 555 2066 Saintz
586 2035 713 2066 roschein
725 2042 842 2072 venant,

205 2075 235 2107 Si
263 2075 408 2105 Donnons
431 2084 466 2104 en
487 2073 560 2104 Man
580 2082 676 2104 ement
697 2073 730 2104 &
752 2071 972 2105 Commandons
993 2075 1188 2108 estroitement
1208 2086 1225 2108 a

165 2123 238 2145 vous
253 2123 312 2145 noz
322 2113 471 2151 Justicers,
487 2110 547 2146 &a
562 2119 641 2151 prout
654 2115 683 2142 in
695 2111 820 2150 ejusmodi
832 2113 864 2141 de
879 2114 1016 2144 Conduft'u
1029 2117 1142 2144 Literis.

204 2152 286 2182 Don.
306 2162 354 2191 par
369 2152 596 2189 Tesmoignance
611 2150 646 2181 de
658 2150 754 2180 nostre
770 2150 863 2181 Grant
885 2152 945 2182 Seal
956 2176 965 2191 ,
982 2163 998 2183 a
1020 2154 1115 2184 nostre
1131 2153 1225 2184 Palais

167 2191 199 2220 de
216 2190 321 2230 lVestm.
342 2191 367 2221 Ie
383 2191 477 2228 Qiint
487 2192 552 2228 jour
567 2188 725 2227 d'August,
742 2188 809 2219 1’An
823 2189 861 2219 du
883 2189 979 2221 Grace
1004 2190 1102 2229 Mille,
1122 2192 1225 2223 Trois-

168 2237 271 2298 cesntz‚
291 2230 481 2268 Quatrevintz
493 2230 526 2261 &
539 2227 666 2267 Tresze,
683 2229 717 2260 ὃ(
731 2227 767 2258 de
780 2227 876 2260 nostre
897 2228 1000 2270 Regae
1018 2229 1081 2270 Dys
1100 2231 1133 2263 ὃς
1157 2231 1227 2271 Sep-

168 2276 190 2299 ti
203 2278 258 2298 me.

731 2347 789 2376 Par
802 2343 827 2376 le
837 2346 888 2377 Roi
901 2346 938 2383 ὠ·
947 2344 999 2388 son
1012 2344 1123 2389 Confi’il.

20 2517 37 2534 ³
54 2516 123 2544 VII.
347 2482 375 2509 *ἓ
399 2487 492 2531 Super
509 2483 586 2517 diae
605 2484 773 2526 Trebiam,
798 2482 834 2517 de
852 2483 1054 2528 potestatibus.

23 2563 88 2590 753·
117 2590 156 2622 D·
174 2567 255 2630 LE

23 2591 100 2623 Ann.

46 2640 131 2670 1393-

24 2673 77 2698 An⁴
98 2680 139 2705 ¹7·

24 2713 54 2736 R.
74 2718 101 2735 2.

22 2750 160 2781 Franc.i7.

25 2788 54 2813 R.
75 2794 101 2811 2.
121 2795 158 2813 m.

28 2824 71 2849 16.

267 2568 345 2598 R01
361 2580 377 2599 a
389 2578 458 2600 touz
473 2579 562 2608 ceux,
580 2569 628 2607 qui
642 2568 729 2600 cestes
744 2569 853 2601 Lettres
866 2579 996 2610 verront,
1013 2571 1116 2602 Salutz.

271 2607 431 2638 SAVOIR
452 2617 629 2638 FAlsoNS
647 2618 718 2646 que,

210 2645 289 2676 Pour
302 2647 412 2677 l’onour
424 2646 460 2677 de
475 2647 566 2683 Dieu,

212 2684 248 2714 Et
269 2695 341 2722 pour
360 2684 490 2715 escheuer
510 2684 650 2716 l'effusion
670 2685 707 2716 de
727 2685 789 2715 sanc
812 2683 971 2723 Christian,
989 2686 1023 2716 ὃ(
1044 2686 1081 2716 163
1095 2685 1176 2717 Malx
1198 2686 1232 2717 ὃς

176 2721 327 2760 Domages
339 2724 531 2762 irreparables,
550 2724 596 2761 qui
612 2733 660 2761 par
680 2724 704 2753 la
727 2724 786 2754 Fait
804 2723 852 2754 des
871 2724 1011 2762 Guerres,
1027 2724 1133 2755 d’entre
1154 2727 1231 2753 Nous

176 2759 214 2795 ὠ
227 2761 312 2800 nostre
327 2761 498 2800 Adversaire
510 2763 542 2791 de
556 2765 675 2798 France,
693 2762 858 2800 pourroient
871 2763 959 2793 ensuir
972 2773 1008 2793 en
1030 2772 1121 2801 temps
1142 2773 1158 2793 a
1181 2773 1232 2794 ve-

176 2800 235 2834 nir,
254 2800 360 2830 ficome
376 2809 427 2830 ont
441 2799 500 2830 este
514 2809 624 2831 avenuz
638 2810 674 2830 en
690 2809 783 2838 temps
798 2800 890 2838 paffe,

215 2837 345 2868 Desirans
365 2837 443 2867 venir
461 2848 496 2869 au
514 2838 612 2868 bonne
631 2837 699 2868 Paix
721 2838 754 2868 ὃ(
776 2837 917 2869 Concord
935 2849 1052 2877 avecqes
1074 2839 1172 2869 nostre
1192 2840 1233 2870 dit

176 2876 353 2945 Acfflersaire,
370 2877 404 2908 ὃς
416 2876 452 2907 06
466 2885 566 2907 mettre
579 2885 638 2907 noz
650 2876 790 2914 Soubgies
805 2886 841 2906 en
855 2876 941 2915 Pees,
962 2878 1126 2917 Quiete,&
1138 2879 1233 2909 Tran-

195 2925 212 2945 u
244 2923 280 2946 ite

172 2925 192 2953 q
214 2953 251 2984 Et
272 2938 399 2984 c’onfians
419 2963 453 2984 au
476 2952 549 2992 plain
570 2951 618 2984 des
641 2952 728 2991 Sem,
747 2952 896 2991 Loiautes,
915 2953 1100 2992 avisementz,
1116 2955 1148 2986 &
1164 2954 1232 2985 Dis-

174 2993 298 3022 cretions
316 2993 352 3022 de
371 3000 430 3022 noz
452 2992 592 3022 treschiers
613 2991 721 3022 Oncles
734 3015 745 3029 ,
776 2991 876 3030 Johan
898 2996 959 3022 Duc
977 2994 1009 3022 de
1030 2997 1122 3032 Guyen
1144 2993 1182 3029 ὠ·
1202 2994 1234 3023 de

174 3030 328 3070 Lancastre
337 3053 346 3069 ,
364 3031 397 3061 ὃ(
408 3030 522 3060 Thomas
536 3033 598 3060 Duc
610 3030 641 3060 de
656 3028 822 3069 Gloucestre,

210 3069 312 3100 Yceux'
327 3078 415 3099 avons
430 3068 568 3099 Ordenne
582 3071 615 3100 ὃς
629 3067 756 3108 Comys,
774 3068 950 3100 Ordennons
963 3071 996 3101 &
1012 3069 1234 3110 Commettons‚

175 3117 249 3145 pour
268 3108 301 3138 &
316 3117 351 3137 en
364 3107 418 3137 lieu
433 3107 469 3138 de
482 3107 585 3146 Nous,
604 3117 676 3144 pour
689 3107 837 3137 assembler
857 3118 997 3146 avecques
1017 3107 1054 3137 lex
1073 3109 1170 3139 Oncles
1191 3109 1230 3145 ὠ,

175 3151 267 3174 autres
288 3148 418 3182 Deputees
435 3146 472 3176 de
492 3145 588 3176 nostre
609 3145 652 3176 dit
671 3146 850 3184 Adverfiaire,
865 3148 938 3177 aians
958 3147 1099 3178 souffisant
1122 3147 1231 3178 Pouoir

174 3184 211 3213 de
232 3182 314 3220 Luy,
332 3182 376 3212 sur
394 3183 432 3212 les
453 3185 508 3213 faiz
530 3185 576 3221 qui
598 3183 750 3222 s’ensuent,
765 3194 801 3215 en
814 3184 1006 3223 quelconques
1017 3186 1108 3215 Lieux
1123 3186 1157 3216 &
1168 3186 1232 3217 Pla-

174 3231 222 3290 ges
235 3230 263 3250 es
277 3228 370 3258 queux
384 3220 442 3250 leur
462 3221 615 3260 semblera,
628 3231 701 3259 pour
719 3223 746 3253 le
766 3222 826 3254 Fait
845 3223 884 3254 du
904 3223 1013 3254 Traitie
1029 3224 1065 3254 de
1084 3223 1155 3255 Pees
1175 3224 1230 3255 sus-

163 3286 167 3288 ,
196 3269 232 3289 ite

214 3281 250 3327 Ei
263 3305 351 3327 avons
366 3296 491 3334 Donne,
509 3296 542 3327 &
556 3295 701 3327 Donnons
717 3307 765 3334 par
778 3296 866 3328 cestes
877 3298 1038 3337 Presenres,
1055 3310 1070 3330 a
1091 3309 1151 3331 noz
1171 3301 1231 3332 ditz

174 3332 317 3375 Deputecs
337 3335 410 3375 plain
432 3335 540 3365 Pouoir
554 3359 564 3373 ,
594 3335 744 3367 Austorite
758 3358 769 3374 ,
794 3336 828 3366 &
850 3336 1040 3368 Mandcment
1059 3338 1174 3375 especial
1194 3340 1229 3370 de

175 3373 342 3411 Convenir,
360 3374 478 3411 traitier‚
494 3374 659 3411 composer,
676 3373 824 3413 transiger,
846 3372 982 3412 paciscer,
1006 3377 1038 3406 &
1057 3377 1230 3413 plainement

174 3412 208 3442 &
226 3411 404 3442 finablement
418 3411 568 3448 accorder,
586 3413 619 3443 &
632 3412 713 3443 venir
723 3422 758 3442 au
772 3413 869 3442 bonne
890 3412 958 3443 Paix
981 3415 1013 3444 ὃ(
1035 3414 1170 3452 Accord,
1186 3415 1230 3446 sur

176 3459 247 3480 touz
270 3449 385 3480 Debatz
401 3472 410 3488 ‚
432 3449 646 3487 Contentions,
671 3449 849 3489 QestionS,
874 3450 998 3481 Guerres
1012 3474 1023 3490 ‚
1049 3453 1173 3490 Rioces,
1196 3455 1230 3485 ὅτ.

176 3487 312 3524 Discors,
333 3496 439 3517 movez
458 3489 491 3518 &
513 3498 529 3518 3
549 3490 681 3527 movoir,
697 3498 754 3519 oue
772 3496 842 3519 touz
861 3488 936 3520 lours
957 3490 1089 3527 Arricles,
1107 3491 1141 3521 ὃ(
1163 3490 1231 3521 Cir-

177 3525 368 3564 cumstances,
387 3525 552 3565 Incidentz,
569 3526 760 3566 Emergentz,
775 3526 981 3565 Dependentz,
999 3528 1033 3558 &
1053 3528 1231 3569 Connexez,

177 3572 253 3594 entre
267 3567 361 3602 Nous,
379 3573 438 3594 noz
451 3564 621 3602 Roiaumes,
640 3565 792 3604 Soubgies,
809 3566 842 3597 &
858 3565 1016 3603 Seignuries
1053 3567 1160 3605 Amys,
1180 3568 1230 3598 Al-

175 3603 246 3641 liez,
265 3602 402 3639 Aidantz,
420 3604 454 3633 &
477 3602 640 3633 Adherentz
660 3605 852 3642 quelconques
870 3604 940 3635 deca
958 3605 992 3635 &
1031 3605 1073 3635 ela
1091 3605 1116 3634 la
1130 3604 1231 3644 Meer,

175 3641 259 3672 d’une
280 3649 355 3679 part,
373 3642 406 3672 Sc
429 3639 513 3679 nostre
532 3641 575 3670 dit
593 3641 764 3680 Adversbire
798 3642 836 3673 ses
858 3642 1017 3681 Soubgies,
1041 3644 1074 3674 &
1096 3643 1231 3681 Seigneu-

175 3681 246 3718 ries,
264 3679 368 3718 Amys,
388 3679 494 3718 Alliez,
513 3678 651 3718 Aidantz,
669 3680 703 3711 &
722 3664 887 3712 Adirerentz
905 3681 1113 3720 quelconques,
1127 3682 1230 3714 d'autre

189 3728 237 3748 ,art

177 3729 196 3756 Ρ
213 3742 254 3786 Et’
265 3756 308 3786 sur
323 3765 452 3794 quanque
469 3755 539 3785 serra
551 3756 608 3786 ensi
624 3756 770 3794 TraiCtie,
789 3758 942 3796 compose,
959 3757 1093 3795 transige,
1111 3758 1228 3796 pacisce,

176 3794 210 3824 &
225 3794 344 3831 acorde,
363 3804 433 3830 pour
450 3793 536 3824 Nous
548 3795 581 3825 ὃ(
597 3794 692 3824 nostre
704 3794 797 3824 Partie
810 3804 927 3833 avecqes
948 3804 1019 3826 ceux
1038 3797 1074 3826 de
1096 3796 1120 3825 la
1139 3796 1231 3828 Partie

175 3832 306 3871 adverse,
322 3834 413 3862 aia.itz
427 3843 443 3862 3
456 3842 509 3862 660
523 3831 661 3863 souffisant
674 3832 799 3870 Pouoir,
816 3832 890 3863 dela
912 3833 1026 3864 Fermer
1046 3835 1079 3865 &
1100 3833 1230 3865 Affeurer

198 3880 226 3899 ar
247 3870 307 3910 Foy
328 3872 361 3901 &
374 3881 423 3910 par
441 3871 588 3901 Serement
607 3870 651 3900 sur
672 3870 710 3901 les
729 3870 806 3901 Sains
827 3870 1001 3909 Evangilles,
1027 3882 1042 3901 3
1062 3871 1172 3902 donner
1191 3883 1228 3903 en

175 3880 290 3938 iffAume
308 3908 344 3938 de
365 3909 471 3948 Nous,
488 3911 521 3940 ὅ(
542 3908 700 3939 d'Ottroier
720 3909 753 3940 &
773 3908 913 3948 Donner,
927 3911 970 3941 sur
991 3909 1036 3940 Ce
1058 3910 1090 3940 &
1108 3911 1145 3940 les
1165 3911 1230 3941 De-

176 3945 319 3983 pendentz
336 3946 462 3984 d’icelle,
484 3956 574 3978 toutes
595 3956 720 3978 maneres
741 3947 776 3977 de
799 3946 961 3986 Caucions,
986 3948 1130 3986 Seurtees,
1155 3949 1228 3979 Pro-

177 3983 297 4021 messeS,
314 3982 518 4024 Obligacions,
535 3987 568 4017 &
584 3986 690 4016 Lettres
703 3985 825 4020 Sealees,
837 3993 913 4017 tantz
927 3988 960 4018 ὃς
976 3986 1042 4018 tielx
1055 3996 1141 4017 come
1155 3996 1230 4018 mes-

177 4022 229 4052 tier
248 4021 335 4059 serra,
348 4031 388 4052 ou
401 4025 459 4053 bon
473 4024 531 4055 leur
545 4024 679 4055 semblera
694 4033 728 4053 en
743 4023 788 4053 tiel
802 4022 859 4053 Cas

217 4059 273 4089 Les
293 4059 386 4097 queles
404 4060 492 4091 Nous
515 4063 618 4095 volons
636 4063 714 4094 avoir
727 4061 773 4093 tiel
785 4046 897 4102 Effeci,
917 4061 1047 4102 Vigour,
1064 4063 1099 4095 &
1114 4062 1229 4095 Ferme-

225 4099 298 4128 Tom.
316 4100 376 4128 III.
395 4101 429 4130 P.
448 4101 496 4130 JV.

1244 260 1288 282 tec
1304 262 1389 282 come
1403 253 1421 282 si
1436 252 1523 283 Nous
1538 253 1574 283 les
1589 252 1710 284 euffions
1726 254 1841 285 do'nnez
1854 255 1886 286 &
1901 254 1950 286 fait
1963 264 1998 285 en
2012 254 2107 285 nostre
2121 248 2227 292 propre
2234 248 2301 286 Par-‘-
2319 249 2448 287 Ann.D‚·

1244 291 1348 327 sonne,
2344 296 2428 334 i39‘3.

1281 327 1317 357 Et
1326 329 1365 370 (16
1379 328 1401 357 F
1403 329 1473 366 aire,
1491 328 1648 369 Executer,
1665 330 1821 369 Expediet,
1839 332 1872 362 &
1887 331 2043 369 Acompler
2058 340 2150 362 toutes
2165 331 2301 370 Articles,
2319 331 2372 362 Ric.
2393 344 2420 362 2.-

1246 367 1294 403 qui
1318 369 1424 397 serront
1446 368 1601 405 accordez,
1619 370 1655 398 de
1676 369 1762 400 Point
1783 379 1818 399 en
1834 369 1938 407 Point,
1956 380 2026 407 pour
2041 370 2129 401 Nous
2148 370 2182 401 δε
2205 369 2300 399 nostre

1246 404 1352 441 Partie,
1371 404 1454 434 saunz
1468 406 1564 436 fraude
1578 407 1610 437 &
1626 407 1681 437 mal
1697 417 1791 447 engyn
1801 431 1810 445 ,
1826 407 1844 436 fi
1856 417 1937 438 avant
1950 418 2036 437 come
2056 408 2143 438 Nous
2162 408 2301 438 ferroions

1247 442 1365 472 mesmes
1380 442 1398 472 fi
1414 443 1509 473 nostre
1524 444 1632 481 Propre
1645 445 1786 475 Parsoune
1798 456 1814 485 y
1829 445 1916 476 feull'e
1929 446 2068 483 presente,

1286 480 1324 510 Et
1338 481 1373 510 de
1390 480 1482 519 Faire,
1499 482 1657 519 Executer,
1673 485 1706 514 &
1723 483 1860 523 Expediet
1877 493 1968 514 toutes
1987 494 2075 514 autres
2098 484 2233 521 Articles,
2253 485 2302 521 qui

1247 528 1435 549 aucunement
1451 530 1588 556 pourront
1600 524 1755 557 appartiner
1770 534 1802 552 au
1818 523 1915 553 bonne
1932 522 2088 559 perfectiori
2102 525 2134 553 ἃ
2155 522 2303 561 complise-

1248 565 1328 587 ment
1348 557 1384 587 de
1407 557 1511 588 mesme
1534 558 1557 588 la
1579 559 1689 589 Traitie
1708 560 1743 589 de
1763 561 1787 590 la
1807 560 1876 591 Pees
1898 563 1930 593 &
1949 560 2062 591 Accord
2078 561 2248 598 avantdites,
2264 560 2303 590 06·

1247 595 1330 663 Fuele
1340 593 1451 640 Nature
1465 597 1524 634 q’ils
1539 596 1765 635 soient,lupp0se
1778 609 1833 637 que
1849 600 1908 637 plus
1922 599 2038 638 especial
2051 598 2239 629 Mandement
2254 608 2303 629 ent

1258 643 1355 664 erront
1370 644 1462 671 requ1s

1288 671 1324 701 Et
1337 659 1537 710 Promettons,
1556 672 1698 705 loialrnent
1713 685 1748 705 en
1760 675 1835 706 bone
1849 675 1898 713 foy
1914 676 1946 706 ὅ(
1962 686 1998 707 en
2017 675 2118 706 Parole
2138 674 2176 704 du
2197 674 2265 713 Roy
2288 684 2304 705 3

1249 711 1327 739 avoir
1342 711 1375 740 ὅ(
1391 712 1477 749 tenir,
1496 720 1567 741 touz
1574 712 1670 750 jours,
1690 713 1789 743 Ferme
1803 716 1836 744 &
1853 714 1990 752 Agreable
2006 723 2137 752 quamque
2149 712 2197 742 fait
2219 714 2303 749 serra,

1249 757 1284 777 en
1308 747 1404 789 nostre
1426 748 1537 785 Noun,
1557 760 1606 786 par
1626 762 1685 781 noz
1705 753 1764 782 ditz
1783 752 1925 790 Commys
1941 754 1973 784 &
1988 752 2139 790 Deputez,
2156 751 2199 781 sur
2212 756 2305 782 tout&

1250 787 1283 817 ὅ(
1298 786 1435 816 chaicune'
1448 786 1496 817 des
1508 787 1615 818 Choses
1629 792 1779 822 avantdites
1788 814 1798 829 ,
2263 818 2265 820 -

1289 823 1327 855 Et
1348 824 1384 854 de
1404 824 1526 855 Donner
1547 835 1606 856 noz
1630 829 1736 859 Lettres
1755 829 1975 859 Confirmatoirs
1990 851 2000 866 ,
2022 828 2127 858 Senlees
2150 827 2186 858 de
2207 826 2305 857 nostre'

1253 862 1352 892 Grand
1368 862 1445 900 Seal,
1464 864 1505 894 sur
1522 872 1591 894 touz
1605 868 1642 896 les
1657 867 1762 897 Pointz
1776 869 1822 905 qui
1836 868 1899 907 ensy
1914 869 2020 898 serront
2042 866 2195 903 aecor-dez,
2213 867 2247 897 &
2268 865 2305 895 de

1252 900 1290 930 les
1305 901 1382 931 Faire
1398 900 1551 939 Executer,
1564 902 1600 934 de
1617 905 1702 936 Point
1717 916 1751 936 en
1767 906 1869 943 Ponit,
1882 915 2011 944 quamque
2025 915 2062 934 en
2074 905 2159 934 Nous
2172 904 2306 942 est,sanz

1252 939 1349 969 fraude
1363 949 1401 969 ou
1414 940 1467 970 mal
1483 950 1592 980 engyn,

1290 976 1327 1008 Et
1343 988 1377 1008 ce
1391 977 1571 1010 Promettons
1583 981 1626 1012 sur
1641 981 1770 1013 Caucion
1785 983 1817 1013 &
1832 982 2003 1020 Obligicion
2016 981 2052 1012 de
2065 989 2135 1011 touz
2150 988 2208 1009 noz
2215 979 2307 1017 Biens,

1253 1016 1388 1053 presentes
1404 1018 1437 1047 &
1452 1019 1563 1056 avenir,
1581 1021 1645 1050 sanz
1656 1022 1752 1059 jamais
1764 1022 1845 1059 faire,
1863 1021 1940 1057 dire,
1958 1030 1994 1049 ne
2014 1019 2163 1058 purposer,
2181 1028 2218 1047 en
2237 1018 2308 1056 Jug-

1254 1064 1390 1092 gement,
1408 1065 1444 1086 ne
1456 1056 1574 1096 dehors,
1591 1069 1700 1089 aucune
1713 1058 1808 1089 Chose
1822 1070 1836 1089 a
1849 1059 2021 1096 l'encontre,

1290 1092 1417 1131 ΒΟΠΠΕ,
1437 1104 1484 1130 Par
1499 1093 1730 1134 Tesmoignance
1743 1098 1778 1127 de
1793 1097 1888 1128 nostre
1903 1097 2003 1127 Grand
2017 1095 2076 1126 Seal
2085 1118 2095 1133 ,
2111 1105 2126 1124 a
2138 1092 2233 1124 nostre
2250 1095 2308 1136 Pa-

1254 1131 1282 1160 la
1294 1143 1310 1160 ss
1330 1133 1361 1161 de
1377 1132 1482 1172 Westm.
1502 1134 1528 1163 16
1547 1136 1593 1165 xii.
1608 1138 1673 1173 jour
1695 1136 1731 1166 de
1753 1136 1932 1173 Septembre,
1948 1135 2013 1165 l'An
2036 1135 2073 1164 du
2096 1132 2192 1163 Grace
2209 1131 2311 1168 Mille,

1253 1143 1441 1240 'SIJroiscentQ
1468 1172 1637 1212 Qatrevins
1658 1175 1691 1206 ὃ(
1712 1173 1815 1213 tresze,
1840 1176 1873 1206 &
1896 1173 1932 1204 de
1954 1174 2048 1203 nostre
2070 1172 2173 1211 Regne
2192 1169 2254 1208 Dys
2275 1170 2308 1199 &

1275 1219 1290 1239 e
1311 1218 1329 1239 ti
1344 1219 1398 1239 me.

1291 1219 1310 1247 p
1827 1253 1885 1281 Par
1894 1250 1919 1280 le
1931 1253 1981 1280 R01*
1992 1248 2084 1288 &son
2098 1245 2206 1286 Confi’t'l.

1431 1376 1458 1403 W<
1482 1380 1530 1412 De
1546 1379 1715 1412 Traftando
1731 1391 1799 1412 cum
1818 1378 2006 1424 Adverfhrio
2027 1382 2136 1414 Scotiae.
2332 1391 2348 1409 a
2363 1386 2431 1420 νη,-

1259 1461 1375 1515 REX
1391 1462 1548 1501 omnibus,
1566 1464 1600 1494 aa
1617 1476 1706 1503 quos,
1724 1466 1784 1496 ὅτε.
1803 1465 1936 1496 salutem.
2326 1438 2402 1497 ,(711ῗῖιῖ
2420 1467 2464 1499 D,-

1355 1500 1523 1532 Sc1wr1s
1540 1504 1620 1541 quod
1635 1504 1720 1542 Nos,
2359 1514 2444 1546 1393.

1292 1536 1342 1567 De
1362 1540 1477 1582 provida
1497 1540 1761 1579 Circumspectione
1782 1543 1815 1573 ὃς
1837 1542 1974 1574 Industria
1989 1566 1999 1582 ,
2025 1543 2235 1575 Venerabilium
2256 1544 2311 1574 Pa·
2329 1549 2382 1573 An.
2406 1554 2447 1579 ¹7-

1256 1582 1350 1614 trum,
1374 1576 1516 1614 johannis
1538 1580 1656 1618 Episcopi
1677 1582 1863 1621 Menevenjzs,
1881 1583 1913 1612 ἃ
1934 1582 2039 1612 Thomae
2059 1580 2178 1620 Epistopi
2199 1582 2312 1612 Karlio-
2332 1589 2360 1611 R.
2383 1593 2407 1610 2.

1256 1612 1350 1653 lenfis,
1375 1625 1426 1652 ac,
1452 1616 1634 1647 Dilectorum
1653 1619 1686 1648 &
1707 1619 1842 1649 Fidelium
1864 1619 2044 1658 nostrorum,
2073 1623 2184 1650 Henrici
2204 1624 2313 1650 Comitis
2334 1627 2398 1649 Scor.
2423 1629 2463 1656 17.

1259 1653 1481 1696 Northumbriae,
1499 1655 1634 1693 Radulphi
1657 1659 1769 1686 Domini
1787 1658 1818 1686 de
1842 1658 1957 1698 Nepill,
1975 1661 2082 1687 Ricardi
2096 1658 2120 1687 le
2133 1663 2210 1696 Scrop
2224 1659 2311 1689 Bane·
2332 1666 2362 1690 R.
2379 1670 2405 1688 2.

1259 1699 1340 1734 retu,
1357 1694 1473 1722 Gerara'i
1488 1696 1582 1723 Heron
1596 1694 1713 1732 Militis,
1733 1695 1859 1734 Magistri
1874 1697 1967 1726 Alani
1981 1698 2011 1726 de
2035 1698 2157 1726 Newerk
2179 1697 2315 1728 Bacallarii
2336 1710 2372 1727 m.
2391 1707 2416 1733 7.

1260 1739 1290 1758 m
1312 1730 1450 1770 Legibus,
1468 1732 1501 1762 ὃ(
1521 1732 1662 1770 Johannis
1682 1734 1714 1762 a'e
1738 1733 1863 1773 Mitford
1875 1736 2032 1775 Armigeri,
2048 1737 2147 1765 intime
2169 1736 2317 1767 confiden-

1257 1776 1300 1798 tes
1314 1792 1323 1805 ,

1297 1805 1374 1844 Ipsos
1388 1807 1486 1846 Osto,
1504 1809 1637 1847 Septem,
1656 1810 1726 1846 Sex,
1746 1809 1899 1849 Qinque,
1918 1812 2069 1851 Qatuor,
2081 1812 2171 1851 Tres,
2185 1813 2218 1844 ὅτ.
2234 1813 2318 1844 Duos

1260 1854 1360 1875 eorum
1377 1847 1513 1883 (quorum
1529 1849 1676 1885 praesatum
1692 1848 1839 1879 Comitem
1854 1860 1943 1880 unum
1957 1851 2014 1881 else
2031 1850 2181 1888 Volumus)
2205 1851 2318 1882 nostros

1260 1893 1342 1914 veros
1356 1885 1389 1914 ὃς
1406 1886 1548 1921 legitimos
1567 1886 1783 1925 Procuratores,
1800 1887 1998 1925 Negotiorum
2020 1888 2173 1928 Gestores,
2190 1890 2319 1928 Deputa-

1261 1929 1321 1960 tos,
1339 1932 1372 1952 ac
1394 1923 1528 1955 Nuncios
1547 1926 1675 1963 speciales
1695 1926 1825 1957 Facimus
1839 1950 1848 1964 ,
1872 1926 2011 1958 Creamus
2023 1951 2032 1965 ,
2056 1929 2087 1958 ὃ(
2110 1927 2319 1960 Censtituimus

1260 1970 1310 1998 per
1326 1960 1493 2000 Praesemes,

1298 1998 1405 2030 Dantes
1427 2002 1459 2032 ὃ(
1483 2001 1684 2034 Concedentes
1704 2003 1807 2034 eisdem
1830 2003 2078 2042 procuratoribus,
2104 2004 2268 2044 Deputatis,
2286 2007 2319 2037 δὲ

1261 2036 1386 2068 Nunciis
1400 2039 1500 2070 nostris
1515 2041 1738 2080 Auctoritatem,
1757 2043 1924 2080 plenamque
1939 2044 1972 2073 ὃς
1996 2043 2108 2072 liberam
2129 2043 2300 2074 potestatem
2312 2068 2322 2083 ,

1261 2088 1294 2109 ac
1311 2077 1568 2116 Mandatum,tam
1580 2082 1817 2120 generale,quam
1830 2081 2187 2119 specialessonveniendi,
2206 2082 2324 2121 loquen-

1261 2117 1306 2156 di,
1323 2119 1572 2157 communicandi,
1591 2122 1623 2151 &
1639 2121 1790 2158 traetandi,
1807 2130 1858 2157 pro
1871 2121 1953 2149 nobis
1970 2121 2001 2150 &
2017 2121 2133 2150 nomine
2154 2122 2268 2159 nostro,
2286 2132 2319 2152 ac

1264 2166 1316 2194 pro
1340 2156 1463 2197 Regnis,
1478 2156 1594 2194 Terris,
1616 2158 1777 2196 Dominiis,
1795 2158 1942 2199 sobaros,
1968 2161 2000 2190 &
2023 2159 2115 2198 Ligeis
2135 2160 2235 2190 nostns
2258 2162 2321 2198 qui-

1264 2195 1455 2233 buscumque,
1475 2206 1543 2226 cum
1557 2197 1730 2234 Adverfhrio
1743 2196 1830 2231 nostro
1851 2200 1960 2233 Scotiae,
1977 2197 2021 2227 seu
2044 2200 2100 2235 eius
2121 2198 2150 2228 in
2169 2199 2222 2230 hac
2245 2209 2322 2236 parte

1265 2233 1512 2272 Procuratoribus,
1533 2235 1566 2265 N
1570 2237 1674 2275 unciis,
1690 2237 1734 2267 seu
1757 2236 1924 2273 Deputatis,
1943 2235 2128 2266 sufficientem
2147 2236 2321 2268 Potestatem

1264 2272 1300 2304 ab
1315 2273 1375 2311 ipso
1390 2271 1557 2304 Adversario
1571 2273 1671 2305 nostro
1684 2275 1864 2311 habentibus,
1882 2274 1917 2305 de
1929 2273 2003 2304 Pace
2017 2275 2049 2305 3<
2070 2273 2236 2306 Concordia
2254 2275 2324 2306 fina-

1266 2312 1337 2342 libus
1352 2313 1385 2343 &
1401 2313 1556 2350 perpetuis,
1573 2314 1643 2343 inter
1662 2313 1749 2351 Nos,
1768 2315 1801 2344 86
1822 2311 1960 2343 Haeredes
1980 2312 2106 2351 nostros,
2124 2320 2177 2351 pro
2197 2313 2323 2354 Regnis,

1267 2351 1395 2388 Terris,
1410 2350 1571 2389 Dominiis,
1587 2351 1726 2389 Subditis,
1744 2353 1777 2382 &
1799 2351 1891 2391 Ligeis
1913 2351 2029 2389 nostris,
2048 2362 2082 2381 ex
2101 2362 2177 2389 parte
2199 2363 2270 2391 una,
2288 2354 2322 2384 δί

1269 2389 1358 2427 ipsum
1372 2388 1588 2427 Adversarium,
1606 2390 1639 2419 ὃ(
1653 2389 1788 2420 Haeredes
1801 2390 1879 2427 suOS,
1898 2400 1950 2427 pro
1966 2390 2019 2428 Se,
2039 2389 2150 2429 Terris,
2168 2391 2324 2430 Dominiis,

1267 2427 1408 2497 30001113,
1422 2429 1456 2460 &
1472 2428 1565 2466 Ligeis
1581 2428 1650 2466 suis,
1667 2438 1699 2458 ex
1714 2436 1788 2467 parte
1814 2429 1914 2467 altera,
1932 2431 2070 2467 perpetuo
2094 2430 2137 2460 vel
2158 2430 2192 2460 ad
2214 2438 2326 2468 tempus

1290 2476 1401 2497 uratur-is

1307 2489 1474 2543 Omnisque
1496 2506 1529 2536 &
1553 2505 1673 2544 singula,
1698 2506 1735 2535 sic
1757 2505 1883 2544 Locuta,
1902 2505 2107 2542 Comunicata,
2125 2506 2157 2537 ὅτ
2177 2506 2326 2545 Ττ3έ1313,

1270 2554 1338 2574 cum
1354 2545 1487 2574 omnibus
1502 2546 1532 2574 ὅ(
1549 2544 1658 2583 singulis
1678 2543 1884 2582 Incidentibus‚
1902 2544 2136 2584 Emergentibus,
2152 2544 2326 2583 Dependen-

1270 2583 1360 2620 tibus,
1375 2583 1409 2612 &
1422 2581 1586 2620 Connexis,
1606 2581 1703 2612 Nobis
1719 2584 1751 2613 &
1766 2581 1903 2613 Concilio
1918 2583 2016 2613 nostro
2033 2583 2202 2622 Referendi,
2222 2583 2328 2614 Decla-

1269 2621 1362 2689 ”⁰33²
1380 2620 1562 2659 Explicandi,
1581 2620 1778 2659 Certificandi,
1795 2621 1983 2660 Exponendi,
2007 2622 2040 2653 ὃ(
2060 2632 2109 2652 ore
2129 2630 2208 2652 tenus
2231 2633 2328 2661 repor-

1267 2669 1313 2691 tan
1335 2670 1342 2689 1

1309 2682 1471 2736 Or’nniaque
1486 2698 1535 2728 alia
1550 2700 1582 2730 ὅ(
1598 2697 1700 2737 singula
1714 2696 1908 2735 Excercendi,
1925 2697 2073 2734 Faciendi,
2091 2698 2125 2728 &
2138 2697 2325 2736 Expediendi,

1272 2738 1376 2775 quaein
1392 2736 1542 2767 Praemiffis
1556 2738 1588 2768 &
1603 2738 1678 2768 circa
1693 2746 1724 2766 ea
1746 2736 1894 2767 neceffaria
1912 2735 2013 2767 fuerint
2033 2737 2077 2766 vel
2097 2738 2179 2768 etiarn
2204 2746 2328 2774 0001110-

1271 2776 1378 2806 dolibet
1390 2785 1548 2813 oportuna,
1566 2777 1651 2805 etiam
1667 2774 1686 2804 si
1701 2773 1870 2804 Mandatum
1884 2775 1992 2813 exigant
2008 2776 2093 2814 magis
2107 2776 2238 2814 speciale,

1308 2814 1507 2845 Promittentes
1530 2813 1599 2844 Nos
1621 2813 1729 2843 Ratum
1742 2835 1752 2850 ,
1781 2812 1902 2843 Gratum
1917 2835 1927 2850 ,
1952 2813 1985 2843 &
2008 2813 2135 2843 Firmum
2157 2814 2300 2844 habituros
2316 2834 2327 2854 5

1273 2851 1424 2891 quicquid,
1442 2861 1491 2890 per
1503 2851 1594 2882 (116103
1608 2851 1807 2881 Procuratores
1822 2849 1935 2880 nostros
1968 2850 2093 2889 ACtum,
2107 2851 2325 2891 Gestum,Pro—

1272 2900 1438 2922 curatumve
1452 2890 1533 2920 fuerit
1548 2892 1577 2921 in
1590 2888 1754 2924 Praemiffis,
1772 2888 1815 2917 vel
1829 2889 1924 2926 aliquo
1938 2872 2160 2919 i'raemissorum.

1308 2929 1376 2960 Dat.
1392 2929 1442 2996 suflx)
1464 2928 1565 2996 Magni
1584 2928 1671 2966 Sigilli
1688 2927 1776 2957 nostri
1793 2926 1977 2958 Testimonio
1998 2928 2070 2965 apud
2092 2930 2206 2959 Novam
2228 2932 2324 2959 Sarum

1270 2969 1334 2998 xxii.
1352 2968 1397 2998 die
1444 2975 1498 3006 ugu
1527 2967 1542 2994 1.
2325 2987 2330 2991 ·

1724 3045 1777 3073 Per
1794 3042 1876 3083 ipst'rm
1897 3045 1994 3080 Regem
2010 3041 2047 3078 (ῤ’
2066 3043 2216 3074 Concilium.

1302 3180 1351 3211 De
1366 3173 1534 3209 Trafbando
1552 3186 1620 3206 cnm
1640 3172 1803 3206 comitibus
1821 3173 1857 3206 de
1876 3172 2024 3207 diarchia
2042 3177 2078 3212 (ῤ’
2096 3173 2132 3206 de
2148 3174 2292 3220 Douglas.

1273 3258 1389 3318 REX
1403 3259 1565 3297 Omnibus,
1583 3258 1616 3288 ad
1632 3268 1718 3297 quOS,
1736 3259 1796 3289 &c.
1816 3259 1948 3290 Salutem.
2341 3261 2416 3296 Arm,
2433 3264 2474 3299 D,

1368 3299 1464 3328 Sciatis
1479 3298 1559 3335 quod
1574 3297 1656 3333 Nos,
2201 3315 2204 3320 -
2369 3314 2379 3333 1
2389 3315 2454 3345 393⁴

1308 3337 1355 3367 De
1370 3337 1511 3366 Fidelitate
1524 3337 1556 3366 ὅ(
1573 3335 1854 3374 Circumspetstione,
1872 3335 2057 3365 Dile&orum
2071 3335 2103 3365 &
2118 3334 2253 3365 Fidelium
2268 3346 2321 3366 no·
2338 3346 2390 3371 Aa.
2415 3355 2457 3380 ¹7¹

1270 3375 1408 3412 strotum,
1426 3374 1531 3403 Thomae
1542 3374 1573 3403 de
1589 3373 1691 3403 Nevill
1709 3373 1834 3403 Domini
1856 3373 1892 3403 de
1912 3373 2092 3411 Furnevalle,
2111 3374 2143 3403 ὃς
2161 3373 2265 3403 Thomae
2290 3375 2322 3404 a'e
2338 3385 2367 3408 R,
2385 3392 2411 3411 2·

1269 3413 1378 3453 Stanley
1393 3413 1513 3449 Clerici,
1528 3413 1635 3449 plenius*
1649 3411 1837 3449 confidentes,
2339 3420 2402 3447 Ihm,

1308 3452 1382 3491 Ipsos
1402 3450 1628 3488 Constituimus,
1651 3450 1868 3486 ordinavimus,
1891 3449 1923 3479 &
1944 3448 2087 3486 Fecimus,
2114 3448 2321 3490 creaturisque,
2334 3467 2370 3486 m.
2387 3459 2417 3487 6⁴

1272 3490 1464 3526 ordinamus,
1482 3490 1514 3520 &
1533 3488 1679 3526 Facimus,
1698 3499 1746 3525 per
1759 3488 1921 3525 Praesentes,
1940 3488 2051 3517 nostros
2072 3498 2153 3517 veros
2173 3489 2205 3518 &
2226 3489 2319 3526 legiti-

1269 3538 1334 3559 mos
1346 3529 1561 3565 Procuratores,
1577 3527 1771 3566 Negotiorum
1785 3525 1935 3562 Gestores,
1953 3536 1985 3556 ac
2002 3525 2035 3555 N
2039 3527 2136 3556 uncios
2151 3527 2296 3565 speciales,

1309 3567 1353 3598 Ad
1366 3565 1575 3602 Traetandum,
1595 3565 1808 3602 paciscendum,
1822 3565 1854 3595 &
1868 3563 1983 3595 finaliter
1995 3564 2231 3596 concordandum
2241 3576 2320 3604 cum,

1270 3604 1375 3635 Nobili
1388 3605 1474 3642 Viro,
1491 3606 1600 3641 Georgia
1614 3606 1645 3632 a'e
1668 3603 1814 3632 Dunbarre
1835 3601 1954 3632 Comite
1975 3602 2113 3632 Marchiae
2135 3603 2255 3641 Scotiae,
2275 3606 2321 3635 vel

1269 3644 1350 3681 ipsius
1369 3643 1618 3678 Procuratoribus,
1636 3642 1776 3678 Nunciis,
1791 3641 1836 3670 seu
1858 3640 2022 3679 Deputatis,
2041 3643 2069 3670 in
2085 3642 2137 3671 hac
2152 3651 2243 3680 parte,
2262 3642 2321 3679 ple—

1269 3684 1375 3712 nariam
1392 3680 1563 3710 Potestatem
1579 3681 1615 3709 ab
1633 3680 1692 3717 ipso
1711 3678 1830 3709 Comite
1844 3678 2009 3709 habentibus
2021 3703 2030 3716 ,
2056 3679 2092 3709 de
2109 3681 2141 3710 &
2157 3680 2236 3717 super
2259 3683 2322 3719 qui-

1272 3721 1444 3757 buscumque
1462 3719 1603 3748 Amicitiis
1617 3739 1626 3755 ,
1652 3718 1803 3756 Alligantiis
1849 3726 1882 3746 ac
1899 3718 2000 3747 mutuis
2018 3718 2131 3747 Auxiliis
2149 3718 2320 3757 (videlicet)

1268 3762 1341 3788 inter
1361 3759 1437 3794 Nos,
1458 3766 1511 3794 pro
1528 3756 1644 3793 Nobis,
1670 3756 1793 3793 Regnis,
1816 3741 1930 3794 ²Terris,
1958 3755 2118 3793 Dominus,
2143 3765 2174 3786 ac
2196 3756 2322 3788 Subditis

1268 3797 1370 3827 nostris
1389 3795 1627 3833 quibuscumque,
1645 3803 1678 3824 ex
1697 3803 1773 3831 parte
1793 3803 1862 3831 una,
1887 3795 1919 3825 &
1934 3792 2081 3832 praefatum
2100 3797 2246 3833 Comitem,
2266 3806 2319 3834 pro

1267 3835 1321 3873 Se,
1341 3833 1454 3869 Terris,
1479 3832 1641 3869 Dominiis,
1665 3833 1698 3863 &
1717 3832 1837 3861 Subditis
1852 3831 1902 3862 suis
1922 3833 2145 3870 quibuscumque
2159 3855 2169 3871 ,
2192 3841 2226 3863 ex
2244 3844 2320 3872 parte

1267 3874 1368 3909 altera,
1388 3873 1490 3901 mutuo
1509 3871 1634 3901 ineundis
1650 3871 1683 3901 &
1700 3869 1875 3908 prxstandis,

1306 3911 1342 3941 Et
1360 3909 1509 3948 specialiter
1526 3909 1560 3939 ad
1578 3908 1789 3946 Tractandum,
1807 3905 2020 3948 paciscendum,
2038 3909 2072 3939 &
2085 3909 2319 3941 concordandum

1268 3950 1347 3987 super
1374 3948 1533 3978 Retinentia
1557 3948 1603 3979 sua
1626 3956 1709 3987 penes
1737 3946 1803 3977 Nos
1818 3969 1828 3984 ,
1859 3948 1893 3977 &
1920 3948 2001 3976 certis
2019 3946 2142 3978 Servitiis
2161 3958 2210 3985 per
2228 3949 2318 3985 ipsum

1270 3987 1419 4018 Comitem
1439 3985 1537 4016 Nobis
1552 3986 1763 4027 impendendis,
1780 3985 1897 4015 durante
1914 3992 1972 4015 tota
1988 3984 2053 4016 Vita
2071 3985 2193 4024 ejusdem
2213 3986 2319 4016 Comia

1265 4034 1413 4095 tls1²)antes
1430 4062 1462 4095 &
1480 4060 1695 4100 Concedentes,
1713 4070 1747 4092 ex
1748 4060 1841 4130 1<flexiti
1858 4059 1971 4094 scientis
1988 4060 2022 4093 ὃς
2038 4060 2133 4094 nostra
2149 4061 2236 4095 libera
2255 4058 2318 4130 Xg
