2561 4251
1 204 2 207 Ἰ
15 217 131 261 Anu-D.

34 253 120 304 J382.

14 303 63 329 Ric.
84 305 110 324 2.

0 516 1 522 1
16 499 142 531 Ann.D.

35 539 118 577 1382.

15 582 65 606 An.
78 587 106 611 5.

16 620 44 644 R.
66 624 90 641 2.

15 653 82 689 Vasc.
99 661 127 687 5.

14 695 44 720 R.
60 700 86 717 2.

16 739 51 758 m.
67 737 96 763 4.

32 2990 47 3005 ⁴
68 2989 135 3018 Vll.

33 3036 97 3065 35²·

32 3068 99 3096 Ann
118 3063 159 3094 D.

52 3104 136 3144 1382.

31 3147 84 3171 An.
102 3152 130 3177 5.

30 3186 59 3210 R.
81 3191 108 3208 2.

29 3223 90 3247 Pat.
99 3228 125 3254 5.

29 3262 164 3294 R.2.p.2.

31 3304 127 3331 m.19.

725 127 758 167 E
794 126 834 166 T
919 127 953 166 A
995 127 1032 167 C
1069 126 1110 166 T
1149 126 1186 167 A

227 216 316 248 Teste
328 215 414 252 Rege
429 213 501 252 apud
515 211 824 252 westmonasterium,
842 213 925 244 xxvii.
943 212 988 243 die
1003 211 1109 243 Martii.

842 291 896 319 Per
909 287 991 328 ipstmz
1006 292 1102 325 Regem

333 419 426 461 Super
445 414 670 459 Modtficatione
686 415 876 460 Treugarum
893 416 1036 446 Franciae.

220 501 246 532 E
273 499 331 531 Roi
344 510 359 530 a
376 510 445 531 touz
460 509 548 538 ceux,
567 497 714 536 qui'cestes
732 498 840 527 Lettres
851 505 983 534 verront,
1001 496 1091 527 Saluz.

252 538 350 569 Come
366 563 374 577 ,
397 549 445 576 par
465 546 544 568 entre
566 537 605 567 les
628 535 768 574 Meis-ages
789 536 821 566 &
837 535 969 573 Deputez
983 535 1019 565 de
1033 536 1120 566 Nous
1132 537 1165 567 ὃς
1181 534 1217 567 de

160 577 256 608 nostre
276 578 448 616 Adversaiz¹e
467 577 499 605 de
522 578 625 603 France
639 596 649 611 ,
667 574 821 604 affeinblez
836 584 888 611 pur
902 573 1024 604 Traitier
1036 573 1072 604 de
1088 573 1171 612 Paix,
1190 585 1218 604 es

161 616 264 646 Parties
282 616 316 646 de
338 615 464 646 Picardie
477 637 486 650 ,
509 622 524 642 a
545 612 569 641 la
591 613 699 642 darrein
716 612 842 650 Journee
857 636 866 650 ,
891 619 976 642 tenuz
991 622 1025 641 en
1041 612 1099 643 cest
1115 614 1220 649 present

162 653 251 693 Moys
269 654 305 685 de
325 653 442 688 Marce,
461 650 545 681 feuise
560 660 608 687 par
621 652 741 680 certeins
758 650 878 687 Causes,
897 659 974 680 entre
991 660 1080 681 autres
1096 651 1219 688 choses,

160 692 275 730 Par-lez,
291 693 333 723 sur
346 693 371 722 le
386 689 481 720 Pleisir
496 688 531 718 de
545 689 630 718 Nous
644 689 677 719 ὃς
693 689 729 719 de
742 689 835 719 nostre
848 689 887 718 dit
903 689 1080 728 Adversaire,
1095 699 1150 727 que
1158 689 1221 719 nul-

160 731 186 761 le
208 731 323 762 notable
343 729 450 759 Armee
464 752 473 765 ,
493 737 540 765 par
553 727 662 764 Terre,
680 737 716 757 ne
730 737 777 764 par
791 727 890 764 Meet,
910 737 962 764 pur
975 727 1062 764 passer
1077 737 1104 757 es
1122 727 1222 758 Roial-

163 779 223 800 mes
244 769 327 799 d'une
347 765 454 796 Costee
476 777 514 796 ou
534 765 640 796 d⁷autre
656 789 665 803 ,
694 766 817 795 novelles
840 764 946 795 Creues
969 766 1001 795 &
1025 765 1153 795 Retenus
1172 765 1221 795 des

161 808 263 838 Gentz
282 806 411 836 d’Armes
425 829 434 842 ,
458 815 493 834 eri
515 804 575 841 plus
598 811 680 841 grant
698 803 835 834 Nombre
857 805 904 840 qui
927 803 989 833 sont
1008 814 1022 833 a
1040 803 1166 842 present,
1181 813 1221 833 ou

162 847 198 877 de
213 847 368 881 l’autre,ne
383 844 487 874 serront
502 843 576 872 faites
591 852 638 880 par
652 843 754 873 devant
768 842 793 871 16
807 850 918 878 promer
930 842 996 878 jour
1009 842 1044 871 de
1060 841 1131 881 Iuyn
1146 852 1224 879 pros-

162 885 245 915 chein
260 891 380 920 venant,

198 921 236 952 Et
259 921 302 951 sur
320 932 369 958 ce,
389 931 437 958 par
450 928 510 951 noz
522 919 579 949 ditz
594 917 751 957 Messages,
768 917 851 948 estoit
866 917 1037 948 Demandez
1051 927 1124 957 que,
1138 927 1173 948 en
1189 928 1224 948 ce

163 959 236 998 Cas,
254 960 279 990 le
302 959 458 990 Mareschal
478 959 514 987 de
534 958 640 987 France
655 978 665 994 ,
683 958 716 987 ὅ(
732 957 755 986 13
771 957 873 994 Poetis,
890 956 1084 987 novellement
1101 957 1223 987 envoiez

160 999 284 1037 ovesque
308 998 371 1038 Luy
393 1007 419 1026 as
435 996 538 1026 Parties
556 995 771 1033 d’Aquitaigne,
790 995 877 1025 soient
894 995 1041 1033 Repeiiez‚
1060 995 1093 1026 &
1109 1005 1164 1034 que
1176 994 1224 1025 nul

162 1046 239 1068 autre
252 1037 364 1067 novelle
379 1035 485 1065 Armee
497 1044 534 1064 ne
547 1032 630 1063 Poair
645 1044 681 1063 ne
696 1035 793 1064 ierroit
808 1043 868 1071 mys
882 1044 929 1073 par
945 1033 1041 1063 nostre
1055 1033 1095 1064 dit
1111 1033 1224 1064 Adver-

163 1076 229 1106 saire
241 1076 284 1105 sur
298 1074 335 1103 les
352 1073 509 1111 FrontierS,
528 1082 563 1102 ne
580 1072 655 1101 nulle
669 1081 747 1102 autre
761 1072 874 1102 Guerre
889 1073 951 1102 faite
963 1072 1000 1102 de
1015 1072 1041 1103 sa
1054 1071 1135 1110 Part,
1153 1072 1225 1102 fors-

165 1125 222 1153 que
236 1123 283 1151 par
298 1113 336 1143 les
352 1111 507 1141 Garmsons
522 1110 703 1148 acustuineZ,

203 1151 241 1182 Et
261 1151 324 1181 auxi
344 1150 417 1180 alors
440 1149 522 1180 estoit
541 1149 702 1180 demandez
715 1173 724 1187 ,
748 1159 797 1187 par
818 1149 858 1179 les
874 1148 1013 1188 Messages
1025 1148 1061 1179 de
1075 1148 1171 1180 nostre
1185 1149 1225 1179 dit

173 1190 354 1225 Adversaii‘e,
374 1197 429 1225 que
444 1196 512 1218 touz
529 1188 716 1218 ljeutenantz
730 1198 769 1218 ou
785 1186 942 1225 Capitains,
961 1190 979 1217 ii
995 1187 1083 1218 nulles
1097 1188 1184 1217 soient
1197 1197 1226 1218 es

168 1229 273 1259 Parties
293 1226 328 1257 de
345 1227 450 1267 Guyen
474 1226 570 1264 depart
591 1236 661 1256 nous
681 1226 723 1256 sur
744 1226 782 1256 les
806 1225 968 1264 Chaumps,
993 1234 1080 1255 autres
1097 1227 1145 1264 qui
1160 1225 1223 1256 sont

165 1266 349 1297 accustumez
369 1275 420 1303 pur
439 1263 506 1295 faire
527 1264 640 1295 Guerre
659 1264 695 1294 de
719 1264 877 1294 Forteresse
900 1275 933 1294 au
952 1264 1120 1301 Fortcreffe,
1137 1265 1227 1294 soient

165 1316 215 1344 par
230 1302 301 1334 nous
318 1303 456 1342 Repellez
471 1313 504 1333 en
520 1303 545 1333 le
561 1312 643 1332 meen
659 1311 765 1340 temps,
786 1303 892 1334 sicome
905 1313 954 1341 par
976 1312 1035 1333 noz
1048 1304 1107 1334 ditz
1119 1301 1227 1332 Mella-

166 1354 217 1382 ges
231 1343 318 1374 Nous
331 1343 366 1373 ad
379 1342 436 1372 este
451 1341 622 1379 pleinement
637 1350 783 1379 reportez‚

203 1382 313 1412 Sat-hez
328 1382 417 1412 Nous
435 1380 506 1410 estre
519 1379 659 1410 accordez
673 1389 688 1409 a
710 1390 743 1410 ce
764 1380 813 1418 qui
826 1379 914 1410 defuis
928 1379 970 1410 est
983 1379 1080 1418 escript
1090 1402 1099 1418 ,
1118 1389 1153 1409 en
1168 1387 1226 1409 tant

167 1431 224 1459 que
233 1420 320 1450 Nous
335 1419 441 1450 touche
454 1443 464 1457 ,
488 1419 521 1450 ὃς
545 1419 570 1448 16
584 1417 747 1448 Garderons
760 1420 793 1448 &
808 1419 926 1448 Ferrons
941 1419 1085 1448 loialment
1100 1417 1228 1456 Garder,

168 1471 221 1497 pur
243 1459 338 1489 nostre
363 1457 470 1488 Costee
485 1481 494 1495 ,
520 1467 568 1495 par
586 1466 644 1487 noz
663 1456 785 1494 Subgitz
797 1481 806 1494 ,
831 1457 874 1488 sur
892 1457 916 1486 la
935 1457 1046 1486 fourme
1064 1456 1204 1486 avantdite
1219 1480 1228 1494 ,

166 1499 200 1528 δε
224 1508 272 1535 par
297 1497 410 1533 especial
437 1496 545 1526 ferrons
573 1495 706 1532 Repeller
730 1504 800 1525 touz
826 1495 863 1525 les
883 1495 1071 1525 Lieutenintz
1090 1496 1123 1524 &
1142 1493 1229 1532 Capi-

166 1537 253 1573 tains,
270 1536 298 1572 qi
317 1535 380 1565 sont
398 1544 426 1565 es
446 1533 593 1570 Chaumps
612 1543 640 1563 es
657 1533 727 1563 dites
741 1532 848 1563 Parties
860 1532 895 1563 de
909 1532 1014 1571 Guyen
1029 1533 1124 1570 depart
1137 1543 1228 1570 nous,

166 1583 253 1605 autres
272 1574 320 1612 qui
338 1572 400 1603 sont
418 1571 602 1603 accustumez
613 1581 665 1609 pur
679 1571 746 1601 faire
759 1569 872 1602 Guerre
886 1571 922 1601 de
937 1571 1092 1602 Fortereffe
1106 1582 1139 1602 au
1156 1572 1228 1602 For-

165 1611 264 1644 tereffe
275 1636 284 1650 ,
303 1620 405 1649 tanque
422 1621 457 1640 au
475 1610 518 1640 dit
533 1609 605 1647 Jour
623 1619 710 1640 come
725 1609 765 1640 dit
781 1609 821 1640 est
835 1634 844 1648 ,
871 1611 905 1642 δε
920 1619 955 1641 ce
970 1620 1026 1641 oue
1044 1618 1107 1642 tout
1127 1610 1153 1640 le
1169 1609 1228 1640 hast

166 1651 259 1690 quise
276 1659 372 1689 purra,
393 1649 457 1679 sanz
475 1648 570 1678 fraude
586 1658 624 1678 ou
645 1647 700 1678 mal
717 1657 824 1688 engyn,

204 1688 315 1720 Parensi
355 1697 389 1717 ue
412 1687 439 1717 le
462 1686 502 1717 dit
527 1686 645 1716 Maresal
670 1686 704 1717 de
730 1687 837 1717 France
851 1710 860 1724 ,
887 1686 1011 1725 ovesque
1028 1686 1054 1717 le
1073 1686 1113 1717 dit
1130 1686 1229 1725 Poair‚

168 1728 290 1759 envoiez
307 1737 334 1757 as
376 1727 455 1756 arties
471 1724 668 1764 d'Aquitaigne
684 1747 694 1763 ,
720 1725 752 1756 &
772 1734 853 1756 toutz
870 1734 957 1756 autres
976 1724 1087 1763 PoairS,
1106 1725 1125 1755 fi
1144 1726 1231 1756 nulles

167 1767 255 1797 soient
278 1766 314 1796 de
340 1764 454 1795 novelle
477 1764 598 1794 envoiez
621 1763 704 1802 depar
729 1763 825 1794 nostre
849 1764 888 1794 dit
912 1763 1094 1802 Adversaiie,
1120 1764 1164 1794 sur
1191 1764 1230 1794 les

167 1805 309 1836 Frontiers
324 1829 333 1843 ,
358 1814 398 1834 ou
421 1801 533 1833 aillours
550 1801 594 1832 sur
611 1810 671 1832 noz
688 1801 793 1832 Terres
811 1804 844 1834 δε
864 1802 1022 1841 Seignuries
1036 1827 1046 1840 ,
1075 1810 1230 1834 autrement

193 1845 219 1875 ui
245 1843 309 1874 n'ad
334 1842 392 1872 este
419 1840 603 1872 aucustumez
628 1839 727 1871 d’estre
752 1841 799 1871 fait
817 1851 865 1879 par
883 1841 928 1881 luy
944 1840 987 1870 sur
1005 1841 1042 1871 les
1061 1840 1234 1880 Garnisons,

182 1884 260 1914 oient
290 1881 428 1919 Repellez
451 1879 486 1910 de
512 1879 573 1910 Fait
588 1902 598 1917 ‚
621 1889 678 1910 oue
695 1887 777 1910 toute
792 1879 817 1910 la
835 1878 913 1910 haste
931 1880 980 1917 qui
998 1879 1064 1910 faire
1081 1879 1108 1910 se
1126 1890 1208 1918 purra
1222 1904 1232 1918 ,

170 1922 236 1953 sanz
254 1919 350 1950 fraude
367 1930 407 1950 ou
426 1918 483 1949 mal
501 1926 615 1957 engyn,
635 1918 669 1948 &
688 1918 782 1948 auxint
799 1918 905 1956 parensi
921 1928 977 1956 que
992 1919 1067 1949 nulle
1085 1928 1162 1949 autre
1179 1929 1233 1949 no-

169 1960 243 1991 velle
269 1959 375 1990 Armee
398 1968 435 1988 ne
459 1956 544 1987 Poair
571 1966 608 1986 ne
632 1956 684 1987 soit
709 1966 770 1996 mys
792 1966 830 1987 ou
847 1957 969 1987 envoiez
985 1980 994 1994 ‚
1012 1967 1059 1995 par
1077 1957 1174 1987 nostre
1191 1958 1232 1989 dit

170 1997 337 2030 Adversaire
352 2019 362 2035 ,
386 1995 428 2026 sur
457 1996 494 2026 les
519 1995 602 2037 dites.
616 1994 780 2032 Frontiers,
803 1995 908 2026 n'aurre
933 1994 1045 2026 Guerre
1070 1997 1134 2027 faite
1149 1997 1186 2026 de
1206 1996 1231 2027 sa

168 2036 254 2074 Part,
271 2036 290 2066 fi
306 2045 385 2066 noun
400 2044 448 2073 par
461 2035 499 2065 les
513 2033 667 2064 Garmsons
688 2032 853 2064 acustumez
868 2056 877 2073 ,
896 2033 1019 2072 pendant
1032 2034 1058 2065 le
1072 2035 1114 2065 dit
1129 2036 1233 2074 primer

165 2077 232 2115 jour
245 2074 385 2143 desJuyn,

207 2113 246 2145 Et
292 2123 323 2144 ur
342 2111 412 2144 celle
434 2112 533 2143 matire
551 2113 585 2144 &
604 2111 718 2144 fourme
733 2135 743 2151 ,
767 2121 839 2143 nous
859 2113 997 2143 envoions
1011 2111 1232 2144 desmaintenant

170 2162 231 2183 noz
247 2136 376 2189 faettres',
394 2161 422 2181 as
442 2150 503 2181 ditz
524 2150 628 2182 Parties
649 2152 684 2181 de
697 2150 819 2191 Guyen,
837 2160 884 2189 par
900 2150 996 2181 nostre
1009 2150 1182 2182 Conestable
1194 2151 1231 2182 de

171 2191 332 2228 Burdeaux,
350 2200 403 2228 pur
416 2200 450 2220 ce
466 2189 534 2219 faire
545 2189 629 2227 depar
644 2189 740 2221 Nous.

207 2229 245 2260 Et
265 2239 353 2259 corne
368 2252 377 2266 ,
404 2238 440 2257 en
461 2236 542 2258 outre
580 2228 686 2267 feusse,
703 2239 718 2259 a
733 2228 757 2257 la
771 2227 831 2259 dite
842 2227 949 2259 darrein
959 2227 1104 2267 Journee,
1122 2227 1234 2267 parlez,

192 2278 220 2297 ,π
239 2268 264 2298 13
286 2266 451 2297 Mediacion
472 2266 508 2296 de
526 2289 536 2305 ,
587 2275 702 2298 everent
722 2265 804 2297 Piere
817 2291 827 2304 ,
850 2266 1040 2307 l’ErceveJque
1061 2269 1093 2297 de
1114 2270 1210 2297 Rouan
1223 2291 1233 2305 ,

211 2315 285 2346 oyen
300 2304 338 2335 du
352 2305 410 2335 dite
425 2304 557 2342 Trastee,
576 2315 610 2334 en
628 2305 758 2343 presence
773 2305 821 2336 des
834 2305 976 2345 Meffages
997 2305 1169 2344 desuisdites,
1186 2315 1234 2343 par

171 2345 238 2375 voie
254 2343 290 2374 de
311 2343 424 2382 Report
437 2367 446 2380 ,
472 2343 515 2373 sur
536 2343 620 2373 Plesir
641 2344 678 2374 de
692 2344 780 2374 Nous
793 2345 827 2375 &
841 2344 877 2374 de
892 2345 988 2374 nostre
1002 2346 1042 2375 dit
1057 2344 1234 2383 Adversaire,

170 2383 336 2421 queTrieus
351 2381 509 2420 particulers
525 2381 613 2413 soient
629 2383 727 2421 prises,
744 2382 827 2412 d'une
841 2382 947 2413 Costee
962 2385 995 2415 ὃς
1007 2383 1128 2422 d'autre,
1147 2393 1176 2413 es
1190 2383 1234 2413 di-

171 2430 212 2451 tes
234 2420 337 2450 Parties
356 2420 392 2450 de
414 2419 544 2450 Picardie
558 2444 567 2457 ,
591 2420 627 2450 de
651 2420 829 2468 Gravenyng,
847 2422 938 2459 jusqes
951 2432 965 2451 a
979 2422 1118 2460 Somme,
1136 2423 1169 2453 &
1186 2431 1234 2459 par

171 2467 239 2534 {iou}
250 2459 276 2489 le
292 2457 425 2489 Countee
437 2458 473 2489 de
486 2457 627 2497 Pontieu,
644 2468 758 2498 tamque
770 2460 795 2490 al
810 2460 948 2498 beptisme
956 2460 1030 2499 Jour
1045 2460 1083 2491 du
1098 2461 1138 2491 dit
1146 2460 1236 2501 Moys

193 2509 209 2529 e
241 2509 258 2528 u
279 2508 317 2534 n,

207 2507 319 2567 8361162,
338 2545 393 2573 que
412 2535 506 2566 nostre
527 2535 652 2566 Volente
669 2536 703 2567 &
718 2535 874 2567 Entention
887 2536 946 2575 est,
966 2547 1020 2575 que
1035 2537 1109 2567 nulle
1124 2537 1236 2568 Guerre

174 2575 290 2605 notable
305 2574 357 2603 soit
374 2574 438 2604 faite
474 2584 510 2603 en
526 2573 552 2604 16
568 2584 654 2605 meen
669 2584 778 2614 temps,
796 2584 872 2606 autre
884 2576 948 2613 q’ad
960 2575 1019 2606 este
1032 2575 1178 2606 acustume
1185 2586 1237 2606 en-

175 2623 216 2645 tre
230 2612 370 2642 Garnison
385 2613 418 2643 δε
434 2597 594 2650 &arnisong

210 2651 275 2682 Mes
297 2650 333 2680 de
351 2650 472 2688 prendre
494 2651 689 2687 generalment
710 2651 831 2682 Trieues
846 2675 856 2691 ,
878 2651 953 2682 iffint
976 2652 1090 2690 Parlez,
1109 2662 1162 2690 pur
1178 2654 1235 2684 tieu

176 2698 286 2726 temps,
304 2699 377 2718 nous
391 2699 428 2718 ne
442 2689 532 2718 sumes
546 2689 684 2728 Advisez,
703 2700 788 2728 quant
798 2701 833 2721 au
850 2691 976 2730 present,
993 2691 1030 2721 de
1046 2701 1100 2721 ceo
1114 2692 1189 2721 faire.

214 2728 294 2757 Don.
314 2737 361 2763 par
374 2726 605 2763 Tesmoignance
620 2728 656 2758 de
669 2729 766 2759 nostre
781 2729 873 2760 Grant
884 2730 944 2760 Seal
955 2752 964 2767 ,
984 2740 1020 2760 en
1033 2728 1128 2760 nostre
1143 2728 1237 2760 Palois

175 2766 212 2796 de
225 2764 351 2795 Wel‘tm.
371 2765 463 2795 xxviii.
475 2764 549 2802 Jour
564 2766 600 2796 de
614 2765 725 2797 Marce.

695 2859 701 2863 -
730 2845 788 2874 Par
803 2842 827 2873 le
842 2846 893 2873 Roi
906 2840 944 2878 (ῤ’
955 2843 1006 2884 fim
1019 2844 1130 2885 Conft’il.

266 2975 293 3002 *ᾗ
318 2980 367 3011 De
386 2976 811 3022 Parliamemosummonendo
826 2980 857 3009 in
873 2975 969 3010 Terra
987 2975 1150 3011 Hiberniae.

179 3062 313 3119 REX,
330 3062 482 3093 Cariffimo
496 3061 718 3099 Consanguineo
731 3063 765 3094 &
782 3061 856 3092 fideli
870 3062 985 3102 nostro,
999 3065 1097 3100 Rogero
1112 3064 1143 3093 de
1159 3066 1239 3093 Mor-

258 3109 305 3130 tuo
327 3105 406 3130 Mari
424 3100 535 3132 Comiti
557 3101 698 3132 Marchiae
713 3125 722 3140 ,
740 3101 857 3132 Locum
868 3101 999 3132 nostrum
1013 3103 1119 3133 tenenti
1133 3103 1163 3132 in
1178 3102 1238 3132 Hi-

180 3138 294 3177 bernia,
313 3139 448 3176 Salutem,

216 3176 261 3206 Ad
276 3177 412 3214 vestram,
429 3187 461 3207 ac
473 3176 678 3215 Praelatorum,
693 3176 882 3217 Magnatum‚
900 3177 1078 3217 Procerum,
1093 3180 1126 3210 δε
1140 3178 1236 3210 Com—

180 3216 350 3245 munitatum
376 3215 478 3245 Terrae
504 3215 607 3245 nostrae
628 3215 775 3246 Hiberniae
789 3239 800 3255 ,
823 3219 963 3247 Notrtiam
985 3218 1088 3249 deduci
1104 3218 1237 3249 volumus

179 3254 296 3291 qualiter
309 3253 406 3282 Onera
414 3277 424 3289 ,

217 3291 333 3322 Nostris
345 3291 486 3328 humeris,
502 3300 555 3328 pro
571 3290 723 3329 Regimine
739 3293 772 3322 ὃς
787 3292 946 3324 salvatione
960 3294 1055 3332 Regni
1070 3294 1160 3324 nostri
1173 3294 1235 3325 An-

178 3330 258 3369 gli-se,
276 3331 309 3361 &
325 3329 425 3359 Terrae
438 3328 542 3359 nostrae
556 3328 723 3371 Hiberniae,
741 3331 774 3360 ὃς
789 3331 907 3360 aliorum
922 3332 1077 3362 Terrarum
1093 3334 1125 3363 &
1136 3334 1236 3363 Loco—

179 3379 244 3398 rum
259 3368 439 3405 nostrorum,
451 3376 564 3398 necnon
577 3366 766 3405 hxpeditione
778 3367 955 3399 Guerrarum
971 3370 1129 3400 nostrarum
1138 3394 1147 3409 ,
1162 3372 1236 3401 mul-

179 3407 309 3444 tipliciter
323 3406 534 3443 incumbentia,

216 3445 283 3488 Sine
299 3453 404 3482 magno
422 3444 535 3474 Labore
549 3444 583 3475 &
598 3443 764 3482 Sumptibus
785 3445 929 3476 immensis
947 3445 1072 3477 sustineri
1087 3447 1121 3477 &
1136 3456 1236 3478 manu-

182 3491 269 3513 teneri
280 3492 339 3512 non
356 3490 507 3520 poterunt,

219 3521 264 3551 Ac
280 3522 338 3558 jam
358 3520 392 3550 ad
410 3520 540 3551 nostrum
557 3522 685 3558 pervenit
699 3520 837 3552 Auditum
849 3521 930 3560 quod
944 3521 1096 3552 Edmundus
1110 3523 1142 3553 de
1157 3526 1237 3554 Mor-

179 3567 227 3590 tuo
248 3562 344 3597 Mari,
358 3568 447 3596 nuper
463 3557 572 3588 Comes
586 3557 744 3597 Marchiae,
764 3560 880 3591 Locum
894 3560 1024 3591 nostrum
1038 3571 1135 3592 tenens
1151 3564 1179 3591 in
1194 3563 1237 3592 di-

181 3599 228 3628 eta
246 3598 337 3628 Terra
357 3596 451 3626 nostra
471 3596 620 3627 Hiberniae
633 3620 643 3635 ,
666 3596 756 3628 Diem
777 3598 856 3629 suum
877 3599 972 3630 clausit
991 3609 1165 3637 eittremum,
1185 3611 1234 3638 per

180 3636 259 3674 quod
273 3635 420 3673 expediens
434 3634 475 3677 est
490 3636 523 3665 ὃς
536 3635 648 3665 necesse
662 3636 760 3675 qued,
775 3647 829 3674 pro
845 3637 925 3668 bono
942 3638 1092 3677 Regimine
1108 3662 1116 3676 ,
1141 3638 1237 3669 Salva-

181 3676 275 3711 tione‚
295 3676 328 3705 &
344 3673 518 3704 Defensione
531 3673 632 3703 Terrae
647 3673 751 3704 nostrae
765 3675 906 3712 praedietae
915 3676 1058 3715 Magnum
1067 3676 1239 3707 Parliamen-

182 3721 243 3743 tum
257 3712 364 3743 ibidem
377 3722 427 3749 per
443 3722 493 3743 vos
505 3720 648 3749 teneatur,

220 3750 258 3780 Et
269 3751 336 3781 ideo
351 3751 432 3781 vobis
447 3749 619 3780 Mandamus
635 3749 732 3788 quod,
749 3760 818 3781 cum
832 3753 914 3781 omni
929 3752 1068 3782 celeritate
1082 3753 1137 3790 qui
1153 3763 1238 3783 com-

183 3788 271 3818 mod'e
285 3789 342 3822 fieri
358 3790 478 3827 poterit,
496 3788 729 3826 Parliamentum,
749 3790 777 3818 in
790 3790 888 3819 eadem
902 3790 996 3820 Terra
1008 3791 1102 3821 nostra
1116 3791 1152 3821 de
1162 3790 1239 3821 Prae-

182 3827 242 3856 latis
254 3849 264 3863 ,
289 3826 341 3856 Ma
361 3829 470 3858 natibus
483 3852 493 3865 ,
516 3826 686 3857 Proceribus
700 3850 709 3863 ,
734 3829 768 3858 &
791 3826 1052 3858 Communitatibus
1065 3851 1074 3866 ,
1101 3830 1135 3859 ad
1147 3839 1240 3860 certos

183 3863 274 3930 Βίἓιῃ
288 3865 321 3894 &
363 3875 469 3904 ocum,
487 3875 558 3905 quos
573 3864 608 3895 ad
621 3865 678 3895 hoc
692 3864 883 3904 provideritis,
899 3866 1074 3897 summoneri
1084 3867 1203 3906 faciatis,

249 3910 260 3930 t
269 3925 278 3938 5

221 3937 413 3982 *Consideraris
433 3942 512 3973 Statu
532 3942 617 3973 dieite
637 3941 737 3972 Terrae
756 3941 862 3972 nostrae
875 3942 908 3973 &
922 3942 1055 3984 Expensis
1070 3945 1244 3984 quampluri-

186 3987 256 4016 mis,
275 3987 341 4016 quas
356 3979 430 4008 circa
443 3980 662 4018 Expeditionem
682 3979 859 4011 Guerrarum
882 3981 1041 4012 nostrarum
1055 4006 1064 4019 ,
1077 3983 1156 4020 juxta
1169 3982 1243 4014 Pro-

186 4015 308 4087 ροὲιῇιζὲη
320 4016 437 4087 ,uqussd
448 4020 582 4087 IcIeIpimus
594 4043 605 4058 ‚
630 4018 665 4051 ad
683 4018 776 4050 Partes
790 4018 922 4059 Exteras,
940 4019 1010 4052 Deo
1025 4021 1158 4060 volente,
1175 4031 1244 4053 cum

1270 122 1750 168 PUBLICA.
2247 140 2322 183 13⁷

1253 210 1400 241 Comitiva
1417 212 1451 242 ad
1467 213 1522 243 hoc
1537 212 1738 252 Competenti,
1756 211 1956 251 Transmeare,
1974 223 2115 251 apponere
2129 211 2288 252 oportebit,
2328 214 2457 245 AnnDi

1291 249 1328 279 Et
1351 250 1401 280 hiis
1422 250 1559 288 Expositis
1583 251 1705 281 Praelatis
1751 252 1951 290 Magnaiibus,
1969 252 2156 291 Prot-eribus,
2172 254 2203 284 &
2220 252 2312 282 Com-

1254 289 1436 318 munitatibus
1452 289 1535 320 dietae
1550 289 1652 320 Terrae
1666 273 1769 320 nosirae
1784 290 1950 327 Hiberniae,

1294 325 1382 356 Iidem
1404 325 1511 357 Pi‘aelati
1530 350 1538 365 ,
1556 327 1701 367 Magnates
1717 351 1725 366 ,
1744 328 1894 366 proceres,
1913 329 1944 359 &
1960 327 2190 359 Conimunitates
2204 329 2274 359 inter
2290 329 2316 359 se

1255 364 1376 395 tranent
1396 365 1429 394 ὃ(
1444 366 1588 396 consulant
1604 389 1613 404 ,
1628 368 1656 396 in
1669 366 1858 397 Parliamento
1873 367 2025 403 praedicsto,
2046 367 2192 406 diligenter
2207 369 2266 398 tam
2281 367 2317 397 de

1257 404 1338 433 bono
1359 402 1513 441 Regimine
1528 427 1536 441 ‚
1563 404 1722 435 Salvatione
1736 426 1745 443 ,
1769 406 1801 436 &
1826 404 2000 435 Defensione
2013 405 2111 435 Tei‘rae
2125 405 2229 436 nostrae
2243 414 2318 443 prce-

1256 441 1341 471 dici-<e
1354 463 1363 478 ,
1389 442 1474 478 quam
1498 442 1532 471 de
1554 442 1772 479 Suppomtione
1792 442 1909 481 oneris,
1929 444 2025 473 exiliis
2042 443 2155 482 Cauiis,
2173 454 2225 481 pro
2239 453 2317 481 parte

1258 479 1318 515 sua,
1339 479 1497 510 necessario
1514 480 1643 510 facienda
1656 481 1688 511 &
1703 480 1896 518 adimpfendfi,

1294 517 1332 547 Et
1354 527 1407 547 nos
1423 540 1432 555 ,
1452 527 1506 555 pro
1521 516 1602 548 Parte
1617 519 1727 557 nostrii,
1745 519 1851 557 semper·
1866 519 1991 558 prompti
2005 519 2107 550 erimus
2121 520 2153 551 δε
2168 521 2253 559 parati
2266 530 2317 561 ap·

1258 565 1367 594 ponere
1384 557 1462 594 quod
1478 555 1636 586 commode
1652 558 1807 594 poterimus
1824 568 1856 588 ex
1872 557 1953 588 causa
1968 558 2141 596 supradifts,

1298 593 1334 623 Et
1349 595 1417 632 quid
1435 604 1483 630 per
1495 594 1587 624 dictos
1604 594 1751 632 Praeiatos,
1772 595 1935 634 Magnetes,
1956 595 2105 634 proceres,
2124 598 2156 627 ἅ
2173 596 2318 628 Commu⁴

1260 633 1355 663 nitates
1377 634 1403 661 in
1423 632 1504 662 diCto
1527 631 1715 663 Parliamento
1737 633 1925 671 Ordinatum,
1944 633 2137 672 Consensum,
2158 637 2189 666 &
2208 636 2318 666 Ac‘ium

1261 670 1360 708 fuerit,
1375 680 1429 701 nos
1444 671 1473 700 in
1487 670 1639 708 Angliarn,
1655 681 1705 708 per
1721 671 1857 702 Nuncios
1879 671 2013 708 idoneos,
2032 680 2066 703 ex
2081 681 2158 711 parte
2173 673 2266 703 dietor

1260 708 1444 738 Praelatorum
1462 731 1471 747 ,
1496 708 1685 747 Magnarum,
1703 708 1875 747 Procerum,
1895 711 1928 740 &
1950 709 2198 742 Communitatum
2214 713 2267 750 e¹i0
2286 722 2319 742 n*

1260 746 1330 783 dos,
1340 755 1408 776 cum
1424 748 1507 776 omni
1521 747 1696 778 festinatione
1710 748 1848 787 poffibili,
1862 757 2041 787 quacumque
2057 750 2233 780 excusatione
2242 749 2320 788 post-

1260 784 1366 822 positi,
1385 784 1559 822 certificetis,

1299 822 1336 852 Et
1351 823 1409 852 hoc
1422 845 1431 860 ,
1456 823 1526 853 sicut
1549 822 1635 860 Nos,
1653 823 1685 854 δε
1701 822 1855 854 Honorem
1867 823 2016 863 nostrum,
2034 834 2066 855 ac
2081 825 2269 857 salvationem
2286 827 2320 858 δῦ

1261 860 1466 891 Defensionem
1489 861 1585 898 Regni
1608 861 1696 891 nostri
1719 862 1833 899 Angliae
1855 864 1887 893 &
1909 864 2008 893 Teme
2030 863 2132 894 nostrie
2154 864 2322 900 Hiberniae,

1262 909 1377 967 gemm?
1391 898 1611 944 Expeditionem
1626 897 1801 931 Guerraruin
1816 900 1974 931 nostrarum
1984 924 1994 939 ,
2009 901 2142 940 diligitis,
2160 903 2238 933 nullo
2255 913 2322 942 mo:

1282 948 1302 967 o
1316 946 1458 968 omittatis.

1300 974 1334 1005 In
1349 976 1427 1005 cu'us
1459 977 1519 1007 &c-

1299 985 1487 1054 TesteJRde
1500 1014 1573 1053 apud
1588 1015 1896 1054 Westmonasterium,
1916 1017 1987 1046 xxix.
2006 1016 2052 1047 die
2067 1016 2176 1048 Martii.

1737 1095 1791 1122 Per
1803 1092 1887 1133 ipsum
1903 1095 1998 1130 Regem
2012 1092 2050 1128 ὠ
2063 1092 2216 1124 Concilium.

1263 1218 1357 1263 Ligas
1382 1228 1451 1249 cum
1482 1217 1636 1250 Haereticis
1655 1243 1665 1259 ‚
1699 1229 1875 1264 quacunque
1893 1218 2055 1253 Firmitate
2073 1214 2228 1252 roboratas
2237 1244 2247 1262 ,
2272 1215 2323 1264 effe

1728 1267 1850 1301 Nullas.

1267 1349 1427 1411 URBA
1439 1358 1515 1381 Nus
1541 1350 1770 1383 Episcopus
1785 1375 1796 1391 ,
1815 1348 1916 1384 Servus
1932 1349 2088 1384 Servorum
2102 1352 2179 1392 Dei,
2197 1351 2232 1383 ad
2245 1350 2323 1384 futu-

1357 1399 1416 1419 ram
1430 1388 1485 1418 Rei
1500 1390 1677 1420 memoriam.

1304 1426 1379 1457 Inter
1392 1427 1590 1458 Solicitudines
1604 1429 1707 1464 varias,
1726 1428 1826 1466 quibus
1841 1428 1946 1459 assidue
1961 1430 2118 1466 premimur
2131 1454 2140 1468 ,
2159 1430 2204 1460 illa
2218 1428 2326 1467 potisfi-

2350 253 2436 293 1382.

2332 295 2384 320 Ric.
2401 302 2429 319 2„

2343 1356 2474 1389 AmtD,

2370 1397 2456 1436 1382„

2345 1439 2433 1471 Aa.5.

1267 1466 1316 1494 me
1335 1465 1421 1506 pulsat
1445 1467 1477 1495 ὅ(
1500 1467 1602 1497 excitat
1623 1475 1749 1496 mentem
1768 1467 1910 1505 nostram,
1932 1479 1960 1498 ut
1975 1469 2050 1497 circa
2065 1469 2188 1499 Salutem
2205 1469 2324 1499 Anima-
2343 1479 2371 1502 R.
2393 1484 2420 1502 2.

1267 1513 1331 1533 rum
1348 1502 1455 1534 Christi
1467 1503 1592 1534 fidelium
1608 1504 1719 1535 solicitis
1732 1504 1826 1535 studiis
1839 1505 2014 1536 intendamus
2029 1529 2038 1544 ,
2057 1507 2089 1537 &
2107 1508 2143 1536 ne
2159 1507 2266 1536 Fideles
2282 1508 2324 1545 ip-
2343 1517 2380 1540 Ex
2397 1515 2455 1540 Au.

1267 1541 1305 1580 si,
1321 1551 1353 1572 ex
1375 1541 1529 1572 Consortio
1550 1543 1583 1574 &
1606 1542 1824 1580 Participatione
1847 1544 2075 1575 Scismaticorum
2096 1544 2141 1575 seu
2160 1544 2324 1576 Haeretico-
2342 1559 2406 1588 togr.

1268 1590 1349 1618 rum,
1367 1579 1523 1611 labefactari
1537 1581 1661 1620 valeant,
1678 1581 1861 1612 adhibeamus
1873 1581 2013 1613 Remedia
2027 1591 2175 1620 oportuna.

1306 1618 1380 1649 Sane
1394 1618 1429 1648 ad
1443 1618 1572 1649 nostrum
1587 1629 1677 1658 nuper
1692 1621 1821 1658 pervenit
1835 1619 1974 1652 Auditum
1986 1643 1996 1658 ,
2020 1621 2100 1659 quod
2116 1623 2192 1660 tam,
2211 1620 2326 1651 Cariffi-

1270 1667 1332 1687 mus
1348 1658 1376 1686 in
1393 1656 1511 1688 Christo
1533 1657 1619 1688 Filius
1634 1654 1729 1689 noster
1767 1658 1931 1698 Wncqslaus
1945 1662 2124 1688 Romanorum
2140 1659 2177 1695 ῥ’
2193 1660 2328 1690 Bchemiae

1268 1698 1328 1725 Rex
1343 1695 1474 1733 Illustris,
1494 1696 1579 1734 quam
1603 1698 1706 1736 etiam,
1727 1681 1820 1727 <tiarae
1842 1698 2009 1736 memoriae,
2028 1696 2140 1727 Carolus
2149 1701 2329 1727 Romanorum

1268 1737 1433 1773 Imperator,
1452 1735 1486 1765 &
1501 1735 1582 1772 ipsius
1596 1735 1685 1774 Regis
1699 1735 1843 1774 Genitor,
1860 1735 1941 1766 simul
1955 1736 2000 1767 vel
2015 1735 2186 1774 successive,
2204 1737 2329 1768 nonnula

1268 1772 1305 1803 las
1319 1772 1602 1810 Consoederationes,
1620 1775 1667 1804 vel
1681 1773 1756 1804 Coll'
1777 1775 1900 1812 ationes,
1918 1775 1963 1805 seu
1979 1775 2076 1813 Ligas,
2098 1775 2130 1805 δε
2147 1774 2330 1806 Conventio-

1269 1821 1317 1842 nes
1337 1822 1405 1842 cum
1426 1811 1551 1842 Diversis
1576 1812 1708 1849 Regibus
1723 1836 1733 1851 ,
1782 1813 1934 1852 rincipibus
1949 1837 1959 1851 ,
1977 1812 2129 1851 Ducibus,
2149 1813 2331 1852 Comitibus,

1269 1860 1302 1880 ac
1323 1849 1520 1889 Magnatibus,
1538 1849 1714 1889 Nobilibus,
1735 1852 1768 1882 ὃς
1789 1853 1873 1882 certis
1893 1851 1949 1881 aliis
1963 1874 1973 1889 ,
1991 1852 2109 1881 inierunt
2122 1851 2167 1882 seu
2182 1852 2330 1892 fecerunt,

1270 1890 1303 1919 &
1325 1889 1405 1927 quod
1427 1888 1512 1927 aliqui
1533 1897 1567 1919 ex
1586 1888 1746 1927 hujusmodi
1766 1888 1896 1926 Regibus
1909 1913 1918 1927 ,
1945 1889 2147 1928 Principibus,
2172 1889 2304 1921 Ducibus
2319 1915 2330 1929 ,

1271 1925 1435 1958 Comitibus
1449 1950 1459 1965 ,
1486 1926 1691 1966 Magnatibus,
1714 1928 1760 1958 seu
1780 1929 1799 1946 ’Β
1820 1927 1996 1966 Nobilibus,
2012 1937 2059 1959 aut
2071 1929 2145 1966 aliis,
2161 1938 2230 1960 tunc
2251 1934 2330 1961 erant

1270 1965 1315 1996 seu
1330 1966 1427 2004 postea
1442 1966 1502 1996 sunt
1514 1965 1611 1996 effecti
1626 1965 1780 1996 Scismatici
1794 1965 1840 1996 seu
1853 1965 1991 1996 Haeretici
2005 1965 2161 2004 manifesti,
2178 1968 2211 1998 &
2230 1968 2266 1998 ab
2281 1968 2329 1999 U-

1272 2005 1356 2035 nitate
1369 2004 1481 2035 Sanetae
1494 2003 1638 2035 Romanae
1655 2006 1688 2036 &
1701 2004 1876 2036 Universalis
1889 2003 2026 2036 Ecclefiae
2037 2004 2160 2044 separati
2173 2030 2183 2044 ,
2201 2007 2333 2045 quamvis

1271 2053 1322 2082 per
1338 2043 1406 2073 Nos
1421 2043 1484 2073 alias
1497 2042 1628 2075 declarati
1641 2053 1703 2074 non
1716 2043 1784 2075 sint:

1308 2082 1378 2112 Nos
1393 2083 1401 2111 i
1422 2082 1484 2113 itur.
1875 2118 1877 2120 ‚
1919 2118 1921 2121 .

1309 2121 1396 2152 Atten
1418 2129 1494 2151 entes
1536 2121 1595 2153 uod
1613 2120 1771 2162 hujusmodi
1793 2120 2063 2154 Confoederationes
2077 2145 2086 2161 ‚
2106 2120 2333 2163 colligationes,

1271 2160 1306 2191 &
1328 2159 1407 2197 Ligae
1423 2184 1432 2197 ,
1457 2161 1503 2191 seu
1547 2163 1734 2192 onventiones
1750 2161 1845 2197 (faetae
1857 2171 1926 2192 cum
1940 2161 2100 2200 hujusmodi
2115 2161 2270 2193 Haereticis
2285 2172 2333 2194 aut

1271 2198 1454 2236 scismaticis,
1473 2199 1623 2237 postquam
1638 2200 1703 2231 tales
1715 2200 1813 2231 effesti
1827 2201 1917 2238 erant)
1931 2200 1991 2230 sunt
2004 2200 2196 2238 Temerariae,
2214 2200 2334 2238 Illicitae,

1272 2236 1305 2267 &
1327 2237 1385 2275 ipso
1403 2237 1473 2275 Jure
1494 2237 1529 2268 N
1533 2238 1596 2268 ullae
1617 2239 1676 2277 (etsi
1697 2238 1772 2269 forte
1790 2262 1801 2277 ,
1828 2247 1893 2269 ante
1908 2238 2032 2276 ipsorum
2048 2239 2169 2277 Lapsum
2186 2241 2214 2269 in
2228 2238 2334 2270 Scisma

1273 2275 1319 2305 seu
1340 2276 1480 2306 Haeresim
1494 2299 1504 2315 ,
1528 2277 1604 2307 initae
1625 2278 1670 2308 seu
1689 2277 1772 2308 faetae
1785 2277 1908 2314 fuiss'ent)
1924 2279 2007 2307 etiam
2022 2277 2041 2307 si
2056 2277 2335 2316 forentJuramento

1274 2313 1320 2345 vel
1334 2314 1402 2344 Fide
1415 2314 1478 2345 dani
1500 2313 1618 2346 firmatae
1635 2338 1644 2354 ,
1662 2324 1708 2346 aut
1723 2315 1950 2346 Confirmatione
1967 2315 2132 2353 Apostolicfi
2148 2316 2194 2346 vel
2209 2315 2337 2354 quacun-

1274 2362 1329 2390 que
1345 2352 1487 2384 Firmitate
1502 2353 1554 2384 alisa
1570 2355 1711 2385 roboratae
1721 2377 1730 2392 ,
1748 2353 1897 2392 postquam
1911 2353 1993 2392 tales,
2015 2362 2044 2384 ut
2059 2355 2254 2392 praemittitur,
2273 2354 2335 2386 sunt

1275 2391 1389 2430 effeeti,
1407 2402 1442 2422 eo
1457 2393 1465 2421 i
1487 2391 1516 2422 so
1531 2393 1589 2422 tam
1602 2392 1678 2422 idem
1692 2392 1775 2430 Rex,
1794 2394 1882 2430 quam
1896 2393 1955 2429 alii,
1975 2393 2024 2431 qui
2037 2392 2127 2423 forsan
2144 2393 2198 2423 unii
2212 2403 2280 2423 cum
2296 2403 2333 2424 eo

1274 2430 1435 2468 hujusmodi
1486 2431 1725 2461 onfoederationes
1741 2453 1750 2468 ‚
1772 2429 1974 2470 Colligationes
1989 2453 2000 2469 ,
2018 2432 2051 2462 ὃ(
2070 2431 2168 2470 Ligas,
2190 2432 2234 2461 seu
2251 2431 2337 2462 Cori-

1275 2470 1424 2499 ventiones
1437 2478 1504 2499 cum
1516 2470 1614 2499 talibus
1629 2470 1749 2500 inierunt
1765 2469 1811 2499 seu
1826 2470 1954 2499 fecerunt
1964 2491 1973 2506 ‚
1991 2471 2024 2500 &
2038 2469 2072 2498 ad
2089 2479 2161 2507 quos
2175 2470 2335 2509 hujusmodi

1276 2506 1562 2544 Confoederationes,
1583 2506 1803 2547 Colligationes,
1823 2507 1905 2546 Ligae
1923 2530 1932 2544 ,
1957 2507 2003 2537 seu
2022 2507 2241 2538 Conventiones
2262 2518 2337 2546 quo—

1276 2545 1436 2576 modolibet
1448 2546 1559 2576 extendi
1575 2546 1704 2584 possunt,
1721 2547 1754 2577 &
1772 2555 1895 2584 quorum
1908 2545 2022 2575 interest
2036 2546 2080 2576 vel
2102 2546 2233 2577 interesse
2254 2555 2338 2584 pote-

1276 2585 1329 2622 rit,
1347 2585 1382 2652 311)
1389 2594 1494 2652 kearum
1507 2583 1713 2616 Observatione
1727 2584 1860 2615 Absoluti
1874 2583 2012 2622 existunt,
2030 2584 2142 2623 illasque
2155 2586 2218 2623 ipsis
2232 2585 2338 2617 servare

1277 2632 1337 2652 nori
1373 2633 1388 2653 6
1410 2631 1458 2654 ent

1314 2648 1527 2699 Qiinimo’ipse
1540 2660 1605 2691 Rex
1620 2660 1779 2699 hujusmodi
1791 2660 1969 2692 Scismaticos
1988 2658 2211 2701 &Haereticos,
2230 2661 2339 2693 ratione

1276 2698 1412 2738 Imperii,
1426 2699 1461 2730 ad
1476 2700 1554 2738 quod
1572 2699 1686 2731 Electus
1699 2700 1732 2730 ὃς
1746 2710 1795 2737 per
1809 2699 1878 2730 Nos
1889 2700 2056 2739 approbatus
2073 2699 2164 2731 existit
2176 2725 2186 2738 ,
2212 2703 2241 2731 in
2257 2701 2339 2731 favo-

1276 2748 1336 2769 rem
1354 2738 1466 2769 Sanetae
1486 2739 1628 2769 Romanae
1647 2748 1680 2769 ac
1702 2737 1874 2770 Universalis
1887 2737 2038 2775 Ecclesiae,
2055 2740 2133 2775 cuius
2146 2739 2187 2769 est
2203 2739 2339 2770 Advoca-

1276 2786 1338 2814 ωε,
1356 2787 1409 2814 pro
1424 2776 1510 2807 Poffe
1521 2777 1647 2816 persequi
1659 2786 1788 2815 tenetur,
1806 2776 1941 2814 quodque
1955 2777 2051 2807 omnis
2069 2775 2254 2807 Communio
2268 2787 2338 2808 cum

1277 2816 1376 2846 talibus
1389 2815 1538 2847 Haereticis
1550 2815 1596 2846 seu
1610 2815 1777 2846 Scismaticis
1789 2816 1872 2845 nimis
1883 2814 2037 2852 periculosa
2051 2814 2143 2845 existit
2152 2839 2160 2852 ,
2179 2825 2247 2845 cum
2262 2816 2337 2846 nulla

1277 2854 1520 2923 sCIIthpii‘rmanec
1541 2854 1598 2885 effe
1617 2853 1720 2885 debeat
1744 2853 1924 2890 Participatio
1946 2851 2032 2883 Lucis
2053 2852 2088 2883 ad
2108 2853 2272 2891 Tenebras,
2290 2862 2337 2885 aut

1330 2894 1352 2923 ri
1379 2894 1387 2923 i
1401 2894 1436 2924 ad
1472 2894 1531 2924 elial

1315 2931 1353 2962 Et
1367 2933 1528 2969 cupientes,
1539 2916 1624 2969 'super
1636 2931 1688 2962 hiis
1702 2930 1871 2962 Animarum
1883 2929 1985 2968 Saluti,
1999 2928 2033 2959 &
2047 2926 2183 2968 Honori,
2200 2940 2233 2961 ac
2249 2930 2336 2961 Statui

1278 2970 1400 3009 ejusdem
1413 2970 1501 3009 Regis
1513 2972 1547 3002 &
1562 2971 1700 3007 aliorum,
1719 2979 1842 3008 quorum
1857 2967 1988 3006 interest,
2006 2969 2213 3011 utpraefertur,
2225 2969 2338 2999 salubri-

1277 3017 1318 3040 ter
1331 3010 1484 3048 providere
1499 3031 1508 3047 ,
1532 3019 1565 3039 ac
1586 3007 1722 3039 Periculis
1736 3009 1770 3039 &
1785 3007 1944 3045 Sandalis,
1961 3016 2026 3044 quae
2041 3006 2103 3044 ipsis
2117 3007 2219 3038 exinde
2232 3017 2338 3045 prove-

1276 3049 1338 3078 nire
1349 3048 1471 3086 possent>
1493 3047 1594 3077 utiliter
1607 3055 1783 3084 praecavere,

1314 3086 1447 3117 Eundem
1461 3071 1573 3124 Regem
1586 3085 1620 3116 &
1635 3094 1736 3116 omnes
1749 3085 1834 3122 alios,
1852 3092 1976 3122 quorum
1991 3082 2123 3121 interest,
2142 3082 2187 3114 vel
2208 3082 2336 3114 interesse

1277 3126 1403 3170 poterit,
1428 3125 1605 3155 Auctoritate
1628 3117 1797 3162 Apostolica
1811 3147 1821 3160 ,
1845 3122 1965 3152 Tenore
1980 3121 2181 3159 Praesentiurri,
2200 3122 2336 3166 Declara-

1278 3173 1341 3194 mus
1360 3164 1442 3195 fuisse
1464 3164 1497 3194 &
1519 3162 1576 3192 esse
1597 3162 1634 3192 ab
1655 3161 1819 3192 earumdem
1834 3159 2144 3197 Confoederationum,
2164 3159 2335 3196 Colligatio-

1277 3212 1363 3240 num,
1383 3203 1533 3242 Ligarum,
1551 3202 1583 3232 δε
1600 3199 1840 3231 Conventionum
1863 3199 2060 3229 observatione
2082 3199 2192 3236 penitus
2210 3198 2338 3242 'Absolu-

1276 3250 1338 3278 t03,
1357 3243 1390 3272 &
1408 3241 1442 3271 ad
1464 3249 1557 3270 earum
1573 3238 1810 3269 observationem
1829 3238 1998 3275 aliquatenus
2012 3247 2070 3267 non
2088 3238 2189 3274 teneri,
2208 3236 2336 3274 illasque,

1277 3289 1411 3318 quatenus
1426 3279 1462 3309 de
1478 3279 1564 3308 Faeto
1579 3277 1790 3315 processerunt,
1809 3275 1955 3307 Cassamus
1968 3300 1978 3314 ,
2004 3274 2164 3312 Irritamus‚
2185 3275 2217 3305 &
2234 3275 2336 3305 nullius

1277 3318 1335 3348 effe
1351 3318 1540 3348 Decernimus
1554 3315 1716 3346 Firmitatis.

1314 3356 1350 3387 Et
1364 3356 1488 3394 insuper,
1506 3354 1649 3393 cupientes
1673 3353 1842 3384 Animarum
1864 3351 2001 3395 Perielulis
2016 3351 2146 3395 obviare,
2165 3350 2223 3380 tiitn
2238 3348 2335 3381 eidem

1276 3394 1369 3434 Regi,
1389 3397 1473 3433 quam
1490 3394 1573 3423 etiam
1589 3393 1725 3423 omnibus
1738 3391 1896 3429 hujusmodi
1909 3391 1978 3433 aliis,
2000 3399 2123 3434 quorum
2141 3388 2270 3433 interest,
2288 3389 2335 3420 seu

1276 3432 1405 3464 interesse
1425 3430 1514 3471 potest
1526 3455 1535 3468 ,
1558 3430 1678 3461 Tenore
1698 3430 1878 3461 Praesentium
1892 3451 1902 3466 ,
1928 3428 2079 3458 districtius
2094 3427 2332 3471 Iiiliibemus,'ne

1275 3471 1541 3502 Confoederationes
1554 3493 1562 3506 ,
1584 3468 1789 3508 Colligationes
1804 3492 1812 3505 ,
1832 3467 1929 3504 Ligas,
1947 3474 1994 3496 aut
2009 3464 2224 3509 conventiones
2239 3466 2334 3503 hujus-

1277 3511 1357 3541 modi
1372 3511 1540 3548 aliquatenus
1555 3507 1724 3546 observent,
1740 3507 1786 3537 seu
1800 3507 1835 3536 ab
1849 3506 1905 3535 aliis
1916 3504 2016 3535 servari
2031 3503 2249 3542 quomodolibet
2271 3513 2336 3542 per·

1278 3558 1408 3580 mittant:

1314 3587 1506 3617 Decernentes
1521 3593 1556 3614 ex
1577 3593 1654 3614 nunc
1670 3582 1783 3614 Irritum
1804 3583 1837 3613 ὃς
1851 3580 1938 3611 Inane
1953 3579 2086 3618 quicquid
2100 3581 2128 3610 in
2143 3579 2337 3618 contrarium,

1275 3635 1292 3655 a
1312 3626 1469 3664 Qioquam
1483 3647 1492 3661 ,
1517 3621 1615 3661 quivis
1639 3623 1814 3653 Aufforitate
1827 3643 1837 3659 ,
1853 3620 1971 3650 scienter
1984 3619 2029 3650 vel
2044 3620 2221 3657 ignoranter,
2240 3620 2334 3649 conti-

1275 3665 1345 3702 gerit
1358 3661 1522 3700 attemptari.
2060 3695 2065 3701 Ι

1312 3702 1395 3732 Nulli
1409 3710 1475 3739 ergo
1489 3700 1613 3729 omnino
1628 3697 1794 3728 Hominum
1809 3697 1890 3727 liceat
1904 3695 1982 3739 hanc*
2000 3694 2134 3739 Paginam
2149 3693 2254 3738 nostrae
2271 3692 2337 3739 De·

1276 3740 1448 3776 clarationis,
1468 3738 1651 3775 Callationis,
1671 3737 1850 3773 irritationis,
1868 3734 2068 3777 inhibitionis,
2081 3735 2119 3775 βε
2137 3732 2337 3777 βοηίέιωῑιο·

1277 3780 1318 3809 nis
1337 3780 1485 3816 infringere
1499 3801 1507 3812 ,
1534 3776 1579 3805 vel
1599 3776 1624 3805 ei
1645 3775 1707 3805 ausu
1723 3775 1873 3805 temerario
1889 3782 1989 3803 contra
2003 3782 2057 3815 “⁶³5
2074 3774 2156 3815 liquis
2167 3780 2260 3815 autem
2275 3772 2333 3802 hoc

1276 3825 1441 3855 attemptare
1461 3813 1660 3852 praesumpserit
1674 3836 1684 3850 ,
1708 3812 1936 3848 indignationem
1956 3810 2170 3853 Omnipotentis
2194 3809 2276 3847 Dei,
2300 3810 2334 3840 ὃς

1278 3854 1428 3885 Beatoruin
1444 3854 1564 3883 Petri&
1583 3852 1657 3881 Pauli
1670 3851 1876 3889 Apostolorum
1890 3852 1964 3888 ejus,
1983 3849 2009 3877 se
2024 3856 2134 3892 noverit
2150 3848 2334 3892 incursurum.

1319 3894 1384 3924 Dat.
1404 3891 1511 3923 Romae
1524 3890 1597 3928 apud
1609 3890 1748 3920 Sanetum
1764 3889 1898 3925 Petrum,
1917 3889 1952 3916 iii.
1972 3887 2025 3916 kal.
2045 3886 2162 3925 Aprilis,
2182 3886 2338 3917 Pontifica-

1283 3932 1328 3964 tsis
1343 3931 1432 3963 nostri
1447 3931 1535 3962 Anno
1549 3929 1671 3967 Qiarto.
1916 3967 1920 3971 -
1938 3966 1943 3971 .
2039 3965 2044 3970 ι
2128 3966 2133 3971 .
2276 3966 2282 3970 Ι

1730 3965 1786 3996 Sub
1794 3964 1856 4005 filis
1863 3962 1955 4004 ftrtcn·
1964 3962 2044 4002 flavi
2058 3961 2182 4002 rubeique
2196 3961 2308 3993 colons.

1941 4017 1986 4045 De
2000 4018 2084 4046 Curia
2095 4017 2125 4045 T.
2144 4015 2236 4046 Frahi.

1791 4054 1811 4085 S
2263 4056 2346 4091 Super

2348 1948 2363 1963 *
2384 1944 2451 1975 vlt,

2347 1994 2409 2023 353·
