2561 4251
251 116 330 170 178

95 200 174 232 Ann.
188 195 230 229 D.

129 246 213 277 1400.

102 281 154 305 Hm
159 298 165 305 .
172 286 201 313 4.

291 200 405 232 Omnia
421 198 518 237 Bona,
535 197 722 229 Haereditates
756 196 878 235 Terras,
888 197 1047 236 Dominia,
1067 196 1181 234 Cenus,
1197 194 1308 233 Reddi-

253 247 314 279 tus,
331 239 474 270 Homines
488 236 681 274 quaestabiles,
697 219 819 273 finias,
838 235 988 273 Qiaestus,
1006 235 1156 274 Hospitia,
1173 234 1309 271 Burdega-

254 279 308 317 lia,
325 277 427 307 Vincas
441 298 451 314 ,
478 275 647 305 Molendiria
660 296 669 311 ,
694 273 816 311 Bostos,
835 273 916 304 Prata
931 297 942 312 ,
966 273 1115 311 Piscarias,
1130 273 1260 309 Pastura,
1278 271 1311 301 &

253 316 411 353 Peduagia,
429 324 498 344 curn
512 312 688 343 omnimodis
703 313 762 342 aliis
773 312 961 349 pertinentiis,
979 322 1045 350 quae
1059 311 1172 342 fuerunt
1188 308 1314 340 Arnaldz

253 355 286 385 de
299 354 487 391 champerrion
524 361 612 388 nuper
628 350 772 388 Burgensis
786 349 924 380 Civatatis
938 350 1126 390 Burdegaliae,
1253 386 1259 391 ·

291 391 467 429 Gaugettiim
512 390 552 419 ini
567 391 596 419 in
614 388 741 419 Civitate
762 387 859 418 nostra
879 387 1053 425 Burdegaliae
1068 388 1143 427 quod
1165 387 1315 418 Dominus

252 431 288 461 de
301 430 462 459 Moucidane
475 429 563 458 tenuit
576 427 612 457 de
632 426 804 457 l-laereditate
822 427 885 464 sua,
899 427 949 465 &,
972 437 1023 465 per
1044 426 1261 462 Rebellionem,
1279 425 1313 467 <St

253 467 468 499 Forisfaeturam
481 466 609 505 praedicti
623 465 773 503 Domini,
798 465 834 495 ad
849 464 955 496 Manus
975 465 1104 503 praediCti
1118 474 1205 503 nuper
1226 462 1316 502 Regls

252 507 366 538 devenit

290 544 324 575 N
326 527 421 574 ecn'on
437 542 511 573 Tres
523 542 617 573 Partes
633 541 756 572 Mercari
771 541 939 581 Burdegaliae
947 566 957 581 ,
969 553 1034 580 quas
1047 540 1193 581 Johannes
1207 540 1239 569 de
1252 538 1315 569 Col-

253 582 305 613 Iom
321 581 457 613 Chivaler
471 582 576 618 tenuit,
591 581 624 612 &
641 590 704 618 quae
715 603 726 618 ,
743 584 792 620 per
813 580 1016 612 Rebellionem
1038 582 1072 611 &
1094 579 1312 610 Forisfacturam

253 620 379 660 ejusdem
388 621 540 660 Johannis,
555 619 590 649 ad
607 618 710 649 Manus
723 617 852 656 praedicti
867 629 955 658 nuper
972 618 1062 659 Regis
1076 617 1269 656 devenerunt,

294 659 438 691 Officium
449 657 582 697 Janitoris
594 656 688 687 Castri
701 656 789 687 nostri
803 656 976 695 Burdegaliae
984 679 994 695 ,

291 699 394 728 Terras
409 698 442 727 &
458 696 660 735 Haereditates,
679 705 749 726 cum
764 696 944 735 pertinentis,
960 706 1024 735 quae
1045 694 1158 726 fuerunt
1175 692 1316 724 Gaillardi

256 738 291 767 de
306 739 393 769 Goot,
411 735 535 765 Domini
547 734 584 766 de
599 733 743 771 Roaillac‚

292 776 394 805 Terras
409 774 442 804 &
458 772 661 810 Haereditatcs,
679 782 747 802 cum
773 773 943 809 pertinentiis
965 783 1031 810 quas
1049 771 1195 811 Johannes
1215 769 1314 801 Collom

254 813 390 843 Chivaler
404 811 552 842 defunctus
570 812 657 842 tenuit
671 810 745 848 apud
762 811 787 842 V
789 810 883 850 cffan,
900 811 933 842 ’δε
947 811 1018 842 infra
1032 810 1262 850 jurisdictionem
1278 810 1312 840 &

252 851 428 883 Potestatem
443 850 591 889 Marquae,

290 890 336 920 Ac
355 890 439 921 etiam
454 899 554 919 omnes
568 889 710 919 Terras&
719 887 990 927 Haereditates,quas
1003 886 1162 917 Gaillardus
1175 886 1206 916 de
1223 889 1312 916 Preis-

246 928 296 968 [ιι
309 930 398 959 tenuit
417 929 447 957 in
461 927 638 968 Burdegalia,
941 965 945 969 .

291 966 504 1005 Praepofituram
517 966 552 997 de
567 965 661 996 Bari-ac
677 987 686 1002 ,
710 974 779 996 cum
797 965 970 1002 pertinentiis
984 987 994 1002 ,
1021 974 1107 1002 quam
1122 967 1259 994 Dominus
1280 963 1313 993 de

251 1006 344 1035 Budas
358 1006 446 1036 tenuit

292 1043 425 1075 Castrum
440 1026 472 1075 ἐς
486 1042 593 1073 Villam
617 1041 653 1073 de
675 1040 816 1079 Lengon,
834 1042 863 1071 in
887 1040 1045 1071 Dominio·
1057 1039 1155 1072 nostro
1173 1041 1313 1081 Aquitan-

250 1092 367 1151 mffum
384 1120 514 1158 Quatuor
524 1117 644 1162 ‚denariis
652 1117 811 1162 denL'ibra,
826 1117 862 1148 de
877 1116 999 1161 Moneta
1017 1116 1155 1161 Currente
1169 1118 1197 1147 in
1207 1117 1314 1163 Domi-

251 1160 301 1190 nio
323 1158 423 1189 nostro
443 1157 582 1195 praedieto
597 1180 606 1195 ,
626 1156 813 1194 percipiendis
833 1157 869 1187 de
902 1156 1080 1186 omnimodis
1113 1156 1314 1195 Mercandiirs,

250 1198 285 1228 ad
307 1197 424 1228 eandem
440 1196 544 1226 Villam
564 1196 741 1225 venientibus
755 1219 764 1232 ‚
783 1195 816 1225 ὃ(
832 1205 881 1234 per
896 1194 1018 1225 eandum
1034 1194 1158 1233 Villam,
1173 1205 1221 1236 per
1236 1195 1311 1226 Ter-

252 1245 312 1266 ram
328 1236 361 1266 &
376 1245 424 1273 per
438 1234 567 1273 Aquam,
586 1233 802 1271 transeuntibus,

290 1273 360 1304 Illud
374 1274 568 1313 Gaugeuum,
585 1272 660 1310 quod
676 1281 727 1311 pro
741 1271 841 1302 Nobis
862 1272 893 1301 in
909 1270 1009 1301 Castro
1029 1270 1199 1312 Burdegaliae
1221 1273 1313 1309 perci-

101 1301 214 1331 *VIIL
253 1313 326 1350 pimr
336 1312 513 1381 &videliceffl
533 1311 568 1341 de
583 1312 615 1341 δε
631 1311 709 1348 super
723 1310 848 1348 quolibet
869 1308 961 1353 Dolio
982 1309 1049 1340 Vini
1065 1332 1075 1348 ,
1102 1309 1312 1354 fCustumato

104 1342 166 1372 ¹²3·
253 1351 321 1381 infra
364 1350 467 1381 astrum
483 1350 668 1388 praedictum,
693 1348 838 1386 quoddam
857 1347 1036 1385 Sterlingum
1058 1348 1216 1387 Aquitaniae
1231 1372 1242 1388 ,
1266 1349 1312 1380 vel

254 1389 393 1458 thlinque
408 1389 545 1419 Denarios
558 1397 610 1425 pro
626 1388 719 1418 valore
731 1387 803 1418 dieti
817 1386 949 1426 Sterl'ingi
959 1409 968 1425 ,

322 1438 411 1458 erram
431 1430 538 1456 Domini
556 1425 712 1464 Desteaux,

290 1466 326 1496 Et
340 1467 459 1496 Ter-ram
471 1465 507 1495 de
520 1464 634 1496 Cordac
649 1466 683 1497 ὅ(
695 1464 732 1495 de
747 1463 889 1502 Brabane‚
906 1473 992 1502 quam
1008 1463 1078 1494 Filia
1094 1463 1159 1495 Filii
1174 1463 1312 1494 Galliardi

251 1505 284 1534 de
297 1508 336 1534 Fu
358 1505 389 1534 ἐκ
405 1506 493 1534 tenuit

289 1505 437 1574 Acſjetiam
453 1526 617 1580 Hoipitium
628 1564 638 1580 ,
655 1541 733 1579 quod
754 1540 893 1572 Haeredes
914 1540 1057 1580 Johannss
1071 1540 1102 1571 de
1117 1540 1223 1571 Fumell
1236 1540 1310 1579 apud

252 1581 448 1618 Burdegaliam
463 1582 617 1611 inhabitant
650 1581 705 1610 unii
720 1590 787 1610 cum
802 1580 827 1610 le
843 1580 953 1617 Traue,

288 1619 426 1650 Habendi
450 1620 482 1650 St
504 1603 645 1649 Teiieiicia
665 1618 781 1656 praefato
802 1621 927 1662 Hem-ico,
941 1619 977 1661 ὃς
996 1616 1169 1661 Haeredibus
1190 1617 1258 1656 suu,
1275 1617 1312 1649 de

252 1659 351 1690 Nobis
361 1659 393 1689 &
410 1658 578 1689 Haeredibus
592 1657 707 1695 nostris,
726 1667 774 1695 per
789 1657 904 1688 Servitia
920 1656 986 1685 inde
999 1655 1094 1687 debita
1109 1658 1142 1688 ὅτ
1165 1656 1313 1694 consueta,

252 1698 482 1735 Imperpetuum,
498 1705 580 1734 prout
594 1697 622 1725 in
639 1696 739 1726 Literis
754 1695 853 1726 nostris
873 1694 1050 1733 PatentibuS,
1068 1696 1135 1727 inde
1154 1695 1312 1733 confeffis,

252 1736 361 1776 plenius
376 1736 551 1772 continetur,
964 1772 968 1776 Ι

290 1774 381 1804 Vobis
397 1773 570 1803 Mandamus
582 1771 660 1810 quod
676 1771 765 1810 ipsum
781 1769 945 1802 Henricum
962 1781 991 1801 in
1007 1770 1195 1811 Corporalem
1205 1770 1315 1802 Posses-

251 1812 359 1844 sionem
374 1812 529 1843 Terrarum
543 1834 553 1850 ,
578 1811 844 1849 Tenementorum,
869 1809 1068 1849 Reddituum,
1087 1810 1313 1848 Poffeffionum,

252 1851 284 1882 ὅ(
300 1849 409 1881 Rerum
426 1850 642 1888 praedietorum‚
661 1850 767 1888 ponatis
781 1848 826 1879 seu
841 1849 911 1886 poni
928 1848 1035 1879 faciatis
1049 1871 1059 1887 ,
1084 1849 1292 1880 Habendorum
1305 1859 1321 1887 ,·

246 1891 326 1928 juxta
340 1889 487 1920 Tenorem
505 1889 662 1920 Literarum
677 1887 834 1918 nostrarum
851 1886 1061 1925 praedietarum.

287 1927 373 1966 Rege
390 1927 479 1958 Teste
496 1927 568 1965 apud
591 1925 866 1966 Wstmonasterium,
882 1927 948 1965 xviij
966 1926 1012 1956 die
1028 1926 1181 1957 Februarii.

251 2015 329 2024 r——>
343 2015 357 2017 ff
370 2015 374 2018 .
393 2015 400 2016 κ
424 2014 490 2016 rjffl
516 2014 557 2016 „m
570 2014 668 2017 «ww-..⁷
784 2015 847 2017 vac*

299 2065 348 2097 De
366 2061 542 2105 tranando,
565 2073 633 2095 cum
651 2060 842 2108 Adverstzrio
861 2064 1012 2104 Franciae,
1030 2062 1122 2110 fhper
1145 2065 1270 2096 stirmi-

721 2115 838 2145 moniis.

99 2223 176 2256 Am*
192 2221 232 2254 D'
255 2207 339 2265 RE
348 2204 1078 2288 {fugngpffirgsssdlzcgffisslffggsslffirgc.Regalium
1087 2245 1311 2276 Solicitudinum

203 2285 209 2291 “
251 2283 358 2315 ξῐυᾶυε
373 2284 488 2327 uberes,
505 2282 674 2326 aestimamus
690 2293 866 2327 praecipuum
882 2284 1002 2314 aliorum
1020 2284 1188 2328 Principum
1204 2287 1236 2316 ὃ(
1255 2284 1312 2314 Rc-

100 2344 136 2368 Η·
149 2321 198 2376 '43
251 2321 868 2397 ffi‘sstissffssmsscmrffi'icffiffiges‘ssssssrsiiii
870 2323 1140 2392 132³r⁶nff¹3mp¹52¹2122¹3
1154 2322 1312 2400 Ιῖζῗῗΐξῖἶὲέ

193 2401 197 2405 “
250 2399 426 2438 Principatus
436 2382 506 2429 ³hinc
523 2398 606 2436 inde,
630 2398 745 2428 Amoris
766 2398 962 2428 indiisolubilis
981 2409 1054 2429 nexu
1078 2384 1243 2438 conjuncti,
1263 2400 1311 2430 ln-

111 2463 139 2481 „
212 2438 218 2444 ”
250 2439 420 2477 surgentibus
433 2446 466 2467 ex
481 2436 597 2468 adverso
612 2435 749 2475 resistere,
769 2438 803 2468 &
817 2438 853 2468 ab
874 2438 956 2467 omni
979 2437 1177 2476 Oppreffionis
1203 2439 1311 2476 Clade,

251 2477 413 2509 coadunatis
429 2477 553 2513 viribus,
572 2484 702 2513 poterunt
714 2478 816 2506 mutuo
833 2475 858 2506 se
873 2477 951 2506 tueri.

289 2515 379 2554 Quod
395 2515 466 2545 dum
481 2516 551 2544 intra
574 2515 674 2544 mentis
694 2513 797 2544 nostrae
821 2513 977 2551 praecordia
996 2513 1158 2551 diligentius
1179 2515 1310 2546 uastare-

252 2564 332 2591 mus,
350 2564 416 2584 cum
433 2552 604 2591 Adversario
619 2551 706 2591 nostro
721 2555 841 2582 Frmcm
856 2576 866 2591 ,
884 2552 990 2583 nedum
1012 2553 1171 2592 hujusmodi
1192 2555 1308 2585 Amoris

254 2592 371 2623 Foedera
387 2592 540 2629 stringere,
558 2591 595 2621 set
616 2591 795 2621 Affinitatem
819 2592 852 2622 &
873 2592 1041 2629 parentelam
1062 2592 1243 2628 contrahere,
1262 2594 1311 2623 Li-

254 2630 355 2675 gasque
378 2630 471 2660 firmas
484 2652 494 2668 ,
519 2630 664 2668 speciales,
679 2632 713 2662 &
740 2638 883 2670 perpetuas
897 2652 906 2667 ,
931 2639 989 2669 prae
1003 2630 1126 2669 caeteris,
1144 2632 1310 2670 optabamus

250 2679 339 2707 mire,

286 2707 323 2738 Et
341 2707 473 2745 proinde,

291 2746 338 2776 De
348 2746 508 2783 Leoalirate,
515 2741 655 2783 industria,
663 2746 696 2778 &
706 2745 960 2788 circumspec‘tione
969 2746 1140 2777 Venerabilis
1148 2746 1222 2778 Patri
1233 2749 1312 2778 tm!-

256 2789 309 2815 teri
324 2771 443 2824 Epzstopi
456 2783 657 2824 Dunolmenfis,
675 2785 708 2814 ὃ(
722 2783 866 2814 Canffimi
882 2783 1090 2822 Conliznguinei
1105 2786 1190 2816 nostri
1204 2788 1309 2817 'I'homae

253 2827 363 2854 Comitis
381 2825 422 2853 W
429 2826 548 2861 gorniae,
564 2823 662 2853 dilecti
679 2823 710 2853 &
731 2821 815 2852 fidelis
834 2822 933 2852 Militis
957 2825 1042 2853 nostri
1067 2824 1202 2854 Wflielmi
1217 2829 1310 2856 Heron

257 2860 384 2892 Domini
401 2834 436 2892 dyc
450 2861 519 2903 Say,
539 2862 571 2891 &
595 2860 691 2891 dileffi
704 2860 811 2890 Clerici
843 2860 975 2897 Magistri
992 2863 1102 2892 chardt
1118 2864 1232 2902 Holme,
1252 2864 1310 2896 Ca-

255 2901 354 2969 3οηίςί
375 2899 511 2931 Eccleliae
532 2898 707 2930 Cathedralis
730 2900 803 2929 beati
819 2898 896 2929 Petri
917 2900 1046 2931 Eborum
1064 2923 1073 2938 ,
1098 2902 1203 2940 plenius
1219 2903 1310 2933 confi-

277 2947 351 2969 entes

295 2976 341 3007 Ad
355 2961 550 3007 '’I'raRandum
566 2977 600 3008 &
620 2975 868 3006 Concordandum
889 2987 957 3007 cum
983 2976 1122 3015 praedieto
1146 2978 1313 3010 Adversario

254 3014 351 3046 nostro
368 3015 412 3044 seu
436 3014 540 3046 Patrius
562 3015 594 3045 &
619 3014 772 3044 Avunculis
791 3014 842 3044 suis
857 3037 866 3052 ,
891 3025 934 3044 aut
965 3026 1033 3046 cum
1054 3017 1312 3057 Ambasst‘itoribus,

255 3053 505 3093 procuratoribus,
524 3052 667 3089 Nunciis,
684 3053 729 3082 vel
744 3052 891 3095 Deputatis
904 3053 983 3090 ipsius
1003 3053 1156 3084 Adversarii
1171 3055 1256 3085 nostri
1266 3066 1312 3088 aut

256 3091 426 3123 Patruorum
445 3090 555 3122 suorum
598 3090 781 3121 raedictorum
796 3113 805 3128 ,
827 3091 993 3122 sufficientia
1014 3091 1151 3124 Mandata
1170 3094 1204 3124 ad
1221 3094 1313 3126 Infra-

255 3130 354 3168 scripta
370 3129 551 3167 habentibus,
569 3101 645 3165 ifiper
659 3129 835 3166 sponsalibus
854 3129 899 3159 seu
919 3129 1126 3170 Matrimonio,
1150 3133 1221 3162 inter
1238 3136 1313 3163 Hen-

256 3172 339 3198 r‘r'cum
353 3170 560 3204 Primogenituue
575 3167 673 3196 Filium
687 3166 805 3206 nostrum
825 3166 985 3206 Principem
1001 3168 1132 3209 Waniae,
1152 3171 1185 3200 &
1210 3170 1313 3202 Fratres

258 3208 292 3238 &
307 3206 421 3237 Sorores
433 3206 513 3244 suos,
532 3204 569 3240 ό·
586 3205 698 3235 Liberos
712 3205 787 3244 rpfius
809 3206 980 3246 Adversarii
1002 3206 1085 3246 nostri
1101 3231 1110 3246 ,
1137 3217 1184 3239 aut
1200 3209 1315 3240 Patruo-

259 3254 322 3275 rum
337 3246 370 3275 ὅ(
393 3244 611 3275 Avunculorum
632 3244 745 3274 suorum
767 3244 967 3282 praedi&orum
983 3268 992 3283 ,
1018 3246 1136 3277 feliciter
1150 3269 1159 3285 ‚
1185 3257 1236 3285 per
1255 3247 1313 3279 Dei

256 3284 395 3321 gratiam,
413 3282 639 3320 Contrahendis,

295 3322 342 3352 Ac
356 3323 442 3351 etiam
459 3320 621 3358 Qiomodo
637 3320 670 3351 ὃς
686 3320 813 3358 Quando
827 3320 898 3351 dieti
917 3320 1012 3362 Liberi
1027 3322 1134 3359 praefati
1158 3323 1315 3355 Adversarii

257 3359 368 3397 nostri,
390 3360 435 3389 seu
457 3359 629 3389 Pati-uorum
655 3358 687 3389 &
711 3359 930 3389 Avunculorum
952 3362 1062 3390 luorum
1093 3361 1314 3402 praedictorum,

261 3407 311 3437 per
338 3396 467 3427 Parentes
481 3398 514 3428 &
538 3398 656 3427 Amicos
691 3396 753 3426 suos
769 3397 865 3426 Nobis
886 3398 1032 3428 transmitti
1049 3421 1057 3436 ,
1076 3400 1108 3429 ὅ(
1126 3400 1155 3429 iri
1180 3400 1315 3431 Domum

258 3435 383 3465 nostram
397 3436 503 3473 regiam
517 3435 635 3473 adduci,
654 3442 699 3464 aut
718 3436 832 3472 Aliquis·
845 3435 889 3465 vel
912 3435 1012 3473 Aliqua
1026 3437 1171 3468 dictorum
1195 3439 1317 3469 Libero-

259 3483 322 3504 rum
335 3472 494 3503 nostromm
509 3473 545 3503 ad
563 3473 652 3510 ipsum
675 3472 875 3503 Adversarium
900 3473 1027 3504 nostrum
1044 3498 1052 3512 ,
1075 3475 1119 3505 seu
1146 3476 1263 3506 Patruos
1282 3479 1315 3509 &

260 3512 426 3542 Avunculos
440 3512 502 3542 suos
516 3511 623 3541 traduci
638 3510 775 3548 debeant,
795 3511 994 3541 ordinandum
1010 3513 1042 3543 &
1058 3513 1274 3551 Disponendum
1284 3538 1293 3553 ,

295 3549 423 3579 Necnon
436 3560 485 3585 ea,
503 3559 568 3587 quae
582 3550 620 3579 sic
636 3549 769 3579 Tractata
779 3571 788 3585 ,
803 3558 944 3579 conventa
953 3573 962 3587 ,
981 3551 1014 3580 &
1028 3552 1200 3583 concordata
1214 3553 1315 3584 fuerint

259 3587 336 3624 super
352 3587 509 3617 Contracta
532 3587 713 3617 Matrimonii
735 3587 862 3624 praedieti
875 3610 884 3626 ‚
910 3589 991 3619 omni
1012 3589 1168 3621 Securimte
1199 3591 1317 3622 honesta

260 3626 294 3656 δε
306 3625 559 3663 debita,Nomine
573 3625 670 3656 nostro
683 3624 855 3656 firmandum
865 3648 874 3663 ,

299 3663 541 3701 Confimilemque
557 3663 738 3694 Securitatem
754 3673 808 3701 pro
823 3663 921 3694 Nobis
934 3665 968 3695 &
988 3664 1124 3696 Nomine
1137 3665 1234 3698 nostro
1263 3667 1318 3698 Pe-

262 3701 378 3733 tendum
413 3701 632 3739 Stipulandum‚
648 3702 680 3731 ὃς
701 3701 929 3739 Recipiendum,

295 3724 506 3779 jurandumque
519 3741 547 3769 in
563 3740 697 3770 Animam
711 3739 834 3770 nostram
848 3741 927 3778 quod
945 3741 1095 3776 Traetata,
1113 3751 1270 3782 conventa,
1284 3744 1318 3774 &

262 3777 448 3815 concordata,
467 3777 590 3814 ibidem,
610 3777 681 3808 Rata
694 3777 860 3808 habebimus
875 3778 908 3808 ὃς
923 3778 1029 3817 Grata,
1055 3790 1109 3810 nec
1124 3781 1227 3819 aliquid
1251 3792 1318 3819 pro-

265 3816 422 3844 curabimus
439 3816 483 3846 vel
498 3816 650 3853 faciemus,
668 3825 717 3855 per
731 3815 810 3854 quod
825 3816 960 3846 Tractata
973 3818 1007 3847 &
1022 3816 1204 3850 Concordata
1226 3819 1319 3858 hujus-

265 3851 345 3918 ἓῖιοάί
358 3852 463 3884 effectu
485 3853 580 3884 debito
602 3853 722 3884 frustrari
746 3862 898 3892 poterunt,
923 3855 969 3885 seu
987 3855 1203 3894 quomodolibet
1229 3859 1321 3896 impe·

287 3899 316 3918 iri

298 3913 463 3966 C'aeoemque
477 3930 574 3958 omnia
588 3930 621 3960 δε
631 3929 734 3966 singula
742 3929 931 3968 Faciendum,
950 3930 1160 3970 Exercendum,
1180 3933 1214 3963 &
1229 3933 1321 3974 Expe-

260 3964 412 4002 diendum,
431 3976 494 4004 quae
510 3968 538 3997 in
551 3966 719 4006 Praemiffis,
733 3968 766 3999 &
782 3969 858 3999 circa
873 3978 904 3999 ea
918 3969 1066 4001 neceisaria
1080 3970 1181 4002 fuerint
1197 3971 1242 4004 seu
1251 3982 1323 4011 quo·

728 109 1519 155 CONVENTIONES,
1570 111 1956 168 LITERAE‚

1356 197 1517 242 modo'ibet
1528 207 1686 242 oportuna,
1702 209 1735 230 ac
1747 210 1810 239 quae
1824 201 1950 238 Qualitas
1965 202 1999 232 &
2011 202 2125 233 Natura
2146 201 2346 240 Negotiorum
2361 201 2416 233 hu·
2435 197 2513 229 Arm-
2519 194 2561 232 Da·

1352 234 1475 272 jusmodi
1490 246 1602 276 exigunt
1619 238 1651 268 &
1669 239 1831 277 requirunt,
1850 242 1883 270 &
1897 240 1975 278 Quae
1991 240 2060 271 Nos
2073 241 2228 271 faceremus
2242 264 2252 280 ,
2278 240 2324 271 seu
2339 241 2415 271 face·
2453 246 2536 276 1400.

1357 282 1386 302 re
1397 275 1560 317 pollemus,
1589 275 1608 304 sl
1628 276 1808 313 personaliter
1829 277 1936 307 ibidem
1957 278 2101 315 praesentes
2115 279 2236 311 essemus
2251 302 2260 316 ‚
2284 280 2370 309 etiam
2393 278 2413 309 fi
2431 280 2496 305 Hm.
2511 285 2540 312 4·

1357 310 1418 342 talia
1437 313 1487 344 sint
1508 324 1571 350 quae
1588 313 1758 344 Mandatum
1773 316 1816 345 exi
1839 325 1885 346 ant
1902 324 2164 355 quantumcumque
2177 317 2294 356 speciale

1396 349 1567 388 Praediftos,
1586 351 1777 391 Episcopum,
1883 355 1951 384 item
1968 376 1977 392 ,
2004 354 2217 393 Willielmum,
2235 356 2269 386 &
2292 339 2414 385 stichar-

1357 387 1446 426 dum,
1465 390 1612 429 Quatuor,
1630 391 1662 421 &
1680 393 1694 408 *
1716 391 1791 421 Tres
1802 401 1904 422 eorum
1922 394 2058 431 (quorum
2079 394 2199 424 alterum
2212 393 2412 432 praedicfforum
2434 398 2453 417 ¹*
2464 401 2545 430 V111,

1357 427 1413 471 Epi
1426 431 1477 466 copi
1492 426 1530 462 (ἔφ’
1545 432 1655 458 Comitis
1669 439 1758 459 unum
1773 430 1828 460 else
1843 431 1990 468 volumus)
2012 430 2121 461 nostros
2140 442 2236 471 veros,
2253 432 2415 471 legitimos,
2435 446 2496 476 129.

1358 465 1577 508 &indubitatos
1595 467 1788 499 Procuratores
1804 490 1814 505 ,
1836 469 2035 506 Negotiorum
2057 467 2193 500 Gestores
2205 493 2215 508 ,
2233 469 2413 501 Commissa-

1358 512 1429 542 rios,
1448 504 1606 543 Deputatos
1621 529 1631 544 ,
1655 506 1688 536 &
1702 505 1838 537 Nuncios
1856 507 1986 546 speciales
2007 507 2155 547 Facimus,
2173 508 2363 547 Ordinamus,
2382 510 2416 541 &

1359 540 1570 574 Constituimus
1582 553 1630 582 per
1645 543 1812 582 Praesentes,

1395 579 1614 619 Promittentes,
1633 583 1662 612 iri
1675 582 1774 613 Verbo
1787 582 1886 619 Regio
1896 607 1905 621 ,
1922 583 1992 614 Nos
2005 583 2112 615 Rarum
2134 586 2168 617 &
2183 584 2305 616 Gratum
2318 596 2414 624 perpe-

1358 620 1412 649 tuo
1430 620 1572 650 habituros
1587 620 1753 659 Quicquid,
1762 630 1811 658 per
1827 621 2024 654 Procuratores
2031 623 2140 654 nostros
2153 623 2322 663 praedictos,
2336 625 2415 663 Qua-

1359 665 1423 687 tuor
1443 659 1476 689 ὃ(
1498 658 1574 689 Tres
1592 668 1692 689 eorum
1718 660 1857 700 (quorum
1880 661 1996 691 alterum
2015 661 2219 698 praedi&orum
2238 663 2360 702 Episcopi
2378 663 2417 698 ὠ»

1359 699 1469 725 Comitis
1487 707 1576 727 unum
1594 697 1650 727 effe
1667 697 1798 728 volumus
1811 705 1820 734 )
1839 698 1948 729 AStum
1959 721 1969 736 ,
1992 698 2115 730 Gestum
2130 723 2140 739 ,
2166 701 2211 731 seu
2231 699 2416 732 Procuratum

1359 734 1441 764 fuerit
1454 735 1483 765 in
1503 734 1673 773 Praemiffis‚
1690 735 1724 766 &
1740 736 1848 774 lingulis
1865 735 2082 767 Pncmifforum.

1382 772 1466 841 'Dssc
1484 773 1642 842 ir÷12alatiq
1656 776 1733 813 Regis
1749 775 1855 815 Wstm.
1875 775 1923 805 sub
1941 775 2045 813 Magni
2055 776 2148 814 Sigilli
2163 776 2202 808 sui
2215 777 2417 816 Testimonio,

1359 819 1406 841 xix
1455 821 1481 842 ie
1525 822 1539 843 e
1561 822 1652 843 ruaru.

2117 893 2172 922 Per
2184 891 2266 932 ipfiaem
2284 895 2387 931 Regem.

1360 964 1487 1019 REX
1506 965 1669 1011 Omnibus,
1687 964 1720 997 ad
1736 976 1822 1006 quos,
1840 968 1873 1011 &
1887 967 2022 1000 Salutem.
2473 949 2539 978 ωδ·

1453 1004 1526 1036 Inter
1543 1005 1693 1043 gloriosas,
1712 1003 1772 1039 &c.
1790 1014 1819 1034 ut
1832 1007 1917 1046 supra
1931 1007 2009 1047 usque
2019 1006 2075 1044 ibi,
2092 1007 2290 1040 wadiaremus.
2310 1006 2418 1043 &runc

1356 1040 1409 1085 fif,
1425 1052 1493 1073 cum
1508 1043 1769 1082 Ambassatoribus,
1789 1043 2036 1082 Procuratoribus,
2058 1044 2205 1086 Nunciis,
2224 1047 2268 1079 vel
2288 1046 2418 1084 Deputa-

1361 1089 1468 1151 tisssractr
1479 1081 1718 1159 psatrtsflkffganciae,
1736 1082 1863 1121 nedum,
1882 1082 1943 1119 &e.
1958 1091 1991 1114 ut
1999 1083 2103 1124 fiepra,
2118 1089 2233 1116 mutatis
2246 1086 2393 1116 mutandir.

2106 1163 2160 1191 Per
2175 1159 2258 1201 iptsum
2279 1163 2384 1201 Regem.

1429 1234 1494 1266 EX
1512 1235 1674 1275 Omnibus,
1690 1237 1723 1268 ad
1739 1246 1825 1275 qum,
1843 1236 1904 1269 &c.
1922 1237 2056 1270 Salutem.

1465 1275 1539 1305 [nter
1556 1275 1703 1315 gloriosas,
1722 1275 1774 1311 &c
1797 1282 1827 1304 ut
1837 1274 1923 1315 fiapra
1937 1275 2017 1317 usque
2029 1277 2088 1316 ibi,
2104 1277 2286 1310 tractaremus
2299 1277 2339 1315 ό·
2354 1286 2420 1309 tune

1355 1312 1412 1352 fic,
1430 1323 1498 1343 cum
1513 1312 1688 1354 Adverjfizrio
1709 1313 1795 1354 nostro
1823 1317 1963 1355 Francia»,
1981 1315 2088 1347 nedum
2116 1315 2178 1351 &a
2194 1324 2227 1347 ut
2234 1319 2320 1356 supra
2341 1319 2420 1358 usque

1361 1351 1417 1389 ibi,
1437 1352 1544 1390 plenius
1559 1352 1733 1383 considentes
1742 1376 1752 1391 ,
1769 1352 1807 1387 cfr
1823 1360 1890 1383 tunc
1899 1354 1956 1394 src,

1399 1391 1444 1421 Ad
1460 1390 1675 1429 Traeraniium‚
1691 1391 1908 1430 Ordinandum,
1928 1393 1961 1423 &
1980 1391 2227 1425 Concordandum
2241 1403 2309 1425 cum
2318 1393 2418 1433 praefa-

1362 1435 1392 1458 to
1408 1430 1581 1469 Adversario
1595 1428 1695 1469 nostro,
1714 1440 1760 1461 aut
1783 1439 1852 1460 cum
1879 1431 2118 1463 Ambassatoribus
2133 1455 2143 1470 ,
2169 1431 2421 1473 Procuratoribus,

1363 1467 1506 1506 Nunciis‚
1525 1467 1569 1498 seu
1587 1467 1735 1506 Deputatis
1752 1468 1802 1498 suis
1818 1491 1828 1505 ,
1855 1467 2027 1500 Potestatem
2049 1471 2083 1501 ad
2098 1470 2274 1508 infrascripta
2293 1472 2421 1503 habenti-

1363 1507 1433 1545 bus,
1450 1506 1528 1544 super
1537 1505 1779 1545 Confirmatione,
1798 1506 2013 1546 Ratificatione,
2030 1509 2063 1540 &
2077 1508 2319 1541 Corroboratione
2326 1511 2420 1543 Treu-

1363 1554 1484 1584 gamm,
1502 1546 1571 1576 inter
1586 1546 1674 1583 ipsum
1691 1545 1887 1576 Adversarium
1907 1546 2035 1577 nostrum
2085 1548 2118 1579 ὅ(
2140 1547 2308 1581 Dominum
2324 1551 2420 1580 Ricar-

1361 1583 1425 1613 dum
1442 1593 1530 1622 nuper
1543 1587 1637 1622 Regem
1651 1583 1763 1622 Angliae
1776 1583 1940 1615 Secundum
1953 1585 2018 1623 post
2038 1569 2238 1625 (jonquesturn
2255 1589 2358 1619 ultimo
2366 1590 2419 1619 ini-

1363 1630 1453 1653 tarum
1468 1623 1500 1654 &
1517 1621 1687 1653 firmatarum
1696 1645 1706 1661 ,

1403 1662 1460 1692 Aut
1474 1661 1551 1698 snper
1566 1661 1664 1692 Novis
1682 1661 1778 1699 Ligis,
1797 1660 2160 1702 Confoederationibus,&
2174 1664 2330 1703 Amicitiis,
2350 1664 2420 1704 Spe-

1365 1700 1494 1738 cialibus,
1514 1700 1729 1741 temporalibus,
1748 1699 1792 1729 vel
1816 1702 1952 1738 perpetuis
1989 1702 2061 1732 inter
2073 1702 2193 1733 eundem
2217 1703 2421 1743 Adverfhrium

1365 1737 1500 1778 nostrum,
1518 1738 1651 1769 Subditos
1672 1741 1751 1776 iuos,
1769 1737 1872 1775 Regna
1893 1740 1926 1770 δε
1944 1723 2082 1770 ὕοῐηίηίει
2102 1740 2196 1772 nostra
2215 1752 2418 1782 quaecumque,

1365 1787 1400 1808 ex
1418 1787 1488 1816 una,
1503 1777 1539 1808 ὅ(
1553 1779 1631 1816 Nos,
1649 1776 1781 1807 Subditos
1804 1777 1915 1807 nostros
1937 1787 1970 1808 ac
1995 1777 2098 1816 Regna
2120 1780 2154 1816 ὃς
2175 1779 2314 1812 Dominia
2328 1782 2421 1814 nostra

1366 1825 1575 1855 quaecumque,
1591 1825 1625 1846 ex
1643 1825 1719 1853 parte
1735 1815 1835 1853 altera,
1854 1816 1873 1846 si
1887 1815 2053 1854 indiguerit,
2070 1818 2198 1849 ineundis

1402 1854 1448 1885 Ac
1467 1855 1553 1885 etiam
1571 1854 1606 1885 de
1622 1853 1738 1892 Modo,
1756 1853 1878 1892 Forma,
1896 1854 2118 1895 &Qu-amitam,
2136 1858 2170 1889 &
2185 1842 2325 1896 Qalitate
2333 1857 2421 1889 Auxi-

1366 1892 1412 1931 lii,
1431 1893 1649 1930 Subventionis,
1667 1892 1712 1927 seu
1723 1892 1859 1932 Subsidii,
1877 1893 1946 1923 hinc
1963 1893 2028 1924 inde
2040 1917 2051 1932 ,
2075 1903 2206 1934 nempore
2223 1896 2422 1936 Neceffitatis,

1367 1934 1469 1962 mutuo
1486 1931 1677 1968 ministrandi,

1406 1969 1441 2000 Et
1457 1969 1796 2009 Communicationibus,
1815 1971 1886 2000 inter
1907 1969 2040 2001 Subditos
2063 1971 2130 2002 hinc
2150 1972 2216 2004 inde
2230 1996 2240 2012 ,
2265 1975 2294 2004 in
2313 1973 2421 2006 Merci-

1370 2009 1476 2039 moniis
1494 2010 1527 2040 &
1540 2009 1598 2040 aliis
1613 2009 1714 2047 licitis,
1731 2008 1824 2039 secure
1837 2007 1989 2048 faciendis,

1407 2047 1539 2078 Necnon
1554 2058 1603 2086 ea,
1621 2057 1686 2085 quae
1704 2048 1742 2078 sic
1757 2047 1890 2079 Tractata
1903 2069 1913 2084 ,
1938 2055 2098 2086 conventa,
2121 2049 2154 2080 &
2170 2050 2342 2081 concordata
2364 2052 2423 2081 fue—

1368 2087 1425 2117 rint
1448 2087 1544 2124 (super
1562 2085 1788 2117 Confirmatione
1802 2109 1812 2124 ,
1839 2084 2035 2116 Ratificatione
2048 2110 2057 2124 ,
2079 2089 2112 2118 ¹&
2127 2088 2366 2120 corroboratione
2380 2089 2424 2119 di-

1369 2125 1478 2155 ciarum
1492 2125 1671 2162 Treugarum
1681 2147 1690 2162 ‚
1709 2133 1752 2154 aut
1766 2125 1845 2162 super
1860 2124 1957 2154 Novis
1973 2124 2050 2161 Ligis
2058 2126 2216 2164 praedicitis)
2236 2130 2318 2159 omni
2332 2127 2421 2159 Secu-

1368 2165 1462 2201 ritate,
1481 2163 1598 2194 honesta
1612 2166 1644 2193 ὅ(
1658 2162 1770 2201 debita,
1790 2163 1922 2194 Nomine
1936 2163 2050 2202 nostro,
2068 2164 2270 2204 firmandum,

1406 2200 1651 2272 ἓοῃῇωὶὲειηςυε
1667 2201 1861 2241 Securitatcn,
1879 2198 1939 2236 (ἐι.
1953 2200 2086 2242 utsupra.

1440 2250 1474 2272 at.
1497 2250 1525 2272 ut
1550 2251 1625 2279 upra.

2462 1248 2528 1278 zbid.
2543 1261 2545 1263 ·

2055 2281 2109 2309 Per
2124 2278 2205 2319 ipspm
2222 2282 2325 2319 Regem.

1368 2355 1492 2410 REX
1507 2355 1668 2394 Omnibus,
1686 2355 1721 2387 ad
1737 2366 1825 2395 quOS,
1842 2357 1903 2388 &c.
1924 2356 2056 2388 Salutem.

1465 2395 1542 2425 Inter
1558 2395 1707 2433 gloriolas,
1726 2397 1786 2430 ὠς.
1804 2398 1927 2435 utsupra
1942 2395 2021 2436 ffque
2036 2395 2090 2434 rbi,
2108 2397 2287 2427 traCtaremus
2304 2395 2342 2432 (Ἆρ’
2359 2404 2424 2428 tunc

1357 2432 1415 2475 fic,
1434 2443 1504 2464 cum
1521 2433 1778 2472 Ambailatoribus,
1798 2433 2046 2472 Procuratoribus,
2065 2434 2192 2465 Nunciis
2214 2435 2258 2466 vel
2282 2435 2425 2474 Deputatis

1362 2482 1414 2510 pro
1437 2481 1504 2502 *arte
1520 2472 1542 2502 F
1544 2473 1663 2519 ranciae,
1680 2473 1790 2503 nedum
1805 2471 1865 2507 &a
1884 2481 1916 2502 ut
1929 2471 1959 2511 fi‘
1976 2483 2009 2503 ra
2024 2473 2102 2513 usque
2118 2474 2156 2502 iLi
2171 2495 2180 2511 ,
2208 2473 2427 2505 Corroborario-

1363 2521 1398 2540 ne
1447 2520 1613 2548 teugarum,
1635 2521 1672 2545 (9-
1689 2518 1756 2541 tunc
1764 2510 1821 2549 sic,
1837 2511 1904 2541 inter
1922 2512 1968 2541 dic
1982 2521 2028 2541 am
2047 2520 2150 2549 partem
2168 2512 2425 2551 Franciae,&l)o-

1363 2550 1476 2578 minum
1492 2550 1636 2578 Ricardum
1649 2559 1737 2587 nuper
1751 2552 1847 2588 Regem
1861 2550 1973 2588 Angliae
1981 2573 1992 2588 ,
2013 2548 2073 2585 &c.
2090 2557 2123 2579 ut
2130 2549 2218 2590 ficpra
2225 2556 2424 2589 ,mutatismuf

1369 2596 1472 2618 tamus.

1401 2625 1470 2656 Dat.
1490 2634 1519 2656 ut
1536 2625 1621 2664 supra.

2475 2363 2536 2393 thil.

2047 2667 2101 2695 Per
2119 2664 2200 2705 ipfitm
2216 2670 2321 2706 Regem.

1409 2808 1458 2840 Dc
1471 2806 1674 2852 Appellatione
1690 2818 1710 2839 a
1728 2809 1881 2839 Sententia
1904 2809 1998 2840 Cnriae
2016 2808 2176 2842 Militaris
2192 2810 2382 2859 Burdegaliae.

1428 2901 1490 2933 EX
1500 2925 1510 2940 ,
1528 2895 1649 2933 DiletSTis
1663 2903 1696 2933 δε
1712 2902 1869 2939 Fidelibus,
1882 2902 2014 2970 onhanni
2033 2908 2150 2936 Domino
2170 2906 2203 2936 de
2217 2905 2321 2936 Lovell
2333 2929 2343 2946 ,
2367 2906 2424 2946 Jo-
2449 2910 2561 2946 Ann,D

1443 2941 1530 2970 hanni
1542 2940 1753 2970 Dabrichecourt
1763 2963 1772 2977 ,
1791 2942 1823 2972 &
1838 2942 1880 2980 JJ
1889 2946 1966 2971 >anni
1982 2943 2104 2982 Cheyne,
2126 2944 2283 2984 Militibus,
2299 2955 2350 2983 ae,
2366 2946 2423 2975 Di·
2473 2960 2557 2990 1400,

1361 2979 1441 3010 lestis
1458 2979 1573 3016 Nobis,
1597 2977 1739 3017 Magistro
1751 2979 1881 3017 Johanm·
1896 2983 2002 3011 Barnet
2012 3004 2021 3019 ‚
2033 2981 2178 3019 Magistro
2193 2983 2299 3012 Thomae
2313 2986 2423 3022 Stowe,
2445 2995 2494 3019 An,
2514 3001 2538 3019 ι,

1367 3016 1512 3054 Magistro
1530 3019 1572 3046 W
1572 3016 1678 3047 illielmo
1692 3017 1826 3056 Meuneffl·
1842 3041 1852 3056 ,
1877 3019 1909 3048 δε
1932 3018 2078 3057 Magistro
2103 3022 2179 3050 Adae
2194 3021 2291 3060 Husk,
2307 3021 2421 3059 Legum
2443 3034 2479 3056 H.
2495 3039 2523 3065 4,

1362 3055 1557 3124 ngcloribus,
1574 3066 1689 3124 gecnon
1707 3056 1848 3093 Magistro
1862 3057 1988 3096 Dionyfio
2000 3058 2143 3097 Lopham,
2160 3059 2292 3090 Salutem.
2441 3071 2499 3095 Par.
2513 3069 2561 3094 ιλιι

1422 3102 1499 3124 cratis
1537 3096 1576 3124 ui>
2464 3125 2471 3132 ,
2502 3126 2508 3133 ,
2526 3105 2554 3134 6,

1399 3133 1480 3163 Cum
1496 3105 1648 3170 niiper‚’ia
1669 3131 1785 3169 quadam
1800 3131 1887 3163 Causa
1909 3133 2042 3170 praetensa
2062 3134 2233 3166 Contrae’tfis
2248 3136 2282 3167 &
2298 3135 2401 3167 Debiti
2414 3159 2424 3175 ,
2441 3112 2546 3181 2931.

1362 3171 1434 3208 apud
1455 3170 1649 3207 Birrdegaliam
1664 3170 1821 3206 faistorum,

1403 3210 1497 3247 Qrae,
1515 3209 1545 3238 in
1561 3207 1649 3238 Curia
1668 3208 1761 3239 nostra
1783 3208 1898 3239 Militari
1914 3233 1924 3248 ,
1949 3212 2021 3242 inter
2042 3212 2165 3241 Idoniam
2182 3211 2258 3242 Hert
2275 3212 2423 3244 Executri-

1363 3257 1430 3278 cem
1445 3245 1608 3284 praetensam
1624 3247 1805 3278 Testamenti
1821 3248 1932 3278 Roberti
1946 3252 2081 3279 Grenacre
2096 3249 2219 3289 Militis,
2234 3261 2269 3282 ex
2292 3262 2345 3282 una
2360 3262 2421 3289 par-

1364 3294 1410 3322 te,
1428 3286 1461 3316 &
1479 3284 1657 3352 [Vrglrelmum
1673 3288 1746 3315 Hert
1761 3284 1866 3316 Civem
1879 3287 1912 3318 &
1926 3287 2013 3318 Baker
2029 3288 2206 3327 Londoniae,
2223 3299 2257 3320 ex
2269 3289 2350 3321 altera
2358 3300 2422 3328 par-

1366 3333 1410 3361 te,
1430 3333 1506 3353 mota
1536 3333 1574 3353 uit

1402 3362 1420 3381 *³
1441 3347 1656 3393 Locumte'nens
1670 3361 1879 3393 Constabularii
1896 3362 1991 3394 Curiae
2000 3364 2102 3395 nostrae
2118 3365 2264 3402 praedicte
2281 3365 2420 3404 quandam
2459 3359 2559 3389 *Vlfl

1364 3400 1553 3437 Sententiam,
1571 3410 1622 3438 pro
1637 3409 1712 3438 parte
1727 3400 1871 3438 praedictae
1884 3401 1994 3432 Idoniae
2015 3402 2191 3434 Executricis
2213 3405 2371 3442 praetenfae,
2387 3405 2421 3436 &
2473 3408 2537 3437 ¹30·

1365 3448 1463 3508 {cntra
1476 3448 1582 3506 paliem
1597 3439 1727 3476 praedieti
1743 3438 1894 3470 Willielmi
1910 3462 1922 3479 ,
1946 3439 2047 3471 tuliffet
2062 3441 2253 3474 Diffinitivam
2272 3443 2365 3473 minus
2375 3443 2424 3482 ju-

1390 3487 1453 3514 am,
1471 3485 1501 3507 ut
1537 3486 1636 3515 icitur,

1402 3515 1429 3545 A
1448 3525 1501 3553 qua
1518 3514 1634 3552 quidem
1648 3514 1809 3557 Sententia,
1816 3525 1870 3553 pro
1886 3525 1961 3554 parte
1969 3517 2098 3555 praedicti
2109 3517 2277 3556 Willielmi,
2295 3518 2329 3549 ad
2337 3518 2424 3556 Nos,

1365 3554 1399 3584 δε
1412 3553 1446 3584 ad
1470 3552 1595 3583 nostram
1610 3552 1789 3583 Audientiam
1806 3576 1817 3592 ,
1838 3554 1970 3591 legitime
1990 3556 2021 3587 sit
2043 3556 2219 3593 Appellatum
2233 3580 2242 3594 ,
2269 3556 2355 3594 sicut,
2375 3566 2424 3593 per

1365 3591 1586 3624 Instrumentum
1602 3590 1770 3629 Publicum,
1786 3591 1866 3628 super
1887 3593 1944 3624 hoc
1963 3593 2150 3633 confectum,
2167 3595 2200 3626 &
2222 3595 2253 3625 in
2276 3593 2423 3626 Cancella-

1368 3632 1408 3662 ria
1421 3629 1515 3660 nostra
1529 3629 1688 3668 ostensum,
1705 3629 1788 3667 plene
1803 3630 1908 3669 liquet,

1402 3668 1500 3707 Qam
1527 3667 1642 3706 quidem
1673 3668 1898 3705 Appellationem
1925 3668 2005 3700 idem
2029 3669 2205 3702 Willielmus
2223 3671 2340 3702 intendit
2354 3694 2364 3710 ,
2392 3681 2422 3708 ut

1366 3705 1456 3738 asserit
1467 3729 1477 3744 ,
1494 3705 1621 3743 prosequi
1633 3716 1702 3737 cum
1720 3704 1842 3744 effectu,

1402 3744 1442 3775 Et
1455 3744 1554 3774 Nobis
1566 3744 1759 3782 supplicaverit
1776 3753 1822 3782 nt,
1839 3744 1918 3782 super
1934 3745 2132 3785 Appellatione
2145 3746 2190 3777 sua
2197 3745 2421 3786 praedictaster-

1366 3782 1535 3851 tosdudicoe
1550 3782 1599 3812 fibi
1614 3782 1747 3822 affignare
1762 3782 1960 3822 dignaremur,

1440 3830 1473 3850 os

1404 3842 1606 3896 Suppiicationi
1621 3858 1766 3896 praedictae
1780 3866 1948 3896 annuentes,
1966 3858 2105 3890 Volentes
2117 3869 2151 3889 ue
2166 3860 2197 3890 in
2212 3859 2266 3891 hac

1368 3897 1446 3935 quod
1460 3895 1502 3926 est
1515 3895 1641 3934 justum,
1657 3906 1691 3927 ac
1704 3896 1741 3928 de
1759 3896 1851 3927 vestris
1868 3896 2015 3928 Fidelitate
2031 3898 2066 3929 &

1369 3935 1433 3966 nius
1450 3933 1644 3972 confidentes,

1407 3972 1515 4011 Vobis,
1533 3971 1669 4012 Septem,
1686 3971 1759 4012 Sex,
1777 3971 1930 4012 Qinque,
1945 3971 2094 4012 Qatuor,
2109 3973 2144 4005 &
2158 3973 2269 4008 Tribus
2283 3973 2430 4052 vestium,

2362 4024 2434 4053 quo-

2342 3872 2358 3893 e
2367 3861 2425 3893 fieri

2118 3898 2351 3937 'icumspec'tione
2366 3900 2427 3939 ple-
