2561 4251
700 121 1498 175 CONVENTIONES,
1546 119 1939 167 LITERAE,

216 154 293 182 202

64 224 195 257 Ann.D.
214 225 316 258 Illustri
335 224 369 256 &
392 219 550 271 Magnifico
570 217 703 258 Principe
720 220 754 251 ὃς
777 218 912 248 Domino
925 240 934 253 ,
959 215 1094 257 Domino
1114 211 1248 255 Jphanaeze
1260 232 1270 246 ‚
1309 205 1405 250 nostra
1428 214 1634 250 quaecumque,
1652 213 1688 236 ex
1709 215 1782 243 una,
1800 206 1834 237 &
1857 205 1949 243 ipsum
1970 204 2224 245 Corisainguineum
2246 204 2378 236 nostrum
2397 201 2474 233 Ann.
2489 201 2532 238 D,

62 271 71 278 ·
84 265 169 304 1386.
212 269 281 302 Rege
293 261 413 302 Castellae
427 272 457 295 (κς
480 262 605 295 Legionis
619 268 652 289 ac
674 258 762 288 Duce
784 255 972 288 Lancastriae,
989 255 1024 284 &
1045 253 1273 294 quibuicumque
1311 244 1498 282 cariffimum,
1517 244 1653 275 Subditos
1673 244 1752 283 suos,
1773 244 1874 283 Regna
1886 245 1920 275 &
1942 243 2081 276 Dominia
2100 246 2146 277 sua
2167 254 2379 283 quaecumque,
2422 241 2508 283 1386.

63 306 116 332 Ric.
135 314 162 333 2-
210 305 278 335 viris
294 301 394 332 inclitis
406 309 439 329 ac
456 298 614 328 Nobilibus
629 299 662 329 &
678 296 805 326 Personis
818 295 877 325 aliis
897 291 1114 331 (cujuscumque
1136 288 1273 326 Dignita·
1311 293 1346 314 ex
1361 284 1552 328 altereparte,
2402 283 2453 310 Ru,
2474 292 2501 311 2,
2529 291 2536 296 -

209 344 261 380 tis,
280 338 424 375 Honoris,
441 335 554 374 Status,
571 338 605 367 ὃς
625 335 810 365 Conditionis
830 331 958 367 existant)
983 329 1188 370 quoscumque
1199 325 1275 356 Tra-
1336 322 1395 366 'Ac
1416 331 1500 353 enam
1525 322 1563 366 de
1580 320 1821 366 modopforma,
1838 320 1872 351 &
1893 319 2048 358 quantitate
2070 321 2194 362 Amulii,
2210 322 2386 353 Subventio-

212 381 318 415 (Status,
339 376 518 414 Alligantias,
537 375 746 405 Annexationes
768 371 896 401 Unionis
909 393 918 408 ,
937 367 1220 403 Confoederationis,
1240 364 1273 394 &
1313 370 1355 390 nis
1376 361 1424 406 seu
1444 360 1582 399 Subsidii,
1604 360 1672 391 hinc
1691 359 1758 390 inde
1772 382 1783 398 ,
1805 368 1938 397 tempore
1961 358 2148 399 neceffitatis,
2173 363 2277 392 mutuo
2301 360 2386 390 mini-

212 416 358 450 Amicitiae
367 439 375 451 ,
391 414 427 444 de
442 415 543 451 quibus
556 413 660 443 eisdem
670 410 903 441 procuratoribus
917 407 1018 441 nostris
1030 406 1168 438 videbitur
1177 427 1184 440 ,
1203 402 1274 433 No-
1314 399 1436 439 strandi,
1752 436 1758 443 .
1830 436 1836 442 ·

209 458 286 487 mine
301 456 334 485 δε
350 453 424 483 Vice
440 452 532 482 nostr-3
542 475 550 489 ,
570 452 649 488 {uper
662 449 807 480 Gentibus
822 448 981 478 Armorum
998 448 1031 478 &
1055 445 1078 475 F
1081 443 1224 479 lecheriiS‚
1239 439 1275 484 ad
1335 477 1342 483 .
1352 439 1371 456 *²
1386 437 1475 483 Εςρε
1488 437 1814 482 Communicationibus
1828 444 1900 467 inter
1914 434 2066 475 Subdstos,
2079 436 2148 468 hinc
2162 437 2247 476 inde,
2263 439 2293 468 in
2302 436 2384 468 Mer·
2400 439 2416 456 ⁶
2435 443 2504 471 V11.

212 494 299 530 Nos,
317 491 352 522 ad
375 490 521 523 Auxilium
542 489 724 527 nostrorum,
744 487 888 517 mittendis
904 511 913 524 ,
931 486 981 516 sub
1003 484 1127 521 Modis',
1147 481 1277 517 Formis,
1315 486 1449 507 cimoniis
1463 477 1496 508 ὅ(
1509 477 1566 507 aliis
1581 476 1666 508 licitis
1680 476 1779 507 secure
1794 473 1946 514 faciendis,
2401 486 2467 515 520,

210 531 481 567 Conventionibus,
498 527 738 564 Conditionibus,
755 526 1006 566 obligationibus,
1021 521 1224 557 PaCtionibus,
1242 517 1278 547 de
1352 514 1485 559 Necnon
1505 515 1585 560 super
1603 514 1739 560 omnibus
1760 515 1794 545 &
1816 514 1929 553 singulis
1951 513 2104 552 Articulis,
2121 521 2386 554 quantumcumque

211 571 311 609 quibus
325 570 363 599 eis
376 568 532 604 videbitur,
1315 553 1497 598 specialibus,
1523 564 1572 592 qui
1596 554 1699 591 Ligas,
1726 552 2000 584 Confoederationes
2013 576 2024 592 ,
2047 552 2093 583 seu
2113 551 2262 583 Amicitias
2276 578 2287 592 ‚
2311 555 2384 585 inter

248 608 380 638 Necnon
402 604 599 637 Contrahendi
621 612 755 635 mutuum
778 603 812 634 δε
834 605 938 634 mutuo
961 598 1132 640 Recipiendi
1145 622 1155 638 ‚
1173 594 1278 640 eisdem
1316 592 1385 622 Nos
1403 593 1436 623 &
1458 593 1548 632 ipsum
1573 591 1828 636 Consangiiineum
1850 591 1982 622 nostrum
2004 591 2180 623 carissimum
2207 590 2357 623 firmandas
2373 617 2383 632 ‚

211 646 351 677 Nomine
365 647 398 676 ἃ
415 645 505 681 Vice,
521 653 590 675 cum
605 644 637 674 &
653 652 669 672 a
683 642 910 681 quibuscumque
924 641 1072 680 Perlonis,
1090 638 1140 668 sub
1160 635 1278 678 quibus·
1315 640 1489 675 concernere
1517 639 1653 668 poterunt
1680 640 1783 675 quovis
1812 630 1904 661 modo
1917 654 1926 668 ,
1959 640 2030 661 cum
2051 640 2153 662 eorum
2172 629 2361 662 incidentibus
2376 655 2387 671 ,

209 696 279 716 cum
301 696 336 716 ue
356 683 585 722 Obligationibus
600 705 609 720 ,
635 680 889 712 Conventionibus
903 702 913 719 ,
937 679 1107 711 Unionibus
1120 699 1131 714 ,
1163 673 1277 716 Paetis,
1316 670 1541 715 emergentibus,
1557 669 1800 707 dependentibus,
1817 668 1851 699 &
1866 670 2021 707 connexis,

211 723 281 755 Con
304 724 448 760 itionibus,
467 722 524 752 illas
547 721 737 752 Pecuniarum
762 719 957 759 Qantitates,
976 727 1040 756 quae
1061 726 1115 754 pro
1138 711 1279 744 solvendis
1324 747 1339 754 »-
1354 708 1400 739 Ac
1420 719 1537 747 omnia,
1554 718 1618 752 quae
1637 707 1843 752 sic-Traeiata,
1860 705 2061 744 Concordata,
2085 708 2119 738 &
2143 707 2298 738 Conventa
2321 707 2384 738 fue-

212 763 357 793 Gentibus
372 762 532 792 Armorum
548 761 581 791 ὃ(
597 759 765 796 Flecberiis,
784 769 818 789 ac
833 757 1039 796 aliis-Negotiis
1055 753 1279 789 nostris&prae-
1316 754 1390 785 rint,
1408 757 1476 793 cum
1497 756 1581 778 omni
1600 747 1762 784 securitate,
1777 745 1875 776 debita
1895 747 1929 778 ὅ(
1947 745 2083 784 honesta,
2100 747 2129 776 in
2144 745 2202 777 hoc
2219 746 2281 777 casu
2294 771 2304 784 ,
2324 745 2386 776 Fir-

211 801 356 831 diciorum
380 799 552 840 Regnorum
572 798 736 828 nostrorum
758 793 887 837 gere'ndis
911 806 962 835 per
973 805 1039 834 eos,
1057 802 1141 824 erunt
1155 789 1280 822 necessa·
1318 786 1430 825 mandi,
1479 828 1484 832 ι
1710 825 1715 829 ¹

211 841 261 870 riae
276 841 321 870 seu
336 840 421 870 eriam
434 846 602 876 oportunae,
1353 825 1601 864 Consimilemque
1618 824 1803 856 Securitatem
1814 847 1823 861 ,
1852 833 1905 861 pro
1924 822 2025 853 Nobis
2047 822 2080 853 ὅ(
2102 821 2239 854 Nomine
2259 822 2360 854 nostro
2375 848 2385 862 ‚

248 877 414 917 EtJurandi
426 878 457 908 ὃ(
471 875 659 907 promittendi
673 875 701 905 in
720 875 855 905 Animam
873 873 1001 904 nostram
1023 869 1103 911 quiid
1124 868 1194 899 Nos
1214 877 1280 897 om-
1318 863 1690 908 Peteridi,·8tipuiaridi,h&
1710 862 1897 900 Recipiendi,

211 917 257 947 nia
273 919 307 948 &
330 917 451 955 lingula,
471 925 520 953 per
538 924 588 945 eos
605 914 756 952 Tractat-a,
775 914 861 950 inita,
879 911 1081 947 concordata,
1100 909 1133 940 &
1157 907 1280 938 firmata
1351 902 1526 942 jurandique
1545 913 1574 947 in
1599 902 1737 933 Animam
1751 901 1878 932 nostram
1894 901 1975 939 quod
1990 899 2144 938 Trastata,
2161 898 2331 939 Conventa,
2351 901 2385 932 &

211 965 282 986 cum
298 955 354 994 eis,
371 956 566 992 Tenebimus,
581 955 615 985 &
630 952 871 991 Obiervabimus,
889 952 922 982 δε
937 952 967 980 in
982 950 1060 980 nullo
1069 946 1280 979 Contravenie-
1318 940 1505 986 Concordata
1525 941 1686 980 hujusmodi
1706 939 1780 970 Rata
1799 940 1968 971 habebimus
1994 939 2028 970 ὃς
2057 937 2148 969 Grata
2159 963 2168 976 ,
2198 947 2253 968 nec
2280 939 2386 978 aliquid

210 1003 291 1032 mus,
1318 982 1532 1018 procurabimus
1553 980 1598 1010 vel
1619 979 1754 1010 faciemus
1767 1003 1776 1017 ,
1809 988 1859 1017 per
1882 979 1961 1017 quod
1982 978 2118 1008 Tractata
2138 978 2172 1009 &
2202 975 2388 1009 Concordata

248 1032 286 1063 Et
307 1032 473 1070 generaliter
492 1031 590 1062 omnia
608 1029 660 1060 alia
679 1030 713 1061 &
733 1028 837 1059 siiietula
859 1026 990 1059 Faciendi
1006 1050 1016 1064 ,
1033 1023 1207 1061 Tractandi,
1225 1020 1279 1052 Pa·
1317 1019 1478 1064 hujusmodi
1492 1018 1599 1050 effectu
1611 1018 1712 1050 debito
1725 1017 1851 1048 frustrari
1865 1026 2002 1055 porerunt
2022 1015 2068 1047 seu
2091 1016 2314 1056 quomodolibet
2332 1018 2388 1047 im-

209 1071 348 1109 ciscendi,
366 1072 400 1102 &
412 1068 619 1102 Concordandi
635 1078 700 1107 quae
722 1069 750 1099 in
773 1054 923 1099 Praemiffis
946 1067 980 1098 &
995 1066 1073 1096 circa
1085 1061 1230 1094 Praemiffa
1243 1062 1277 1092 &
1318 1059 1427 1097 pediti,
1760 1095 1765 1101 ¹

210 1110 425 1141 Praemissbrum
441 1108 590 1148 quodlibet
604 1107 754 1138 necessaria
769 1106 873 1138 fuerint
888 1106 934 1136 seu
949 1105 1035 1135 etiarn
1049 1110 1203 1141 oportuna.
1333 1136 1338 1141 .
1355 1097 1402 1128 Ac
1421 1096 1622 1140 Juramenturn
1645 1094 1794 1139 consimile
1815 1094 1852 1125 ab
1870 1093 1975 1125 eodem
1989 1093 2210 1133 Consanguineo
2224 1093 2324 1125 nostro
2340 1104 2388 1126 ca·

64 1174 85 1194 ,ἒ
249 1148 363 1186 Insuper
377 1148 447 1179 Nos
462 1157 574 1178 exnunc
590 1146 794 1184 Approbamus
806 1145 840 1176 &
857 1143 1044 1175 Ratificamus
1055 1141 1154 1172 omnia
1168 1139 1202 1170 δε
1224 1137 1279 1168 sin·
1317 1135 1444 1174 risfimo,
1463 1135 1507 1166 seu
1531 1145 1588 1174 ejus
1606 1134 1774 1179 Deputatis,
1792 1133 1928 1171 Petendi‚
1946 1131 2106 1176 Erigendi,
2124 1133 2158 1165 &
2173 1133 2368 1172 Recipiendi,

103 1177 170 1204 VII.
212 1188 277 1227 gum
290 1187 443 1225 Tra-fiam,
463 1190 478 1204 ar
497 1186 587 1224 Inita,
606 1183 810 1222 concordata,
829 1184 863 1215 &
885 1183 1021 1214 hactenus
1041 1181 1147 1210 mutuo
1162 1178 1279 1214 Recep-
1338 1173 1528 1220 'Caeteraqu'e
1548 1184 1652 1218 omma.
1670 1174 1704 1204 &
1727 1172 1830 1217 singula
1849 1171 2000 1208 Faciendi,
2024 1170 2186 1202 Exercendi
2235 1172 2270 1203 &
2289 1171 2385 1210 Expe-

63 1224 82 1252 5
88 1224 129 1250 ¹9·-
211 1235 256 1264 ta,
276 1227 311 1256 δε
325 1226 390 1256 alias
405 1225 682 1264 quomodocumque
697 1222 807 1261 Gesta,
824 1221 982 1252 Honorem
998 1221 1032 1252 &
1047 1218 1212 1249 Utilitatem
1225 1225 1279 1246 no-
1315 1211 1412 1244 diendi
1429 1223 1492 1252 quae
1507 1223 1534 1243 in
1549 1211 1700 1244 Praemiffis
1716 1212 1748 1243 &
1761 1220 1836 1242 circa
1849 1221 1881 1242 ea
1896 1210 2046 1241 necessaria
2070 1210 2172 1240 fuerint
2192 1196 2239 1241 seu
2258 1220 2385 1249 quomo—

211 1264 282 1296 stros
295 1275 328 1296 ac
345 1264 516 1303 Regnorum
532 1262 699 1293 nostrorum
712 1262 928 1299 concernentia,
947 1269 997 1299 per
1013 1257 1144 1298 praefatos
1166 1255 1279 1286 Procu-

211 1311 318 1335 ratores
332 1303 447 1334 nostros
459 1304 492 1334 δε
507 1311 610 1332 eorum
625 1299 781 1337 quemlibet
800 1299 947 1338 hucusque
969 1305 1089 1337 quoquo
1107 1295 1217 1334 modo,
1235 1303 1280 1324 ea*

211 1352 268 1380 que
283 1342 385 1380 (Rata,
403 1341 509 1378 Grata,
526 1350 610 1379 atque
624 1339 719 1369 Firma
731 1338 877 1375 habentes)
899 1336 1093 1376 promittimus
1112 1333 1279 1371 observare,

212 1383 247 1414 &
262 1389 362 1412 contra
375 1391 406 1411 ea
419 1380 575 1411 nullatenus
590 1379 749 1416 contraire,

251 1419 289 1451 Et
308 1420 345 1450 de
368 1419 494 1454 Mutuis,
515 1427 565 1455 per
589 1428 638 1448 eos
657 1417 692 1447 &
713 1414 872 1455 quemlibet
885 1423 988 1445 eorum
1002 1413 1138 1451 receptis,
1156 1409 1279 1449 plenarie

213 1457 383 1495 satisfacere,
401 1458 451 1488 sub
471 1457 586 1494 Poenis,
606 1455 840 1493 Obligationibus
853 1478 863 1493 ,
879 1451 1148 1489 Conventionibus,
1166 1449 1280 1480 Paeiio-

213 1498 315 1536 nibus,
332 1496 450 1534 Modis,
470 1497 503 1527 &
526 1496 652 1532 Formis,
670 1503 719 1533 per
738 1503 787 1524 eos
806 1494 840 1525 &
861 1492 1019 1531 quemlibet
1039 1498 1141 1522 eorum
1162 1488 1280 1526 habitis,

214 1536 353 1574 tractatis,
372 1536 462 1572 initis,
480 1533 681 1571 concordatis,
699 1534 734 1565 &
747 1532 877 1570 firmatis,

252 1574 465 1606 Renunciantes
502 1575 531 1603 in
547 1573 702 1611 praedictis,
722 1572 756 1607 δε,
769 1572 844 1602 circa
860 1569 994 1608 praedieta
1013 1568 1048 1600 &
1068 1576 1170 1598 eorum
1187 1563 1281 1604 quod-

217 1614 301 1651 libet,
321 1614 458 1644 omnibus
471 1597 715 1650 Exceptionibus,
731 1610 790 1641 tam
804 1609 896 1649 Juris,
913 1609 1000 1647 quarn
1022 1606 1119 1644 Facti,
1139 1613 1204 1644 quae
1225 1613 1281 1634 no-

217 1653 260 1683 bis
273 1657 442 1691 eompetunt
457 1651 502 1682 vel
518 1659 683 1688 competere
697 1648 813 1687 possunt
828 1646 1049 1687 quomodolibet
1064 1646 1093 1675 in
1114 1644 1263 1681 futurum,

257 1691 328 1721 Nos
349 1691 432 1721 etiam
453 1699 564 1720 exnunc
585 1689 723 1719 habemus
742 1689 776 1719 &
796 1687 900 1717 habere
927 1685 1126 1716 Promittimus
1149 1682 1256 1713 Rarum
1272 1705 1282 1720 ,

219 1729 363 1767 Gratum,
381 1731 414 1760 &
429 1729 557 1759 Firmum
573 1726 725 1766 quicquid,
742 1735 792 1765 per
813 1724 986 1765 supradietos
1005 1723 1208 1754 Procuratores
1230 1730 1282 1751 no-

218 1767 307 1806 stros,
325 1770 359 1801 &
376 1777 477 1798 eorum
493 1767 664 1805 quemlibet,
682 1764 768 1804 usque
779 1774 872 1802 nunc,
889 1763 1017 1801 Aetum,
1034 1759 1281 1798 Tractatum‚ln-

219 1808 307 1845 itum,
333 1806 571 1843 Concordatum,
596 1806 752 1835 Firmatum
766 1827 776 1843 ,
801 1803 834 1835 &
857 1801 982 1833 Gestum
1004 1801 1057 1832 fuit
1072 1825 1082 1839 ,
1100 1799 1136 1830 de
1158 1808 1282 1838 caetero,

216 1855 267 1884 per
283 1846 394 1876 Ambos
407 1845 486 1875 simul
500 1845 599 1881 pariter
613 1843 712 1881 fuerit,
730 1844 760 1873 iii
773 1842 916 1879 futurum,
931 1849 963 1872 ut
977 1839 1142 1879 praefertur,
1160 1839 1189 1869 in
1204 1837 1283 1868 Prae-

218 1883 304 1914 miffis
320 1910 328 1923 ,
348 1885 381 1915 &
403 1883 619 1914 Praemifforum
643 1881 797 1921 quolibet,
815 1881 849 1913 &
871 1881 947 1911 circa
969 1889 1001 1910 ea
1015 1903 1025 1917 ,
1043 1878 1090 1909 seu
1112 1877 1167 1908 alio
1191 1876 1283 1908 modo

217 1923 365 1960 quolibet,
380 1930 579 1962 procuratum,
596 1921 647 1952 sub
662 1921 814 1959 Ypotheca
829 1920 863 1951 &
878 1918 1064 1958 Obligatione
1072 1916 1221 1948 Bonorum
1229 1926 1284 1946 no—

217 1962 341 1993 strorum
355 1963 388 1993 &
404 1961 574 2000 Regnorum
589 1960 809 1998 praedictorum,
827 1958 962 1988 omnium
985 1956 1163 1996 praesentium
1188 1956 1222 1987 &
1237 1955 1283 1986 fu-

217 2009 347 2032 turorum
357 2026 365 2039 ‚
385 2011 451 2039 quae
465 2000 498 2029 ad
514 2000 572 2030 hoc
588 1999 739 2037 specialiter
752 1999 785 2029 ὃ(
799 1996 924 2035 expresse
940 1995 1124 2033 obligamus.

256 2039 288 2069 In
311 2049 434 2078 quorum
457 2037 673 2069 Testimonium
698 2037 844 2075 praesentes
868 2036 986 2066 Litteras
1007 2033 1113 2064 nostras
1126 2056 1136 2072 ‚
1154 2042 1206 2071 per
1227 2042 1282 2062 no-

219 2077 309 2109 strum
325 2078 481 2109 Notarium
499 2077 652 2107 Publicum
668 2075 893 2113 insi-ascriptum,
912 2073 971 2104 fieri
986 2074 1019 2105 ὅ(
1035 2072 1171 2111 publicari
1196 2071 1285 2102 Man-

218 2117 362 2154 davimus,
380 2116 525 2154 nostrique
541 2115 628 2155 Sigilli
644 2115 763 2146 fecimus
778 2114 948 2152 appeniione
965 2112 1080 2143 muniri.

258 2156 326 2186 Dat.
341 2157 375 2187 &
391 2156 463 2186 Aeta
477 2156 504 2184 in
519 2158 643 2184 civitate
657 2153 747 2192 nostra
762 2151 966 2192 Columbrienfi,
987 2149 1113 2182 Decima
1126 2148 1224 2188 quinta
1238 2147 1284 2179 die

218 2194 326 2226 Mensis
340 2195 461 2232 Aprilis,
480 2193 516 2223 de
531 2193 622 2223 Anno
641 2192 805 2224 Nativitatis
823 2190 943 2221 Domini
962 2189 1120 2220 Millesimo
1155 2188 1286 2218 Trecen-

216 2235 336 2271 tesimo,
354 2232 558 2278 Ostuagesimo
575 2233 693 2271 quinto,
709 2231 759 2262 sub
773 2229 845 2261 AEra
860 2229 1031 2267 Millesima,
1050 2229 1118 2268 Qia
1139 2228 1284 2266 ringente-

218 2274 303 2313 sima,
322 2272 466 2304 Vicesima
480 2270 576 2310 tertia,

653 2347 840 2378 Praesentibus
848 2370 858 2385 ,

254 2426 429 2458 Reverendo
443 2427 472 2456 in
485 2424 605 2456 Christo
622 2425 705 2456 Patre
718 2434 751 2456 ac
767 2423 902 2455 Domino
912 2446 921 2463 ,
936 2422 1071 2453 Domino
1086 2420 1220 2460 Johanne
1240 2421 1283 2449 Ε-

212 2466 311 2506 pistopo
328 2465 468 2506 Elborenfi
478 2489 487 2502 ,

255 2503 434 2542 Gundiffizlvo
451 2504 581 2533 Menena'i
595 2503 631 2534 de
644 2501 851 2540 Vasconcellis,

258 2546 386 2572 Martini)
401 2543 432 2572 de
448 2542 584 2579 Merloco,

258 2581 401 2612 Militibus
409 2604 419 2619 ,

257 2620 354 2657 Egrdio
370 2620 401 2648 de
415 2619 512 2657 Sensit,

257 2658 391 2697 Johanne
405 2659 436 2687 de
449 2655 573 2693 Regrelis,

258 2697 298 2728 Et
312 2699 440 2726 Martia-0
456 2695 585 2735 Alfonfi,

256 2736 369 2775 Legum
385 2734 583 2771 Doctoribus,

257 2774 295 2806 Et
311 2775 369 2804 aliis
384 2774 519 2804 Testibus
534 2772 568 2803 ad
583 2770 728 2802 Praemissa
745 2771 850 2802 vocatis
864 2769 1016 2808 specialiter
1032 2769 1061 2799 ἃ
1082 2769 1204 2807 rogatis,

1317 1252 1427 1283 dolibet
1441 1261 1599 1291 oportuna,
1617 1261 1650 1282 ac
1663 1261 1728 1290 quse
1742 1251 1857 1289 qualitas
1871 1251 1904 1282 ὃς
1922 1259 2017 1281 natura
2031 1248 2195 1288 hujusmodi
2209 1250 2317 1289 negotii
2327 1251 2387 1280 exi-

1316 1300 1387 1330 gunt
1401 1293 1434 1323 &
1450 1292 1614 1329 requirunt,
1633 1299 1665 1320 ac
1679 1299 1745 1328 quae
1759 1288 1939 1327 Nosmetipsi
1952 1289 2045 1319 facere
2059 1287 2204 1326 poffemus
2219 1287 2238 1318 si
2255 1289 2388 1326 persona-

1316 1331 1380 1361 liter
1399 1330 1610 1368 intereisemus‚
1629 1330 1713 1359 etiam
1732 1328 1751 1359 fi
1772 1328 1836 1359 talia
1857 1327 1952 1359 forent
1974 1337 2038 1366 quae
2057 1325 2223 1358 mandatum
2243 1327 2390 1368 exigerent

1319 1378 1588 1409 quantumcumque
1601 1368 1734 1406 speciale,

1356 1408 1448 1447 Ipsos,
1467 1407 1645 1446 Ricardum,
1659 1407 1842 1445 johannem,
1860 1405 1894 1436 &
1914 1403 2092 1443 Ricardum,
2107 1404 2141 1435 &
2161 1403 2246 1434 Duos
2269 1413 2389 1444 eorum,

1317 1447 1464 1485 legitimos
1476 1446 1587 1477 nostros
1602 1447 1635 1477 δε
1651 1444 1822 1476 indubitatos
1837 1444 2055 1481 Procuratores,
2073 1441 2277 1480 Negotiorum
2292 1442 2388 1482 gesto-

1318 1496 1361 1516 res
1375 1509 1385 1524 ,
1411 1485 1632 1516 Commiflarios
1645 1508 1655 1523 ,
1679 1484 1855 1521 Deputatos,
1879 1483 1912 1513 &
1935 1482 1970 1513 N
1973 1483 2071 1513 uncios
2089 1482 2219 1520 speciales
2240 1481 2389 1521 Facimus,

1319 1524 1475 1563 Creamus,
1494 1524 1683 1560 ordinamus,
1702 1524 1735 1554 ὅ(
1749 1521 1961 1553 Constituimus
1974 1531 2023 1560 per
2038 1520 2210 1558 Praesentes,

1358 1562 1577 1601 Promittentes,
1595 1561 1672 1593 bona
1686 1560 1759 1599 fide,
1775 1562 1809 1593 &
1826 1559 1927 1591 Verbo
1943 1560 2061 1598 Regio,
2077 1569 2110 1591 ac
2123 1559 2174 1590 sub
2187 1558 2340 1598 Ypotheca
2355 1559 2391 1591 &

1320 1601 1506 1642 Obligatione
1518 1601 1651 1632 omnium
1667 1600 1815 1631 Bonorum
1830 1598 2012 1637 nostrorum,
2030 1597 2209 1638 praesentium
2224 1599 2258 1630 &
2277 1598 2390 1630 futuro-

1320 1651 1402 1680 rum,
1420 1640 1489 1671 Nos
1509 1641 1620 1671 Rarum
1640 1640 1674 1670 &
1695 1637 1820 1669 Gratum
1842 1639 1981 1676 perpetuo
2001 1637 2146 1669 habituros
2164 1637 2303 1676 quicquid
2340 1646 2391 1676 per

1320 1680 1415 1711 dictos
1440 1677 1773 1721 Procuratores-nostros
1794 1677 1840 1707 vel
1862 1676 1947 1707 Duos
1960 1686 2080 1716 eorum,
2098 1676 2208 1714 Actum
2219 1699 2229 1714 ,
2245 1661 2392 1715 Gesium,

1321 1720 1367 1750 seu
1382 1719 1569 1750 Procuratum
1586 1717 1712 1747 fueritin
1729 1714 1891 1754 praemiflis,
1908 1715 1942 1745 &
1955 1714 2065 1754 singulis
2086 1714 2312 1753 praemifforum:
2332 1715 2392 1746 aliis

1322 1757 1468 1803 Mandatis
1479 1757 1526 1788 seu
1541 1755 1747 1787 Procuratoriis
1762 1753 1863 1786 nostris
1878 1754 1908 1784 in
1921 1753 1971 1785 suo
1984 1752 2191 1785 nichilominus
2211 1754 2320 1786 robore
2338 1753 2392 1785 du-

1322 1806 1427 1828 raturis.

1360 1835 1396 1866 In
1411 1836 1490 1874 cujus
1503 1835 1543 1866 rei
1557 1832 1776 1865 Testimonium
1790 1832 1838 1863 has
1859 1831 1968 1863 Literas
1989 1829 2098 1863 nostras
2117 1829 2180 1861 fieri
2199 1829 2320 1863 fecimus
2339 1829 2395 1862 Pa-

1321 1883 1430 1914 tentes,
1448 1873 1538 1914 Sigilli
1553 1872 1656 1913 Magni
1668 1871 1843 1911 appositione
1859 1871 2060 1903 communitas.

1360 1951 1429 1983 Dat.
1449 1952 1478 1982 in
1501 1950 1611 1981 Palatio
1633 1949 1721 1991 nostro
1742 1948 1849 1989 Wstm.
1876 1946 2065 1979 Duodecimo
2086 1946 2133 1978 die
2155 1945 2276 1986 Aprilis,
2304 1946 2394 1978 Anno

1324 1990 1424 2030 Regni
1438 1990 1529 2022 nostri
1543 1990 1650 2021 Nono.

1361 2068 1431 2099 Post
1455 2068 1518 2100 haec
1539 2067 1626 2107 Nos,
1646 2066 1872 2103 Ambasiatores,
1891 2063 2111 2102 Commissarii,
2133 2063 2168 2095 &
2189 2062 2395 2094 Procuratores

1324 2108 1487 2146 supradicti,
1504 2107 1627 2138 fecimus
1640 2107 1673 2138 ὃ(
1687 2104 1885 2144 praestitimus,
1905 2104 2042 2135 Nomine
2055 2102 2125 2134 dieti
2140 2101 2265 2133 Domini
2289 2102 2394 2142 Regis,

1325 2148 1359 2178 &
1376 2148 1404 2177 iri
1420 2147 1556 2177 Animam
1569 2146 1667 2184 ipsiuS,
1683 2145 1898 2176 Sacramentum
1914 2142 2078 2181 corporale,
2095 2141 2130 2172 ad
2150 2140 2252 2173 Sandh
2275 2140 2333 2171 Dei
2354 2139 2397 2171 E-

1324 2186 1471 2224 vangelia,
1491 2187 1521 2215 in
1534 2184 1680 2224 praesentia
1696 2182 1902 2222 praedkstorum
1918 2181 2190 2213 Commissariorum
2205 2180 2238 2211 δε
2254 2177 2397 2210 Procura-

1326 2233 1423 2255 torum
1444 2225 1514 2255 dieii
1536 2225 1623 2264 Regis
1648 2223 1783 2261 Angliae,
1811 2222 1846 2252 ad
1867 2220 2099 2252 Custodiendum
2119 2219 2268 2257 praesentes
2288 2217 2372 2258 Ligas
2387 2242 2398 2258 ,

1327 2262 1616 2301 Confoederationes,
1632 2262 1785 2299 Uniones,
1804 2261 1838 2292 &
1856 2260 2023 2298 Amicitias,
2042 2267 2158 2289 necnon
2173 2256 2350 2288 Tenendum
2363 2257 2398 2288 &

1326 2302 1545 2340 Complenduin
1568 2301 1678 2333 easdem
1697 2302 1725 2330 in
1751 2300 1889 2331 omnibus
1910 2297 2028 2329 firmiter
2042 2299 2075 2330 &
2089 2296 2232 2336 legaliter,
2254 2297 2310 2328 fine
2322 2296 2397 2327 frau-

1325 2342 1361 2373 de
1398 2341 1474 2372 malo
1490 2342 1623 2381 ingenio,
1639 2341 1673 2371 &
1687 2339 1806 2370 fiestione
1821 2336 2055 2376 quibuscumque.

1363 2365 1401 2450 ssu·
1410 2389 1534 2418 quorum
1547 2378 1765 2410 Testimonium
1776 2377 1873 2417 Sigilla
1893 2375 1988 2407 nostra
2005 2375 2120 2414 propria
2138 2373 2326 2405 Praesentibus
2346 2381 2397 2411 ap-

1346 2430 1364 2451 o
1376 2429 1477 2450 uimus.

1325 2430 1344 2459 p
1365 2459 1439 2489 Data
1459 2457 1532 2496 apud
1553 2454 1708 2496 erndefiire
1732 2465 1812 2486 nono
1835 2454 1881 2485 die
1904 2452 2012 2484 Mensis
2035 2452 2136 2492 Maii,
2157 2452 2247 2483 Antio
2269 2449 2398 2482 Domini

1327 2497 1502 2535 Millefimo,
1521 2495 1756 2533 Trecenteiimo,
1774 2493 1967 2532 Ostogesimo
1980 2492 2087 2530 Sex103

1760 2570 1795 2602 In
1809 2570 1976 2609 Praesentia,

1368 2651 1579 2683 Venerabilium
1592 2650 1620 2680 in
1637 2645 1758 2680 Christo
1772 2647 1906 2686 Parrum,
1925 2646 2124 2678 Dominorum
2137 2668 2147 2683 ,

1369 2693 1411 2722 W
1411 2690 1514 2721 illielmi
1534 2692 1702 2727 lVintoniae,

1366 2730 1509 2769 Johannis
1525 2728 1683 2766 Dunolmii,

1369 2768 1485 2799 Walteri
1505 2771 1662 2798 coventriae
1682 2763 1720 2801 &⁶
1734 2763 1900 2805 Lichftldiae
1911 2787 1921 2802 ,

255 2851 291 2882 Et
313 2861 385 2888 me,
408 2851 542 2890 Johamle
564 2847 769 2887 cozumbri-anfi,
795 2846 1121 2884 Pub1i00,aun01·imte
1139 2844 1286 2881 supradicti
1368 2808 1599 2884 {5¹2¹Jcopomm‘

221 2889 346 2921 Domini
366 2891 475 2928 Regis,
494 2891 522 2919 in
549 2887 678 2919 universo
700 2886 861 2924 Dominio,
879 2887 906 2915 in
930 2895 988 2923 quo
1006 2884 1080 2914 dicia
1103 2882 1213 2914 Civitas
1225 2882 1287 2913 Co-
1369 2885 1527 2915 Nobilium
1543 2881 1701 2921 Virorum,

223 2930 400 2960 lunibriensis
415 2928 560 2965 conlistit,
577 2925 711 2957 Generali
725 2925 896 2955 Tabellione
912 2924 957 2954 seu
975 2922 1122 2960 NotariO,
1371 2923 1592 2960 Dominorum‚

261 2968 323 3006 Qi
345 2967 497 2998 Praemissis
514 2965 650 2996 omnibus
673 2965 707 2995 ὃ(
724 2962 852 3003 singulis,
869 2963 959 3001 dum,
977 2971 1009 2992 ut
1021 2961 1220 3001 praemittitur,
1238 2969 1288 2998 per

222 3005 415 3043 supradieium
431 3006 597 3035 Dominum
614 3003 727 3042 Regem
742 3010 890 3039 agerentur
907 3003 939 3033 δε
963 3000 1215 3036 constituerentur,
1234 3000 1290 3028 una

222 3054 292 3074 cum
314 3044 396 3074 distis
416 3044 552 3075 Testibus
566 3066 575 3081 ,
601 3043 717 3080 praesens
739 3041 778 3071 fui
793 3064 802 3078 ,
827 3042 860 3072 &
879 3040 915 3070 de
937 3039 1077 3069 Mandato
1098 3038 1221 3077 ejusdem
1242 3037 1290 3067 has

223 3082 370 3121 praesentes
385 3083 577 3114 Procuratorii
594 3081 714 3111 Litteras
731 3079 843 3117 proprisi
860 3078 951 3108 Manu
966 3078 1075 3115 scripsi,

261 3121 299 3152 Et
321 3122 443 3159 superius
464 3120 640 3151 interlineavi
662 3119 750 3149 verba
769 3116 871 3147 omiss'a
893 3118 921 3147 in
943 3127 1003 3148 uno
1024 3117 1092 3146 loco
1112 3114 1161 3145 ubi
1189 3113 1291 3152 legitur

224 3159 466 3198 Corsfoederationis
479 3161 513 3190 ἃ
529 3161 557 3188 in
571 3158 626 3188 alio
641 3159 691 3187 ubi
705 3157 803 3195 legitur
820 3167 896 3185 nunc.
1182 3164 1199 3181 ο

226 3237 242 3268 s
261 3198 409 3238 §.guoque
422 3208 489 3229 meo
505 3197 588 3228 solito
601 3196 705 3236 iignavi
721 3197 750 3225 in
766 3194 866 3225 Fidem
881 3195 913 3226 δε
929 3192 1145 3224 Testimonium
1160 3189 1293 3221 Praemis—

237 3248 341 3276 orum,

264 3316 367 3346 sancia
388 3317 486 3344 Maria
503 3313 637 3344 intercede
650 3320 700 3351 pro
719 3321 768 3340 me.

228 3406 324 3438 Tenor
352 3413 457 3436 autem
481 3399 633 3444 Potestatis
653 3399 709 3444 seu
733 3399 939 3431 Procuratorii
963 3422 972 3438 ,
1002 3407 1054 3442 per
1084 3397 1293 3428 Procuratores

272 3456 308 3492 a*
327 3450 544 3495 Commiffarios
562 3452 687 3482 Domini
705 3450 793 3493 Regis
808 3446 924 3492 Angliae
943 3443 1072 3477 exhibiti
1088 3442 1140 3483 (de
1158 3453 1215 3488 quo
1235 3441 1299 3485 su·

268 3505 371 3548 perias
392 3503 501 3531 mentio
517 3495 700 3540 habebatur)
708 3496 867 3542 sequitur,
896 3496 932 3532 ὠ·
950 3491 988 3535 est
1004 3493 1086 3525 talis.

227 3596 468 3655 RIcHARDus,
494 3592 552 3624 Dei
571 3591 672 3624 Gratia
687 3615 697 3629 ‚
729 3590 799 3621 Rex
822 3588 972 3620 ANoLrAE
993 3589 1026 3619 δε
1050 3587 1235 3630 FRANcrtfi„
1260 3584 1294 3615 &

304 3634 450 3665 Dominus
471 3631 642 3669 Hiberniae,
668 3630 814 3661 Omnibus
832 3652 842 3667 ‚
865 3627 901 3659 ad
925 3637 997 3666 quos
1017 3625 1165 3664 praesentes
1189 3623 1294 3654 Literae

231 3674 427 3711 pervenerint,
445 3671 579 3701 Salutem.

269 3711 302 3739 N
312 3719 393 3742 οτι]
404 3719 432 3741 Μ
456 3710 573 3739 facimus
588 3708 669 3738 vobis
683 3705 763 3744 quod
773 3729 782 3744 ,

270 3747 318 3779 De
334 3749 493 3786 Fidelitate,
511 3745 668 3784 industria,
686 3747 718 3776 &
735 3742 1005 3780 Circumspeffione
1020 3739 1163 3779 providis,
1174 3737 1295 3768 dilecto-

232 3795 296 3816 rum
319 3787 352 3817 &
372 3787 511 3817 Fidelium
530 3784 713 3821 nostrorum,
730 3783 841 3811 Ricardi
860 3780 1043 3819 Abberbury‚
1059 3778 1200 3819 Johannis
1213 3775 1296 3806 clau-

231 3835 332 3861 vowe,
351 3824 500 3862 Militum,
519 3825 552 3855 &
575 3821 705 3861 Magistri
727 3820 839 3850 Ricardi
857 3818 977 3848 Rouhale
998 3819 1113 3858 Legum
1135 3814 1295 3853 Doctoris,

233 3861 391 3900 plenissime
403 3861 576 3892 confidentes
585 3883 595 3899 ‚

270 3900 318 3930 Ad
338 3900 533 3930 TraCtandurn
549 3922 558 3937 ,
584 3896 829 3929 Conveniendum
844 3917 854 3934 ,
876 3896 910 3926 &
932 3893 1180 3927 Concordandum
1200 3901 1269 3922 cum
1284 3914 1294 3929 ,

231 3938 386 3969 Nobili&
402 3938 515 3968 Potenti
529 3938 677 3976 Principe,
695 3934 920 3971 Consanguineo
940 3935 1040 3964 nostro
1063 3931 1224 3969 canisium,
1239 3928 1296 3968 Jo-

231 3978 322 4008 hanne
330 3978 398 4012 Rege
414 3975 596 4014 Portugaliae,
612 3975 658 4005 seu
673 3975 707 4006 ad
721 3973 779 4004 hoc
796 3982 845 4010 per
858 3983 924 4002 eum
937 3972 1104 4010 DeputatiS,
1121 3968 1293 4000 Mandatum

231 4014 371 4047 sufficiens
393 4013 577 4051 habentibus,
594 4013 674 4051 super
696 4013 920 4051 quibuscumque
946 4011 1039 4048 Ligis,
1059 4007 1295 4039 Confoederatio-

231 4055 326 4092 nibus,
347 4052 380 4083 &
396 4051 553 4090 Amicitiis,
571 4053 642 4082 inter
657 4051 742 4089 Nos,
758 4051 792 4082 ὃς
809 4049 961 4088 Subditos‚
977 4049 1080 4089 Regna
1099 4048 1133 4079 δε
1154 4045 1293 4077 Dominia

1370 2962 1509 2991 Edmundi
1524 2964 1607 2992 Ducis
1620 2959 1744 2989 Eburum
1758 2957 1853 2988 Patrui
1867 2955 1937 2986 disti
1951 2953 2077 2986 Domini
2089 2951 2178 2991 Regis
2192 2949 2325 2989 Angliae:

1372 2999 1518 3030 Willielmi
1535 3000 1566 3030 de
1581 3001 1679 3028 Monte
1695 3001 1806 3033 Acuta,
1823 2995 1941 3033 Sarum,

1371 3041 1484 3068 Hem-ici
1499 3039 1530 3068 de
1546 3039 1644 3077 Percy,
1659 3034 1901 3071 Northumbriae,

1372 3077 1540 3108 Comitum:

1373 3115 1411 3147 Et
1426 3119 1540 3183 Simonisl
1555 3115 1586 3144 de
1599 3111 1698 3153 Burley
1715 3110 1832 3148 Militis,
1852 3107 2055 3140 Subcamerarii
2069 3104 2175 3145 praefati
2192 3103 2318 3135 Domini
2341 3101 2404 3134 Re-

1410 3156 1451 3193 gis
1466 3155 1531 3184 Ano
1543 3153 1592 3183 iae:

1374 3193 1439 3230 Ac,
1513 3178 1532 3193 Β

1374 3231 1594 3267 Dominorum,

1375 3272 1419 3299 W
1420 3268 1523 3299 illielmi
1541 3268 1574 3297 de
1592 3266 1739 3305 Dighton,

1402 3308 1515 3338 ohannis
1531 3307 1563 3336 de
1583 3305 1662 3336 Wenl
1677 3302 1804 3342 nburgh1,

1387 3347 1510 3378 *cclesiae
1528 3346 1624 3376 Sanffl
1644 3316 1723 3374 Pyauii
1743 3342 1985 3377 canonicorum,

1375 3386 1414 3417 Et
1432 3385 1576 3425 Johanm's
1591 3385 1623 3414 de
1637 3382 1756 3423 Kirkeby
1770 3380 1888 3412 Clerici.

1397 3462 1428 3494 T
1453 3463 1520 3500 Ego
1542 3461 1687 3502 Johanner
1698 3460 1730 3489 de
1742 3457 1872 3488 Bouland
1883 3455 2032 3492 Clericus,
2051 3448 2232 3482 Karliolenfis
2248 3446 2406 3492 Dioecesis‚

1413 3501 1549 3533 Publicus
1573 3500 1754 3530 Auctoritate
1778 3492 1945 3535 Apostolica
1968 3491 2134 3534 Notarius,
2159 3487 2301 3518 dictarum
2322 3487 2405 3525 Liga-

1339 3550 1403 3570 rum
1419 3565 1428 3579 ,
1456 3541 1659 3572 Amicitiarum
1675 3560 1685 3575 ‚
1712 3534 2022 3568 Confoederationum,
2048 3528 2225 3564 Unionum,
2252 3525 2404 3561 LecCturae‚

1339 3578 1580 3616 procurationum
1602 3575 1779 3607 Exhibitioni
1798 3574 1833 3605 &
1858 3570 2048 3602 Publicationi
2062 3591 2072 3606 ‚
2104 3576 2151 3610 ac·
2165 3565 2403 3609 Juramentorum

1338 3617 1527 3655 praestationi,
1547 3615 1714 3653 Sigillorum
1727 3615 1811 3643 etiam
1830 3609 2026 3649 Appositioni,
2044 3614 2131 3652 prout
2143 3604 2259 3639 inferius
2270 3600 2403 3632 describi-

1338 3665 1383 3687 tur
1392 3681 1401 3694 ,
1420 3655 1583 3693 caeterisque
1595 3651 1752 3684 Praemiffis
1763 3651 1902 3682 omnibus
1915 3650 1948 3680 δε
1960 3647 2082 3686 Singulis
2091 3667 2101 3682 ,

1374 3696 1393 3714 ³¹⁵
1416 3695 1502 3726 Dum
1523 3694 1579 3731 sic,
1599 3701 1631 3723 ut
1655 3691 1849 3729 przemittitur‚
1865 3697 1914 3727 per

1336 3741 1456 3772 ratores,
1481 3735 1514 3764 &
1535 3731 1755 3762 Commissarios
1775 3736 1951 3769 agerentur,
2300 3756 2305 3760 ¹

1337 3772 1431 3812 tione,
1450 3771 1606 3804 secundum
1621 3769 1733 3800 cursum
1748 3769 1782 3799 &
1796 3772 2043 3803 computationem
2064 3757 2198 3801 Ecclesiae
2220 3754 2406 3800 Anglicanze,

1336 3810 1518 3849 supradicio:
1547 3808 1710 3839 Indiffione
1728 3804 1838 3836 Nona:
1867 3799 2055 3834 Pontificatfis
2075 3793 2247 3843 Sandhsljmi
2268 3804 2296 3823 in
2318 3793 2405 3839 Chss’.

1338 3849 1383 3879 sto
1400 3850 1489 3880 Patris
1504 3848 1630 3879 Domini
1647 3845 1772 3876 Domini
1785 3843 1892 3873 Urbani
1905 3839 2002 3872 divina
2024 3835 2204 3878 prowdentia
2224 3833 2306 3878 Papae
2326 3835 2405 3862 Sexti

1338 3889 1427 3919 Anno
1445 3888 1560 3919 Nono:
1582 3884 1684 3914 Mense
1699 3883 1773 3914 Maii
1786 3883 1832 3912 die
1844 3889 1939 3911 nono:
1958 3878 1987 3907 in
2003 3876 2107 3906 Domo
2122 3870 2278 3909 Capitulari
2301 3869 2406 3915 Capel-

1337 3928 1372 3957 1ae
1395 3927 1498 3966 Regiae
1519 3923 1687 3962 Collegi-atae
1706 3922 1778 3953 infra
1793 3919 1928 3951 Castrum
1947 3915 1984 3946 de
1998 3910 2181 3952 Wyndesore
2195 3909 2297 3942 Sarum
2318 3909 2405 3940 Dioe-

1337 3966 1448 4033 cesfJ'na
1467 4011 1537 4032 cum
1557 3999 1639 4030 dietis
1662 3996 1839 4029 Reverendis
1858 3995 1887 4024 in
1908 3989 2026 4022 Christo
2047 3988 2176 4020 Patribus
2191 3986 2352 4018 Nobilibus
2371 3985 2419 4020 &-

1336 4041 1474 4073 Testibus
1487 4038 1648 4078 supradietis
1663 4038 1697 4069 ὃς
1713 4033 1907 4071 infrascriptis,
1925 4029 2042 4069 praesens
2055 4026 2188 4066 interfui,
2202 4035 2292 4065 eaque
2303 4025 2342 4055 fic
2356 4022 2411 4091 ίίῒὶ

1933 3687 2027 3717 ἀίἑὶοε
2051 3680 2276 3716 Ambaffiitores,
2292 3676 2403 3708 Procu-
2424 3679 2518 3708 ⁸¹²V11.

1964 3725 2052 3755 Anno
2073 3719 2197 3752 Domini
2213 3717 2250 3747 ab
2271 3715 2404 3746 Incarna-
2423 3727 2474 3754 52¹
