2561 4251
160 168 216 214 '28
244 159 247 163 .

14 248 90 286 Arm.
102 252 145 285 D.

42 293 127 333 1348.

15 334 82 360 Edv.
103 341 128 367 3.

202 256 334 296 Aliosque
349 256 520 293 Termfflos,
539 255 572 286 ad
588 254 761 285 Solutionem
775 250 930 290 hujusmodi
943 246 1165 292 faciendum,de
1173 254 1227 276 no-

166 306 205 326 vo
220 295 438 334 Affignandum,
456 293 698 331 Concedendum,
716 293 749 323 &
766 291 920 327 Dandum,
938 288 1227 324 Prorogationernque

166 336 199 365 &
213 333 435 371 Affignationem
450 333 659 362 Terminorum
667 330 820 369 hujusmodi
830 327 980 366 petendum
988 349 998 365 ,
1005 324 1210 364 acceptandum
1218 342 1229 358 ‚

166 372 362 410 recipiendum
371 394 380 408 ,
399 371 431 401 &
443 370 630 400 obtinendum
639 392 648 407 ,

208 412 226 431 *²
248 410 408 446 Omniaque
421 410 454 439 &
469 409 590 446 singula,
608 417 670 445 quae
684 406 764 443 super
780 404 1004 441 Prorogatione,
1029 403 1075 432 seu
1097 399 1230 445 Affigna-

170 450 248 480 tione
264 448 339 478 nova
352 447 560 477 Terminorum
575 445 751 482 hujusmodi,
769 443 813 473 vel
826 443 901 473 circa
915 452 946 472 ea
960 465 969 480 ,
989 443 1022 472 &
1037 440 1183 471 Solutione
1200 445 1230 465 m

169 487 332 523 TerminiS,
351 485 385 515 de
403 495 482 515 novo
497 484 678 520 affigntndis,
698 492 746 519 per
760 491 812 511 nos
824 480 955 511 facienda
962 503 972 518 ,
990 491 1037 518 per
1056 478 1148 509 ἀίἂος
1161 476 1232 505 Pro-

170 534 309 556 curatores
325 523 433 553 nostros
448 546 457 561 ,
481 523 525 553 seu
544 531 641 552 eorum
661 521 799 557 aliquem,
818 520 946 558 tractata,
973 519 1072 556 pacta,
1088 512 1234 549 consensa,

169 565 202 595 δε
218 571 358 593 conventa
371 562 490 599 fuerint,
509 569 681 598 quacumque
696 559 836 588 securitate
847 557 890 588 seu
903 556 1031 587 firmitate
1046 552 1233 589 firmandum,

206 601 342 639 Nosque,
361 601 393 630 ὃς
409 599 559 636 Ι-Ιῖεῑοόες,
580 607 612 627 ac
631 596 808 627 Succeffores
830 596 939 626 nostros
954 618 963 633 ,
988 596 1020 625 δε
1036 593 1132 623 omnia
1157 590 1233 620 Bona

171 639 279 677 nostra,
302 638 423 668 Mobilia
441 639 473 668 ὃ(
487 636 669 673 Immobilia,
685 636 718 666 δε
735 635 896 665 nostrorum
909 657 919 671 ,
944 635 1003 663 tam
1020 632 1234 667 Mercatorum,

172 679 256 716 quam
271 678 387 707 aliorum
405 676 499 707 Reuni
515 674 619 712 nostri,
637 675 811 712 ubicumque
826 672 945 702 inveniri
961 670 1080 709 poffint,
1098 669 1131 699 ad
1140 668 1234 699 obser—

172 717 315 747 vationem
333 715 452 752 ipsorum
467 715 598 743 oxnnium
617 713 650 742 ὃς
668 712 840 749 lingulorum
859 710 975 740 firmiter
990 708 1194 745 obligandum,

211 754 247 784 Et
263 755 338 790 liiper
356 753 406 782 hiis
424 753 451 780 in
469 752 604 781 Animam
627 750 749 781 nostram
767 773 776 788 ,
802 760 852 787 pro
877 749 958 778 nobis
971 770 980 785 ,
1005 747 1037 777 δε
1057 755 1189 784 quantum
1207 745 1235 774 in

172 793 257 823 nobis
273 792 311 820 ert
321 814 329 828 ,
345 792 377 820 ὃς
390 789 423 819 ad
440 789 519 827 Nox,
537 789 688 826 Haeredes,
704 790 737 819 &
753 786 929 818 Succeffores
942 785 1051 816 nostros
1063 783 1235 822 pertinet,&

174 832 310 869 pertinere
325 830 423 866 poterit
438 830 465 857 in
482 828 623 865 futurum,
642 826 884 865 promittendum,
903 826 935 855 &
956 824 989 854 ad
1005 824 1105 854 Sansta
1125 823 1183 853 Dei
1200 821 1237 851 E·

174 868 297 906 vangelia
306 867 476 904 jirandum,
492 876 523 896 ca
537 874 646 904 tenere,
665 865 827 903 observare,
846 865 878 895 δε
895 863 1037 900 complere
1048 885 1057 900 ,
1077 862 1132 892 sine
1152 860 1237 891 infra-

177 907 276 937 &ione
291 915 468 943 quacumque
477 927 485 942 ,

213 945 259 975 Ac
276 945 309 974 ad
325 943 489 973 splvendum
505 943 601 972 omnia
616 943 649 972 δε
667 941 784 980 lingula,
804 950 851 978 per
873 949 923 970 nos
947 937 1097 977 promissa,
1114 937 1240 968 terminis

175 984 205 1013 in
221 983 273 1012 hac
289 992 365 1020 parte
380 981 524 1011 statuendis
537 981 569 1011 &
583 980 765 1017 assignandis,

213 1021 370 1058 Literasque
387 1020 589 1057 Aequietantiae
603 1019 681 1056 super
702 1020 734 1048 ὃ(
750 1019 786 1048 de
809 1016 952 1047 Solutione
972 1014 1130 1053 hujusmodi
1144 1023 1242 1052 peten-

176 1059 266 1096 dum,
285 1059 494 1096 recipiendum,
514 1059 547 1088 &
562 1056 767 1094 obtinendum,

214 1097 261 1128 Ad
281 1097 431 1134 petendum
446 1098 531 1126 etiam
545 1096 578 1125 &
590 1095 778 1126 obtinendum
794 1093 871 1132 quud
886 1094 983 1123 omnia
996 1092 1028 1123 &
1041 1091 1160 1131 singula,
1178 1100 1241 1134 quae

176 1145 225 1173 per
241 1136 348 1165 dietum
366 1135 480 1171 Regem
492 1133 638 1171 Castellae,
657 1135 689 1164 &
705 1133 916 1170 Procuratores,
933 1131 977 1162 seu
995 1130 1165 1168 Deputatos,
1182 1133 1242 1160 suos

176 1174 343 1211 praedicstos,
363 1174 444 1202 nobis
458 1181 502 1202 aut
517 1172 640 1209 praefatae
656 1172 732 1201 Filiae
747 1170 1014 1208 nostraeJohannae,
1031 1169 1149 1198 nomine
1159 1168 1242 1198 Arra—

174 1222 240 1242 rnm
254 1212 298 1242 seu
315 1212 483 1241 Donationis
499 1219 609 1247 propter
625 1210 763 1247 Nuptias,
780 1211 808 1238 in
824 1208 965 1246 praedietis
983 1208 1099 1244 Literis,
1116 1206 1161 1236 vel
1169 1206 1242 1244 aliis,

175 1250 365 1287 quovismodo
379 1249 513 1286 promissa
528 1249 588 1278 fiant
603 1248 696 1278 eidem
713 1248 788 1278 Piliae
803 1246 906 1277 nostrae
921 1247 954 1277 &
970 1247 1068 1283 nobis,
1083 1247 1158 1283 juxta
1166 1246 1244 1282 vim,

175 1289 319 1323 formam,
338 1290 370 1318 ὅ(
384 1286 521 1317 effectum
541 1286 706 1317 earumdem
727 1286 901 1323 Literarum,
924 1284 1091 1323 assignentur
1109 1284 1142 1315 &
1157 1283 1243 1313 fideli-

178 1335 217 1357 ter
232 1326 424 1363 compleantur
434 1348 443 1363 ‚

214 1365 249 1395 Et
267 1364 427 1401 generaliter
441 1363 474 1393 ad
489 1362 666 1401 faciendum,
684 1361 908 1399 excercendum,
923 1359 1170 1398 &expediendum
1179 1369 1244 1390 om-

176 1404 223 1434 nia
238 1403 288 1432 alia
303 1403 336 1432 St
353 1402 475 1438 lingula,
492 1412 554 1441 quie
577 1403 605 1430 in
629 1400 775 1438 prccmiffis
789 1423 797 1438 ,
824 1400 857 1430 δε
880 1400 1004 1437 quolibet
1022 1396 1245 1436 praemissorum,

175 1442 211 1472 ὅ(
226 1443 300 1471 circa
313 1451 344 1471 ea
355 1463 363 1478 ,
381 1440 529 1470 necemria
543 1439 645 1469 fuerint
660 1439 702 1469 vei
718 1441 800 1469 etiam
816 1447 953 1474 oportuna
966 1460 975 1475 ,
999 1438 1032 1468 &
1056 1447 1118 1475 quae
1137 1446 1188 1467 nos
1204 1436 1245 1466 fa-

177 1489 321 1517 ceremuz,
341 1480 374 1510 δε
389 1478 480 1508 facere
499 1477 658 1516 poss‘emus,
676 1478 695 1507 si
711 1476 886 1514 personaliter
899 1476 1040 1514 praesentes
1055 1476 1089 1506 ad
1103 1475 1147 1505 illa
1160 1485 1245 1512 agen-

178 1518 214 1548 da
229 1518 403 1554 adeffemus,
421 1517 526 1547 etiamsi
543 1516 606 1547 talia
626 1516 677 1546 sint
701 1525 762 1553 quse
782 1514 945 1545 mandatum
966 1516 1079 1551 exigant
1097 1523 1246 1552 quantum-

177 1566 302 1594 cumque
316 1555 449 1593 speciale,

216 1594 304 1632 Rata,
322 1596 355 1624 δε
371 1593 458 1624 Grata
476 1592 746 1631 perpetuoihabituri
761 1592 859 1621 omnia
877 1592 910 1622 ὃς
931 1591 1034 1628 singula
1047 1614 1056 1629 ,
1080 1591 1187 1630 quaein
1211 1590 1245 1620 δε

176 1632 257 1671 >super
272 1631 432 1669 praemiffis,
451 1632 483 1662 ὃς
499 1641 530 1661 ea
546 1631 795 1668 tangentibus,per
809 1630 901 1660 dictos
916 1629 1114 1660 Procuratores
1121 1628 1247 1666 nostrOS,

180 1681 229 1715 aut
244 1671 395 1709 quemlibet
411 1680 443 1699 ex
459 1672 512 1708 eis,
532 1669 684 1707 Promiffa,
697 1668 866 1707 Conventa,
881 1668 993 1706 Jurata,
1012 1669 1045 1699 &
1060 1668 1180 1698 Firmata
1190 1668 1248 1697 fue-

185 1717 241 1739 rint

219 1732 293 1785 Ip'sos
308 1746 503 1776 Procuratores
520 1746 553 1776 &
569 1745 705 1775 Nuncios
727 1744 854 1783 nostros,
880 1746 909 1774 in
930 1745 963 1776 &
987 1746 1064 1782 super
1087 1743 1248 1782 praemiffis,

184 1787 317 1816 omnibus
331 1786 362 1815 «ἃ
377 1784 486 1818 lingulis
501 1807 510 1822 ,
535 1784 567 1814 &
590 1785 644 1820 ipsa
666 1784 843 1820 tangentibus
859 1807 867 1819 7
893 1783 1015 1820 expresse
1039 1783 1187 1813 relevantes
1211 1783 1246 1812 ab

184 1825 267 1855 omni
280 1834 363 1853 onere
383 1823 550 1860 iatisdandi3
573 1822 630 1852 aliis
656 1821 797 1852 Mandatis
810 1844 819 1859 ,
843 1822 888 1852 seu
909 1821 1108 1852 Procuratoriis
1128 1821 1248 1859 nostris,

184 1863 258 1901 prius
273 1862 352 1892 factis
367 1861 396 1891 in
415 1862 466 1891 hac
480 1869 570 1898 parte,
592 1861 621 1889 in
636 1859 684 1889 suo
699 1859 902 1890 nichilominus
916 1861 1018 1890 robore
1033 1861 1186 1898 duraturis,

222 1900 259 1930 Et
277 1901 339 1930 haec
350 1900 448 1930 omnia
464 1897 604 1936 praemiffa
620 1897 807 1935 lignificamus
824 1899 959 1928 omnibus
974 1899 1007 1928 &
1028 1898 1157 1936 singulis,
1177 1907 1248 1935 quo—

184 1949 247 1970 rum
263 1937 389 1976 interest,
407 1947 453 1968 aut
468 1938 608 1974 intererit,
663 1947 674 1966 r
690 1937 833 1974 praesentes
846 1937 950 1966 Literas
958 1936 1077 1974 nostras,
1095 1937 1188 1974 Sigilli
1196 1946 1249 1966 no-

186 1978 233 2008 stri
250 1978 407 2017 munimine
423 2000 432 2014 ,
455 1977 483 2005 in
501 1976 601 2013 praemi
627 1985 708 2005 orum
732 1974 831 2005 Fidem
853 1975 887 2006 &
909 1974 1145 2014 Testimonium,
1162 1976 1250 2005 robo-

187 2025 264 2047 rataS.

222 2054 290 2084 Dat.
308 2054 338 2083 in
350 2052 454 2084 Palatio
467 2051 565 2082 nostro
580 2050 706 2082 Westm.
723 2052 819 2089 primo
832 2051 879 2082 die
893 2051 1043 2083 Februarii.

16 415 147 451 *V.607.

223 2129 369 2160 Universis
384 2128 526 2167 praesentes
542 2129 645 2158 Literas
660 2126 720 2162 &a
737 2135 769 2158 ut
774 2127 861 2167 ficpra
874 2128 955 2169 usque
969 2129 1023 2167 ibi,
1041 2129 1181 2159 &omnia
1195 2128 1252 2158 Bo-

187 2169 328 2213 na-nostra
344 2191 353 2206 ,
373 2167 497 2211 Mobilia
519 2168 551 2197 &
578 2166 735 2197 Immobilia
748 2189 757 2203 ,
783 2166 821 2201 <570
837 2168 952 2236 ‘umis‘
973 2168 1007 2198 ad
1029 2167 1252 2198 observationem

189 2212 310 2245 iptorum
332 2216 464 2237 omnium
479 2206 511 2236 δε
525 2205 718 2244 ungulorum,
735 2205 850 2236 firmiter
864 2207 904 2236 ob
916 2206 1054 2244 igandum
1069 2204 1129 2240 &a
1147 2213 1179 2235 ut
1200 2205 1251 2245 Ju-

183 2255 247 2285 pra.

227 2284 293 2315 Dat.
312 2292 341 2314 ut
358 2282 446 2321 supra.

248 2411 297 2442 De
318 2405 480 2449 Nimbus,
501 2416 554 2452 pro
574 2409 616 2438 Pa
638 2408 704 2452 agio
723 2406 801 2438 Filiae
814 2405 1014 2452 fitpradic‘lae,
1039 2407 1195 2453 capiendis.

41 2497 117 2529 Ann.
131 2496 171 2527 D.
194 2491 342 2549 REX’·
356 2491 484 2538 universis
499 2492 531 2521 δε
545 2490 656 2534 singulis
672 2490 847 2537 Admirallis,
867 2489 1042 2535 Major-ibus,
1060 2491 1255 2536 Ballivis,Mi-

64 2536 149 2576 13÷3-
269 2531 372 2575 nistris,
390 2539 446 2573 tam
463 2529 642 2573 Cumarinrs,
657 2539 742 2566 quam
757 2528 933 2572 Senescallis,
951 2529 1183 2569 Constabulariis,
1200 2531 1259 2562 Ca-

42 2579 95 2603 An.
115 2584 159 2603 22.
197 2570 328 2607 stellanrs,
348 2567 520 2605 Officiarns,
535 2567 674 2603 Subditrs,
693 2568 725 2597 ὃς
746 2567 857 2597 Amicis
871 2568 989 2606 nostris,
1007 2569 1037 2598 in
1053 2568 1259 2600 Transmarinis

41 2618 72 2641 Ε.
96 2622 121 2649 3.
196 2609 317 2650 partibus
330 2606 501 2644 constitutis,
518 2605 552 2635 ad
567 2615 634 2643 quos
649 2606 708 2636 &c-
727 2605 859 2636 Salutem.

43 2653 110 2687 πει-[ε.
233 2647 333 2678 Sciatis
346 2644 424 2692 quod
433 2667 442 2682 ,

44 2699 90 2716 22.
108 2693 138 2716 E.
152 2699 177 2726 3.
237 2686 319 2715 Cum
336 2685 418 2719 Nos,

43 2736 80 2754 m.
97 2737 144 2762 41.
234 2723 282 2754 De
296 2720 550 2758 elrcumspct‘lione
566 2720 598 2749 &
617 2718 753 2749 Industzia
768 2743 776 2758 ,
804 2721 978 2752 Venerabilis
999 2720 1086 2752 Patris
1098 2746 1107 2760 ,
1122 2722 1262 2761 Johannis

195 2762 328 2831 f{Episcopi
346 2759 537 2797 Karliolensis,
552 2758 584 2788 δε
602 2757 721 2787 Roberri
734 2758 896 2797 Burghcher
911 2760 1010 2791 Militis
1026 2783 1035 2798 ,
1060 2761 1169 2798 plenius
1187 2773 1259 2793 con-

214 2805 307 2831 dentes

236 2822 392 2876 Ipsos’cum
405 2834 554 2877 Johanni,
569 2833 639 2877 *Filia
654 2834 748 2865 nostra
769 2835 924 2875 carissima,
941 2837 974 2867 ad
990 2846 1077 2876 partes
1097 2837 1261 2876 Vaseoniae,

192 2879 269 2921 juxta
293 2876 499 2905 Onerationem
526 2874 575 2903 llbl
600 2883 648 2910 per
674 2873 742 2903 Nos
772 2875 864 2905 datam
881 2898 891 2913 ‚
921 2876 1112 2907 ordinavimus
1137 2875 1262 2915 proficis-

195 2926 225 2947 ci

235 2939 274 2984 ³Et
288 2954 368 2991 quia,
386 2961 437 2989 pro
452 2951 535 2982 celeri
552 2948 730 2993 Profec'tione
746 2951 792 2982 sui
811 2952 987 2991 hujusmodi,
1004 2953 1038 2984 ad
1053 2952 1142 2983 dietas
1157 2961 1261 2991 partes,

198 3003 232 3024 ac
250 2993 334 3022 etiarn
349 3000 400 3028 pro
412 2987 614 3032 eorum-reditu
629 2989 733 3029 abinde
750 2991 785 3021 ad
805 2990 872 3021 Nos
889 2992 917 3021 in
933 2991 1039 3029 Anglii
1052 3014 1062 3030 ‚
1086 2994 1261 3030 competenti

198 3032 231 3062 ὅ(
249 3029 398 3060 sufficienti
411 3028 542 3063 Navigio
555 3026 709 3058 necessario
728 3029 907 3068 indigebunt,

236 3068 283 3098 Ad
300 3066 470 3109 capiendum
484 3067 517 3097 ὃς
531 3063 704 3107 arestandum
723 3075 766 3098 tot
785 3068 882 3099 Naves
896 3090 907 3106 ,
931 3076 999 3107 quot
1013 3068 1050 3098 sic
1070 3067 1260 3107 indiguerint,

200 3109 229 3138 in
247 3107 332 3136 Locis
346 3106 392 3135 ubi
408 3105 506 3135 melius
519 3102 646 3144 expedire
661 3105 796 3144 viderint,
813 3108 873 3137 tam
891 3107 958 3137 citra
974 3129 984 3144 ,
1002 3108 1088 3144 quam
1108 3107 1176 3136 ultra
1192 3106 1261 3137 Ma-

200 3156 246 3189 re,
265 3154 316 3184 pro
329 3142 458 3180 Paffagio
472 3143 506 3173 &
521 3140 694 3179 Repaslagio
707 3144 758 3174 suis
772 3145 946 3182 hujusmodi,
968 3146 1094 3182 quotiens
1112 3154 1182 3182 opus
1201 3144 1262 3176 fue-

200 3193 234 3214 rit
244 3206 253 3220 ‚

241 3222 303 3262 lpsis
317 3221 460 3258 Episcopo
474 3220 507 3250 &
523 3219 672 3260 Roberto,
689 3222 722 3252 &
738 3230 838 3252 eorum
851 3221 940 3259 alteri,
959 3231 993 3251 ac
1011 3220 1176 3251 eorumdem
1200 3220 1263 3251 De-

203 3261 300 3297 putatis
316 3261 343 3289 in
361 3260 413 3289 hac
427 3268 503 3296 parte
515 3282 525 3297 ,
543 3260 654 3298 plenam
667 3261 700 3291 &
716 3260 834 3290 liberam
857 3260 1041 3290 concedimus
1062 3260 1095 3290 &
1113 3258 1263 3290 Commit-

203 3300 286 3328 timus
302 3297 491 3336 Potestatem3

239 3335 274 3365 Et
289 3336 356 3366 ideo
371 3335 453 3366 vobis
468 3336 633 3367 mandamus
646 3336 724 3374 quod
738 3335 840 3366 eisdem
849 3358 859 3374 ,
876 3334 1017 3373 Episcopo
1030 3336 1062 3366 &
1075 3335 1206 3366 Roberto
1215 3336 1265 3375 ,&

197 3382 305 3416 eorum
319 3374 408 3412 alteri,
426 3383 459 3404 ac
473 3374 618 3412 Deputatis
631 3375 681 3404 suis
695 3375 836 3412 praedie‘tis
847 3396 857 3412 ,
880 3375 949 3403 cum
966 3374 1000 3404 ad
1021 3375 1086 3404 loca
1108 3373 1266 3404 Districtus

204 3410 288 3441 vestri
303 3411 528 3451 declinaverint,
553 3415 581 3442 in
605 3412 752 3450 praernissis
775 3413 908 3442 omnibus
929 3412 961 3442 &
984 3412 1096 3449 singulis
1116 3412 1266 3450 faciendis,

108 3444 185 3477 ,603-
206 3449 226 3468 *
245 3448 277 3478 &
294 3450 458 3486 exequendis
472 3450 648 3481 Intendentes
662 3451 732 3488 fitis,
751 3450 894 3487 Parentes,
914 3449 1111 3488 Consulentes,
1129 3451 1162 3480 &
1178 3451 1267 3481 Auxi-

207 3487 318 3530 liantes,
338 3489 462 3523 quotiens
476 3491 509 3520 ὃ(
522 3490 632 3530 quando
649 3489 682 3519 ad
699 3489 773 3528 hoc,
790 3498 823 3518 ex
839 3497 914 3526 parte
929 3487 1024 3518 nostra
1039 3511 1050 3527 ,
1069 3489 1173 3519 fueritis
1196 3498 1268 3526 prae-

205 3533 314 3555 muniti.

240 3562 274 3593 In
293 3564 369 3600 cujus
378 3586 387 3601 ,
402 3564 461 3593 &c.

278 3600 346 3631 Dat.
362 3602 391 3631 in
406 3601 512 3632 Palatio
526 3603 620 3634 nostro
631 3603 756 3635 Westm
774 3602 947 3634 duodecimo
961 3601 1110 3632 Februarii.

54 3446 104 3471 *XV

957 3680 1010 3708 Per
1026 3677 1108 3717 ipsicm
1125 3680 1229 3716 Regem.

60 3814 192 3849 Ann.D.
216 3821 265 3853 De
284 3818 412 3851 Nunciis
431 3818 475 3852 ad
492 3817 681 3866 sentiendam
703 3822 889 3854 Voluntatem
918 3826 996 3868 Papae
1007 3822 1097 3869 fhper
1123 3824 1273 3868 Praepara-

60 3856 177 3922 A1n3‘423i·
515 3871 600 3900 toriis
624 3867 668 3900 ad
681 3869 857 3902 Trarlasum
880 3875 976 3904 Pacis.

61 3937 200 4005 giffu'sn·
223 3944 344 4005 REX
363 3950 521 3997 Venerabili
528 3953 564 3995 *in
580 3951 696 3996 Christo
711 3951 786 3996 Patri
817 3952 949 3998 J3eadem
962 3955 1065 3994 gratia,
1080 3953 1278 3992 Archiepisco-

66 4013 95 4035 1.
111 4017 133 4043 Ξ.
140 4014 164 4043 Ρ.
177 4015 200 4035 Ι.
296 3999 336 4035 po
352 3988 557 4031 Cantuarienn,
575 3999 657 4020 totius
669 3990 781 4027 Angliae
790 3975 928 4033 ³Primati³
944 3993 1074 4023 Salutem.
1153 4031 1158 4036 ι

70 4056 107 4074 ῃ).
120 4054 152 4082 23
163 4067 168 4072 ⁸
179 4045 196 4073 d
257 4026 356 4065 Cum,
372 4035 447 4064 JuXta
460 4030 584 4059 sormam
597 4028 791 4068 Treugamm,
808 4038 877 4060 inter
892 4031 958 4061 Nos
971 4032 1003 4061 ὃς
1018 4030 1210 4063 Adversanum
1229 4040 1281 4061 no-

573 155 1462 210 CONVENTIONES‚

1547 155 1983 206 LITERAE‚

1265 239 1351 270 strum
1366 239 1390 269 F
1391 242 1494 272 ranciae
1508 241 1581 279 apud
1597 241 1739 272 Calefium
1752 242 1902 280 initarum,
1925 239 2129 272 concordatum
2146 238 2238 270 fuisset
2253 237 2332 278 quod
2355 237 2430 270 Ann.
2444 239 2487 271 D.

1266 277 1394 320 nonnulli
1406 278 1530 310 solennes
1545 280 1580 310 N
1583 281 1657 311 uncii
1666 303 1676 320 ,
1695 280 1854 310 durantibus
1868 279 1950 310 dictis
1964 279 2086 316 Treugis
2098 302 2108 317 ‚
2133 280 2193 309 tam
2207 286 2241 308 ex
2257 285 2331 316 parte
2381 279 2466 319 1348.

1266 315 1376 354 nostra,
1397 321 1500 356 quam,
1518 318 1589 349 dieti
1603 318 1756 349 Adversarii
1770 317 1857 348 nostri
1873 340 1883 356 ,
1907 317 1942 348 ad
1957 317 2062 348 Sedem
2073 314 2330 355 Apostolicam,ad
2352 318 2420 347 Edv.
2440 327 2465 354 3.

1268 354 1446 386 ttactandum
1461 356 1568 387 ibidem
1584 357 1620 387 de
1636 356 1710 387 finali
1727 355 1800 387 Pace
1812 358 1884 386 inter
1892 355 1957 386 Nos
1969 355 2121 387 &dictum
2135 354 2333 386 Adversarium

1269 392 1421 433 nostrum,
1440 396 1633 433 mitterentur,
2120 412 2124 416 ·

1306 430 1343 460 Et
1365 440 1416 462 nos
1433 433 1514 470 super
1534 434 1592 463 hoc
1613 441 1705 464 certos
1720 440 1915 473 competentes
1932 431 2067 462 Nuncios
2082 454 2092 469 ,
2118 431 2152 462 ad
2165 431 2338 462 sentiendum

1270 468 1453 512 Voluntatem
1464 472 1585 501 Domini
1600 471 1716 502 Summi
1730 470 1896 509 pontificis,
1918 470 1995 508 super
2037 468 2181 500 uibusdam
2199 469 2341 508 Praepara-

1270 515 1362 550 toruS,
1378 510 1435 539 tam
1450 509 1559 539 dietum
1575 509 1745 540 Tradiatum
1759 509 1839 540 Pacis
1854 532 1864 547 ,
1882 510 1968 547 quam
2032 507 2164 538 iffionem
2183 508 2340 547 hujusmodi

1273 555 1413 587 majorum
1426 548 1582 578 solennium
1598 547 1800 586 Nunciorum,
1816 547 2054 578 concernentibus
2069 569 2078 584 ,
2095 556 2127 577 ac
2142 545 2200 576 aliis
2213 546 2249 577 de
2264 546 2342 577 Cau-

1272 586 1320 622 118‚
1338 588 1451 617 motivis
1467 585 1637 624 plurimum,
1655 585 1690 616 ad
1706 586 1814 616 dimitam
1830 586 1935 616 Sedem
1949 609 1959 624 ,
1979 586 2089 616 circiter
2111 584 2228 615 Festum
2242 584 2340 616 Sandfi

1272 621 1395 655 Andreae
1412 624 1558 662 Apostoli,
1577 625 1710 661 proxime
1725 624 1910 663 praeteritum,
1927 624 2089 654 duxerimus
2102 622 2344 661 transmittendos,

1272 668 1342 704 tunc
1356 660 1490 701 sperantes
1505 671 1609 693 certam
1624 660 1846 701 Responfionem
1863 685 1873 699 ,
1896 663 1933 692 ab
1956 663 2016 700 ipfis
2039 661 2178 700 Nunciis‚
2196 662 2225 691 in
2239 661 2343 698 ultimo

1273 699 1461 771 {arlffmefflo
1469 701 1563 732 nostro
1578 700 1651 739 apud
1668 699 1956 730 Westmonasterium
1971 709 2049 731 tento
2063 722 2074 738 ,
2096 699 2271 731 versimiliter
2292 699 2342 730 ha-

1304 748 1330 772 ui
1355 752 1369 771 e

1313 780 1360 810 De
1376 763 1474 817 {uibus
1487 778 1602 818 quidem
1617 776 1743 807 Nunciis
1760 799 1768 813 ,
1795 775 1840 806 seu
1861 785 1961 806 eorum
1976 775 2161 814 Expeditione
2176 800 2187 815 ,
2211 776 2345 807 haetenus

1276 827 1336 849 non
1351 819 1507 855 recepimus
1521 817 1677 856 quicquam
1694 823 1821 851 certum,
1838 823 1953 852 propter
1968 814 2044 851 quod
2061 814 2229 845 Missionem
2246 814 2344 852 Majo-

1277 865 1339 924 rsum
1362 856 1526 886 nostrorum
1544 855 1699 884 solennium
1717 853 1904 883 Nunciorum
1923 851 2015 883 adhuc
2038 850 2179 889 posuimus
2192 854 2223 883 in
2238 853 2347 891 suspen·-

1289 905 1308 925 o

1314 918 1351 964 lit
1364 933 1427 973 quia
1445 932 1454 966 (
1464 931 1530 962 Deo
1545 928 1646 966 dante)
1666 929 1701 960 de
1715 928 1798 959 dietis
1813 928 1956 968 Nunciis,
1973 930 2007 960 &
2022 937 2121 959 eorum
2141 927 2346 969 Expeditione,

1279 973 1308 1001 in
1322 973 1455 1010 proximo
1471 970 1572 1000 habere
1586 968 1725 998 credimus
1740 976 1815 998 certa
1837 966 1926 998 Nova
1940 990 1950 1005 ,
1972 967 2050 1005 super
2065 967 2194 1006 Qubus,
2212 977 2246 998 ac
2263 969 2349 998 etiarn

1279 1010 1357 1048 super
1374 1020 1411 1040 eo
1429 1008 1503 1047 quod
1518 1015 1615 1038 contra
1628 1007 1751 1037 formam
1764 1006 1903 1036 dictarum
1918 1006 2098 1043 Treugarum
2106 1029 2116 1044 ‚
2135 1015 2169 1036 ex
2184 1014 2261 1043 parte
2268 1006 2348 1044 ipfius

1280 1048 1436 1079 Adversarii
1451 1046 1539 1077 nostri
1550 1046 1705 1084 Juratarum
1715 1067 1725 1082 ‚
1740 1044 1872 1082 quaedam
1888 1044 2044 1074 notabiliter
2053 1044 2234 1082 ponderanda
2247 1068 2256 1083 ,
2274 1046 2349 1076 &in

1280 1087 1409 1117 favorem
1424 1085 1511 1116 nostri
1527 1083 1744 1121 nostrorumque
1759 1082 1782 1112 F
1785 1082 1904 1112 idelium
1920 1083 1954 1113 ὅτ
1977 1083 2170 1120 Alligatorum
2191 1083 2350 1122 adimplen-

1279 1125 1331 1163 da,
1352 1135 1398 1162 per
1413 1124 1498 1154 Partis
1516 1122 1637 1153 adversae
1650 1122 1785 1152 malitiam
1804 1122 1924 1151 minime
1936 1120 1997 1151 sunt
2012 1121 2142 1160 impleta,

1318 1163 1446 1193 Necnon
1462 1162 1539 1199 super
1553 1171 1588 1191 eo
1602 1159 1680 1199 quod
1695 1159 1786 1190 dictus
1801 1158 1894 1189 noster
1909 1158 2088 1190 Adversarius
2100 1183 2110 1199 ,
2129 1169 2227 1192 contra
2242 1160 2350 1192 bonam

1281 1202 1400 1239 Fidem,
1418 1199 1556 1238 desperata
1571 1199 1662 1237 Pace,
1679 1207 1731 1236 pro
1744 1196 1823 1228 Parte
1838 1197 1885 1228 sua
1898 1196 2036 1236 praemissa
2055 1220 2066 1235 ,
2088 1200 2243 1230 maximam
2257 1200 2351 1230 multi-

1281 1240 1408 1270 tudinem
1422 1239 1587 1269 Hominum
1602 1237 1636 1267 ad
1656 1236 1761 1274 Arma,
1779 1237 1813 1268 &
1826 1236 1944 1266 aliorum
1959 1258 1970 1274 ,
1993 1245 2026 1266 ac
2047 1235 2179 1267 Navium
2200 1240 2235 1269 ὃς
2248 1238 2352 1269 Galea-

1281 1289 1360 1316 rum,
1378 1277 1623 1316 potentiu8,quam
1631 1275 1764 1305 hactenus
1781 1274 1909 1305 auditum
1917 1274 2142 1313 fuerat,paratad
2150 1275 2261 1306 dictum
2270 1276 2354 1313 Reg-

1282 1327 1353 1347 num
1376 1316 1506 1346 nostrum
1532 1315 1646 1351 Angliae
1666 1313 1804 1345 hostiliter
1823 1313 2034 1350 invadendum,
2051 1324 2084 1344 ac
2107 1314 2175 1345 Nos
2191 1316 2225 1345 &
2248 1315 2353 1344 Domi-

1281 1356 1363 1386 nium
1380 1356 1506 1384 nostrum
1523 1362 1574 1391 pro
1589 1353 1692 1383 viribus
1706 1351 1921 1382 subvertendum
1934 1374 1944 1390 ,
1968 1361 2051 1389 prout
2065 1354 2128 1384 haec
2144 1363 2191 1391 per
2205 1352 2351 1384 manifesta

1283 1394 1387 1424 indicia
1403 1393 1459 1423 satis
1473 1393 1579 1430 liquent

1319 1431 1437 1469 Expedit
1451 1440 1481 1461 ut
1494 1440 1560 1460 cum
1587 1414 1707 1470 l’raelatis
1719 1451 1728 1466 ,
1752 1428 1919 1459 Proceribus
1935 1451 1944 1467 ,
1968 1430 2001 1461 ὃ(
2018 1429 2202 1468 Magnatibus
2229 1429 2354 1468 ejusdem

1284 1470 1381 1507 Regni
1393 1493 1403 1508 ‚
1421 1470 1522 1507 absque
1539 1467 1634 1498 Morae
1651 1467 1814 1506 dilpendio,
1834 1467 1937 1498 salubre
1950 1467 2108 1499 Consilium
2122 1468 2289 1506 habeamus,

1321 1508 1375 1538 Per
1392 1508 1486 1547 quod,
1505 1517 1539 1537 ex
1555 1507 1639 1537 caulis
1651 1506 1806 1544 praedietis,
1824 1507 1858 1537 &
1875 1515 1927 1544 pro
1939 1506 2015 1545 aliis,
2034 1506 2158 1538 Terram
2171 1508 2205 1538 &
2225 1505 2353 1537 Gentem

1284 1547 1409 1584 Scotrae,
1434 1556 1547 1577 necnon
1567 1554 1619 1584 pro
1633 1544 1800 1585 quibusdam
1821 1545 1900 1574 variis
1921 1544 2079 1583 Negotiis,
2104 1546 2227 1576 multum
2246 1545 2356 1584 arduis,

1284 1587 1342 1616 tam
1359 1584 1444 1623 Nos,
1461 1586 1547 1624 quam
1562 1585 1672 1614 Statum
1693 1584 1778 1613 totius
1799 1582 1897 1620 Regni
1912 1583 2001 1614 nostri
2022 1584 2152 1622 praediffl
2167 1607 2179 1623 ,
2202 1583 2356 1622 specialiter

1284 1624 1531 1661 contingentibus,
1551 1622 1772 1653 Parliamentum
1786 1620 1914 1652 nostrum
1929 1621 2003 1660 apud
2011 1621 2301 1653 westmonasterium
2307 1623 2355 1653 die

1287 1664 1395 1701 Lunae,
1414 1663 1543 1700 proximo
1557 1660 1619 1698 post
1641 1660 1731 1690 Diem
1749 1659 1938 1690 Dominicam
1952 1683 1963 1699 ,
1987 1661 2017 1691 in
2039 1661 2138 1692 medio
2167 1660 2356 1700 Qadragefi-

1284 1712 1359 1740 mae,
1377 1702 1509 1739 proximo
1525 1699 1634 1736 futuro,
1653 1708 1762 1736 tenere,
1780 1698 2002 1737 vobiscumque,
2018 1700 2052 1730 &
2068 1709 2137 1730 cum
2153 1701 2260 1730 caeteris
2276 1699 2355 1730 Prae-

1285 1741 1360 1778 latis,
1380 1739 1577 1778 Magnatibus,
1595 1737 1628 1768 &
1648 1736 1814 1767 Proceribus
1827 1737 2181 1777 praedietis,Couoquium
2195 1738 2355 1770 haberevo-

1285 1779 1375 1809 lumus
1392 1780 1425 1809 &
1440 1777 1619 1807 Tractatum.

1322 1817 1358 1847 Et
1374 1817 1441 1847 ideo
1458 1816 1558 1853 vobis,
1573 1816 1602 1844 in
1622 1813 1690 1844 Fide
1704 1813 1737 1844 &
1757 1812 1922 1845 Dilectione
1937 1837 1947 1853 ,
1972 1815 2071 1852 quibus
2086 1815 2170 1845 nobis
2196 1815 2350 1853 tenemini,

1285 1855 1400 1885 firmiter
1415 1852 1609 1892 injungendo,
1629 1852 1793 1882 mandamus
1808 1853 2083 1892 quatinus,ceffimte
2090 1853 2275 1884 Excusatione
2291 1864 2358 1892 qua-

1285 1903 1417 1931 cunque,
1434 1892 1516 1923 dietis
1533 1891 1590 1922 Die
1605 1892 1639 1922 ὅτ
1657 1891 1756 1928 Loco,
1775 1890 1949 1928 personaliter
1965 1892 2108 1931 intersitiS,
2127 1890 2276 1922 nobiscum
2320 1901 2354 1922 ac

1287 1942 1355 1963 cum
1368 1932 1450 1975 diffis
1463 1930 1584 1974 Praefatis
1592 1952 1602 1968 ,
1623 1928 1665 1959 M
1676 1930 1818 1973 onatibus,
1835 1929 1869 1960 &
1883 1930 2050 1961 Proceribus
2064 1931 2134 1961 dieti
2144 1930 2258 1968 Regni,
2276 1914 2356 1967 super

1288 1971 1423 2007 Negotiis
1439 1969 1582 2008 praedretss
1595 1991 1606 2006 ,
1630 1976 1641 1998 t
1702 1977 1769 1998 atun
1783 1990 1793 2005 ‚
1811 1968 1991 2007 vestrumque
2009 1968 2169 2000 Consilium
2187 1969 2356 2006 impensuri,

1325 2009 1360 2039 Et
1376 2009 1434 2039 hoc
1445 2031 1454 2046 ,
1472 2008 1540 2038 sicut
1555 2007 1640 2044 Nos,
1656 2008 1689 2038 ὃς
1705 2006 1858 2036 Honorem
1873 2007 2020 2046 nostrum,
2038 2018 2072 2038 ac
2086 2017 2276 2039 communem
2284 2006 2355 2038 Uti-

1287 2049 1393 2078 litatem
1410 2046 1511 2084 Populi
1524 2044 1673 2083 praediffi,
1691 2045 1819 2082 diligitis,
1837 2045 1988 2076 nullatenus
1998 2047 2154 2084 omittatis,

1328 2085 1544 2116 Praemunientes
1558 2084 1689 2113 Priorem
1701 2085 1734 2114 δε
1749 2082 1912 2120 Capitulum
1930 2084 2063 2115 Ecclefiae
2085 2082 2306 2120 cantuarienfis,
2323 2093 2358 2114 ac

1290 2124 1528 2161 Archidiaconog
1535 2131 1681 2160 totumque
1690 2121 1809 2152 Clerum
1817 2122 1917 2152 vestrae
1925 2122 2073 2161 Dioecefis,
2080 2123 2160 2161 quod
2167 2122 2265 2160 iidem,
2274 2121 2358 2152 Prior

1290 2166 1323 2196 δε
1334 2162 1553 2199 Archidiaconi,
1563 2162 1593 2190 in
1606 2161 1722 2198 propriis
1737 2159 1863 2190 Personis
1871 2160 1978 2199 suis,ac
1993 2161 2104 2192 dietum
2119 2160 2282 2199 Capitulum
2291 2183 2301 2198 ,
2310 2170 2359 2198 per

1291 2202 1397 2232 Unum
1408 2224 1417 2239 ,
1436 2200 1569 2238 idemque
1585 2198 1702 2237 Clesus,
1721 2197 1867 2241 per-Duos
1882 2198 2078 2230 Procuratores
2094 2199 2226 2236 idoneos,
2245 2199 2359 2236 plenam

1291 2241 1324 2272 &
1339 2239 1524 2270 sufficientem
1539 2237 1709 2268 Potestatem
1724 2238 1760 2267 ab
1773 2237 1832 2274 lpso
1847 2236 1980 2275 Capitulo
1995 2239 2028 2269 δε
2037 2237 2124 2268 Clero
2131 2238 2279 2276 habentes,
2288 2247 2360 2274 prae-

1292 2279 1374 2309 distis
1386 2278 1442 2307 Die
1462 2278 1495 2307 δε
1514 2277 1597 2306 Loco
1619 2275 1791 2314 personaliter
1812 2276 1934 2306 intersint
1950 2299 1959 2314 ‚
1981 2276 2016 2306 ad
2035 2276 2268 2306 consentiendum
2288 2276 2359 2314 hiis,

1295 2328 1359 2356 quie
1374 2325 1443 2358 tunc
1461 2315 1586 2352 ibidem,
1604 2315 1639 2344 de
1655 2313 1818 2344 Communi
1835 2313 1963 2344 Consilio
1974 2315 2054 2352 ipsius
2066 2314 2166 2355 Regni
2181 2314 2268 2345 nostri
2286 2313 2360 2352 (Di-

1295 2356 1364 2387 vina
1377 2358 1488 2384 tavente
1501 2353 1673 2389 Clementia)
1693 2353 1847 2389 contigerit
1860 2353 1941 2382 ordin
1949 2354 1996 2382 ari.

1333 2392 1422 2424 Teste
1439 2392 1523 2430 Rege
1531 2391 1604 2430 apud
1616 2390 2044 2430 Westmonastenum‚decimo
2053 2400 2151 2430 quarto
2159 2391 2205 2422 die
2213 2391 2362 2422 Februarii.

2052 2470 2107 2498 Per
2123 2467 2204 2508 ipsum
2221 2470 2327 2506 Regem.

1298 2595 1320 2616 *
1333 2597 1380 2629 De
1391 2591 1638 2627 Arbitratoribus
1653 2620 1662 2635 ,
1679 2593 1771 2639 fitper
1789 2591 1915 2626 Debatis
1933 2597 2009 2626 inter
2020 2591 2159 2627 Subditos
2169 2596 2283 2641 Regum
2292 2595 2363 2628 An·
2379 2595 2398 2616 θ*
2407 2598 2516 2632 ν.609;

1602 2643 1670 2688 gliae
1685 2640 1849 2684 &Castellae
1860 2668 1869 2684 ,
1897 2640 2069 2686 constitutis.

1300 2729 1379 2788 RE
1390 2728 1419 2759 X
1429 2751 1438 2766 ,
1456 2727 1580 2758 Dilec‘tis
1594 2728 1627 2758 &
1643 2726 1782 2757 Fidelibus
1795 2726 1865 2765 suis,

1388 2767 1515 2805 Johanni
1533 2767 1563 2795 de
1582 2766 1685 2796 Vilario
2383 2757 2460 2788 Ann.
2474 2756 2517 2788 D-

1299 2806 1425 2836 Sacrilm:
1437 2828 1447 2843 ,
2404 2796 2490 2836 1348.

1300 2843 1476 2912 1ssGullielmo
1494 2842 1580 2872 Vitali
1593 2841 1734 2881 Capellam
2383 2839 2436 2900 (ἔνι.
2453 2843 2499 2862 22.

1340 2884 1406 2912 a'ori
2409 2894 2414 2899 .
2427 2882 2452 2908 3.

1337 2894 1479 2950 (inlliZJmo
1498 2920 1636 2949 Ber-nardi
1651 2919 1683 2948 de
1701 2921 1797 2959 Pynn,
2385 2913 2453 2947 Vasc.

1299 2958 1453 2990 Canonicis
2386 2959 2432 2975 22.
2448 2953 2475 2976 E,
2487 2956 2514 2987 3.

1299 2997 1431 3035 Baionae,
2382 2997 2419 3015 m.
2433 2996 2481 3023 40.

1335 3038 1367 3066 P.
1388 3036 1419 3065 de
1435 3034 1525 3073 thla,
1543 3034 1609 3064 Filio
1624 3032 1759 3063 Gallielmi
1778 3030 1919 3070 Arnaldi,

1337 3077 1370 3103 P.
1387 3077 1447 3104 Deu
1468 3076 1544 3102 Putz
1554 3095 1564 3111 ,

1335 3111 1479 3142 Bernardo
1497 3115 1572 3141 Deus
1589 3109 1692 3149 Caffos,

1337 3150 1453 3180 Salvato
1468 3150 1500 3179 de
1518 3148 1638 3187 Vilario,
1654 3150 1785 3186 Baim,

1335 3193 1481 3218 Amaneno
1494 3188 1525 3216 de
1539 3188 1635 3224 Podz‘o,
1655 3189 1762 3216 Rec'ffori
1775 3183 1897 3223 Eeclefiae
1904 3183 1937 3213 de
1950 3182 2068 3222 Bindos,
2086 3182 2320 3223 Archt'presbitero
2332 3185 2363 3214 de

1376 3225 1488 3264 Gonoffa
1502 3223 1540 3260 (ἐγ
1556 3226 1587 3254 de
1602 3225 1743 3265 Senchast,

1336 3263 1464 3302 Johanni
1478 3264 1509 3292 de
1527 3262 1607 3293 Malo
1621 3266 1712 3292 Leone
1727 3261 1833 3298 Militi,

1339 3302 1480 3331 Gathardo
1498 3305 1613 3331 Domino
1626 3302 1657 3330 de
1673 3303 1771 3332 Sancto
1790 3298 1876 3330 Paulo
1894 3298 2002 3336 Militi,

1339 3341 1475 3369 Bidonaco
1492 3343 1565 3369 Deus
1584 3339 1690 3379 Caffos,

1341 3379 1474 3408 Bidonaco
1491 3378 1523 3407 de
1542 3377 1671 3416 Lobart‚

1341 3419 1423 3446 Petro
1443 3419 1505 3445 Deu
1524 3417 1653 3453 Bidones,

1341 3458 1382 3485 Et
1403 3454 1487 3484 Vnali
1504 3454 1668 3484 Dat-rembes
1687 3455 1718 3484 de
1735 3454 1835 3484 Sauria
1854 3455 1968 3490 Severo,

1343 3530 1484 3570 Salutem,
1500 3532 1534 3563 &
1547 3541 1600 3570 pro
1616 3531 1697 3561 bono
1716 3529 1838 3568 Justitiae
1859 3539 1893 3559 ac
1909 3525 2086 3558 Concordiae
2106 3527 2268 3566 propensius
2289 3527 2367 3559 labo-

1305 3578 1482 3638 rmlff‘nrilaibita
1495 3608 1594 3646 nobis,
1611 3617 1664 3645 pro
1678 3615 1753 3645 parte
1769 3604 1952 3644 Subditorum
1963 3603 2145 3643 nostrorum,
2163 3603 2300 3642 Majoris,
2315 3603 2367 3641 Ju-

1305 3654 1445 3684 ratorum,
1463 3647 1496 3677 &
1511 3645 1728 3676 Communitatis
1744 3643 1874 3675 Civitatis
1892 3643 2007 3674 Baionae
2020 3667 2030 3682 ,
2053 3645 2086 3675 &
2103 3643 2223 3674 Viciniae
2239 3642 2316 3672 Loci
2333 3642 2369 3672 de

1306 3684 1454 3723 Bejarritz,
1469 3684 1578 3715 literalis
1595 3683 1786 3722 Supplicatio,
1804 3684 1876 3713 inter
1891 3691 2007 3721 caetera,
2024 3682 2187 3712 continebat
2201 3681 2298 3720 quod,

1346 3722 1427 3752 Cum
1441 3722 1504 3761 ipli,
1522 3721 1694 3764 noviffime,
1706 3731 1793 3760 cum,
1810 3721 1915 3752 Nobili
1930 3720 2020 3760 Viro,
2038 3719 2122 3756 Lupo
2136 3717 2243 3762 Didaci
2256 3718 2291 3749 de
2306 3718 2371 3749 Κο-

1330 3762 1350 3790 is
1363 3760 1477 3798 Milite,
1496 3760 1610 3791 Marino
1633 3759 1746 3798 Majore
1760 3761 1789 3789 in
1811 3759 1960 3800 Ypuschua
1975 3782 1986 3797 ‚
2011 3767 2063 3796 pro
2075 3779 2086 3795 ,
2110 3755 2209 3800 inclito
2225 3755 2373 3800 Domino,

1311 3795 2375 3868 1egei(iffiesssst’nffiffissngmness'o”xistffl‘ffffiflsdlgffinfifisvfie’13‘

1312 3846 1450 3907 δίεὶῖθτιξῐη
1464 3875 1498 3905 &
1514 3846 1893 3906 Locorumegfflsgripimagm
1908 3895 1918 3911 ,
1944 3881 2015 3902 cum
2038 3842 2192 3901 Comitatu)
2200 3842 2330 3912 Viscayeeg
2344 3855 2378 3903 &3-

1313 3914 1350 3944 de
1364 3912 1496 3952 Galicia,
1513 3913 1546 3943 &
1559 3912 1594 3943 de
1610 3912 1733 3951 Asturis,
1747 3913 1783 3944 de
1795 3909 1966 3942 Guerrasua
1980 3909 2110 3945 Treugas
2122 3908 2312 3947 firmaverint,
2325 3909 2377 3940 du-

1314 3961 1415 3982 raturas
1429 3961 1445 3981 a
1460 3950 1544 3981 Festo
1559 3951 1654 3982 Sancti
1669 3951 1802 3990 Stephani
1814 3948 2055 3985 prothomartiris,
2071 3948 2205 3984 proximo
2219 3948 2380 3985 praeterito,

1316 3990 1401 4028 usque
1415 3989 1449 4019 ad
1461 3989 1600 4020 octavum
1613 3990 1692 4020 diem
1706 3989 1832 4019 instantis
1847 3986 1951 4024 Mensis
1967 3984 2048 4015 Maii*
2058 3985 2190 4028 inclusive
2199 4008 2208 4023 ‚

1359 4027 1569 4066 Adjeaetoquod
1587 4026 1782 4059 Commiffarii
1798 4048 1809 4064 ,
1833 4022 2000 4063 impetrandi
2019 4034 2035 4055 a
2054 4022 2105 4054 suis
2117 4022 2334 4062 Regibus2per
2348 4022 2375 4066 ie

2346 4070 2388 4099 Ψ-
