2561 4251
660 161 1442 225 CONVENTIONEs,
1497 172 1863 222 LITERAE,

216 199 234 240 3
244 201 262 227 2

65 269 142 301 Ann-
155 267 199 299 D·
217 271 373 316 Pacificum
384 295 393 310 ,
411 271 467 302 live
485 269 678 301 Sufferentiam
695 270 874 314 GuerraeQa·
887 268 933 298 die
949 267 1139 312 confectionis
1160 261 1280 303 praesen·
2395 245 2530 313 ‘zm-313·

65 308 173 374 filins.
218 319 309 349 tium,
327 311 410 349 usque
431 310 465 339 ad
488 309 601 339 Festum
624 309 731 339 Natalis
755 309 892 345 Domini,
912 309 1045 344 proximo
1068 306 1209 341 futurum,
1227 302 1279 337 &2
2394 293 2472 351 Ed24
2481 307 2507 359 3:

153 356 166 383 ³
217 347 476 425 }?.3ffi{¹¹251‡ss{}
479 348 762 425 {ussfi‘ssuiussdffflss‘iss
779 347 897 422 iffi&
912 343 1280 418 &Psggffl‘sstigffissfig'jessi
1316 355 1375 387 pro
1398 354 1527 387 Num.
1549 354 1586 388 de
1610 359 1732 399 Sama,
1759 368 1831 402 qm,
1866 356 2030 389 narratum
2045 357 2138 402 super
2162 353 2384 389 verberamne

216 426 381 464 sequuntur,
1365 401 1535 482 DZsvid‘de
1557 406 1671 454 Bruys,
1695 409 1727 438 in
1749 405 1898 452 Angliam
1923 415 2015 451 nuper
2029 404 2186 450 vemffent,
2209 402 2383 451 adpropria

1361 462 1393 483 re
1415 460 1514 484 tturts.

250 505 351 536 Primo
373 504 525 543 (videlicet)
546 504 640 542 quod,
657 504 770 534 durante
784 502 927 543 Termino
942 501 1103 539 antedi&o,
1122 509 1171 538 per
1191 496 1278 535 ipsam

218 545 382 583 Reginam,
400 553 445 574 aut
460 543 569 573 Gentes
583 543 656 579 suas,
673 541 782 572 Guerra
802 543 847 571 ieu
862 541 950 578 aliqua
963 541 1094 578 Dampna
1115 548 1173 568 nori
1192 537 1275 582 sient,
1314 533 1435 591 REX
1454 537 1587 568 omnibus
1607 537 1740 577 Bassivis,
1763 538 1796 569 &
1814 537 1955 571 Fidelibus
1972 537 2042 578 suis,
2060 538 2120 570 tam
2142 535 2200 568 infa
2222 536 2377 570 Libertates

215 593 270 613 „ec
284 583 526 621 yfocurabunmr,
543 580 602 616 &c.
616 587 697 618 prout
709 578 790 619 liapra
805 580 836 608 de
852 582 924 609 Dat.
942 589 953 609 1
972 578 1048 609 Febr.
1061 579 1093 607 de
1109 579 1214 613 Treugts
1228 577 1277 603 Co·
1387 584 1473 612 quam
1488 584 1579 614 extra,
1595 576 1629 606 ad
1647 586 1734 615 quos,
1749 579 1809 608 &c.
1829 578 1963 610 Salutem·
2209 584 2212 587 '

219 625 277 651 miti
294 620 497 659 Petrag07¹icenfi
512 618 622 658 tomeffis
629 630 642 657 ,·
657 622 770 648 mutatis
782 618 932 655 mutandis,
949 616 987 652 ὠ·
1002 624 1066 647 tunc
1075 616 1122 656 fic.
1207 652 1212 657 Ι
1351 611 1452 643 Sciatis
1470 613 1566 653 quod,

256 658 383 697 ITEM,
404 659 422 688 si
437 668 484 695 per
505 658 609 695 aliquos
631 657 762 687 Subditos
783 656 910 693 nostros,
928 656 973 686 seu
992 654 1114 692 praefatae
1135 651 1277 689 Reginae,
1352 650 1454 695 Cum,
1480 651 1640 682 Reverendi
1662 650 1773 691 Patres,
1788 653 1928 691 Johannes
1945 656 1979 687 ὃς
2005 654 2118 693 Adam,
2142 651 2327 684 Moravienfis
2345 652 2378 684 &
2394 643 2425 666 F..
2445 649 2471 676 3·

218 706 314 728 contra
332 695 473 727 Praemiffi
489 697 521 727 &
535 694 743 725 Praemissorum
758 704 902 731 tenorem,
919 694 1009 732 aliqua
1023 699 1224 729 attemptentur
1231 690 1279 721 vel
1313 688 1505 733 Brechmensis
1519 690 1670 729 Episcopi,
1688 690 1826 722 Robertus
1839 692 1874 722 de
1889 693 2021 734 Herskyn
2039 693 2184 724 Dominus
2197 693 2233 722 de
2248 690 2380 730 Hel-sky„
2398 681 2466 706 Scor.
2487 687 2534 707 22⁷.

1316 727 1607 797 M1ISS,SWillielmus
1621 730 1657 760 de
1670 728 1823 760 Melidram
1838 729 2026 763 Dominusde
2033 730 2274 772 Bachynnanebe,
2292 728 2328 760 N
2330 739 2382 760 un·-
2397 721 2431 791 ξ·
2454 725 2480 753 3·
2497 726 2534 745 '⁷¹'

1317 775 1355 797 cu
1391 777 1407 797 e
1445 776 1539 806 cotia,
2424 777 2431 785 ·

1317 803 2240 887 „0‘st2ffim1’5‘22322¹33351¹1¹2²12¹³E²3035ff5g&miii{gule
2256 806 2385 876 Ῑέῗιᾞίῗῖ

1317 881 1397 913 nesus
1419 881 1487 921 suis,
1505 882 1555 913 sub
1574 883 1675 927 nostris
1696 883 1880 914 Proteffione
1907 882 1941 913 &
1965 881 2122 914 Condueiu
2140 884 2298 923 venerunt,
2328 892 2383 922 pro

1318 919 1475 964 Trai-latu,
1501 921 1666 965 Nobiscum
1684 922 1717 952 ὃς
1735 932 1805 952 cum
1823 921 1960 952 Concilio
1977 920 2089 960 nostro,
2113 920 2192 959 super
2208 922 2384 953 deliberatio-

1317 967 1354 990 ne
1372 958 1441 989 diCti
1460 959 1558 990 Fratris
1576 959 1680 999 nostri,
1697 960 1822 991 ineundo
1840 960 1872 991 &
1890 959 2038 999 habendo,

2398 521 2476 553 Ann.
2487 522 2531 555 D.

2420 572 2427 589 ι
2436 562 2504 601 348.

2393 603 2446 628 Aa.
2469 610 2516 629 22.

216 736 300 774 fiant,
318 736 430 766 durante
445 734 589 764 Termino
603 733 764 772 antedicto,
783 733 849 763 Pars
863 732 922 762 laesa
938 733 1072 770 conqueri
1087 730 1201 760 habebit
1209 727 1278 759 Par-

216 775 237 805 ti
251 774 327 804 alteri
342 773 420 810 super
436 773 621 810 Reparatione
638 774 732 803 Attem
753 781 876 802 tatorum
892 771 938 800 vel
953 768 1206 808 Transgrefforum
1226 767 1279 798 hu-

211 812 353 852 jusmodi,
371 811 404 841 ad
424 810 527 848 finem,
545 811 622 848 qued
644 811 709 841 inde
746 819 771 840 at
792 809 921 839 debiturn
937 808 1056 848 Justitiae
1071 806 1280 844 Complemen-

217 858 277 880 tum
311 851 386 888 juxta
409 851 532 880 materiae
553 849 587 880 &
601 849 670 880 faeti
691 849 859 885 exigentiam
879 848 941 884 (hiis
957 857 1016 878 non
1033 846 1205 877 obstantibus
1223 844 1280 883 (di-

219 888 269 918 Cto
287 873 408 919 l³acifico
421 889 449 917 in
463 888 507 918 sua
520 886 650 918 firmitate
663 888 695 918 &
715 888 818 917 robore
833 895 1030 925 permanente,
1048 886 1213 915 dumtamen
1226 882 1280 914 At-

215 935 347 965 temptata
369 928 402 958 δε
417 925 598 963 Transgreffa
625 925 783 964 hujusmodi
799 924 909 955 fuerunt
928 933 976 962 per
993 924 1121 962 Partem,
1139 922 1174 953 ad
1195 931 1279 960 quam

216 974 248 995 re
268 975 342 995 arare
356 966 555 1003 pertinuerint,
573 964 668 995 debite
684 972 811 1003 reparata.

68 1642 144 1674 Ann.
160 1640 200 1672 D.

90 1681 175 1721 1348.

68 1724 121 1747 An.
140 1730 183 1746 ιι..

67 1762 99 1787 E.
122 1768 145 1794 3.

69 1798 136 1833 Vasc.
155 1805 199 1823 22.

69 1839 100 1862 z.
122 1845 145 1871 3.
163 1845 199 1862 m.

72 2406 202 2435 *v.618.

275 1011 382 1042 TEM,
401 1003 499 1034 eadem
516 1002 642 1033 Domina
665 1002 778 1039 Regina
798 1001 942 1038 promittet
958 1001 991 1031 δε
1007 1000 1110 1040 jurabit
1129 998 1164 1029 ad
1187 997 1279 1029 saneta

217 1042 277 1072 Dei
291 1042 442 1079 Evangelia
453 1064 462 1079 ,
481 1039 540 1075 &a
556 1048 635 1078 prout
651 1041 682 1070 de
696 1040 777 1070 Data*
786 1038 956 1079 supraditffd.

255 1080 291 1110 Et
305 1081 370 1110 ideo
386 1081 467 1110 vobis
481 1081 612 1110 omnibus
625 1080 658 1110 &
673 1079 784 1115 singulis
800 1077 981 1114 mandamus,
1000 1075 1078 1115 qubd
1100 1074 1211 1105 dietum
1224 1073 1279 1105 Pa·

215 1118 350 1157 cilicum,
368 1119 424 1149 sive
439 1117 650 1157 Sufferentiam,
669 1127 717 1156 per
732 1117 807 1154 Vos,
825 1116 858 1146 &
875 1115 1000 1152 Gentes,
1025 1125 1058 1145 ac
1075 1113 1208 1145 Subditos
1226 1123 1279 1143 no-

216 1157 284 1187 stros
306 1158 335 1186 in
351 1157 462 1187 Ducatu
477 1156 629 1194 praedic‘lo,
647 1165 779 1194 quatenus
798 1153 831 1184 ad
850 1153 917 1183 Nos
932 1156 1065 1192 pertinet,
1082 1151 1280 1183 inviolabiliter

217 1197 303 1226 teneri
318 1197 350 1226 &
365 1195 505 1225 observari
519 1194 622 1225 faciatis
640 1196 669 1224 in
685 1193 775 1224 forma
789 1191 949 1230 anteditfbi3
965 1192 1130 1222 dumtamen
1137 1190 1211 1220 dieta
1219 1188 1281 1219 Re-

215 1236 300 1272 gina,
319 1242 367 1271 pro
380 1242 457 1271 parte
468 1234 528 1271 sua,
546 1233 648 1271 absque
668 1231 759 1272 aliqua
780 1240 838 1260 arte
855 1230 959 1260 iinistra
992 1231 1036 1261 vel
1058 1230 1176 1268 ingenio
1195 1229 1281 1258 inter-

217 1274 366 1340 veiiienre,
385 1272 466 1340 figat
480 1271 545 1301 illud
559 1271 654 1310 idem,
672 1271 738 1301 licut
753 1269 922 1308 praeditstum
937 1279 953 1298 c
980 1292 985 1297 .

269 1321 286 1339 n
302 1320 379 1347 cujus
444 1320 472 1339 c.

250 1347 321 1379 Dat·
340 1333 412 1386 apu'd
430 1346 731 1385 NVestrnomsterium,
749 1344 887 1375 vicesimo
903 1343 949 1374 die
966 1343 1073 1374 Martii.

688 1425 740 1452 Per
753 1421 839 1461 'fpficm
853 1424 949 1458 Regem
967 1419 1004 1456 ὠ
1018 1419 1168 1451 Concilium.

457 1553 506 1584 De
528 1550 705 1583 Protefflone
725 1559 779 1594 pro
804 1547 885 1580 dthz
909 1550 1033 1594 Regma.

221 1635 343 1694 REX
362 1636 492 1666 universis
511 1636 542 1667 &
559 1634 672 1673 singulis
695 1633 869 1671 Senescillis,
890 1632 1126 1669 Constabulariis,
1149 1629 1283 1661 Castella-

297 1677 356 1712 nis,
384 1674 611 1705 Vicecomitibus
624 1696 633 1711 ,
658 1672 834 1710 Majoribus,
853 1672 980 1710 Ballivis,
1000 1670 1175 1708 Praepositis,
1194 1668 1283 1699 Mini-

219 1713 295 1751 stris,
315 1714 347 1743 &
364 1715 496 1743 omnibus
512 1713 566 1742 aliis
582 1711 719 1742 Fidelibus
739 1710 854 1748 nostris,
871 1712 898 1740 in
920 1710 1033 1740 Ducatu
1055 1709 1231 1747 Aquitaniae,
1248 1707 1281 1737 &

217 1752 282 1782 alibi
297 1751 366 1782 infra
383 1751 500 1789 Terras,
519 1751 551 1781 ὃ(
567 1750 758 1787 Dominium,
775 1751 809 1780 ὃς
830 1748 998 1779 Potestatem
1020 1749 1129 1787 nostra,
1144 1749 1174 1777 in
1195 1747 1280 1784 parti-

219 1792 272 1859 bu}
287 1790 338 1833 illis
356 1790 526 1858 constgtutis,
544 1789 578 1819 ad
596 1798 679 1827 quos,
697 1788 756 1818 &c.
775 1787 906 1818 Salutem.

276 1838 352 1858 elatis
372 1839 429 1866 quo
719 1828 730 1837 ⁸

255 1866 335 1897 Cum
361 1852 600 1903 concesserimus,
636 1864 739 1895 Nobili
764 1864 920 1902 Dominae,
935 1863 1073 1902 Johannae
1099 1862 1224 1900 Reginae
1246 1861 1283 1892 de

218 1905 375 1942 Navarria,
391 1906 424 1936 ὅ(
440 1905 599 1936 Comitiffae
619 1904 654 1934 de
678 1904 787 1942 Ebros,
806 1903 1008 1942 EnguoIestne,
1028 1901 1179 1941 Mortayn,
1198 1902 1232 1932 δι’
1247 1900 1283 1931 de

218 1943 400 1981 Longavilla,
416 1943 571 1974 Pacificum
581 1965 591 1980 ,
610 1943 665 1972 sive
679 1941 877 1972 Sufferentiam
891 1940 1028 1978 Guerrae‚
1046 1940 1209 1970 habendum
1232 1939 1282 1969 sub

218 1982 293 2013 certa
308 1982 418 2019 forma,
436 1983 464 2011 in
483 1982 580 2012 Literis
598 1980 695 2010 nostris
712 1979 888 2017 Parentibus,
905 1980 973 2010 inde
993 1979 1146 2016 confectis,
1163 1987 1281 2009 conten-

218 2021 363 2092 taffrout
378 2022 407 2050 in
421 2020 524 2051 eisdem
541 2020 640 2050 Literis
655 2019 761 2056 plenius
774 2019 948 2057 continetur,

295 2070 326 2089 os

258 2082 411 2166 Voleiitesg
424 2108 460 2128 eo
473 2105 605 2136 praetextu
614 2119 624 2134 ,
642 2095 787 2127 Securitati
801 2097 833 2127 &
850 2095 949 2134 Quieti
962 2094 1042 2133 ipsius
1056 2093 1175 2134 Reginae
1187 2094 1215 2123 in
1231 2093 1283 2124 hac

244 2146 297 2167 arte
331 2146 392 2166 rov1
412 2147 458 2167 ere

221 2147 242 2176 p
256 2147 433 2213 Susgepimus
455 2160 543 2212 ipsam
565 2173 724 2211 Reginam,
747 2173 780 2203 &
803 2173 917 2203 Liberos
938 2171 1015 2210 suos,
1034 2181 1067 2201 ac
1087 2170 1231 2201 Homines
1248 2169 1285 2200 de

221 2214 339 2245 Familia
351 2213 414 2252 sua,
433 2214 461 2242 in
476 2212 631 2250 veniendo,
648 2222 716 2242 cum
740 2211 844 2249 Equis,
861 2211 1022 2249 Hernefiis,
1040 2209 1155 2247 Rebus,
1173 2210 1206 2240 &
1230 2207 1286 2238 Bo-

220 2254 264 2282 nis
287 2253 338 2283 suis
360 2251 598 2289 quibuscumque,
614 2250 684 2281 infra
705 2248 869 2287 Ducatum,
892 2249 1009 2284 Terras,
1035 2247 1227 2284 Dominium,
1251 2248 1284 2277 &

220 2290 393 2321 Potestarem
414 2289 507 2320 nostra
523 2289 674 2327 predicta,
692 2289 799 2318 ibidem
823 2287 976 2324 morando,
995 2287 1028 2317 δε
1043 2286 1146 2316 exinde
1168 2285 1285 2315 redeun-

220 2329 278 2366 do,
296 2331 325 2359 in
339 2328 553 2359 protectionem
572 2328 605 2358 δε
628 2326 830 2356 Defensionem
846 2335 960 2356 necnon
974 2326 1005 2354 in
1021 2324 1123 2355 salvam
1145 2322 1285 2354 Gardiam

221 2367 329 2398 nostras
341 2367 484 2404 speciales:

257 2411 271 2420 ·
283 2406 321 2436 Et
335 2407 398 2435 ideo
413 2405 494 2434 vobis
502 2402 665 2434 mandamus
673 2402 752 2441 quod
760 2402 851 2433 eidem
866 2401 1007 2440 Reginae,
1026 2400 1084 2437 &a
1086 2407 1168 2440 prout
1183 2404 1212 2431 in
1226 2411 1285 2430 con-

214 2443 346 2484 similibus
360 2444 390 2472 de
404 2444 570 2472 Protefflone
582 2444 695 2471 Literis.

258 2482 291 2513 In
306 2483 401 2519 cujus,
419 2482 479 2512 &c.
496 2491 546 2518 per
562 2490 649 2510 unuin
666 2479 780 2509 Annum
796 2479 942 2509 duraturas.

294 2519 380 2550 Teste
396 2518 480 2557 Rege
494 2518 567 2558 apud
582 2517 888 2555 Westmonasterium,
905 2515 1042 2547 vicefimo
1054 2516 1100 2547 die
1116 2515 1222 2546 Martii.

781 2594 834 2624 Per
852 2596 945 2623 Breve
965 2594 997 2624 de
1012 2595 1131 2623 Privato
1148 2591 1247 2630 sigillo.

1351 996 1434 1066 ξω,
1450 997 1485 1028 de
1502 998 1599 1029 nostra
1618 998 1765 1037 Licentia,
1781 999 1832 1029 sirit
1849 999 1879 1028 in
1897 997 2025 1029 Scotiam
2039 997 2075 1029 ad
2093 999 2204 1036 propria
2220 996 2351 1037 redituri,

1394 1045 1446 1074 ω)

1353 1073 1487 1118 Volentes
1505 1075 1596 1106 distes
1611 1075 1760 1114 Nuncios,
1779 1075 1850 1106 dum
1869 1074 1940 1105 infra
1954 1074 2112 1105 Bustricius
2130 1074 2254 1114 nostros,
2272 1075 2306 1106 ad
2340 1085 2385 1105 ro-

1317 1121 1375 1149 pria
1388 1113 1555 1157 redeundo,
1580 1114 1696 1145 Moram
1715 1115 1864 1152 traxerint,
1882 1114 1918 1144 ab
1932 1112 2058 1152 Injuriis,
2075 1113 2237 1152 Violentiis,
2253 1114 2287 1145 &
2343 1124 2385 1144 ra-

1317 1152 1491 1219 xszaminibus,
1510 1152 1692 1192 Aeruahbus,
1712 1153 1745 1184 &
1769 1152 1950 1190 verbalibus,
1974 1160 2105 1189 quatenus
2125 1153 2296 1191 poterimus,
2313 1162 2387 1190 prae-

1329 1199 1441 1228 ervare,

1357 1227 1457 1272 Ipsos,
1474 1226 1631 1266 Episcopos
1642 1251 1652 1268 ,
1676 1228 1838 1259 Robertum
1858 1229 1892 1259 δε
1910 1227 2122 1266 Willielmum,
2136 1238 2205 1259 cum
2222 1228 2388 1268 Equitibus‚

1321 1264 1512 1310 Garcionibus
1525 1290 1534 1305 ‚
1556 1267 1659 1306 Equis,
1678 1268 1711 1298 &
1737 1267 1877 1297 Hernesiis
1897 1266 1949 1297 suis
1974 1266 2133 1304 praediecis,
2148 1267 2183 1297 ad
2201 1266 2317 1304 Propria
2336 1277 2386 1305 per

1319 1305 1447 1350 medium
1467 1303 1566 1343 Regni
1584 1306 1668 1336 nostri
1688 1305 1847 1344 redeundo,
1865 1305 2033 1343 suscepimus
2047 1306 2078 1336 in
2092 1305 2197 1336 salvum
2212 1305 2246 1335 &
2258 1306 2388 1336 securum

1319 1342 1507 1374 LonduCium
1525 1343 1669 1374 nostrum:

1357 1381 1392 1411 Et
1410 1381 1476 1412 ideo
1496 1383 1592 1421 vobis,
1610 1382 1764 1414 distrifflsis
1781 1393 1839 1423 quo
1856 1382 2027 1423 poterimus,
2051 1381 2101 1413 sub
2119 1381 2296 1413 forisfactura
2310 1381 2388 1413 Vitae

1321 1418 1355 1462 ὃς
1371 1419 1588 1459 Membrorum,
1602 1423 1635 1453 ὃ(
1648 1423 1777 1452 omnium
1791 1422 1909 1452 aliorum
1924 1431 1986 1459 quae
2000 1421 2083 1451 nobis
2102 1419 2263 1451 forisfacere
2283 1422 2390 1458 poteri—

1321 1465 1356 1487 tis
1371 1480 1380 1496 ,
1406 1458 1568 1490 mandamus
1607 1469 1643 1489 ne
1665 1460 1764 1498 dietis,
1791 1460 1810 1479 '¹‘
1829 1459 1977 1499 Episcopis
2012 1459 2142 1490 Roberto
2158 1459 2192 1489 δε
2209 1458 2390 1499 willielmo,

1321 1495 1542 1540 aut-Equitibus‚
1559 1483 1770 1536 Garefflnibus,
1787 1498 1834 1528 vel
1849 1508 1951 1528 eorum
1966 1481 2065 1535 alicui,
2084 1498 2115 1527 in
2129 1496 2246 1536 Rebus,
2262 1497 2306 1528 vel
2323 1497 2392 1528 Per—

1321 1533 1400 1578 sonis.
1411 1540 1477 1573 iuis,
1495 1546 1541 1573 per
1561 1536 1657 1574 Loca,
1672 1537 1716 1566 vel
1733 1535 1903 1577 Distrie'cus,
1922 1534 2013 1566 vestra
2030 1536 2122 1567 versus
2138 1535 2247 1567 dictam
2264 1536 2388 1567 Terram

1322 1572 1427 1616 Scotiae
1446 1574 1589 1605 redeundo
1600 1597 1610 1613 ,
1637 1576 1705 1605 sicut
1722 1574 1891 1612 praedictum
1915 1574 1972 1612 est,
1990 1573 2124 1612 Malum,
2142 1573 2325 1613 Molestiam,
2340 1573 2389 1605 In-

1318 1621 1438 1653 Juriarn,
1458 1611 1715 1651 Impedirnentum,
1734 1621 1780 1643 aut
1795 1612 1981 1652 Gravamen,
1999 1611 2099 1642 Verbo
2106 1612 2150 1643 vel
2163 1612 2271 1651 Facito,
2287 1612 2390 1644 inferre

1321 1653 1507 1720 Ρηείηῐηεῐξέ
1524 1660 1586 1690 aut,
1605 1659 1740 1692 quantum
1758 1652 1787 1681 in
1806 1652 1888 1682 vobis
1911 1650 1968 1690 est,
1986 1651 2022 1682 ab
2039 1651 2095 1682 aliis
2112 1650 2208 1682 inferri
2227 1652 2390 1690 permittatis

1321 1698 1422 1728 quovis
1436 1699 1466 1718 m
1506 1700 1541 1728 o,

1324 1764 1328 1769 .
1358 1726 1411 1770 Et,
1430 1728 1448 1757 si
1465 1728 1532 1770 quid
1549 1727 1610 1766 ipsis
1625 1727 1768 1766 Nunciis,
1784 1735 1831 1758 aut
1850 1737 1953 1758 eorum
1975 1727 2074 1766 alicui,
2089 1727 2266 1760 forisfaaum
2281 1737 2327 1759 aut
2343 1729 2387 1759 in-

1317 1774 1452 1832 }urratum
1468 1768 1567 1805 ruerit,
1584 1766 1613 1796 id
1628 1768 1684 1805 eis,
1702 1766 1759 1797 fine
1774 1765 1924 1806 dilatione,
1940 1766 2034 1797 debite
2059 1765 2206 1797 reformari
2226 1767 2260 1798 &
2283 1768 2389 1806 corrigi

1333 1812 1437 1834 aciatis.

1321 1880 1339 1910 d
1358 1841 1392 1872 In
1409 1844 1502 1882 cujus,
1528 1844 1591 1874 &0
1609 1842 1692 1882 usque
1713 1842 1748 1874 ad
1767 1841 1884 1874 Festum
1903 1841 2085 1875 Pentecostes
2104 1843 2242 1882 proximo
2262 1842 2389 1875 futurum

1342 1890 1466 1912 uraturas.

1343 1957 1626 2003 'Volumusmetiarm
1651 1959 1702 1998 &,
1725 1967 1821 1991 tenore
1838 1960 2031 1998 praesentium,
2049 1960 2236 1991 concedimus
2276 1960 2356 1999 uod,
2370 1959 2392 1991 fi

1320 1997 1390 2026 dicii
1414 1997 1447 2027 N
1451 2007 1544 2035 uticii,
1561 1998 1607 2027 vel
1628 2007 1728 2028 eorum
1746 1998 1856 2037 aliquis,
1874 2007 1921 2029 aut
1940 1998 2030 2036 quivis
2052 1998 2244 2029 Familiarium
2273 2008 2391 2037 uorum,

1320 2035 1365 2064 vel
1382 2035 1546 2073 Equorum,
1566 2037 1597 2066 in
1613 2035 1808 2067 Infirmitatem
1831 2037 1981 2067 inciderint
1996 2038 2182 2074 „corporalem
2195 2059 2205 2076 ,
2220 2047 2277 2074 quo
2295 2038 2390 2067 minus

1320 2073 1443 2118 laborare
1459 2074 1583 2112 valeant,
1599 2074 1760 2118 velvaleat,
1778 2075 1894 2105 durante
1909 2084 2036 2114 ternpore
2048 2075 2186 2112 praesentis
2199 2074 2389 2115 Condufflis,

1321 2121 1390 2142 tunc
1403 2112 1509 2151 iidem,
1529 2113 1632 2143 morbo
1646 2114 1792 2150 impediti,
1809 2113 1853 2144 vel
1868 2113 2034 2152 impeditus,
2049 2114 2121 2144 dum
2135 2113 2205 2144 infra
2218 2113 2391 2144 potestatem

1320 2150 1445 2194 nostram
1464 2161 1574 2181 moram
1590 2152 1735 2190 traxerint,
1751 2151 1796 2181 vel
1811 2154 1939 2191 traxerit,
1957 2152 1990 2182 &
2005 2163 2020 2182 a
2034 2152 2083 2182 suo
2107 2152 2212 2182 morbo
2234 2152 2390 2183 convalue-

1320 2198 1390 2227 rint,
1409 2189 1441 2220 &
1464 2190 1654 2227 convaluerit,
1673 2190 1706 2221 &
1724 2189 1759 2220 ad
1784 2191 1897 2228 propria
1915 2190 2063 2230 redierint,
2086 2190 2131 2220 vel
2156 2190 2282 2228 redierit,
2307 2189 2390 2228 plena

1322 2227 1463 2296 {audeant
1475 2228 1551 2297 ,hell
1563 2228 1680 2265 gaudeat
1694 2250 1704 2266 ,
1730 2227 1898 2268 Securitate,
1914 2230 1999 2260 etiam
2020 2229 2040 2258 si
2063 2229 2196 2259 terminus
2217 2227 2389 2261 conduct-iis

1353 2274 1401 2296 erit
1417 2274 1474 2296 tran
1487 2276 1502 2295 a
1552 2277 1572 2296 s.

1357 2304 1426 2335 Dat.
1444 2304 1519 2343 apud
1535 2304 1842 2344 westmonasterium,
1860 2305 1976 2340 decimo
1989 2305 2066 2337 sexto
2077 2305 2124 2336 die
2138 2305 2249 2343 Aprilis.

2025 2384 2078 2412 Per
2096 2382 2166 2414 idem
2184 2385 2285 2413 Breve.

1496 2542 1545 2573 De
1571 2542 1726 2587 Capitaneo
1751 2540 1914 2573 Galearum
1938 2540 2026 2585 Regis
2047 2536 2209 2581 constituto.

2412 1459 2539 1497 *v.619.

1323 2625 1408 2679 RE
1418 2624 1464 2663 X,
1481 2624 1588 2656 dilecto
1602 2626 1667 2664 sibi,
1685 2625 1850 2662 Amerigho
1863 2624 1899 2654 de
1914 2622 2016 2662 Pavia,
2034 2623 2168 2654 Salutem.
2408 2631 2475 2663 Am,
2500 2632 2533 2663 D

1420 2665 1518 2695 Sciatis
1531 2665 1609 2703 quod
1623 2663 1820 2695 constituimus
1833 2663 1894 2694 Vos
1908 2661 2096 2699 Capitaneum
2110 2662 2143 2692 &
2160 2660 2320 2692 Ductorem
2327 2659 2388 2691 Ga·
2429 2658 2515 2712 134:ss-
2534 2656 2544 2666 ⁹

1319 2705 1425 2735 learum
1446 2702 1602 2733 nostrarum
1615 2725 1625 2739 ,
1649 2702 1683 2733 &
1704 2703 1834 2732 omnium
1859 2700 2129 2738 Albalistrariorum,
2152 2699 2388 2739 Marinariorum,
2408 2714 2460 2738 An.
2477 2719 2522 2738 22,

1321 2744 1355 2774 &
1373 2743 1510 2778 aliorum,
1530 2742 1559 2771 in
1581 2741 1683 2771 eisdem
1704 2740 1801 2771 Galeis
1822 2738 2014 2776 existentium,
2036 2738 2133 2768 dantes
2154 2739 2235 2768 vobis
2256 2739 2389 2777 plenam,
2410 2753 2439 2776 Ε,
2459 2759 2484 2786 3,

1320 2790 1420 2811 tenore
1455 2778 1810 2817 raesentium,Potestatem
1824 2776 2001 2816 adjustitiam
2014 2776 2253 2814 quibuscumque,
2272 2777 2308 2807 de
2315 2786 2386 2814 prae-
2406 2789 2497 2816 Franc.

1320 2820 1401 2850 dietis
1450 2818 1532 2857 aleis,
1553 2820 1600 2856 qui
1616 2817 1759 2854 Felonias,
1776 2814 2036 2854 Transgreffiones,
2053 2815 2098 2845 seu
2118 2814 2260 2845 Maleficia
2276 2815 2384 2854 aliqua,
2409 2835 2452 2853 22.
2468 2830 2497 2854 E.
2511 2834 2524 2862 3
2529 2828 2539 2853 ,-

1319 2867 1368 2896 per
1381 2857 1519 2894 Terram,
1538 2856 1581 2887 vel
1595 2865 1644 2894 per
1660 2854 1761 2893 Mare,
1777 2854 1873 2885 facere
1884 2853 2123 2892 praesumpserint,
2140 2853 2342 2884 exhibendum:
2403 2873 2442 2893 m,
2455 2873 2497 2900 ¹7·

1356 2894 1650 2932 Transgressionibus,
1670 2894 1693 2924 F
1695 2894 1810 2930 eloniis,
1828 2893 1861 2924 ὃς
1879 2890 2044 2929 Maleficiis,
2062 2890 2133 2921 infra
2151 2891 2302 2922 Libertates
2314 2891 2384 2923 Ma-

1319 2943 1435 2973 gnatum
1450 2934 1485 2963 de
1502 2933 1611 2970 Regno
1624 2932 1721 2962 nostro
1735 2932 1865 2969 Angliae,
1883 2940 1934 2973 per
1954 2929 2042 2972 ipsos,
2060 2929 2105 2958 seu
2125 2938 2224 2959 eorum
2247 2929 2385 2970 aliquem,

222 2726 270 2757 De
292 2721 416 2769 Stapula
442 2723 567 2758 Stant-xi,
595 2717 734 2760 PlumL-t,
757 2721 793 2756 όν
815 2720 987 2750 pannorum
1010 2717 1180 2748 Laneomm
1206 2715 1286 2761 apud

603 2768 738 2800 caletum
763 2766 898 2798 tenenda,

70 2859 146 2891 Arm.
160 2858 201 2890 D.
219 2855 337 2911 REX
357 2855 512 2899 OmnibuS,
528 2852 561 2883 ad
573 2862 658 2891 qUOS,
670 2852 737 2896 Ιᾶο.
934 2889 939 2893 .

89 2898 175 2937 1348.
310 2894 431 2931 Regiam
447 2893 527 2923 dccet
546 2891 723 2921 prudentiam
742 2889 820 2920 Loca
837 2887 976 2918 Guerrina
992 2886 1160 2925 conquesta,
1178 2898 1214 2917 ne
1222 2887 1283 2931 Ag-

68 2941 120 2966 Aa,
139 2945 182 2964 22.
220 2932 353 2968 gressibus
380 2930 588 2962 Adversantium
611 2930 789 2959 iminentibus
813 2927 929 2957 faciliter
954 2927 1071 2964 cedant,
1097 2926 1155 2956 tam
1184 2925 1283 2964 Virili,

66 2979 97 3001 E.
116 2985 142 3011 3.

64 3017 153 3041 Fraszc.

67 3056 154 3079 22.E.
171 3058 196 3088 3.

68 3098 104 3116 m.
125 3092 165 3117 16.

219 2973 304 3010 quam
322 2970 402 3000 Reali
419 2969 527 3007 Copia,
546 2968 733 2998 communire.

253 3009 290 3039 Et
312 3009 446 3047 proinde,
469 3008 593 3038 volentes
618 3005 724 3035 Villam
751 3003 872 3034 nostram
896 3002 933 3033 de
957 3001 1074 3042 Caleys,
1093 3012 1141 3040 per
1160 3001 1227 3032 Nos
1244 3002 1280 3033 de

217 3047 326 3078 Guerra
342 3045 527 3083 conquestam
543 3067 552 3082 ,
577 3045 609 3074 ὅ(
626 3054 674 3081 per
700 3043 837 3073 Inimicos
856 3041 964 3071 nostros
983 3043 1106 3079 undique
1128 3040 1282 3080 Vallatam,

218 3096 270 3126 pro
282 3087 388 3116 viribus
402 3083 549 3120 defensari,
566 3083 598 3112 &
615 3082 788 3111 Commodis
801 3080 941 3118 ejusdem,
959 3089 1006 3116 per
1027 3079 1181 3117 frequentes
1198 3077 1282 3109 Con-

218 3124 327 3162 cursuS,
350 3124 408 3153 turri
436 3122 651 3157 Mercatorum,
670 3121 755 3157 quam
781 3120 916 3156 aliorum,
941 3126 969 3147 ut
988 3118 1021 3147 ad
1040 3117 1156 3147 eandem
1176 3118 1280 3148 Villam

217 3163 404 3203 promptiores
421 3161 539 3191 habeant
559 3157 674 3188 affeetus
698 3158 834 3188 declinare
855 3157 888 3186 &
912 3155 1077 3193 confluere,
1102 3156 1132 3184 in
1153 3154 1279 3186 futurum

241 3201 368 3232 rovidere

219 3213 238 3242 p
254 3240 301 3270 De
320 3222 436 3269 Affensu
456 3235 583 3266 Concilii
600 3233 687 3264 nostri
703 3232 895 3263 ordinavimus
915 3232 948 3262 ὃς
971 3229 1176 3269 conceffimus,
1200 3231 1279 3271 quiid

217 3277 344 3316 Stapula,
363 3279 420 3306 tarn
444 3275 558 3310 Stanni,
578 3273 711 3309 Plumbi,
728 3272 760 3301 δε
786 3270 914 3307 Plumae,
932 3270 1015 3307 quam
1040 3268 1203 3299 Pannorum
1225 3270 1280 3300 La-

217 3327 354 3354 neorum,
380 3314 451 3344 infra
476 3312 614 3347 Regnum
638 3309 766 3340 nostruin
789 3309 902 3345 Angliae
927 3307 1084 3344 factorum,
1109 3317 1142 3337 ac
1160 3307 1279 3337 aliorum

218 3354 376 3384 Pannorum
392 3353 428 3383 de
440 3349 621 3387 Worstedes,
638 3358 701 3387 quae
713 3356 787 3377 extra
802 3347 876 3376 idem
891 3345 1025 3384 Regnum
1032 3345 1159 3375 nostrum
1173 3346 1207 3376 de
1223 3356 1280 3376 cae-

218 3401 277 3422 tero
298 3391 488 3427 traducentur,
504 3388 576 3426 apud
597 3388 699 3418 Villam
719 3385 841 3415 nostram
861 3384 1041 3421 praedictam,
1058 3384 1091 3413 &
1114 3393 1172 3412 non
1197 3384 1280 3422 alibi,

218 3429 301 3467 usque
315 3428 348 3458 ad
361 3429 446 3458 finem
465 3428 578 3464 Septem
599 3426 765 3461 Annorum,
783 3422 844 3460 post
856 3422 1079 3452 Confectionem
1095 3421 1281 3459 praesentium,

218 3468 354 3505 proximo
370 3467 541 3504 sequentium
552 3488 560 3503 ,
579 3464 700 3502 plenarie
717 3461 930 3499 completorum
941 3483 950 3498 ,
968 3467 1107 3497 teneatur,
1128 3459 1161 3490 δε
1182 3459 1280 3490 secun-

217 3507 288 3536 dum
306 3504 413 3540 Legem
433 3505 634 3534 Mercatoriam
650 3509 760 3539 regatur
776 3500 808 3529 &
821 3498 1013 3535 conservetur,

255 3542 386 3573 Volentes
409 3542 485 3579 quod
509 3552 606 3571 omnes
632 3541 665 3571 &
691 3538 807 3575 linguli,
833 3538 889 3567 timi
914 3536 1102 3572 Mercatores,
1121 3536 1203 3573 qutim
1220 3536 1280 3573 alii,

218 3580 376 3619 hujusmodi
395 3579 586 3608 Mercimonia
604 3579 641 3608 sic
659 3587 735 3608 extra
751 3577 859 3607 dictum
874 3574 1010 3610 Regnum
1020 3572 1153 3615 ¹nostrum
1170 3574 1281 3612 Angliae

217 3619 360 3656 educturi,
378 3626 439 3646 ante
454 3616 630 3647 eduffionem
646 3615 803 3654 hujusmodi
820 3625 834 3643 a
856 3613 957 3650 Portu,
978 3612 1026 3641 ubl
1039 3621 1071 3641 ea
1085 3616 1122 3640 iic
1138 3612 1280 3642 educenda

217 3658 386 3693 carcabunt,
409 3654 639 3692 Sacramentum,
657 3664 755 3684 coram
777 3651 985 3683 Collectoribus
1007 3648 1207 3678 Custumarum
1228 3660 1279 3679 no-

218 3695 332 3724 strarum
351 3695 379 3723 in
398 3692 500 3722 eodem
517 3690 600 3721 Portu
615 3714 625 3728 ,
647 3691 774 3730 praestent
792 3689 952 3729 corporale,
973 3687 1052 3755 quod
1069 3686 1145 3716 dieta
1171 3687 1280 3718 Merci-

219 3733 316 3762 monia
331 3732 362 3760 ad
379 3731 428 3761 alia
443 3730 504 3759 loca
520 3738 627 3766 cirtem,
646 3731 729 3765 quarn
751 3729 785 3758 ad
808 3729 914 3759 dictam
936 3726 1057 3767 Vilam,
1076 3734 1136 3754 non
1158 3724 1279 3769 ducent,

218 3771 251 3800 Sc
266 3780 296 3798 ea
314 3769 416 3798 ibidem
430 3767 637 3802 discarcabunt,
660 3766 821 3795 venditioni
839 3764 1024 3804 exponenda,
1041 3764 1090 3793 iub
1106 3763 1278 3795 forisfactura

217 3807 474 3838 Mercimoniorum
492 3806 601 3835 suorum
621 3804 828 3840 praedidiorum.

255 3844 288 3875 In
307 3845 401 3881 cujus,
421 3845 480 3873 &c.
500 3853 548 3880 per
567 3841 718 3879 praedietos
731 3842 836 3877 septem
853 3842 951 3871 Annos
969 3840 1115 3871 duraturas.

293 3881 379 3912 Teste
400 3881 480 3919 Rege
498 3881 570 3919 apud
589 3879 632 3911 W
635 3879 894 3917 estmonasterium,
911 3880 1009 3919 quinto
1026 3878 1072 3909 die
1090 3877 1202 3916 Aprilis.

748 3956 800 3983 Per
819 3953 899 3993 ipfixm
917 3958 1013 3993 Regem
1030 3953 1068 3991 &¹
1086 3951 1239 3985 concilium.

1318 2972 1398 3003 saetis
1419 2973 1550 3016 (quorum
1567 2971 1755 3002 Libertatibus
1774 2968 1907 2999 nolumus
1927 2977 1956 2996 in
1971 2966 2065 3004 aliquo
2080 2967 2220 3004 derogari)
2241 2967 2387 3002 dumtaxat

1320 3020 1389 3041 exce
1411 3019 1457 3040 tis:

1356 3021 1508 3086 Itapquod,
1525 3048 1544 3078 fi
1557 3048 1669 3086 aliquis,
1687 3045 1757 3076 insta
1766 3044 1921 3075 Libertates
1933 3043 2091 3081 aliquorum
2103 3042 2248 3074 diciorum
2262 3043 2387 3082 Magna-

1318 3094 1378 3117 tum
1387 3110 1396 3125 ,
1416 3086 1564 3117 Delkstum
1576 3084 1689 3124 aliquod
1704 3083 1821 3121 fecerit,
1835 3083 1879 3113 vel
1888 3082 1981 3112 facere
2017 3081 2197 3119 raesumpserit
2211 3083 2240 3112 in
2250 3081 2386 3123 futurum,

1318 3126 1351 3155 &
1367 3125 1476 3155 ibidem
1491 3133 1558 3155 tunc
1573 3121 1746 3162 deprehendi
1760 3121 1979 3162 contigeritq&
2028 3122 2139 3150 ominus
2154 3119 2300 3152 Libertatis
2314 3123 2385 3154 illius

1313 3162 1452 3202 Justitiam
1477 3163 1526 3193 fibi
1541 3185 1550 3200 ,
1571 3164 1647 3200 juxta
1668 3161 1851 3199 quantitatem
1876 3158 1982 3189 Delieri
2014 3157 2071 3197 sui,
2094 3158 2225 3189 exhibere
2247 3161 2385 3200 voluerit;

1318 3210 1385 3232 tunc
1403 3200 1513 3238 justitia
1535 3201 1617 3231 dicto
1640 3198 1843 3236 Delinquenti,
1868 3198 1898 3227 in
1920 3196 2064 3234 praesentia
2087 3195 2196 3235 vestra,
2212 3197 2232 3228 si
2252 3198 2383 3231 intereffe

1317 3239 1457 3270 volueritis
1469 3262 1478 3277 ,
1496 3239 1673 3275 exhibeatur,
1692 3236 1815 3274 alioquin
1828 3245 1879 3267 vos
1892 3234 2053 3273 hujusmodi
2067 3234 2196 3273 Delicta,
2211 3235 2288 3273 juxta
2306 3239 2382 3278 ιῙυης

1318 3279 1491 3314 exigentiam
1500 3300 1509 3316 ,
1527 3279 1624 3315 punire
1639 3274 1758 3313 possitis:

1358 3316 1489 3346 Necnon
1512 3315 1546 3345 ad
1567 3324 1668 3345 omnes
1685 3312 1854 3343 Marinarios
1874 3312 2010 3343 dietamm
2033 3310 2187 3342 Galearum
2208 3311 2398 3352 nostrarum‚‘

1319 3355 1368 3393 qui
1380 3354 1468 3384 Vadia
1481 3354 1572 3384 nostra
1583 3352 1754 3390 receperint,
1772 3352 1805 3382 &
1826 3350 1929 3381 abinde
1953 3350 1980 3379 se
1997 3348 2207 3387 elongaverint,
2227 3349 2271 3380 vel
2295 3360 2343 3390 per
2354 3362 2384 3382 a-

1319 3393 1370 3422 lios
1389 3392 1513 3429 elongati
1525 3392 1645 3430 fuerint,
1663 3391 1835 3428 ubicumque
1850 3399 1896 3419 eos
1917 3388 2067 3426 contigerit
2086 3388 2225 3425 inveniri,
2244 3388 2300 3419 five
2313 3389 2385 3421 infla

1321 3431 1494 3469 Libertates,
1511 3430 1568 3461 five
1584 3438 1678 3466 extra,
1696 3427 1886 3464 arestandum,
1903 3427 1935 3457 &
1951 3426 2035 3463 usque
2056 3425 2143 3456 dietas
2164 3424 2264 3457 Galeas
2278 3426 2384 3459 nostras

1320 3469 1514 3499 reducendum
1524 3493 1533 3505 ,
1551 3470 1580 3498 in
1605 3468 1726 3498 Servitio
1742 3466 1838 3496 nostro
1850 3465 1956 3495 ibidem
1971 3473 2144 3502 moraturos,

1356 3507 1390 3537 Et
1405 3507 1438 3537 ad
1455 3506 1644 3544 Marinarios,
1662 3515 1713 3550 pro
1729 3504 1811 3534 dietis
1823 3502 1921 3533 Galeis
1935 3511 2107 3542 oportunos,
2124 3504 2252 3540 quotiens
2271 3503 2383 3534 necess'e

1318 3546 1418 3584 fuerit,
1438 3546 1541 3582 ubique
1555 3545 1626 3574 infra
1639 3543 1751 3574 dietum
1768 3542 1908 3583 Regnum
1924 3540 2072 3578 nostrum,
2090 3540 2161 3572 infra
2182 3542 2333 3572 Libertates
2347 3542 2382 3572 δε

1318 3592 1409 3621 extra,
1428 3583 1590 3620 eligendum
1600 3604 1610 3619 ,
1628 3582 1661 3612 &
1680 3591 1729 3611 eos
1745 3581 1774 3609 in
1789 3580 1872 3610 dictis
1888 3578 1983 3609 Galeis
2002 3579 2035 3609 ad
2051 3579 2141 3610 Vadia
2161 3578 2254 3609 nostra
2269 3588 2382 3615 ponen-

1318 3623 1457 3690 dum,&in
1477 3621 1656 3659 Obsequium
1673 3618 1820 3657 nostrum,
1841 3618 1895 3649 una
1917 3617 2082 3656 vobiscum,
2107 3619 2136 3648 in
2156 3617 2261 3647 eisdem
2284 3616 2381 3649 Galeis

1338 3670 1370 3690 ro
1383 3670 1399 3690 e
1431 3669 1506 3690 uros:

1317 3671 1336 3698 p
1352 3697 1387 3728 Et
1404 3698 1436 3727 ad
1450 3698 1548 3728 omnia
1559 3696 1627 3734 alia,
1645 3705 1708 3734 quae
1724 3704 1772 3734 per
1785 3693 1942 3732 hujusmodi
1958 3693 2149 3732 Capitaneum
2165 3693 2198 3723 δε
2217 3691 2381 3724 Dueiorem

1317 3735 1463 3766 necessaria
1476 3735 1577 3765 fuerint
1591 3735 1636 3764 vel
1649 3743 1806 3771 oportuna,
1823 3733 1984 3771 faciendum
1999 3734 2032 3763 &
2047 3730 2258 3769 exequendum,

1353 3773 1390 3804 Et
1402 3774 1469 3804 ideo
1483 3774 1564 3803 vobis
1578 3773 1741 3803 mandamus
1756 3772 1834 3810 quod
1851 3769 1995 3801 Praemissa
2008 3769 2108 3799 omnia
2124 3769 2158 3799 &
2174 3768 2280 3806 singula
2294 3768 2381 3802 facia-

1316 3814 1366 3849 tis,
1385 3813 1417 3842 &
1433 3811 1560 3849 expleatis
1577 3812 1607 3841 in
1622 3810 1713 3840 forma
1729 3809 1874 3848 praedieta.

1354 3850 1499 3881 Univerfis
1512 3849 1617 3887 insuper
1632 3849 1665 3879 ὃς
1681 3849 1792 3886 singulis
1809 3847 1978 3886 Maj01ibus,
1994 3844 2238 3883 Vicecomitibus,
2258 3843 2378 3885 Ballivi's,

1315 3887 1471 3926 Ministris,
1489 3886 1665 3925 Marinariis,
1683 3887 1716 3917 &
1729 3887 1786 3917 aliis
1799 3886 1823 3916 F
1825 3885 1940 3915 idelibus
1951 3882 2062 3920 nostris,
2079 3883 2139 3912 tam
2162 3882 2234 3913 infra
2249 3882 2378 3915 Liberta-

1314 3935 1369 3964 tes,
1389 3927 1471 3964 quam
1493 3933 1584 3964 extra,
1603 3925 1635 3955 &
1658 3925 1718 3955 tam
1741 3935 1789 3963 per
1808 3923 1948 3964 Terram,
1965 3921 2050 3958 quam
2073 3930 2121 3957 per
2137 3919 2239 3958 Mare,
2255 3921 2379 3953 similiter

1313 3964 1430 4001 damus,
1447 3972 1543 3994 tenore
1558 3963 1754 4001 praesentium,
1772 3964 1803 3992 in
1819 3960 1953 3991 mandatis
1973 3957 2053 3997 quod
2075 3958 2173 3996 vobis,
2190 3960 2219 3988 in
2235 3959 2379 3997 praemiffis

1314 4003 1445 4032 omnibus
1460 4003 1493 4033 &
1506 4002 1616 4040 singulis
1630 4001 1761 4032 faciendis
1775 4001 1808 4031 &
1823 3996 2005 4035 exequendis,
2022 3995 2198 4027 Intendentes
2212 3997 2263 4027 sint
2276 3998 2378 4029 &Au-

1314 4041 1435 4072 xiliantes
1450 4042 1575 4079 quotiens
1594 4038 1704 4071 necess'e
1725 4038 1823 4074 fuerit,
1847 4036 1880 4067 &
1901 4044 1950 4073 per
1963 4033 2024 4066 Vos
2037 4057 2047 4073 ,
2069 4033 2114 4065 seu
2133 4034 2307 4103 Deputatuff
2329 4044 2378 4065 ve-

2298 4082 2380 4111 rum,
