2561 4251
268 96 351 145 146
747 82 1330 129 CONVENTIO

109 174 188 208 Anti.
204 174 247 206 D.

138 216 222 253 1368.

109 255 178 282 Ελυ.
194 263 220 291 3.

109 364 163 389 An.
178 371 228 397 4²·

107 403 142 427 E.
161 409 189 436 3.

109 441 197 465 Fraus.

110 481 241 513 42·1=‘-3·

110 522 146 542 m.
161 516 188 541 6.

111 2144 187 2173 ⁰V1.

90 2191 157 2218 59²·

310 277 359 309 De
385 270 569 316 Testamenta
589 267 713 303 Thomae
729 266 766 301 de
786 265 926 301 Uvednle
943 266 1062 299 Militis
1078 263 1281 313 Duplicando.

266 359 346 417 LE
366 359 426 389 Roi
444 366 459 402 a
479 365 550 402 touz
568 365 659 394 ceux,
674 355 705 394 qi
724 354 813 399 cesftes
829 353 940 384 Lettres
955 360 1092 397 verront,
1109 351 1196 382 Salut.

372 398 471 428 Savmr
489 397 590 427 faisons
608 394 696 426 Nous
713 403 792 423 avoir
808 391 873 423 Veu
891 393 925 423 ὅ(
945 391 1017 430 fait,
1042 391 1078 422 de
1093 390 1191 422 nostre
1209 399 1332 421 coman-

260 436 394 473 dement,
410 434 544 466 Transcri
566 444 596 464 re
613 435 647 464 δε
662 432 792 471 Copier,
807 442 846 462 ou
856 432 1022 470 jugement,
1037 439 1085 467 par
1102 431 1162 460 bon
1179 428 1332 460 Collacion

259 476 293 506 &
312 475 440 505 Examen
455 497 465 513 ,
492 474 518 504 le
569 472 707 503 estament
724 471 761 502 de
777 472 824 501 feu
841 470 973 501 Thomas
990 469 1026 499 de
1046 468 1180 500 Uvedale
1195 491 1204 505 ,
1228 468 1277 498 fiiit
1295 468 1330 499 &

259 523 384 550 approve
402 513 505 543 devant
523 534 533 549 ,
554 509 720 542 l'Onerable
737 509 820 540 Piere
835 519 873 540 en
891 508 969 539 Dieu
982 530 992 546 ,
1015 506 1163 551 l'Eyesque
1179 506 1215 536 de
1232 505 1332 546 Wyn-

260 552 368 591 cestre,
388 551 484 582 nostre
498 549 686 587 Chanceller,
700 556 855 580 contenant
872 547 897 578 la
915 546 1008 578 forme
1022 556 1070 586 qui
1087 545 1222 586 s’ensuyt:

296 628 344 660 IN
364 629 447 662 Dizi
467 627 671 665 Nemnis,
690 627 828 658 AMEN.

294 667 321 699 E
341 680 360 699 o
375 668 505 699 Thomas
522 667 559 698 de
577 665 711 697 Uvedale
728 665 882 703 Chivaler,
896 663 942 695 die
960 662 1092 700 Sabbati,
1109 663 1139 692 in
1159 661 1244 693 Festo
1259 662 1330 693 San-

258 706 299 738 eti
319 678 476 752 {commu
500 716 578 737 anno
597 705 725 749 Domini
746 703 911 741 Milesimo,
933 702 1169 740 Trecentefimo,
1189 701 1331 741 Sexagesi-

257 744 567 815 Εἰῖὶέεξῐξὲἓῖἶῃὸαῃκ
583 743 693 775 Mentis
711 753 803 781 meae,
824 742 924 773 condo
941 740 1165 772 Testamentum
1182 749 1282 771 meum
1300 741 1330 770 in

294 823 341 854 ΙΝ
363 807 537 860 PRXMI’S,
562 821 649 858 Lego
669 821 805 853 Animam
821 827 916 850 meam
935 817 1023 856 Deo,
1045 817 1078 849 δε
1098 817 1187 848 beatae
1207 816 1329 855 Mariae,

256 862 292 893 &
315 863 449 893 omnibus
473 860 584 892 Sanffis
602 861 662 892 Dei
679 883 689 899 ,
715 861 748 890 ὅ(
767 859 881 897 Corpus
904 866 1002 887 meum
1021 857 1056 887 ad
1076 855 1276 894 Sepeliendum
1298 857 1329 886 in

256 901 383 971 Ecglesia
399 900 558 932 Parochiali
574 900 610 931 de
632 898 798 939 Tycheseye
814 921 825 936 ,
848 897 880 927 in
899 895 997 926 medio
1018 894 1145 936 Capeliae
1163 894 1262 925 Santiti
1279 894 1331 934 ja-

255 950 368 1011 εΟΙΞῙἜ
378 987 423 1018 Μ,
439 977 518 1009 Volo
531 976 635 1008 Primo
653 977 687 1008 ὃς
702 974 896 1014 Principaliter
913 972 992 1013 quod
1010 972 1119 1004 Debita
1136 982 1200 1003 mea
1217 971 1328 1003 solvan-

254 1026 419 1095 tml'TEM,
436 1055 514 1086 Volo
533 1054 632 1095 quod,
646 1054 666 1085 si
683 1053 783 1092 aliquae
806 1051 984 1083 Extorsioncs
1003 1050 1047 1081 vel
1068 1048 1181 1088 Injuriae
1203 1059 1253 1088 per
1278 1059 1326 1079 me

250 1096 335 1126 5³&ae
359 1096 482 1133 fuerint,
502 1104 566 1134 quae
588 1094 715 1133 legitime
735 1090 839 1130 possint
861 1091 990 1129 probari,
1017 1087 1147 1119 satisfiant
1171 1087 1327 1118 secundum

252 1135 453 1166 discretionem
475 1133 637 1165 Benedicta:
653 1155 663 1171 ,
692 1131 800 1161 Uxoris
820 1139 893 1160 meae
908 1152 917 1168 ‚
933 1131 966 1161 ὃς
987 1128 1107 1159 aliorum
1130 1126 1325 1158 Executorum

254 1183 415 1249 mlo-irfingi,
437 1211 517 1242 Volo
541 1210 623 1250 quod
637 1218 740 1241 omnes
755 1207 914 1239 Servientes
929 1206 1006 1243 mei,
1024 1205 1073 1244 qui
1087 1213 1202 1235 mecum
1217 1204 1326 1234 labora—

250 1259 371 1289 verunt,
388 1251 622 1280 Remunerentnr
645 1248 767 1287 quilibet
786 1246 821 1277 ad
842 1246 961 1286 gradum
984 1244 1083 1281 suurn,
1101 1251 1133 1273 ut
1154 1245 1183 1273 in
1205 1243 1327 1280 quadam

252 1289 379 1328 Ceduii,
398 1289 466 1320 inde
484 1288 559 1319 faeta
571 1311 580 1326 ,
599 1287 710 1325 plenius
731 1287 912 1322 continetur,
933 1286 968 1315 &
987 1282 1143 1313 secundum
1166 1281 1328 1313 Discreti0·

250 1338 320 1360 nem
340 1328 503 1359 Benedietae
520 1326 630 1357 Uxoris
642 1335 734 1363 meae,
753 1326 787 1356 &
801 1323 998 1355 Executorum
1013 1330 1153 1352 meorum.

289 1367 337 1398 I'r
349 1375 421 1404 EM,
439 1365 518 1396 Volo
543 1364 625 1403 quod
648 1373 751 1395 omnes
776 1363 821 1394 alii
841 1362 1000 1394 Servientes
1021 1360 1077 1391 mei
1093 1359 1324 1391 Remunerentur

249 1406 406 1438 secundum
421 1405 632 1437 Discretionem
644 1403 756 1435 Uxoris
768 1411 843 1433 meae
855 1403 889 1433 &
903 1400 1025 1431 aliorum
1031 1398 1227 1430 Executorum
1243 1408 1325 1430 meo-

247 1455 331 1516 mxlur
341 1495 357 1515 iz
369 1493 412 1522 M,
432 1482 511 1514 Volo
530 1482 613 1520 quod
630 1479 757 1513 Ecclesia
771 1478 943 1510 paroehialis
959 1477 995 1508 de
1017 1476 1183 1518 Tycheseye
1199 1475 1326 1516 perficia-

247 1530 293 1555 tur
302 1524 338 1554 ad
355 1523 563 1554 Discretionem
578 1519 687 1551 Uxoris
701 1529 776 1549 meae
789 1520 822 1550 &
838 1516 1034 1548 Executorum
1049 1525 1182 1547 meorum

286 1562 415 1599 ITEM,
444 1560 522 1591 Volo
541 1559 621 1598 quod
645 1558 781 1598 praedicta
805 1557 893 1588 Uxor
915 1565 979 1586 mea
1000 1557 1034 1587 &
1057 1554 1126 1585 dieti
1147 1553 1322 1585 Executores

246 1603 305 1633 mei
327 1600 508 1638 distribuant,
527 1598 563 1629 de
583 1597 670 1628 Bonis
687 1597 769 1633 meis,
792 1595 827 1626 ad
850 1596 896 1625 illa
918 1595 999 1625 Loca
1023 1595 1052 1623 in
1074 1594 1176 1631 quibus
1190 1591 1323 1630 Corpora

247 1639 336 1672 Patris
349 1641 424 1678 mei,
444 1637 548 1669 Matris
559 1647 650 1675 meae,
667 1636 805 1667 Uxorum
819 1643 964 1672 mearum,
985 1632 1088 1663 Mariae
1127 1632 1267 1669 isabellae,
1288 1632 1323 1662 ὅ(

247 1678 436 1718 Margaretae,
453 1675 645 1717 requiescunt,
664 1674 821 1706 secundum
839 1672 1052 1704 Discretionem
1075 1655 1185 1701 U⁷xoris
1198 1680 1271 1701 meae
1285 1671 1318 1701 sc

245 1716 443 1750 Executorum
460 1724 603 1746 meorum.

283 1756 412 1794 ITEM,
430 1756 513 1794 Lego
532 1753 647 1785 diverfis
667 1751 810 1783 Fratribus
829 1751 863 1782 δε
884 1749 1036 1787 Religioiis
1051 1748 1119 1786 (qui
1137 1747 1320 1779 continentur

246 1796 276 1826 in
297 1795 417 1834 quadarn
439 1791 566 1830 Cedula,
592 1791 660 1822 inde
679 1790 771 1828 facta)
790 1789 945 1820 secundum
967 1788 1182 1818 Discretionem
1207 1785 1321 1816 Uxoris

244 1843 320 1865 meae
335 1834 368 1864 &
385 1832 584 1864 Executorum
599 1839 742 1861 meorum.

281 1871 411 1911 ITEM,
437 1871 518 1910 Lego
540 1869 629 1901 Fratri
652 1867 781 1899 Ricardo
802 1866 953 1898 Twitham
975 1863 1132 1895 secundum
1157 1862 1321 1894 Discretio-

242 1921 311 1944 nem
325 1911 435 1943 Uxoris
451 1919 525 1940 meae
538 1909 572 1940 &
590 1908 711 1939 aliorum
727 1906 928 1938 Executorum
944 1913 1089 1935 meorum.

281 1949 409 1988 ITEM,
425 1948 505 1980 Volo
527 1946 608 1986 quod
628 1946 688 1977 dies
707 1945 865 1984 Sepulturae
890 1953 981 1981 meae,
996 1942 1054 1973 dies
1074 1940 1197 1980 Menfis,
1215 1941 1249 1972 &
1260 1939 1319 1972 dies

242 1989 409 2022 Aniversarii
437 1989 494 2019 mei
518 1986 587 2017 fiant
608 1985 644 2016 ad
666 1984 825 2016 Honorem
848 1983 925 2022 Dei,
943 1982 976 2014 &
992 1981 1028 2013 ad
1043 1981 1186 2012 Meritum
1200 1979 1318 2010 Animae

242 2038 333 2068 meae,
350 2029 382 2059 &
395 2037 455 2058 non
470 2026 505 2057 ad
520 2025 668 2063 Pompam
683 2023 809 2062 Mundi,
828 2022 986 2055 secundum
1001 2020 1216 2052 Discretionem
1231 2018 1318 2050 dietae

241 2068 351 2100 Uxoris
365 2076 436 2097 meae
446 2088 455 2104 ,
473 2066 507 2096 δε
520 2065 639 2095 aliorum
654 2061 853 2094 Executorum
867 2070 1018 2098 meorum,

281 2107 325 2138 IT
336 2116 354 2137 E
363 2114 391 2137 M
400 2104 495 2144 ,Volo
509 2103 591 2142 quod
606 2101 741 2142 praedieta
754 2101 843 2133 Uxor
860 2110 924 2132 mea
937 2101 970 2132 &
985 2098 1158 2130 Executores
1172 2098 1230 2128 mei
1244 2107 1319 2129 con-

243 2146 357 2178 stituant
376 2146 410 2176 δε
425 2141 442 2158 “
457 2142 592 2174 ordinent
613 2139 646 2172 ad
665 2139 868 2172 celebrandum
890 2141 920 2170 in
941 2138 1068 2170 Ecclesia
1083 2138 1118 2169 de
1131 2136 1318 2177 Tycheseye,

242 2195 297 2224 pro
319 2184 425 2214 Anima
443 2182 583 2221 Johannis
603 2179 702 2219 Polle,
720 2180 754 2211 δε
777 2179 938 2210 Animabus
960 2178 1095 2208 omniurn
1116 2177 1257 2213 aliorum,
1280 2175 1318 2206 de

241 2224 344 2263 quibus
367 2223 455 2260 aliqua
475 2220 572 2259 Bona,
589 2220 618 2249 in
636 2219 702 2250 Vita
724 2219 787 2256 iiia,
803 2218 848 2248 vel
865 2217 929 2256 post
946 2216 1077 2247 Mortem
1092 2224 1213 2253 eorum,
1231 2214 1317 2244 habui

239 2265 286 2295 vel
301 2263 434 2301 percepi,
452 2260 486 2291 δε
501 2269 553 2298 pro
568 2258 726 2289 Animabus
742 2259 877 2288 omnium
892 2255 1050 2293 Fidelium,
1068 2253 1225 2285 secundum
1259 2253 1317 2283 uod

239 2311 353 2339 teneor,
368 2301 403 2332 &
423 2299 579 2330 secundum
597 2295 812 2328 Discretionem
834 2294 944 2325 Uxoris
965 2303 1038 2324 mex
1055 2294 1088 2325 δε
1103 2293 1227 2324 aliorum
1269 2301 1317 2322 xe-

239 2349 376 2372 cutorum
392 2347 536 2369 meorum.

277 2379 321 2411 Ιτ
332 2388 349 2410 E
360 2386 404 2416 M,
423 2376 502 2407 Volo
517 2374 597 2412 quod
614 2373 782 2409 Armatura,
799 2371 966 2403 sufficientia
979 2370 1012 2401 ad
1029 2379 1121 2400 unum
1137 2368 1315 2408 Hominem,

239 2420 275 2449 de
300 2417 434 2456 optimis,
453 2415 487 2446 &
512 2414 585 2444 Duo
606 2412 700 2451 Equi,
717 2412 822 2448 optimi
843 2409 909 2448 post
926 2409 1111 2440 Dextrarium
1147 2407 1251 2438 dentur
1263 2407 1314 2446 jo-

240 2458 326 2488 hanni
346 2455 418 2485 Filio
440 2463 526 2491 meo,
547 2452 704 2483 secundum
722 2449 934 2481 Discretionem
953 2447 1098 2488 praedict-„e
1113 2431 1225 2477 Uxoris
1240 2455 1313 2477 meae

240 2497 274 2528 &
289 2496 407 2525 aliorum
422 2492 617 2524 Executorum
634 2498 778 2521 meorum.

278 2572 334 2610 Et,
353 2571 387 2602 ad
409 2569 483 2600 istud
498 2568 719 2600 Testamentum
734 2565 851 2597 fideliter
867 2563 1096 2603 Exequendurn,
1118 2560 1276 2592 Coiistituo

456 2609 489 2639 &
510 2607 625 2638 Ordino
646 2605 820 2636 Executores
835 2613 914 2634 meos
932 2602 1101 2641 (videlicet)

278 2687 470 2724 Benedic'iam,
490 2684 628 2715 Uxorem
650 2691 764 2720 meam,
780 2679 992 2719 Principalem,

278 2732 408 2764 Rogrrum
428 2728 532 2762 Drgge,

280 2764 463 2795 lb'illi‘elmum
483 2759 634 2800 Tirwhyt‚

279 2804 428 2835 Robertum
444 2800 566 2840 RoiffJ'in,

280 2844 318 2874 Et
338 2845 379 2873 W
378 2840 514 2871 illr'elmum
534 2837 681 2875 Haghasn,

281 2882 318 2912 Et
334 2880 494 2920 Johannem
513 2877 576 2907 Filz
594 2878 637 2906 W
635 2875 733 2906 illium.

310 2957 379 2988 Dat.
391 2956 465 2996 apud
482 2954 652 2992 Sutliwerk,
671 2952 717 2984 die
731 2952 765 2982 ἃ
782 2959 861 2982 anno
877 2948 1049 2989 supradietis.

277 3035 321 3066 1¹1·
330 3045 347 3066 E
356 3043 382 3065 M
391 3058 400 3073 ,
411 3034 476 3073 lego
491 3032 617 3072 Capellae
630 3033 720 3061 beatae
739 3028 841 3058 Mariae
856 3027 892 3057 de
906 3025 1116 3066 Walsyngham
1129 3021 1233 3053 Unam
1248 3023 1308 3053 Ta-

238 3075 340 3106 bellam
358 3098 367 3112 ,
391 3074 561 3112 Argenteam
580 3071 612 3101 δε
634 3069 820 3105 Deauratam,
846 3065 882 3096 de
898 3065 1069 3096 Salutatione
1082 3063 1173 3093 beatae
1193 3061 1312 3101 Mariae,

239 3124 309 3146 cum
324 3112 380 3143 una
394 3112 538 3150 Ymagine
552 3108 672 3145 depiet-fi.

279 3152 320 3183 Ιτ
331 3162 348 3183 ε
359 3160 404 3190 M,
422 3150 505 3188 Lego
520 3148 635 3178 Decem
649 3145 763 3177 Marcas
778 3144 906 3175 Fabricae
920 3143 1001 3173 chori
1022 3139 1157 3172 Ecclesiae
1173 3138 1208 3169 de
1224 3138 1306 3169 wai-

241 3192 257 3223 s
264 3202 289 3221 'n
313 3191 389 3221 ham.

252 3203 264 3231 y
278 3201 315 3260 Egt
334 3228 492 3259 Residuum
512 3225 661 3257 Bonorum
683 3231 818 3252 meorum
832 3220 914 3260 Lego
928 3218 1090 3249 Benedic‘kae
1105 3215 1203 3246 Uxori
1217 3225 1307 3252 mere,

239 3278 271 3300 ut
291 3268 347 3306 ipsa
368 3274 529 3298 remuneret
549 3264 618 3294 alios
635 3262 809 3293 Executores
829 3259 985 3290 secundum
998 3265 1098 3287 eorum
1115 3255 1258 3285 Laborem
1274 3254 1308 3284 δε

237 3307 394 3339 secundum
415 3304 630 3336 Discretionem
645 3300 732 3330 dietae
745 3298 923 3335 Benedietae,

277 3347 323 3376 Ιτ
335 3355 354 3376 E
364 3354 407 3383 M,
425 3343 504 3374 Volo
519 3341 600 3380 quod
616 3338 766 3379 praediCmS
779 3337 942 3366 Dextrarius
953 3335 1107 3372 vendatur,
1127 3342 1176 3370 per
1191 3330 1306 3361 Execu-

240 3393 316 3416 tores
332 3394 428 3422 meos,
448 3382 483 3413 ad
499 3378 715 3421 persolvendum
729 3375 838 3407 Debita
851 3384 923 3405 mea.

278 3461 403 3493 Praesens
416 3459 637 3490 Testamentum
652 3455 704 3486 fuit
722 3453 887 3485 Exhibitum
901 3452 934 3482 ὅς
948 3450 1105 3481 Probatum
1122 3456 1220 3478 coram
1237 3445 1309 3476 No·

242 3501 306 3539 bis,
323 3499 503 3536 Willielmo,
525 3493 708 3535 permissione
728 3490 856 3527 Divinfi,
876 3488 1079 3529 XVyntoniensi
1104 3485 1264 3529 Episcopo,
1282 3486 1311 3515 iri

242 3540 368 3570 Ecclesia
383 3535 576 3568 Conventuali
594 3536 684 3563 beatae
703 3530 806 3561 Mariae
824 3529 859 3559 de
883 3528 1050 3565 Suthtverk,
1067 3525 1172 3556 nostrae
1190 3523 1313 3554 Dioece-

244 3579 294 3616 sis,
309 3578 430 3615 septimo
449 3576 496 3605 die
513 3573 620 3604 Mensis
631 3571 772 3611 Januarii,
790 3577 866 3599 anno
881 3565 1005 3596 Domini
1019 3564 1188 3600 Millelimo,
1205 3560 1312 3601 CCC,

244 3617 426 3654 Sexageiimo
438 3614 559 3651 septimo
567 3634 577 3650 ,
996 3643 1006 3648 ς
1112 3641 1118 3646 .

281 3656 318 3686 Ε[
339 3651 596 3685 Pronunciavimus
610 3658 662 3687 pro
678 3647 780 3678 eodem
791 3669 801 3683 ,
817 3646 851 3677 &
864 3643 1091 3678 Commiiimus,
1110 3650 1140 3685 in
1153 3638 1312 3683 formaju-

245 3694 300 3730 ris,
318 3691 600 3723 Administrationem
619 3688 752 3716 omnium
776 3683 924 3714 Bonorum
946 3681 1105 3712 Testatoris
1128 3677 1311 3715 infrascripti,

245 3732 421 3769 ubicumque
442 3728 513 3759 infra
527 3726 653 3757 nostram
668 3723 827 3755 Dioecesim
839 3721 1038 3758 existentium,
1054 3717 1232 3756 Benedicitae,
1250 3716 1312 3759 Re-

246 3769 321 3799 11stae
341 3769 499 3799 Testatoris
518 3764 667 3804 praediffl,
689 3764 723 3794 &
744 3760 905 3792 willielmo
927 3758 1082 3798 Hagham,
1107 3755 1314 3786 Executonbus

245 3807 369 3845 ejusdem
382 3805 560 3837 Testamenti
569 3827 580 3842 ,
1103 3834 1109 3839 ⁸
1292 3832 1298 3838 ἢ

286 3844 419 3874 Domino
440 3843 604 3874 Willielmo
623 3840 659 3870 de
678 3837 839 3874 Tirwhite,
858 3836 1017 3868 Executore
1040 3831 1316 3869 diCtiTestamenti,

247 3883 355 3915 ibidem
369 3883 543 3919 personaliter
553 3889 623 3911 tunc
638 3876 789 3916 praesente,
807 3877 841 3907 &
858 3875 1143 3906 Administrationem
1157 3870 1316 3908 hujusmodi

245 3922 394 3953 Bonorum
409 3921 555 3949 admittere
567 3916 729 3948 constanter
742 3916 776 3946 &
788 3913 906 3954 publice
922 3914 1081 3950 recusante,

286 3958 435 3988 Reservata
459 3959 540 3987 nobis
560 3956 688 3986 facultate
710 3953 865 3984 Personam
887 3953 971 3981 aliam
986 3952 1143 3991 ydoneam,
1161 3948 1230 3979 loco
1244 3946 1316 3978 dieti

246 3997 431 4043 Reculantis,
449 4004 519 4027 eum
539 3994 669 4035 expedire
690 3992 861 4030 viderimus,
878 3989 1065 4031 subrogandi,
1081 3996 1197 4023 necnon
1211 3986 1319 4019 caeteris

1360 84 1565 140 Nes,
1624 84 2025 140 LITERAE,

1372 170 1581 218 Eiiecutoribus
1599 173 1683 212 ipsius
1696 173 1877 204 Testamenti
1889 172 2063 208 absentibus,
2080 169 2110 200 in
2126 168 2222 202 forma
2230 168 2324 209 Juris,
2341 167 2445 203 Admi-
2461 167 2561 205 Antist

1371 210 1567 255 nistrationem
1584 211 1749 250 hujusmodi
1769 211 1985 249 committendi,
2002 210 2073 241 cum
2093 211 2239 247 venerint,
2254 209 2288 240 &
2308 217 2372 239 eam
2392 219 2444 241 vo-
2490 209 2561 249 13⁶²*

1372 249 1475 280 luerint
1486 259 1642 288 acceptare.
2458 249 2528 278 Ἐάν.
2539 258 2551 288 3

1395 288 1443 332 „In
1465 290 1545 333 cujus
1561 290 1602 319 rei
1621 288 1844 320 Testimonium
1855 286 1986 327 Sigillum
1998 287 2130 318 nostrum
2144 286 2341 318 mandavimus
2354 286 2388 317 δε
2401 286 2443 317 fe-

1372 336 1467 358 cimus
1481 329 1535 360 hiis
1547 328 1661 368 apponi.

1411 366 1491 411 Dat..
1503 367 1565 406 die,
1585 367 1654 397 loco
1663 389 1673 405 ,
1690 368 1725 399 ὃς
1738 377 1816 398 anno
1830 364 1960 397 Domini
1973 363 2148 404 supradietis,
2165 364 2200 396 ὃς
2214 363 2319 396 nostrae
2331 363 2441 396 Conse-

1373 414 1507 436 crationis
1523 416 1599 437 anno
1612 405 1721 437 Primo.

1397 481 1449 527 *Et
1470 483 1510 514 du
1533 484 1576 515 dit
1595 483 1764 515 Testament
1783 483 1824 514 les
1842 482 1944 521 Heirs,
1962 481 2159 519 Executours,
2173 480 2208 512 &
2220 482 2294 513 aians
2306 480 2388 513 cause
2401 480 2441 512 du

1373 520 1416 552 dit
1437 521 1468 552 fu
1489 522 1639 562 William,
1660 524 1735 554 aient
1755 532 1770 553 a
1793 522 1862 553 faire
1874 545 1884 560 ,
1901 529 1962 553 tant
1980 530 2020 551 ou
2039 518 2176 550 Roialme
2199 519 2237 550 de
2253 520 2381 558 France,
2398 530 2440 551 ou

1374 559 1538 591 Parlement
1556 562 1609 599 de,
1633 561 1733 592 nostre
1751 561 1910 592 Treschere
1933 560 1967 591 &
1988 559 2127 590 Tresame
2147 557 2251 596 Frere,
2275 559 2300 589 le
2321 558 2384 590 Roi
2401 558 2439 590 de

1374 599 1398 629 F
1400 609 1503 638 rance,
1519 599 1623 644 devant
1634 608 1725 631 autres
1739 609 1786 631 ces
1796 599 1900 640 Juges,
1913 608 2001 630 come
2015 608 2051 629 en
2066 596 2165 629 nostre
2179 595 2327 636 Roialme,
2338 598 2373 629 &
2387 597 2441 628 ail-

1372 637 1454 676 lour,
1474 638 1511 670 de
1524 648 1587 676 jour
1601 648 1636 668 en
1645 639 1730 677 jour,

1410 676 1448 708 Et
1469 688 1506 708 ne
1525 678 1633 716 purroit
1651 676 1724 708 estre
1735 676 1908 714 Transporte
1919 685 1968 716 par
1978 683 2041 707 tant
2055 675 2102 706 des
2117 675 2226 714 Lieux,
2240 673 2306 705 sanz
2318 674 2443 705 retarde-

1374 725 1454 747 ment
1467 717 1504 747 de
1517 715 1695 747 l’Execution
1710 715 1746 747 de
1785 715 1886 753 collui,
1901 724 1942 745 ou
1955 714 2110 745 detriment
2123 714 2163 745 du
2173 713 2214 744 dit
2228 713 2306 744 Salut
2319 712 2356 743 de
2367 712 2440 744 l’Al-

1371 764 1419 784 me
1432 756 1469 785 du
1485 756 1527 786 dit
1543 755 1691 793 Detumo,
1706 755 1740 787 δε
1776 764 1803 785 es
1818 753 1951 793 Busoigns
1962 752 1998 784 de
2008 752 2206 791 l’Execution,

1409 793 1446 824 Et
1467 794 1486 824 si
1508 795 1633 832 purroit,
1651 803 1699 832 par
1713 793 1845 831 fortune,
1860 802 1900 822 ou
1914 791 1982 829 paril
1996 790 2044 821 des
2057 790 2222 831 Chemyns,
2241 790 2267 822 le
2280 790 2324 822 dit
2337 788 2444 822 Testa·-

1372 841 1454 863 ment
1468 833 1539 864 estre
1553 832 1677 871 parduz,
1696 842 1736 863 ou
1751 832 1881 873 depariz,
1899 830 2005 862 sicome
2017 829 2072 860 l’en
2087 829 2147 867 dit,

1409 871 1514 909 Nous,
1532 872 1677 903 veullantz
1695 872 1738 902 sur
1756 881 1790 902 ce
1812 869 1964 908 purvcoir,
1981 879 1997 898 a
2020 869 2044 898 la
2066 867 2192 906 requeste
2203 867 2252 898 des
2263 867 2442 900 Executours

1370 909 1409 940 du
1429 911 1470 941 dit
1491 910 1638 948 Destinet,
1656 920 1744 941 avons
1766 909 1899 946 Ordene,
1918 907 2032 939 Volons
2053 907 2086 938 ὃς
2103 905 2276 944 Ordenons,
2293 908 2330 938 de
2342 906 2442 938 nostre

1371 949 1524 980 Amorne
1541 949 1660 987 Roiale,
1676 949 1709 980 &
1723 947 1821 979 Grace
1834 947 1982 985 especiale,
1995 946 2038 976 s’il
2051 945 2093 977 est
2108 944 2241 983 mestier,
2253 954 2300 977 ces
2313 946 2442 984 presentz

1371 989 1460 1018 valoir
1468 987 1618 1026 Original,
1637 989 1670 1019 ὅ(
1685 997 1740 1027 que
1754 988 1837 1027 pleyn
1850 987 1900 1026 foy
1913 986 1964 1017 soit
1978 985 2101 1024 ajoustee
2116 993 2203 1016 come
2215 993 2230 1015 a
2244 983 2329 1015 cellui
2343 983 2443 1024 Origi-

1370 1027 1415 1058 nal
1430 1028 1600 1071 Testament
1617 1025 1710 1057 deffus
1722 1026 1887 1064 transcript,

1411 1066 1440 1096 Si
1459 1067 1556 1106 prions
1576 1077 1604 1097 as
1619 1064 1720 1096 Gentz
1737 1065 1776 1094 du
1799 1065 1840 1095 dit
1865 1063 2040 1101 Parlement,
2056 1062 2090 1094 &
2111 1071 2141 1093 as
2157 1069 2229 1093 touz
2247 1061 2286 1092 les
2304 1059 2442 1099 Justicers

1371 1103 1409 1134 du
1430 1103 1567 1136 Roialme
1588 1105 1625 1135 de
1643 1103 1740 1134 nostre
1755 1103 1796 1133 dit
1813 1102 1916 1140 Frere,
1933 1111 1974 1132 ou
1988 1112 2004 1131 a
2020 1101 2078 1131 leur
2095 1101 2188 1131 Lieux
2199 1107 2334 1138 tenantz,
2353 1099 2441 1131 Man-

1371 1142 1443 1173 dons
1466 1143 1499 1174 δε
1521 1142 1743 1174 Commandons
1764 1152 1793 1172 as
1814 1150 1884 1172 touz
1905 1149 1965 1170 noz
1989 1139 2086 1170 Foialx
2099 1140 2133 1170 ὃς
2149 1139 2286 1179 Subgitz,
2304 1139 2380 1177 quia
2392 1148 2442 1170 ces

1369 1182 1499 1226 presentz
1519 1182 1688 1219 Obeissent,
1706 1180 1885 1218 Entendent,
1904 1179 1937 1210 &
1962 1176 2133 1215 Adjoustent
2150 1176 2219 1217 foy,
2235 1187 2322 1208 come
2342 1187 2377 1208 au
2399 1177 2442 1208 dit

1371 1219 1516 1260 Original,
1533 1222 1566 1252 ὃς
1586 1220 1774 1252 l’Enterincnt
1794 1219 1827 1250 &
1842 1215 2074 1256 Accompliffent
2094 1215 2218 1247 chescun
2233 1226 2270 1247 en
2284 1216 2359 1248 droit
2371 1216 2440 1254 foy,

1369 1269 1459 1290 come
1478 1261 1498 1290 ii
1512 1259 1664 1297 l²Original
1677 1259 1736 1289 leur
1749 1257 1894 1297 apparust,

1406 1298 1594 1343 Audtonsanz
1615 1308 1662 1330 ces
1681 1296 1826 1328 Presentes
1847 1297 1881 1328 &
1904 1295 2095 1326 Discernantz
2108 1291 2245 1331 valables,
2262 1292 2300 1338 &.
2309 1302 2364 1334 que
2375 1300 2440 1324 tout

1369 1345 1651 1421 Ssc’cgisspl'ifflffiss
1664 1337 1708 1407 {¹1⁶³}
1716 1329 2441 1419 ffifftii'a‘sssssssss?zffiieffssiigissltaffftfffeffi‘zffi

1369 1423 1434 1452 tue,
1453 1425 1538 1447 come
1551 1416 1572 1446 fi
1590 1415 1638 1446 fait
1653 1414 1735 1446 estoit
1747 1424 1795 1453 par
1810 1414 1835 1444 le
1848 1413 1889 1444 dit
1903 1410 2042 1449 Original.

1406 1453 1486 1485 Don.
1508 1464 1556 1494 par
1578 1453 1810 1492 Tesmoignance
1830 1451 1865 1483 de
1885 1451 1980 1482 nostre
2002 1448 2096 1480 Grant
2111 1447 2192 1486 Seal,
2209 1457 2225 1478 a
2239 1447 2336 1478 nostre
2350 1447 2440 1480 Palais

1367 1491 1404 1524 de
1413 1493 1539 1524 Westm.
1550 1493 1577 1523 le
1589 1494 1636 1524 xiv
1647 1494 1713 1532 jour
1727 1490 1764 1521 de
1779 1489 1851 1530 May
1860 1514 1869 1529 ,
1888 1490 1955 1520 l’An
1970 1489 2007 1519 de
2020 1487 2119 1518 Grace
2132 1485 2234 1526 Mille,
2248 1486 2441 1526 Troiscentz,

1364 1531 1499 1563 Soixante
1513 1531 1651 1572 oytisme,
1664 1531 1698 1563 ὅ(
1714 1530 1750 1562 de
1764 1528 1860 1560 nostre
1873 1528 1978 1569 Regne
1992 1527 2125 1567 Qarant
2137 1525 2252 1557 second.

1524 1670 1552 1697 ὅ*
1571 1675 1631 1707 Pro
1651 1671 1742 1706 Villa
1759 1669 1796 1702 de
1815 1671 1964 1712 Tomara,
1988 1667 2025 1702 de
2043 1664 2259 1702 Exonerando.
2455 1665 2474 1740 :-
2494 1667 2544 1696 v1.

1364 1765 1489 1826 REX
1506 1767 1634 1812 Baiiivis,
1652 1766 1756 1812 probis
1777 1764 1964 1810 nominibus,
1982 1763 2016 1808 sc
2039 1764 2094 1795 toti
2113 1762 2325 1794 eommunitati
2348 1761 2435 1794 viiiae
2455 1714 2561 1783 Αῗτ--ῑ

1443 1807 1479 1838 de
1493 1807 1641 1844 Toriton,
1661 1816 1689 1836 in
1705 1804 1857 1835 Comitatu
1874 1802 2038 1840 Devomae,
2056 1801 2190 1833 Salutem.
2451 1790 2561 1866 Αἱᾙὸξξ

1399 1844 1444 1875 Ex
1462 1854 1538 1885 parte
1553 1845 1644 1876 vestri
1660 1844 1757 1875 Nobis
1770 1843 1811 1873 est
1827 1841 2016 1872 monstratum
2030 1840 2126 1879 quod,

1398 1884 1481 1915 Cum
1504 1884 1577 1927 Villa
1599 1884 1752 1922 praedicta,
1770 1882 1805 1913 ad
1828 1881 2001 1912 mittendum
2018 1880 2125 1918 aliquos
2140 1878 2304 1918 Homines,
2319 1888 2374 1918 pro
2386 1887 2432 1910 ea-
2450 1871 2480 1895 E.
2498 1877 2523 1904 3·

1359 1921 1427 1954 dem
1443 1922 1535 1962 Villa,
1552 1923 1588 1954 ad
1603 1923 1791 1954 Parliamenta
1805 1920 1918 1958 nostra,
1929 1919 2045 1950 'onerari
2062 1928 2122 1948 non
2137 1917 2254 1956 debeat,
2446 1909 2561 1944 Pat·4²·

1399 1961 1471 1994 Nec
1495 1963 1603 2001 aliquos
1624 1961 1786 1999 Homines,
1803 1969 1858 2000 pro
1870 1958 1946 1989 dieta
1961 1957 2051 1995 Villa,
2068 1956 2102 1987 ad
2117 1955 2305 1988 Parliamenta
2319 1955 2433 1994 nostra,
2451 1949 2482 1973 E.
2501 1955 2527 1983 3·

1359 2000 1405 2031 vel
1418 2000 1638 2042 Progenitorum
1653 1999 1818 2031 nostrorum
1829 2021 1839 2036 ,
1857 1997 2003 2037 quondam
2018 1996 2133 2036 Regum
2149 1995 2279 2035 Angliae,
2294 2005 2354 2026 nori
2367 1995 2433 2025 mit·
2452 1990 2477 2021 Ρ·
2500 1993 2524 2012 ¹·

1359 2046 1446 2079 teret,
1466 2050 1521 2086 nec
1542 2041 1654 2072 mittere
1675 2038 1871 2076 consueverit,
1890 2045 1955 2068 ante
1975 2036 2096 2068 Annum
2111 2034 2209 2074 Regni
2223 2033 2312 2065 nostri
2325 2033 2435 2072 Vicesi-v
2452 2032 2490 2059 m·-
2503 2022 2533 2060 ⁸·

1360 2087 1444 2110 mum
1459 2089 1605 2119 primurn,

1372 2138 1373 2141 =
1397 2118 1470 2158 Qo
1491 2127 1622 2159 tempore
1641 2116 1816 2149 Vicecomes
1839 2114 1934 2146 noster
1954 2112 2120 2145 Comitatus
2135 2111 2281 2152 praediffi,
2319 2111 2347 2142 ui
2361 2118 2433 2145 tunc

1358 2155 1429 2197 fuit,
1446 2158 1554 2189 dietam
1575 2157 1679 2189 Villam
1703 2157 1740 2187 de
1754 2155 1900 2193 Toriton,
1919 2153 1965 2185 vel
1980 2151 2120 2191 Burgum,
2137 2152 2171 2183 &
2187 2150 2271 2182 Duos
2318 2152 2433 2182 omines

1357 2205 1410 2234 pro
1431 2197 1535 2228 eodem
1555 2196 1670 2236 Burgo,
1688 2195 1722 2226 ad
1736 2193 1910 2226 veniendum
1925 2192 1961 2223 ad
1973 2189 2200 2222 Parliamentum
2217 2189 2368 2228 nostrum,
2385 2189 2432 2220 di-

1356 2235 1407 2278 cio
1429 2246 1507 2266 anno
1528 2235 1674 2267 Vicesimo
1695 2234 1797 2265 Primo
1812 2241 1940 2271 tentum,
1959 2229 2158 2262 Summonitos
2172 2228 2272 2268 fuisse,
2290 2229 2433 2260 malitiose

1356 2284 1385 2303 in
1399 2273 1573 2306 Cancellaria
1588 2273 1686 2306 nostra
1701 2273 1856 2305 retornavit
1865 2295 1874 2310 ,

1394 2312 1433 2344 Et
1453 2314 1490 2345 sic
1510 2313 1610 2344 eadem
1630 2312 1707 2344 Villa
1729 2313 1766 2343 de
1783 2311 1929 2347 Toriton‚
1946 2309 1983 2340 ab
1995 2306 2097 2339 eodem
2112 2316 2190 2337 anno
2204 2305 2353 2337 Vicesimo
2367 2305 2433 2337 Pri-

1355 2361 1406 2383 mo
1439 2352 1701 2384 adrinveniendum
1722 2350 1807 2381 Duos
1821 2349 1964 2380 Homines
1973 2370 1982 2385 ‚
1999 2356 2052 2386 pro
2065 2346 2163 2377 eadem
2177 2344 2252 2375 Villa
2261 2368 2272 2383 ‚
2286 2346 2315 2375 in
2335 2345 2428 2384 singu-

1353 2391 1386 2421 lis
1406 2376 1599 2423 Parliamentis
1621 2390 1723 2421 nostris
1746 2390 1844 2426 tentis,
1863 2395 2001 2428 praetexru
2016 2385 2140 2416 Retorni
2160 2384 2306 2422 praediffl,
2324 2393 2429 2415 onera-

1353 2437 1378 2460 ta
1398 2432 1504 2469 extitit,
1522 2431 1555 2462 ὃ(
1578 2430 1656 2468 Vos,
1671 2439 1702 2460 ea
1722 2429 1889 2465 occasione,
1908 2425 2070 2456 Laboribus
2089 2425 2123 2455 &
2138 2422 2274 2461 Expensis
2289 2422 2429 2459 multipli-

1353 2470 1422 2499 citer
1438 2470 1557 2500 Gravati
1571 2469 1677 2507 fuistis,
1692 2467 1727 2499 ad
1743 2467 1870 2499 vestrum
1883 2465 2057 2502 Dampnurn
2071 2472 2133 2493 non
2146 2461 2300 2492 modicum
2311 2460 2347 2492 δε
2360 2459 2427 2492 De-

1351 2507 1521 2546 preffioneni
1536 2507 1714 2539 manifestam
1724 2530 1733 2544 ,

1389 2546 1479 2585 Super
1501 2556 1559 2585 quo
1579 2546 1680 2577 Nobis
1693 2542 1864 2585 supplicastis
1878 2542 1961 2573 vobis
1977 2539 2154 2571 Remedium
2169 2538 2294 2570 adhiberi
2307 2545 2428 2578 oportu-
2549 2528 2553 2550 '

1353 2594 1423 2615 nUm
1438 2596 1444 2614 ἶ

1389 2622 1429 2654 Et
1468 2625 1529 2663 uia,
1548 2623 1672 2654 scrutatis
1691 2621 1805 2652 Rotulis
1827 2620 1861 2650 &
1885 2617 2082 2650 Memorandis
2106 2614 2291 2646 Cancellariae
2305 2613 2428 2653 nostrae,

1353 2672 1414 2692 non
1437 2673 1452 2693 e
1493 2671 1677 2701 compertum
1691 2662 1812 2691 nomina
1826 2659 1987 2696 aliquorum
2002 2656 2184 2692 Hominum,
2202 2663 2256 2691 pro
2270 2653 2348 2684 dicta
2361 2652 2427 2683 Vil-

1353 2701 1378 2731 la
1400 2701 1444 2731 seu
1469 2701 1563 2741 Burgo
1583 2702 1619 2731 de
1642 2700 1790 2736 Toriton,
1809 2698 1844 2727 ad
1865 2696 2038 2726 veniendum
2060 2693 2095 2724 ad
2118 2692 2304 2723 Parliamenta
2316 2691 2429 2731 nostra,

1353 2749 1419 2771 ante
1433 2740 1543 2771 dic‘tum
1558 2740 1676 2770 Annum
1693 2737 1870 2769 Vicesimum
1886 2734 2036 2772 Primum,
2056 2732 2213 2763 Retornata
2227 2730 2326 2768 fuisse,
2345 2729 2428 2769 Nos,

1355 2779 1484 2809 nolentes
1502 2779 1612 2809 dietam
1628 2777 1737 2808 Villam
1752 2776 1788 2806 de
1801 2774 1947 2811 Toriron,
1966 2771 2115 2803 occasione
2129 2769 2284 2810 praedic‘tfi,
2299 2768 2426 2799 indebite

1354 2819 1481 2855 onerari,
1501 2818 1561 2848 Vos
1581 2818 1614 2848 δε
1638 2816 1741 2846 Villam
1762 2813 1945 2853 praeditum,
1964 2812 1998 2842 ad
2021 2809 2224 2840 inveniendum
2247 2808 2292 2838 seu
2308 2808 2426 2838 mitten-

1354 2857 1425 2886 dum
1449 2857 1557 2894 aliquos
1581 2856 1728 2886 Homines
1743 2854 1778 2885 ad
1795 2852 1980 2882 Parliamenta
1995 2849 2106 2885 nostra,
2124 2847 2161 2878 de
2175 2856 2298 2884 caetero,
2316 2846 2426 2875 ratione

1353 2894 1530 2925 Communis
1549 2893 1789 2924 Summonitionis
1809 2890 2063 2921 Parliamentorum
2086 2886 2269 2922 eorumdem,
2288 2884 2426 2926 habemus

1355 2934 1389 2964 &
1411 2943 1543 2964 tenemus
1563 2933 1720 2970 excusatos,
1737 2931 1772 2962 &
1793 2939 1846 2961 vos
1865 2927 1933 2958 inde
1947 2934 2131 2957 exoneramus
2145 2933 2195 2963 per
2209 2921 2356 2962 praesentes
2368 2930 2425 2952 im-

1353 2981 1531 3012 perpetuum.

1394 3010 1523 3080 InTcgfiug
1530 3011 1619 3087 'Rii’fge
1632 3045 1705 3085 apud
1717 3038 2145 3078 Westmonasterium,decirno
2157 3037 2265 3070 ofitavo
2278 3036 2325 3068 die
2338 3035 2422 3068 Maii.

1754 3122 1808 3151 Per
1825 3121 1987 3149 Petitionem
2004 3116 2036 3146 de
2051 3113 2247 3146 Parliamenta.

1351 3199 2416 3227 --‚-—-—-—-———-------—-————-⁴·‘

1472 3272 1531 3303 Pro
1549 3264 1741 3314 Burgenfibus
1759 3267 1795 3299 V
1793 3263 1847 3296 illie
1872 3262 2020 3295 Berewici
2027 3259 2123 3307 snper
2141 3257 2304 3293 Twedam.

1413 3363 1480 3396 EX
1501 3361 1623 3393 Custodi
1645 3360 1731 3391 Villae
1753 3357 1859 3388 nostrae
1877 3354 2014 3386 Berewici
2035 3352 2114 3391 super
2134 3351 2296 3396 Twedam,
2313 3361 2347 3382 ac
2360 3349 2419 3382 Ca-
2436 3357 2561 3390 Arm-1)¹

1353 3369 1409 3423 R
1428 3404 1549 3434 merario
1570 3400 1670 3431 nostro
1693 3396 1821 3435 ibidem,
1840 3395 1888 3434 qui
1908 3403 1985 3424 nunc
2001 3391 2078 3429 sunt,
2099 3391 2145 3422 vel
2159 3401 2207 3429 qui
2222 3401 2276 3431 pro
2288 3399 2418 3430 tempore
2459 3390 2551 3437 1368.'

1350 3442 1706 3519 eruCnttiiii851223rtI¹Cartam
1726 3473 1855 3506 nostram
1906 3468 2144 3514 concesserimus,
2170 3477 2224 3506 pro
2246 3467 2345 3498 Nobis
2366 3466 2417 3510 ¹&
2436 3439 2550 3512 gnis&

1351 3520 1522 3550 Haercdibus
1542 3517 1664 3554 nostris,
1677 3514 1786 3545 dilectis
1806 3513 1840 3543 &
1860 3494 1987 3540 fidelibus
2001 3507 2119 3545 nostris,
2137 3506 2322 3546 Burgensibus
2333 3489 2418 3549 Villae
2438 3518 2506 3541 Scor.
2521 3513 2561 3550 ῃ,

1350 3559 1505 3596 Berewici,
1522 3557 1602 3596 quod
1626 3554 1675 3591 ipsi
1694 3550 1863 3591 Burgenses,
1881 3547 2017 3578 Haeredes
2024 3547 2087 3590 Q&
2106 3545 2287 3590 Succeffores
2307 3543 2347 3574 sui
2367 3552 2416 3582 per
2439 3556 2467 3580 E.
2491 3562 2516 3588 3·
2548 3554 2550 3556 ·

1349 3598 1459 3629 easdem
1482 3596 1594 3635 Leges,
1618 3592 1770 3624 Custumas
1783 3612 1793 3627 ,
1818 3589 1852 3620 ὅ(
1874 3585 2100 3631 Consuetudines
2115 3584 2246 3628 ,ouibus
2267 3580 2417 3625 Burgenses
2435 3601 2471 3618 m.
2491 3600 2518 3626 5,

1350 3637 1474 3675 ejusdem
1495 3634 1595 3671 Villae,
1611 3639 1741 3668 tempore
1756 3625 1926 3670 Alexandri,
1945 3624 2054 3655 dudum
2068 3622 2153 3667 Regis
2165 3621 2287 3657 Scotiae,
2303 3622 2342 3650 uli
2355 3620 2417 3650 fue-

1350 3669 1741 3751 H‘thnlsse‘issi‘liiss‘arfflsse
1762 3665 1976 3736 ἒῬεῖἓῗὲῬξὲω
1985 3658 2417 3735 ἕὲἓὲἕῃῖιῐὶηῗῖΐέἓίἒῑῖἳιὶ
2540 3684 2553 3701 ·’

1351 3725 1522 3784 Baillivoriim
1541 3750 1587 3780 seu
1606 3730 1807 3779 Ministro’rum
1829 3724 1995 3773 nostroru’m
2013 3744 2280 3779 quorumcumque,
2293 3743 2378 3773 prout
2391 3736 2420 3766 in

1351 3792 1440 3823 Carta
1455 3789 1551 3820 nostra
1566 3787 1701 3827 praedicta
1715 3785 1825 3823 plenius
1839 3781 2020 3819 continetur,
2100 3814 2106 3819 .
2340 3792 2343 3794 -

1391 3830 1437 3860 Ac
1448 3830 1526 3867 jam,
1542 3837 1576 3858 ex
1588 3835 1665 3864 parte
1680 3824 1806 3864 ipsorum
1821 3818 2002 3888 Burfgensium
2010 3839 2020 3854 ,
2037 3814 2120 3844 nobis
2133 3810 2192 3850 est,

1353 3867 1516 3908 querendo,
1535 3864 1732 3907 Monstratum
1746 3860 1826 3902 quod
1840 3868 1916 3897 ιριὶ
1927 3863 2026 3887 contra
2041 3851 2132 3889 Leges
2145 3851 2180 3881 &

1353 3906 1519 3947 praedidias,
1535 3901 1724 3934 diversimode
1738 3896 1922 3940 molestantur
1937 3894 1970 3923 δε
1989 3897 2154 3933 gravantur,
2268 3928 2273 3933 .
2328 3927 2335 3933 ι

1390 3943 1485 3974 Unde
1507 3943 1589 3976 nobis
1607 3938 1800 3980 supplicarunt
1813 3935 1863 3967 sibi
1876 3942 1927 3974 per
1940 3929 2010 3963 Nos
2021 3927 2198 3961 Remedium
2209 3927 2354 3965 adhiberi,

1392 3982 1481 4022 Nos’
2295 4002 2433 4044 volentes

2243 3812 2330 3842 avitei·
2348 3821 2421 3842 con-

2224 3850 2422 3884 onsuetudines
