2561 4251
669 175 782 218 ET
870 179 1136 219 ACTA
1222 178 1705 222 PUBLICA.

2230 189 2312 238 185

9 258 117 294 inn.D-
131 262 236 303 gratia,
265 262 378 302 Angliae
402 263 436 294 &
468 261 592 294 Franciae
621 261 719 304 Rege,
737 265 843 304 suoque
860 266 982 304 provido
1003 266 1157 306 Concilio,
1174 268 1207 298 &
1246 266 1279 296 ad
1303 267 1462 298 instantiam
1485 269 1520 300 ὃς
1542 269 1749 308 requisitionem
1771 269 1843 300 dieti
1863 270 2017 310 Johannis,
2035 270 2115 302 dieto
2137 272 2306 310 Syndicario
2325 270 2398 302 Ann.
2413 272 2458 304 D.

9 307 99 349 '¹1371·
135 303 360 347 quibuscumque
378 300 558 333 Officialibus
576 302 643 341 suis,
660 304 694 334 ad
712 305 884 343 petendum,
901 306 1088 344 exigendum,
1106 307 1138 336 δε
1154 317 1196 335 re-
1243 307 1378 344 nornine,
1396 306 1499 343 scripto
1514 307 1706 338 Instrumento
1720 310 1748 338 in
1761 318 1941 347 quacumque
1956 310 2062 341 Mundi
2084 319 2162 348 parte
2176 312 2304 342 adhibea-
2348 319 2432 349 1371.

11 339 54 367 dv·
74 347 98 374 Ξ·
133 341 300 379 quirendum
314 341 351 370 ab
365 339 445 383 ipliS,
463 340 496 370 &
518 341 644 379 quolibet
662 352 783 380 eorum,
800 344 833 374 &
851 354 867 374 a
888 344 1114 381 quibuscumque
1131 355 1197 381 pro·
1241 352 1286 374 tur
1301 344 1382 381 plena
1397 344 1482 382 fides,
1501 346 1576 376 suam
1590 347 1785 377 auctoritatem

6 2075 58 2103 VI.

0 2121 32 2148 ³4,

133 379 228 417 pterea
248 378 400 417 obligatis,
421 388 537 408 omnem
555 381 737 417 quantitatem
755 381 908 419 Pecuniae,
925 384 957 412 &
974 382 1050 420 Res,
1069 383 1100 412 &
1117 382 1195 412 Oin-

133 427 172 448 ne
189 417 222 448 Id
238 418 272 447 &
290 417 403 446 Totum
421 417 454 447 &
475 417 625 457 Qicquid
645 420 678 449 &
700 419 851 457 Qiannim
867 420 994 458 praefatus
1011 420 1118 449 illustris
1128 420 1193 450 Do-

133 457 227 486 minus
241 454 323 492 Rex,
343 455 376 485 &
393 456 568 493 quicumque
584 458 733 496 propterea
749 458 802 488 {int
816 458 959 496 Obligati,
978 458 1044 488 dare
1057 459 1089 489 &
1104 458 1193 489 solve-

132 504 164 524 re
181 502 308 524 tenentur
325 492 370 523 seu
386 492 513 533 Obligati
531 494 592 525 sunt
611 494 660 532 ipsi
679 494 856 533 Communi,
876 497 921 526 seu
940 497 1080 534 aliquibus
1102 497 1194 535 iingu-

132 531 230 562 laribus
245 530 391 570 Personis,
410 530 531 563 Civibus
541 532 655 570 Januae,
675 533 718 563 seu
729 533 958 564 Districstualibus
968 557 976 571 ,
996 535 1039 565 seu
1055 536 1193 572 aliquibus

131 570 206 608 aliis,
224 570 253 599 in
270 569 464 601 observatione
481 570 514 600 &
535 580 586 607 pro
604 571 799 602 observatione
818 572 1031 603 Contentorum
1051 574 1079 603 in
1097 573 1190 611 Pace,

130 607 199 639 initii
216 608 249 639 &
269 607 377 639 firmata
399 609 471 638 inter
499 609 645 644 praefatum
663 609 875 640 Sereuisiirnuin
896 611 1058 649 Principem
1077 614 1110 643 ὃς
1131 612 1191 642 Re-

150 656 214 686 em,
233 647 287 678 sive
303 646 449 677 Officiales
467 645 528 676 suos
546 648 663 677 nomine
680 648 750 679 dieii
770 649 895 679 Domini
915 649 1005 686 Regis
1023 651 1136 688 Angliae
1156 651 1189 680 ὃ(

129 654 273 723 Franciae,
290 686 324 715 ex
339 684 394 715 una
412 694 505 722 parte,
530 685 582 723 &,
602 686 742 716 Nobilem
762 687 883 725 Virum,
902 687 1083 718 Pascolotum
1101 688 1191 718 Usus-

130 725 231 763 maris,
258 724 413 763 Syndicum
435 724 467 754 &
487 723 722 755 Ambaffiatoiem
742 724 917 756 Communis
932 726 1051 764 Januae,
1074 726 1190 756 nomine

131 761 203 792 dieii
221 762 395 793 Communis
409 760 525 800 Januae,
545 771 579 791 ex
594 763 694 801 altera,

166 801 205 833 Et
229 802 265 832 de
287 810 341 840 qua
360 799 434 830 Pace
456 799 516 830 sunt
542 800 644 832 Literae
667 801 794 832 Pateutes
822 802 900 838 ipsius
932 802 1055 832 Domini
1079 802 1167 840 Regis
1181 824 1190 839 ,

128 838 226 880 Sigillo
255 840 335 878 ipsius
363 837 486 868 Domini
505 837 592 878 Regis
615 841 749 878 munitae,
773 841 806 870 &
824 841 895 869 datae
913 840 941 869 in
963 839 1071 870 Palatio
1091 841 1189 879 Regali

129 878 255 910 Domini
275 878 362 916 Regis
377 877 640 916 Westmonasterii,
658 888 745 915 prope
761 876 914 908 Civitatem
934 877 1112 916 Londoniae,
1130 879 1187 910 hoc

129 918 235 955 Anno,
251 916 310 946 Die
325 915 405 946 tertia
422 914 528 946 Mensis
544 916 697 954 Februarii,

165 955 204 986 Et
217 956 300 986 etiam
316 952 436 985 Publica
457 953 645 984 Instrumenta
663 955 763 992 scripta
783 954 817 984 &
838 954 1015 993 compofita,
1033 954 1069 985 de
1086 955 1188 995 quibus

127 996 156 1026 in
170 994 251 1025 dictis
267 993 365 1024 Literis
379 992 458 1022 Pacis
471 991 613 1031 praedierae
629 992 735 1031 plenius
748 992 778 1022 fit
792 994 918 1031 mentio,

162 1033 199 1064 Et
215 1032 249 1062 ad
261 1032 362 1062 diblam
378 1030 530 1060 Pecuniam
540 1052 549 1067 ,
569 1029 644 1068 Res,
659 1031 804 1062 &Debita
813 1031 1005 1069 recipiendum
1015 1054 1024 1069 ,
1042 1032 1074 1063 &
1090 1033 1187 1072 proin-

125 1072 162 1103 de
177 1071 324 1111 praefatum
341 1069 503 1099 Dominum
519 1068 647 1108 Regem,
666 1071 699 1100 ὅ(
720 1070 912 1109 quoscumque
933 1079 1079 1109 propterea
1101 1070 1187 1100 Obli-

125 1121 222 1151 gatos,
240 1107 405 1148 quitandum
426 1108 458 1137 ὃς
484 1107 674 1147 liberandum,
691 1108 723 1138 &
742 1107 930 1139 Instrumenta
950 1109 1125 1148 Qirationis
1146 1109 1185 1139 fa-

125 1149 278 1185 ciendum,
298 1147 332 1177 &
346 1146 405 1175 fieri
417 1145 578 1176 faciendum
591 1156 658 1176 cum
674 1147 885 1185 quibuscunque
905 1146 1135 1186 obligationibus
1150 1148 1184 1178 ὃς

125 1185 399 1218 Renunciationibus
412 1185 577 1223 oportunis,
596 1185 765 1224 necessariis,
783 1186 827 1216 seu
842 1188 925 1216 etiam
940 1186 1078 1217 consuetis
1149 1188 1183 1218 ὅτ

124 1225 242 1256 (blutam
259 1224 294 1254 de
311 1223 452 1260 Receptis.

162 1263 290 1300 Dantes,
308 1262 427 1291 nomine
444 1260 619 1292 Communis
627 1261 743 1301 Januae,
762 1262 796 1293 &
812 1271 864 1302 pro
884 1262 961 1301 ipsis,
979 1262 1060 1293 dicto
1076 1262 1184 1294 Procu-

122 1304 206 1333 ratori
225 1304 258 1333 &
275 1300 402 1339 Syndico
468 1327 470 1331 ,
505 1301 639 1339 plenum,
657 1300 796 1339 liberum,
821 1311 854 1331 ac
875 1301 991 1338 speciale
1012 1301 1182 1331 Mandatum

122 1341 200 1378 super
215 1339 355 1380 praedistis
370 1339 504 1369 omnibus
518 1340 550 1369 δε
566 1338 693 1382 singulis,
712 1340 745 1370 &
755 1339 1006 1378 Dependentibus,
1025 1339 1184 1378 Emer-gen-

123 1381 214 1418 tibus,
233 1380 266 1410 &
282 1376 427 1408 Connexis
440 1377 475 1407 de
490 1377 629 1417 praedictis
642 1379 675 1410 &
689 1378 811 1417 qualibet
825 1377 1045 1416 praedidtorurn,

161 1417 374 1453 Promittentes,
393 1417 557 1446 nominibus
571 1416 669 1454 quibus
681 1416 778 1455 supra,
890 1417 923 1447 &
941 1417 1067 1454 quolibet
1099 1427 1184 1456 agen-

122 1457 196 1488 tium
210 1481 220 1496 ,
245 1455 316 1486 mihi
341 1454 514 1492 infrascripto
540 1454 666 1485 Notario
689 1456 722 1486 &
745 1454 922 1485 Cancellario
944 1454 1117 1485 Communis
1135 1455 1183 1494 Ja-

123 1505 205 1533 nuae,
220 1503 350 1532 tanquam
365 1492 495 1523 Personae
510 1493 654 1532 Publicae,
673 1493 787 1524 Officio
804 1492 926 1523 Publico
939 1493 1076 1532 stipulanti
1090 1495 1122 1525 ὃς
1139 1504 1182 1524 re-

124 1535 237 1572 cipienti
248 1558 256 1570 ,
273 1531 389 1561 nomine
406 1532 439 1562 δε
459 1532 524 1561 vice
540 1531 647 1570 praesati
665 1528 790 1562 Domini
805 1530 907 1569 Regis,
925 1533 958 1563 &
974 1541 1181 1569 quorumcum-

123 1583 180 1611 que
195 1570 372 1602 Officialium
391 1569 522 1608 suorum,
539 1580 572 1600 ac
586 1571 736 1608 omnium,
755 1579 879 1608 quorum
891 1570 1022 1607 interest,
1041 1572 1181 1610 intererit,

122 1613 169 1643 seu
190 1607 317 1641 intereffe
334 1609 450 1647 poterit,
468 1608 510 1646 se,
527 1608 608 1638 dietis
627 1609 810 1647 nominibus,
833 1609 865 1638 &
884 1610 1011 1647 quolibet
1033 1609 1180 1640 diCtorum

123 1650 275 1680 nominum
292 1646 432 1676 habituros
458 1646 581 1685 Rarum,
607 1646 750 1686 Gratum,
776 1648 809 1678 δε
837 1646 967 1678 Firmum
988 1648 1124 1686 quicquid
1151 1650 1181 1678 in

122 1687 287 1724 Praediffis,
304 1686 338 1716 &
353 1685 428 1715 circa
443 1684 598 1723 Praedieta,
616 1696 665 1725 per
685 1686 796 1717 dietum
813 1685 1050 1724 Procuratorem,
1070 1687 1181 1717 Amba-

121 1728 276 1762 xiatorem,
295 1724 328 1754 δε
343 1722 514 1762 Syndicum,
532 1725 658 1763 Acium,
677 1724 802 1755 Gestum
818 1724 899 1754 fuerit
911 1725 954 1755 seu
972 1726 1056 1755 etiam
1071 1725 1181 1756 Procu-

120 1773 230 1802 ratum,
245 1764 278 1794 &
293 1763 371 1799 quod
386 1772 445 1792 non
459 1762 550 1794 facere
564 1763 609 1793 vel
622 1764 719 1794 venire
732 1763 845 1801 aliquo,
860 1763 1064 1802 quovismodo,
1079 1763 1180 1802 autJu-

119 1813 166 1841 re,
185 1803 230 1833 vel
241 1802 277 1833 de
292 1801 396 1840 Facto,
415 1801 519 1831 etiarnsi
529 1812 542 1831 a
552 1801 622 1840 Jure
636 1801 745 1839 poffet,
764 1802 882 1839 aliquam
897 1801 1018 1832 Poenam
1033 1801 1112 1840 dupli
1124 1804 1179 1839 ejus

118 1842 155 1873 de
167 1851 225 1880 quo
244 1842 277 1872 &
294 1850 331 1878 qu
489 1840 597 1877 praefati
614 1840 758 1870 Dominus
772 1839 842 1871 Dux
854 1840 888 1870 &
905 1839 1089 1879 Concilium,
1108 1841 1178 1871 No-

116 1880 240 1911 minibus
263 1879 364 1917 quibus
382 1876 475 1917 supra,
493 1879 527 1909 ὅτ.
550 1879 676 1917 quolibet
701 1878 844 1910 dierorum
865 1880 1033 1916 nominum,
1049 1879 1115 1910 dare
1142 1881 1176 1911 δε

115 1918 223 1951 solvere
238 1916 432 1956 promiserant,
451 1926 499 1947 me
513 1917 591 1948 dicto
604 1917 731 1948 Notario
750 1918 903 1957 recipiente
919 1918 1100 1948 Nominibus
1113 1920 1177 1957 qui-

118 1958 170 1988 bus
185 1957 277 1996 supra,
293 1965 362 1985 cum
377 1954 569 1986 Restitutione
678 1956 712 1987 &
724 1965 801 1986 extra
817 1965 882 1993 quae
896 1966 1052 1999 propterea-
1064 1956 1178 1995 fierent,

116 1995 197 2026 Ratis
209 1994 387 2025 manentibus
402 1993 561 2032 supradictis
597 1994 630 2024 &
643 1993 693 2024 sub
707 1994 862 2033 Ypotheca
875 1996 910 2027 &
923 1995 1112 2032 Obligatione
1120 1995 1177 2026 Bo-

114 2044 217 2066 norum
233 2033 363 2064 omnium
379 2030 552 2063 Communis
583 2042 672 2063 anuae.

153 2073 172 2093 ³*
189 2071 244 2111 Et,
264 2081 317 2110 pro
331 2071 429 2108 majori
450 2071 658 2108 praemissbrum
676 2071 786 2101 roboris
804 2069 952 2109 firmitate,
971 2071 1175 2111 mandaverunt

112 2109 261 2142 Dominus
273 2110 344 2140 Dux
359 2111 392 2141 ὃς
407 2108 566 2140 Consilium
584 2109 700 2149 praesens
716 2109 938 2140 Instrumentum
957 2109 1073 2149 sigillis,
1093 2121 1175 2142 reve-

112 2151 194 2181 rendi
208 2150 238 2180 in
252 2148 369 2179 Christo
383 2147 470 2179 Patris
484 2149 517 2179 &
532 2148 673 2186 Domini,
692 2147 816 2179 Domini
830 2147 1175 2188 ArchiepiscopiJanuen-

110 2188 163 2227 fis,
182 2189 215 2220 &
231 2186 405 2218 Communis
414 2186 530 2226 Januae,
549 2186 705 2225 apositione
719 2187 833 2217 muniri.

150 2226 260 2258 Actum
268 2226 368 2265 Januae
384 2225 412 2254 in
428 2224 543 2263 Capella
558 2235 634 2255 nova
650 2224 747 2256 Palatii
761 2224 876 2256 Ducalis
883 2223 1173 2266 Communisjanuae,

109 2276 188 2299 anno
202 2265 369 2295 Dominicae
383 2263 543 2295 Nativitatis
565 2263 732 2302 Millesimo,
749 2263 983 2302 Trecentesimo,
1001 2264 1105 2303 Septua
1125 2266 1174 2297 esi-

107 2314 161 2335 mo
175 2305 288 2342 primo,
306 2302 466 2334 Indietione
478 2302 597 2340 odaia,
616 2301 769 2332 secundum
786 2302 896 2332 cursum
906 2301 1007 2340 Januae
1019 2326 1028 2340 ,
1051 2304 1095 2334 die
1142 2315 1174 2335 e-

106 2343 185 2373 eima
196 2341 311 2381 septima
323 2341 515 2385 Septembris,
531 2343 608 2374 circa
621 2341 746 2380 tertiam,
765 2340 950 2373 Praesentibus
965 2340 1119 2382 Testibus,
1137 2343 1171 2375 ad

106 2380 166 2413 hoc
182 2382 289 2413 vocatis
303 2381 336 2413 &
351 2389 472 2421 rogatis,

140 2458 244 2489 Thema
261 2459 294 2489 de
310 2458 432 2498 Illiom‘s,

139 2496 280 2535 'Johanne
298 2497 329 2527 de
347 2499 494 2536 Magnert’,

142 2536 181 2566 Et
198 2536 311 2575 Isnardo
330 2536 364 2566 de
381 2536 523 2575 Guarcho,

139 2574 262 2606 Civibus
274 2574 383 2614 Januae.

142 2652 298 2682 Guerardus
316 2652 348 2681 de
365 2650 501 2691 Frestheto
516 2652 548 2681 de
568 2651 704 2691 clavaro,
728 2651 868 2693 Imperiali
889 2652 1053 2683 auetoritate
1073 2651 1170 2683 Nota-

104 2690 177 2728 rius,
193 2691 375 2729 subscriptum
396 2690 638 2729 instrumentum,
657 2692 792 2729 scriptum
814 2692 847 2722 &
868 2693 1060 2729 compolitum
1080 2701 1168 2721 manu

103 2728 247 2766 Raphaelis
260 2731 292 2758 de
307 2729 427 2767 Guascho
435 2752 445 2767 ,
466 2729 581 2759 Notarii
595 2731 629 2760 &
644 2730 811 2760 Cancellarii
825 2730 1047 2768 supradictorum
1058 2729 1167 2759 Domi-

103 2769 134 2797 ni
149 2766 238 2797 Ducis
253 2768 285 2798 &
302 2765 430 2797 Concilii
451 2767 484 2797 &
499 2766 674 2797 Communis
687 2767 804 2806 Januae,
825 2777 856 2799 ut
877 2768 970 2807 supra,
986 2769 1113 2804 exhausi,
1133 2768 1166 2798 &

103 2806 132 2835 in
148 2805 221 2835 hanc
236 2804 385 2835 Publicam
399 2805 534 2835 Formam
550 2806 662 2843 redegi,
679 2808 714 2835 de
723 2805 882 2836 Cartulario
896 2806 1165 2844 instrumentorum,

101 2843 329 2912 ffimpiolitorum
351 2853 398 2911 ρὲτ
417 2842 758 2911 ἀίᾒυᾘίἓαρῐέεῐῗὲῃᾈ
767 2845 1005 2914 ὴαῦεηέεάεεὴεὲζε
1026 2843 1167 2913 {s‘gffctfffi‘g

348 2894 352 2899 ’
710 2892 737 2910 ln
897 2893 913 2912 U

101 2890 445 2959 ngciiigTsgriiiiFiiiitin
462 2889 530 2950 adatgis
543 2892 727 2950 Ccincelgriae
743 2919 864 2959 ipsorum
909 2930 995 2951 manu
1009 2924 1117 2964 Georgii
1133 2921 1165 2951 de

101 2959 188 2996 Clau,
207 2958 326 2990 Notarii
338 2959 372 2990 ὃς
392 2957 574 2997 Cancellarii,
594 2958 640 2989 M.
664 2956 764 2989 CCC.
789 2943 891 2990 LXX'.
909 2959 955 2990 die
974 2969 1074 2998 quinto
1090 2960 1164 2999 sep-

102 2998 228 3028 tembris.

132 3073 168 3104 N
192 3073 372 3105 Nomina
398 3073 572 3104 Dommr
596 3074 732 3105 ΑΜΕΝ.

169 3111 318 3143 Noverint
334 3112 489 3151 Univerfi,
516 3113 633 3150 praesens
653 3113 803 3144 Publicum
825 3113 1051 3145 instrumentum
1071 3113 1161 3152 inspe-

100 3150 191 3188 Cturi,
204 3151 301 3189 quod,
315 3150 497 3181 Reverendus
511 3153 540 3181 in
555 3151 672 3182 Christo
689 3152 769 3182 Pater
784 3153 817 3183 δε
832 3153 994 3191 Dominus,
1013 3152 1162 3184 Dominus

100 3187 240 3225 Andreas,
260 3188 318 3218 Dei
334 3189 367 3218 &
384 3188 555 3228 Apostolicae
569 3189 648 3220 Sedis
663 3191 768 3229 gratia,
787 3191 1021 3231 Archiepiscopus
1033 3191 1162 3230 Januen-

98 3227 149 3263 fis,
171 3225 250 3264 viso,
280 3226 419 3265 inspecto,
436 3228 468 3257 &
489 3228 633 3266 diligenter
660 3231 815 3259 examinato
840 3230 1022 3269 suprascripto
1048 3230 1155 3263 Iiistru-

98 3272 199 3295 mento
212 3263 377 3303 Syndicatfis
391 3264 424 3294 &
443 3264 666 3302 Procurationis,
684 3267 761 3297 fac‘to
776 3277 841 3306 per,
862 3268 1158 3307 Magnificum&P0-

97 3311 204 3333 tentem
219 3304 313 3333 virum
329 3303 362 3334 &
377 3301 557 3341 Dominum,
576 3303 743 3334 Dominum
759 3305 950 3337 Dominicum
972 3307 1007 3336 de
1026 3306 1157 3347 Campo-

96 3341 226 3379 fregoso,
242 3341 299 3371 Dei
312 3340 413 3379 gratia,
429 3340 611 3378 Janueriiium
625 3341 756 3379 Ducem,
775 3344 809 3374 &
830 3344 933 3382 Populi
949 3345 1156 3386 Defensorem,

97 3381 133 3410 &
147 3381 203 3416 ejus
224 3378 406 3416 Concilium,
425 3381 454 3409 in
478 3380 620 3417 praesentia
633 3402 642 3418 ,
669 3380 785 3410 Nobilis
807 3382 884 3420 Viri,
903 3385 1021 3412 conradi
1039 3388 1156 3417 Catanei

97 3417 178 3449 Civis
195 3417 310 3455 Januae,
333 3418 495 3455 composito
518 3428 602 3448 manu
624 3417 770 3456 Raphaelis
791 3420 823 3449 de
844 3419 964 3459 Guasco,
982 3422 1098 3454 Notarii
1120 3426 1154 3456 ὅ(

97 3455 267 3486 Cancellarii
281 3454 456 3485 Communis
466 3456 579 3493 Januae,
600 3455 754 3488 Millesimo
764 3480 773 3495 ,
790 3458 1024 3498 Trecentesimo,
1038 3461 1154 3500 Septua-

93 3495 201 3533 geiimo
221 3495 315 3532 primo
347 3493 393 3523 die
406 3493 529 3524 Decima
541 3494 659 3533 septima
667 3496 768 3526 mensis
775 3496 961 3536 Septembris,
977 3500 1011 3529 &
1026 3501 1153 3532 extradio

93 3534 124 3563 in
141 3533 289 3563 Publicam
333 3541 445 3562 ormam
462 3543 546 3563 manu
562 3534 702 3563 Leonardi
715 3534 746 3563 de
761 3534 900 3575 Frescheto
915 3535 1045 3575 Notarii,
1063 3538 1154 3571 sciens

91 3572 126 3602 &
141 3570 316 3611 cognoscens
330 3570 404 3600 idem
420 3569 568 3601 Dominus
583 3571 837 3612 Archiepiscopus,
855 3574 888 3604 ὅ(
901 3584 996 3604 veram
1018 3576 1051 3606 ὃς
1071 3578 1152 3608 infal-

91 3609 201 3640 libilem
215 3610 344 3639 notitiam
357 3608 476 3646 babenS,
493 3609 571 3646 quod
584 3609 711 3646 praediCti
720 3633 729 3648 ,
739 3611 860 3649 Raphael
865 3613 896 3642 de
903 3613 1023 3651 Guascho
1033 3616 1066 3645 &
1076 3618 1149 3646 Leo-

91 3648 194 3683 nardus
208 3648 240 3678 de
253 3646 407 3716 Fffchem,
426 3646 540 3677 Notarii
555 3647 686 3684 suprasci'i
708 3650 746 3686 ti,
764 3650 824 3681 sunt
840 3650 956 3682 Notarii
971 3652 1094 3692 Publici,
1115 3655 1149 3685 ὃς

91 3686 128 3716 de
143 3697 264 3718 numero
314 3686 467 3716 otariorum
484 3684 660 3728 Communis
678 3658 795 3725 fanuae,
815 3690 848 3720 ὃς
870 3691 918 3727 qui
936 3691 1049 3726 publice
1071 3701 1150 3722 exer-

91 3733 157 3754 cent
171 3725 204 3755 &
217 3732 416 3761 exercuerunt,
434 3725 464 3753 in
473 3723 739 3761 CivitateJanuae&
757 3725 997 3767 Districstualibus,
1015 3730 1147 3761 officium

91 3761 315 3801 Tabelionatfis,
330 3763 387 3794 vid.
401 3762 492 3792 dietus
505 3761 632 3799 Raphael
647 3762 682 3792 de
689 3762 823 3794 Guascho
835 3766 890 3802 jam
903 3765 1035 3797 suntanni
1046 3769 1148 3806 Vigin-

90 3801 159 3831 ti&
172 3800 257 3839 ultra,
410 3801 468 3839 jam
483 3800 543 3830 sunt
559 3801 635 3831 Anni
654 3800 723 3831 Duo
740 3803 773 3833 &
795 3803 878 3840 ultra,
896 3813 911 3832 a
932 3814 991 3842 quo
1013 3814 1143 3845 tempore

90 3838 237 3869 dierorum
259 3838 394 3870 Duorum
414 3839 568 3870 Annorum
592 3838 686 3870 dietus
709 3839 873 3872 Leonardus
892 3840 945 3872 fuit
966 3842 1001 3873 de
1022 3846 1146 3876 conecto

85 3885 210 3907 numero
221 3877 363 3908 di&0rum
377 3877 584 3916 Notariorum,
601 3878 634 3908 &
650 3878 730 3915 quod
1078 3885 1146 3915 citra

88 3915 208 3946 habetur
688 3916 721 3946 ad
737 3915 876 3946 Notarios
891 3916 1041 3958 Publicos,
1061 3921 1094 3952 &
1111 3923 1147 3954 de

87 3962 210 3984 nurnero
223 3951 413 3984 Notariorum
429 3954 558 3985 Civitatis
569 3953 685 3993 Januae,
702 3954 780 3984 idem
794 3955 923 3994 praefatus
937 3956 1084 3989 Dominus
1090 3961 1146 3991 Ar-

88 3991 300 4030 chiepiscopus,
325 3992 361 4021 de
385 3992 436 4023 hiis
464 3994 598 4024 omnibus
628 3993 738 4032 plenius
759 3995 942 4032 informatus,
961 3996 1143 4037 suprascripto

88 4028 299 4067 InstrumentO,
324 4039 422 4060 coram
443 4032 502 4069 ipso
521 4031 702 4068 praesentato,
721 4033 750 4061 in
768 4031 917 4063 Publicam
938 4034 1071 4066 Formam
1096 4048 1144 4076 per

88 4068 248 4137 ῗοὴακπῖιηὶ
265 4070 436 4136 ίὲιηῗῗιαπι,
462 4069 636 4109 Notarium,
653 4070 809 4110 syndicum
834 4069 1008 4104 Communis
1027 4074 1144 4114 Januae,

105 4110 178 4137 Dim.
251 4129 256 4134 .
302 4130 308 4135 .
362 4129 369 4135 .

2049 349 2128 379 causa
2143 349 2226 387 plene
2323 351 2389 377 Edv.
2405 360 2432 385 3-

1378 392 1426 420 per
1441 384 1559 420 praesens
1575 383 1730 414 Publicum
1747 383 1973 416 Instrumentum
1986 386 2149 425 interposuit
2163 390 2306 425 pariter&

1238 418 1420 458 Decretum,
1443 431 1476 451 ac
1503 421 1716 460 suprascriptum
1742 422 1985 460 instrumentum,
2012 425 2166 455 secundum
2193 425 2303 458 Procur

1406 459 1540 497 &quam
1559 461 1632 491 fafta
1649 460 1689 491 est
1710 463 1838 499 mentio,
1864 472 1893 491 iri
1912 462 2055 500 praesentia
2075 465 2155 502 iplius
2175 464 2300 496 Domini

1236 496 1451 535 Archiepiscopi
1472 498 1487 526 f
1663 508 1823 538 concepta,
1849 501 1984 530 mandans
2005 501 2081 531 idem
2095 502 2301 541 ‘Archiepisco-

1235 544 1304 572 pus,
1321 535 1354 564 ad
1368 535 1514 566 cautellam
1525 558 1533 573 ,
1554 536 1581 565 in
1597 536 1812 567 Testimonium
1826 540 2033 576 praemifforum
2043 561 2052 577 ,
2069 539 2186 576 praesens
2201 541 2299 573 Publi-

1235 582 1303 602 cuin
1321 572 1542 604 Instrumentum
1557 573 1594 604 sui
1610 574 1793 605 Pontificatfis
1807 576 1896 616 Sigilli
1914 578 2093 617 appolitione
2110 580 2222 610 muniri.

1275 611 1379 641 Adtum
1392 611 1490 650 Januae
1510 613 1539 641 in
1560 611 1706 643 Domibus
1726 614 1837 644 SanCtae
1969 615 2195 647 Praedicatorum

1231 647 1331 686 Januae
1350 659 1438 687 prope
1457 649 1605 689 Capellam
1633 651 1720 681 beatae
1741 652 1862 687 Luciac,
1885 663 1961 683 anno
1988 654 2155 684 Nativitatis
2169 655 2296 686 Domini

1235 686 1405 725 Millelimo,
1424 688 1656 727 Trecentelimo,
1675 688 1888 727 Septuagesimo
1906 693 2018 730 primo,
2035 692 2199 723 indictione
2219 696 2299 724 octa-

1233 724 1288 762 va,
1307 725 1461 756 secundum
1483 726 1583 764 januae
1602 727 1712 756 cursum
1731 728 1778 757 die
1798 728 1900 759 Martis
2014 732 2206 769 Septembris,
2229 732 2300 763 hora

1234 761 1462 802 Complectorii,
1489 765 1669 802 praesentibus
1695 765 1851 804 Testibus,
1879 767 2033 804 Religiosis
2059 770 2147 808 Viris,
2166 770 2300 809 Johanne

1233 801 1364 829 Bernard
1383 802 1415 830 de
1439 805 1511 839 Berg
1688 804 1720 833 de
1739 808 1818 834 lWari
2262 812 2297 840 δί

1231 838 1306 869 seXto
1324 839 1357 870 N
1361 842 1451 870 otario
1471 840 1569 872 Curiae
1581 841 1701 880 Januae,
1718 842 1752 872 ad
1769 842 1908 882 praemissa
1927 845 2034 875 vocatis
2053 846 2085 876 ὃ(
2103 847 2216 883 rogatis.

1269 913 1334 954 Ego
1352 915 1473 946 Felixius
1492 918 1523 947 de
1543 917 1711 956 Garibaldo,
1731 919 1877 956 quondam
1902 919 2062 960 Leonardi,
2080 920 2222 960 Imperiali
2243 933 2292 954 au-

1231 952 1362 985 &oritate
1382 955 1538 994 Notarius,
1556 958 1661 996 praefati
1682 956 1808 987 Domini
1913 959 2126 999 Archiepiicopi
2146 960 2294 998 Januensis

1231 990 1346 1029 Scriba,
1364 994 1505 1031 praedietis
1523 997 1658 1025 omnibus
1676 996 1710 1026 «Sc
1730 996 1859 1033 lingulis,
1877 997 1946 1026 dum
1965 998 2002 1028 sic
2020 1008 2165 1037 agerentur
2184 1008 2233 1037 per
2251 1000 2295 1029 di-

1231 1030 1313 1060 Ctum
1333 1030 1496 1063 Dominum
1516 1033 1789 1072 Archiepiscopum,
1807 1035 1926 1072 praesens
1945 1036 2001 1074 fui,
2018 1038 2151 1077 lignoque
2172 1046 2240 1068 meo
2252 1039 2296 1070 so-

1229 1069 1281 1099 lito
1300 1069 1419 1109 signavi,
1437 1072 1470 1102 &
1491 1072 1519 1102 in
1540 1072 1757 1102 Testimonium
1772 1073 1981 1111 praemifforum
1997 1084 2108 1114 rogatus
2127 1075 2230 1113 scripfi.

1229 1202 1256 1229 ᾖ
1276 1202 1335 1236 Ad
1356 1206 1464 1252 Regem
1481 1209 1584 1252 Papa,
1604 1217 1660 1253 pro
1680 1209 1823 1241 Financia
1841 1211 1987 1242 Germani·
2007 1211 2078 1255 fhi,
2098 1223 2154 1258 per
2175 1214 2291 1260 Capta·
2329 1227 2348 1245 ⁴
2370 1230 2423 1260 vg,

1473 1255 1529 1287 lem
1551 1254 1587 1287 a'e
1611 1257 1697 1302 Bogio
1721 1261 1819 1303 capti,
1841 1257 2038 1292 moderanda.
2308 1267 2375 1302 695.

1227 1339 1422 1394 GRegorius
1449 1340 1606 1380 Episcopus
1622 1364 1631 1379 ,
1663 1341 1765 1373 Servus
1788 1342 1945 1374 Servorum
1976 1343 2060 1384 Dei,
2090 1347 2233 1379 carissimo
2258 1350 2288 1379 in
2308 1346 2384 1378 Ann.
2399 1348 2440 1379 D.

1298 1377 1416 1422 Christo
1435 1379 1525 1417 Filio,
1543 1380 1686 1410 Edwardo
1701 1403 1710 1419 ,
1736 1379 1812 1420 Regi
1832 1382 1946 1420 Angliae
1964 1383 2064 1414 Illustri
2078 1408 2087 1423 ,
2110 1385 2235 1417 Salutem
2253 1389 2287 1420 &
2328 1394 2413 1426 1371.

1226 1412 1425 1450 Apostolicam
1443 1417 1686 1448 Beneditstioncm.
2308 1429 2361 1453 An.
2376 1435 2425 1461 45.

1262 1453 1384 1485 Eximiae
1410 1465 1466 1486 tuae
1492 1455 1665 1487 Devotionis
1688 1457 1838 1488 Sinceritas
1864 1461 2007 1490 ornatibus
2028 1460 2173 1492 Vi'rtutum
2192 1461 2288 1503 Rega-
2306 1467 2336 1490 Ε.
2360 1473 2386 1499 3.

1224 1490 1294 1522 lium
1322 1494 1473 1532 insignita,
1505 1505 1592 1532 quam
1616 1496 1650 1525 ad
1673 1495 1740 1525 Nos
1774 1497 1806 1526 &
1833 1497 1997 1528 Romanam
2017 1498 2173 1530 Ecclesiam
2190 1511 2286 1540 gerere
2310 1506 2347 1528 Ex
2365 1504 2424 1529 Au-

1224 1533 1438 1571 comprobaris,
1458 1533 1534 1569 spem
1548 1535 1648 1571 ingerit
1664 1534 1808 1564 indubiam
1821 1536 2011 1566 cordinostro
2028 1539 2107 1575 quod
2116 1537 2218 1570 Preces
2229 1551 2284 1571 no·
2305 1548 2373 1577 togr.

1224 1567 1306 1612 stras,
1326 1571 1378 1600 tibi
1396 1570 1515 1601 diredtas
1530 1594 1540 1609 ,
1565 1571 1715 1608 praesertim
1734 1582 1798 1612 quae
1818 1574 1950 1612 pietatem
1974 1576 2138 1615 respiciunt,
2158 1578 2289 1616 prosecu-

1222 1614 1304 1638 tione
1322 1608 1451 1640 laudabili
1468 1610 1641 1647 adimplebis.

1259 1646 1332 1678 Sane
1354 1647 1426 1683 (Fili
1446 1647 1583 1679 carissime
1591 1657 1599 1685 s*
1619 1648 1653 1679 ad
1676 1647 1858 1679 Excellentiae
1884 1649 1987 1689 Regiae
2013 1652 2119 1689 jamdiu
2145 1653 2288 1686 devenisse

1222 1685 1364 1716 credimus
1382 1687 1532 1725 notitiam,
1551 1687 1684 1724 qualiter,
1701 1687 1819 1718 dilestus
1838 1687 1938 1727 Filius,
1957 1689 2071 1720 Nobilis
2090 1691 2158 1729 Vir,
2173 1692 2286 1729 Jolian—

1220 1733 1270 1753 nes
1287 1724 1323 1754 de
1342 1724 1440 1762 Greli,
1456 1724 1588 1764 Capitalis
1605 1726 1642 1756 de
1661 1726 1759 1764 Buch,
1778 1726 1914 1757 dile6tum
1934 1728 2054 1767 Filium,
2073 1728 2215 1760 Nobilem
2235 1731 2288 1761 Vi-

1221 1771 1302 1800 rum,
1321 1762 1479 1803 Rogerium
1498 1764 1534 1794 de
1554 1764 1717 1803 Belloforti,
1736 1765 1915 1795 Germanum
1935 1766 2081 1806 nostrum,
2101 1770 2185 1798 etiam
2207 1779 2285 1800 anre-

1219 1809 1304 1838 quam
1323 1801 1357 1831 ad
1382 1803 1494 1840 apicem
1526 1803 1627 1833 summi
1648 1803 1827 1842 ApostOIatfis
1850 1804 1969 1834 effemus
1993 1805 2144 1845 affumpii,
2171 1817 2288 1846 captum

1220 1839 1355 1877 detinuit,
1372 1842 1404 1871 ὃ(
1424 1840 1515 1871 adhuc
1533 1840 1637 1871 detinet
1657 1842 1692 1872 de
1712 1841 1852 1880 praesenti,
1871 1852 1957 1881 quem
1977 1846 2078 1882 etiam,
2095 1854 2193 1875 contra
2217 1857 2284 1877 mo-

1221 1887 1280 1908 rem
1304 1878 1480 1916 Nobilium,
1501 1881 1626 1910 maxime
1651 1881 1679 1909 in
1701 1880 1814 1910 Ducatu
1836 1882 2012 1921 Aquitaniae,
2038 1883 2181 1921 hucusque
2197 1885 2285 1916 serva-

1221 1923 1302 1956 tum,
1322 1927 1376 1947 nec
1394 1918 1443 1948 sub
1463 1918 1544 1956 Fide,
1564 1928 1616 1948 nec
1636 1928 1704 1948 curn
1725 1917 1862 1958 Ostagiis,
1882 1921 1916 1949 de
1930 1920 2075 1952 redeundo
2084 1923 2117 1951 ad
2135 1932 2283 1961 eum,vo-

1218 1954 1269 1985 luit
1287 1966 1301 1985 a
1316 1954 1439 1986 Carcere
1451 1956 1583 1994 liberare,
1601 1965 1632 1986 ut
1648 1956 1743 1987 saltem
1761 1958 1893 1994 potuiffet
1910 1968 1980 1989 cum
1990 1960 2100 1990 Amicis
2113 1960 2166 1990 suis
2178 1961 2284 1992 &Do-

1219 1994 1305 2024 minis
1321 1994 1357 2024 de
1375 1995 1419 2025 sua
1436 1995 1564 2025 traciaffe
1583 1994 1715 2025 Financia
1734 2004 1763 2026 ut
1782 1996 1822 2025 est
1841 1998 1938 2027 moris.

1253 2031 1291 2062 Et
1308 2032 1390 2072 licet,
1409 2043 1462 2071 pro
1481 2033 1664 2064 Liberatione
1683 2033 1751 2064 dicii
1769 2033 1908 2065 Germani
1923 2034 2028 2073 nostri,
2044 2046 2111 2066 cum
2120 2038 2198 2069 dicito
2206 2038 2284 2078 Cap-

1218 2069 1263 2100 tali
1282 2070 1380 2108 saepius
1397 2072 1494 2102 aetum
1513 2072 1607 2109 fuerit,
1632 2082 1726 2103 tamen
1746 2073 1822 2103 idem
1841 2072 1982 2111 Captalis,
1998 2074 2034 2104 ad
2049 2074 2117 2105 Nos
2134 2077 2225 2108 forsan
2245 2080 2281 2110 ὃς

1215 2108 1278 2139 alias
1295 2108 1428 2140 Personas
1445 2109 1668 2149 Eccleliasticas,
1688 2111 1723 2142 de
1742 2111 1926 2154 genereqditffti
1947 2112 2087 2144 Germani
2106 2116 2211 2154 nostri,
2234 2127 2282 2147 re-

1216 2147 1345 2185 speetum
1368 2149 1488 2187 habens,
1508 2158 1560 2188 pro
1580 2150 1790 2188 Redemptione
1807 2150 1864 2188 ipia
1887 2153 2020 2182 maxi-nas
2039 2154 2109 2190 petit
2125 2154 2278 2186 Pecunias:

1216 2186 1251 2217 ad
1271 2197 1336 2224 quas
1353 2187 1495 2218 solvendas
1513 2188 1590 2220 idem
1610 2188 1770 2219 Germanus
1795 2190 1890 2220 noster
1914 2190 2027 2230 penitus
2052 2190 2095 2221 est
2117 2193 2280 2233 impotens3

1216 2225 1250 2255 &
1272 2225 1342 2256 Nos
1361 2227 1390 2256 in
1415 2227 1472 2257 hoc
1498 2227 1535 2257 de
1553 2226 1684 2258 Pecuniis
1704 2228 1845 2258 Romanae
1865 2228 2000 2260 Ecclesiae
2017 2230 2105 2260 nichil
2123 2232 2283 2270 expendere

1216 2265 1419 2302 proponimus,
1437 2265 1506 2295 cum
1523 2265 1588 2296 sana
1606 2266 1778 2297 conscientia
1794 2268 1852 2296 hoc
1871 2268 1963 2298 facere
1981 2277 2040 2297 non
2060 2269 2209 2306 poflemus.
2283 2272 2284 2275 ’

1254 2302 1381 2344 Ideoque
1396 2304 1580 2335 Serenitatem
1595 2313 1690 2343 tuam,
1710 2306 1791 2335 nobis
1807 2315 1918 2344 caram,
1935 2314 2067 2345 rogamus
2079 2309 2231 2348 attentius,
2248 2319 2286 2342 ac·

1215 2350 1267 2386 pro
1283 2342 1391 2382 speciali
1407 2353 1522 2373 munere
1535 2354 1551 2374 a
1566 2352 1593 2374 te
1605 2344 1793 2383 postulamus,
1811 2347 1957 2384 quatinus,
1973 2344 2096 2384 Justitiae
2111 2348 2145 2378 &
2166 2347 2285 2380 Pietatis·

1214 2382 1334 2420 intuitu,
1352 2382 1393 2412 ob
1406 2381 1549 2413 Nostram
1567 2392 1682 2420 quoque
1702 2382 1736 2413 &
1757 2381 1934 2420 Apostolicae
1956 2383 2036 2414 Sedis
2057 2384 2282 2426 Reverentiam‚

1213 2420 1288 2457 apud
1310 2420 1433 2450 eundem
1455 2420 1604 2460 Captalem
1615 2443 1624 2458 ,
1641 2421 1689 2460 qui
1705 2430 1768 2452 tuus
1783 2421 1916 2452 Subditus
1930 2422 2037 2460 existit,
2055 2423 2089 2453 δε
2110 2434 2195 2462 quem
2216 2426 2280 2457 riul-

1214 2458 1275 2488 lum
1293 2459 1321 2488 in
1337 2459 1411 2497 hoc,
1430 2459 1450 2489 si
1465 2459 1515 2489 sibi
1532 2459 1721 2498 mandaveris,
1739 2458 1872 2499 expressae
1887 2461 2024 2492 dilationis
2037 2461 2218 2495 obstaculum
2235 2466 2278 2495 in-

1213 2504 1309 2534 gerere
1326 2497 1468 2528 credimus
1483 2520 1493 2536 ,
1519 2498 1554 2528 sic
1571 2499 1730 2535 interponas
1749 2508 1801 2536 pro
1818 2499 1899 2538 ipsius
1917 2499 2056 2530 Germani
2082 2500 2171 2531 nostri
2192 2502 2279 2534 Libe-

1212 2536 1336 2574 ratione,
1354 2546 1439 2575 quam
1457 2536 1647 2573 multipliciter
1661 2535 1844 2574 affectamus,
1862 2547 1950 2575 partes
1964 2547 2040 2575 tua-5,
2059 2539 2151 2570 eidem
2166 2539 2277 2580 Captali

1213 2573 1366 2605 efficaciter
1379 2575 1530 2605 scribendo
1545 2575 1577 2605 ὃς
1593 2576 1752 2605 mandando
1767 2578 1845 2613 quod
1855 2598 1864 2612 ,
1881 2576 2058 2608 consideratis
2072 2578 2143 2608 dicti
2157 2577 2278 2617 Rogerii

1212 2611 1302 2643 Terra
1317 2614 1350 2644 ὃς
1367 2613 1571 2650 FacultatibuS,
1589 2614 1668 2651 super
1683 2613 1902 2652 Redemptionis
1917 2615 2030 2653 Pretio,
2048 2615 2201 2647 secundum
2220 2618 2278 2649 Le-

1212 2660 1260 2689 ges
1277 2652 1434 2682 Armorum
1450 2652 1483 2682 &
1499 2653 1611 2682 debitos
1633 2662 1742 2691 mores,
1767 2653 1938 2692 paciscatur,
1965 2654 1998 2684 ὃ(
2019 2654 2128 2685 dictum
2152 2655 2278 2688 Germa-

1213 2698 1285 2719 num
1302 2689 1431 2720 nostrum
1445 2701 1460 2720 a
1476 2689 1647 2721 Carceribiis
1662 2692 1780 2721 liberum
1794 2692 1917 2722 dimittat
1930 2693 1963 2723 δί
1978 2692 2063 2722 etiam
2077 2693 2253 2734 absolutum,

1248 2727 1313 2766 Ut,
1331 2727 1378 2759 Te
1391 2729 1540 2759 obtinente
1556 2730 1632 2768 quod
1647 2738 1704 2760 tarn
1727 2730 1796 2766 juste
1837 2732 1951 2770 erimus,
1968 2730 2126 2762 evidentius
2147 2735 2279 2772 agnosca-

1211 2775 1274 2796 mus
1286 2767 1396 2806 qualem
1411 2769 1444 2798 ὃς
1460 2776 1596 2805 quantum
1619 2769 1647 2797 in
1671 2769 1791 2805 pectoris
1844 2770 1925 2808 egalis
1946 2770 2079 2800 Armario
2101 2771 2278 2808 Apostolicae

1211 2803 1314 2835 Preces
1329 2805 1427 2836 locum
1444 2807 1576 2836 obtinent
1591 2807 1624 2836 &
1639 2807 1785 2845 favorem,
1803 2817 1836 2838 ac
1853 2818 1997 2839 teneamur
2013 2806 2180 2839 Celsitudini
2203 2820 2277 2850 tuae,

1208 2852 1262 2882 pro
1276 2853 1358 2875 iantae
1373 2843 1544 2875 Clementiae
1559 2855 1661 2884 opere,
1680 2855 1732 2883 pro
1757 2856 1815 2883 quo
1831 2848 1915 2876 eiiam
1931 2847 1978 2876 fiet
1999 2846 2050 2875 tibi
2073 2846 2139 2877 Rex
2160 2848 2276 2888 Regum

1209 2883 1346 2920 propitius
1368 2882 1556 2922 Retributor,
1572 2885 1665 2922 grata,
1683 2884 1796 2914 favente
1814 2883 1964 2923 Domino,
1987 2884 2198 2925 Vicissitudine,
2229 2897 2277 2917 re-

1208 2920 1352 2960 spondere.

1246 2958 1337 3028 quer
1350 2960 1498 3000 praemiffis
1512 2968 1606 2990 autem
1616 2983 1625 2998 ,
1634 2959 1809 2990 Venerabilis
1825 2959 1918 2990 Frater
1930 2960 2042 2999 noster,
2058 2960 2275 3002 HugoEpisco-

1207 3007 1260 3036 pus
1307 3000 1455 3037 trianensis,

1247 3036 1348 3075 Qem
1385 3038 1425 3068 ob
1439 3036 1714 3076 contemplationem
1731 3035 1862 3066 Personae
1878 3045 1949 3078 ture,
1965 3037 1998 3068 ὃς
2017 3048 2130 3076 propter
2149 3039 2193 3070 sua
2211 3049 2272 3071 me-

1207 3075 1274 3113 rita,
1292 3077 1325 3106 ad
1348 3060 1500 3106 Eccleiiam
1524 3084 1720 3115 promovimus
1741 3074 1947 3112 Cluisnenlem,
1966 3076 1998 3106 δε
2023 3087 2108 3116 quem
2129 3079 2213 3108 etiam
2231 3080 2272 3109 tui

1210 3113 1312 3146 intuitu
1329 3115 1429 3145 habere
1446 3115 1631 3154 pioponimus
1646 3113 1833 3143 favorabiliter
1849 3116 2103 3154 commendatum,

1241 3151 1444 3192 Benignitatem
1460 3162 1537 3182 tuam
1554 3152 1635 3182 latius
1649 3152 1832 3189 informabit,
1852 3153 1899 3182 cui
1914 3153 1941 3181 in
1963 3154 2028 3188 hiis,
2045 3164 2109 3193 quae
2126 3154 2203 3194 super
2211 3155 2269 3185 hoc

1205 3199 1239 3220 ex
1254 3200 1329 3228 parte
1345 3191 1439 3222 nostra
1455 3192 1506 3221 tibi
1521 3190 1616 3227 dicet,
1631 3190 1764 3220 adhibere
1778 3191 1844 3220 velis
1860 3190 1975 3221 Plenam
1994 3191 2103 3222 Fidem.

1242 3229 1308 3260 Dat.
1325 3230 1396 3270 apud
1412 3229 1515 3259 Villam
1531 3238 1636 3259 novam
1653 3228 1826 3260 Avinionen.
1845 3228 1995 3268 Diocoeii,
2013 3231 2051 3269 vij
2069 3232 2122 3262 kal.
2139 3230 2268 3262 Octobr.

1202 3267 1389 3300 Pontificatfis
1404 3268 1493 3298 nostri
1508 3276 1584 3298 anno
1598 3268 1703 3305 primo.

1991 3321 2124 3361 Valascus.

1896 3398 1985 3436 sigillo
2001 3398 2107 3437 avulso.

1325 3536 1373 3567 De
1397 3531 1551 3567 Condnflu
1570 3543 1626 3578 pro
1651 3530 1879 3565 Mercatoribus
1900 3531 2114 3578 Januensi'um.

1193 3618 1277 3675 RE
1287 3617 1470 3666 Xuniversis
1484 3619 1517 3649 &
1532 3618 1642 3661 lingulis
1657 3618 1832 3661 Ahdmirallis,
1848 3617 1906 3670 &c
1933 3617 2067 3648 Salutem.
2277 3629 2352 3662 Ann-
2362 3632 2406 3665 D·

1285 3659 1383 3688 beiatis
1397 3657 1476 3701 quod
1493 3657 1658 3694 iuscepimus
1680 3667 1708 3686 iri
1732 3656 1835 3685 salvum
1857 3657 1889 3686 ἃ
1914 3655 2041 3686 securum
2064 3656 2254 3688 Conductum
2296 3679 2382 3711 1371·

1193 3694 1342 3735 nostrum,
1358 3707 1391 3727 ac
1414 3706 1441 3725 in
1464 3695 1678 3724 Protectionem
1703 3695 1735 3724 ὃ(
1756 3693 1960 3724 Defensionem
1980 3695 2084 3725 nostras
2107 3696 2123 3725 s
2139 3697 2253 3736 eciales,
2270 3712 2312 3737 A„
2358 3720 2377 3744 5

1192 3732 1352 3770 Johannem
1365 3736 1397 3763 de
1411 3731 1562 3769 Redemilh,
1580 3732 1739 3769 Johannem
1753 3731 1867 3771 Baffits,
1888 3732 2086 3770 Agamelonum
2103 3705 2135 3763 aE
2148 3733 2252 3765 Salva·
2268 3752 2290 3774 E
2322 3722 2357 3785 34
2381 3731 2387 3739 ”

1191 3775 1268 3811 ticis,
1288 3771 1325 3807 ῥ’
1343 3772 1492 3811 ⁴§Quillicnm
1509 3771 1676 3807 Embronur,
1695 3769 1869 3801 Mercatore&
1879 3771 2043 3810 Januenses,
2064 3773 2153 3802 versus
2176 3774 2253 3811 quas-
2270 3769 2358 3815 Fiam..

1192 3820 1318 3849 cumque
1331 3821 1438 3850 parfes,
1455 3820 1503 3848 per
1519 3808 1695 3838 Dominiuni
1711 3810 1743 3839 ὃς
1764 3808 1935 3839 Potestatem
1950 3809 2060 3847 nostra,
2079 3820 2149 3840 cum
2170 3811 2253 3843 Duo-
2271 3835 2309 3860 45
2335 3830 2356 3853 Ε
2377 3834 2390 3861 3

1191 3848 1243 3880 bus
1254 3849 1390 3887 Famulis‚
1409 3850 1467 3878 tam
1483 3858 1530 3886 per
1543 3848 1573 3876 Τ
1574 3856 1663 3876 errain
1673 3870 1682 3884 ,
1696 3849 1782 3887 quani
1797 3858 1845 3885 per
1854 3847 1953 3886 Mare,
1969 3849 2154 3887 transeundo,
2172 3850 2254 3882 Mer-
2271 3847 2350 3899 '⁷²⁴'7-
2395 3847 2402 3855 ⁰

1190 3888 1309 3918 candisas
1324 3889 1380 3918 suas
1393 3885 1586 3923 excercendo,
1603 3886 1710 3916 ibidem
1730 3887 1886 3923 morando,
1905 3890 1938 3916 ὁ(
1954 3889 2055 3918 exinde
2077 3888 2110 3917 ad
2133 3888 2251 3929 Propria

1189 3927 1349 3957 redeundo:

1227 3966 1246 3983 ¹*
1260 3965 1296 3995 Et
1311 3965 1376 3994 ideo
1390 3964 1473 3992 vobis
1487 3961 1670 3999 mandamus,
1689 3960 1749 3996 &a
1768 3967 1844 3992 utin
1858 3961 1984 4002 fimilibus
2002 3963 2034 3992 de
2052 3965 2188 3995 canduerre
2196 3968 2250 3996 Li·
2269 3975 2289 3994 ιι
2309 3977 2362 4005 vr·

1188 4007 1273 4041 teris,
1290 4014 1346 4032 cum
1364 4002 1412 4031 hac
1431 4001 1573 4036 Clausala,
1591 4001 1729 4039 videlicet,
2267 4015 2332 4050 696·

1226 4040 1403 4072 Dumtamen
1429 4040 1511 4069 iidem
1536 4039 1707 4069 Nlercatores
1728 4040 1801 4069 bene
1820 4039 1853 4070 &
1875 4039 1994 4070 honeste
2018 4041 2044 4070 se
2067 4050 2163 4080 gerant
2185 4051 2249 4081 erga

1186 4078 1255 4110 Nos
1276 4081 1308 4112 ὃ(
1324 4078 1456 4110 subditos
1470 4076 1597 4116 nostros,
1616 4079 1648 4110 ὃ(
1672 4078 1787 4146 ΕΕΞΆΙΕε
1805 4087 1970 4110 excerceant
1994 4078 2250 4149 Mercandigsh&

1705 4138 1714 4146 .
1741 4126 1755 4147 a
2175 4130 2192 4149 u
2220 4129 2251 4149 u-
