2561 4251
7 357 11 465 l

6 470 10 533 l

5 1424 9 1552 l

4 1569 9 1604 l

5 1610 9 1653 ἰ

5 1658 19 1723 i·
33 1691 52 1712 ’Β
72 1693 142 1722 vn.

4 1727 9 1770 l

4 1802 8 1852 ὲ

5 1861 8 1888 l

5 1899 7 1927 1
33 1898 85 1922 An.
102 1896 144 1921 18-

4 1933 58 1968 PR.
80 1943 106 1959 2.

4 1970 165 2008 ²=·Claus.18.

4 2006 56 2051 ΑΜΒ·
73 2019 98 2037 2.
111 2018 149 2038 m·

4 2063 18 2090 e·
31 2056 75 2092 ἔθ’

4 2108 8 2171 l

5 2246 9 2284 i

18 3928 24 3931 =·
33 3923 67 3945 m.
89 3925 133 3952 35.

768 227 879 268 ET
960 232 1215 275 ACTA

42 300 170 342 Asu-1>-
829 356 832 357 ⁷

70 351 153 381 1394·
400 363 405 368 ·
1110 375 1114 379 .

43 384 92 411 1³³⁶·
111 390 139 407 ²·
287 394 335 426 De
352 393 445 426 Salvo
464 394 634 439 Condustu,
655 397 747 444 Jitper
763 401 964 434 Sacramentis
974 403 1135 447 faciendis.

40 489 90 514 An.
108 485 150 512 18.
187 475 299 545 RE}
311 477 466 548 Ul'stverfiii
472 480 506 511 ὃ(
517 479 628 520 singulis
641 482 818 522 Admiiallis‚
836 485 896 515 &c-
915 486 1048 518 Salutem.

90 534 100 544 .
298 526 373 546 cratis
408 528 446 548 uo
475 543 484 555 ,

40 529 173 590 }},7'15'‚18‚
224 552 302 584 Cum
315 528 458 592 Johaames
472 560 605 586 Dominus
616 558 647 587 de
660 558 754 598 Blaisy
770 559 969 601 Consiliarius,
987 564 1020 594 &
1033 563 1172 603 Magister
1186 567 1242 606 Jo-

40 604 147 627 R.2.m.
187 587 288 622 hannes
308 593 340 623 de
359 594 550 636 Monsterulio,
565 595 733 633 Praepofitus
756 598 889 630 Ecclefiae
910 600 1027 636 insulen.
1048 604 1076 633 in
1097 605 1240 645 Flandria,

43 647 85 665 η,
186 629 405 670 Secretariusque
427 633 594 670 Adversarii
613 633 694 673 nostri
714 639 838 666 Franciae
853 660 863 677 ,
886 649 970 676 penes
988 640 1165 674 Praesentiam
1187 655 1241 675 no-

186 667 269 699 stram
279 694 288 707 ,
299 670 335 700 de
350 670 489 701 Mandaco
502 672 583 709 ipfius
595 672 751 705 Adversarii
761 676 865 714 nostri,
873 678 943 709 infra
958 678 1094 716 Regnum
1109 683 1239 714 nostrum

186 707 315 746 Angliae,
339 709 368 738 in
392 710 522 747 proximo
544 710 596 740 sint
616 715 743 751 venturi,
770 715 803 745 δε
823 715 925 747 deinde
944 718 972 746 in
991 719 1110 749 Terram
1136 721 1240 752 Scotiae

188 747 340 783 tranfituri,
357 747 391 776 ad
413 746 569 779 videndum
589 749 784 790 Sacramenta,
801 763 854 790 pro
877 755 1089 788 conservatione
1112 759 1241 799 Treuga-

186 795 267 823 rum,
286 785 389 852 ulftimo
398 794 565 854 ἕερῐαωῐη,
583 788 655 819 inter
669 792 729 819 Nos
740 791 772 822 ὃς
787 792 989 832 Adverfizrium
1009 795 1125 835 nastrum
1145 802 1239 828 Scotiae

185 825 291 854 mutuo
316 824 397 853 acien
417 834 449 863 a,

219 861 309 897 Nos,

219 899 267 929 Ut
281 899 368 930 iidem
377 923 386 939 ‚
400 900 541 939 Johannes
554 903 587 934 &
599 903 743 941 Johannes
758 906 904 944 prosperos
919 908 1100 950 Adventum,
1109 911 1238 952 Moram,

180 937 364 976 Transitum,
383 940 415 969 &
431 940 601 979 Regressum
618 944 807 979 optineant&
822 945 947 985 securOS,
965 949 1092 980 volentes
1114 961 1167 988 pro
1187 961 1237 982 eo-

180 986 244 1007 rum
260 977 413 1008 Securitate
426 979 456 1007 in
470 979 521 1009 hac
536 987 612 1015 parte
625 981 766 1013 salubriter
779 985 943 1024 providere,

217 1015 395 1053 Suscepimus
404 1039 412 1052 ,
422 1016 455 1046 &
468 1027 517 1054 per
526 1016 676 1049 Praesentes
691 1022 823 1057 ponimus
831 1024 863 1054 &
872 1024 1031 1062 suscipimus
1038 1049 1047 1064 ,
1055 1027 1083 1056 in
1089 1026 1195 1058 salvum
1203 1029 1237 1059 ὃς

184 1054 313 1085 securum
321 1053 644 1087 Conduc'tumnostrum
652 1082 661 1095 ,
669 1068 700 1088 ac
717 1060 746 1089 in
754 1059 968 1093 Protediionem
976 1063 1178 1104 ,Tuitionem,
1202 1068 1236 1098 &

183 1091 389 1123 Defenfionem
403 1093 509 1123 nostras
516 1094 641 1132 speciales
649 1097 753 1135 ,ipfos,
763 1098 926 1136 Johannem
934 1103 967 1133 ὃς
978 1101 1141 1140 Johannem
1152 1114 1234 1143 ‚cum

183 1129 296 1167 Viginti
311 1131 344 1161 &
358 1139 478 1168 quatuor
489 1133 655 1173 Equitibus,
674 1137 718 1166 vel
731 1137 781 1168 sub
792 1140 915 1174 pauciori
930 1150 1067 1179 numero,
1087 1142 1105 1172 si
1119 1145 1157 1173 eis
1178 1143 1236 1181 pla-

180 1170 287 1205 cuerit,
314 1170 342 1198 in
365 1179 466 1200 eorum
489 1170 650 1211 Comitiva‚
676 1175 745 1205 infra
762 1175 872 1207 dicium
892 1177 1029 1216 Regnum
1052 1180 1182 1213 nostrum
1203 1191 1238 1213 ex

179 1206 258 1237 causa
271 1207 403 1244 praedicta
418 1209 575 1247 veniendo,
592 1211 696 1242 ibidem
711 1215 869 1253 morando,
887 1218 1134 1258 perbendinando,
1150 1222 1183 1250 ὃς
1206 1221 1237 1250 in

179 1244 300 1275 Terram
315 1246 420 1277 Scotiae
430 1248 610 1288 transeundo,
629 1251 662 1280 &
676 1252 782 1284 abinde
797 1255 888 1285 versus
904 1254 999 1286 Partes
1020 1257 1077 1288 suas
1095 1259 1234 1297 proprias,

199 1294 228 1313 er
244 1283 417 1315 Dominium
432 1287 465 1317 ὃς
478 1286 649 1318 Potestatem
664 1290 774 1330 nostra,
791 1301 849 1323 tam
865 1304 914 1331 per
926 1294 1046 1325 Terram
1056 1320 1065 1334 ,
1081 1309 1166 1337 quam
1187 1313 1236 1339 per

222 1333 282 1359 are,
301 1323 460 1360 redeundo,
478 1335 594 1356 necnon
605 1327 754 1367 Hernesia,
773 1330 901 1371 Aurum,
920 1333 1098 1377 Argentum,
1118 1341 1235 1371 Vaiffel-

179 1360 232 1397 las,
251 1361 357 1392 Literas
370 1363 404 1394 δε
417 1363 534 1401 Libros,
551 1363 664 1404 Resque
677 1368 710 1398 ὃς
726 1368 803 1399 Bona
813 1369 861 1401 sua
875 1382 1081 1415 quaecumque,

220 1399 258 1429 Et
271 1400 338 1431 ideo
351 1402 432 1432 vobis
447 1403 479 1433 &
494 1403 609 1434 cuilibet
621 1404 748 1436 vestrum
764 1407 952 1449 MandamuS,
971 1413 1031 1443 ὅτε.

219 1437 252 1468 In
267 1439 360 1477 cujus,
379 1439 440 1470 &c-
459 1450 508 1480 per
524 1442 656 1479 Quatuor
672 1444 785 1476 Menses
799 1447 948 1479 duraturas.

253 1477 342 1509 Teste
357 1477 439 1518 Rege
453 1479 525 1517 apud
540 1480 814 1524 Wstmonasterium,
832 1495 896 1518 xxv.
914 1488 960 1518 die
969 1488 1047 1526 Julii.

866 1564 919 1593 Per
932 1563 1014 1604 ipsimi
1027 1569 1130 1605 Regem.

201 1675 225 1698 *
247 1679 297 1710 De
310 1681 397 1711 certis
413 1680 571 1720 Servitus,
592 1691 647 1727 per
662 1686 788 1719 Barones
807 1691 954 1736 Quinque
972 1695 1086 1727 Pomm

397 1729 501 1774 Viagio
518 1731 606 1775 Regis
616 1742 672 1777 per
689 1737 806 1778 Mare,
831 1740 1025 1774 inveniendis.

51 1730 86 1767 84
1087 1709 1118 1730 m
1128 1725 1138 1741 ‚
1158 1709 1214 1745 pro

32 1740 46 1767 7
88 1751 96 1758 -

33 1814 108 1846 Arm.
117 1815 158 1846 D.

179 1809 315 1865 REX,
331 1810 449 1842 Diledm
464 1813 498 1844 &
515 1813 602 1845 Fideli
617 1815 684 1856 suo,
701 1818 831 1856 Johanni
843 1822 873 1851 de
889 1824 965 1854 Bello
980 1830 1094 1866 Campo,
1113 1829 1236 1861 Consta-

49 1864 135 1895 1394·

255 1849 365 1881 bulario
387 1850 480 1881 Castri
499 1852 538 1883 sui
564 1852 719 1887 Dovorriae
738 1860 771 1890 ὃς
795 1858 917 1892 Custodi
934 1864 1072 1905 Qinque
1094 1867 1234 1900 Portuum

177 1884 309 1926 suorum,
328 1888 372 1918 vel
388 1890 444 1926 ejus
458 1889 572 1921 Locum
584 1896 691 1925 tenenti
705 1896 828 1936 ibidem,
849 1899 981 1932 Salutem.

217 1924 295 1956 Cum
312 1927 431 1958 Barones
443 1928 531 1959 nostri
545 1931 682 1970 Quinque
696 1933 836 1966 Portuum
857 1940 1076 1983 praedirfitorum,
1091 1945 1127 1975 de
1148 1945 1236 1977 Anno

179 1962 208 1991 in
224 1963 360 2005 Annum,
378 1965 499 1998 debeant
512 1969 594 1999 nobis
607 1979 683 2003 certa
695 1972 811 2005 Servitia
824 1986 872 2013 per
888 1977 988 2018 Mare,
1006 1982 1026 2012 fi
1046 1984 1157 2014 neceffe
1177 1985 1238 2016 fue-

179 2002 215 2031 rit
235 2003 389 2040 (videlicet)
414 2006 552 2044 Qiinque
574 2007 677 2041 Portus
699 2012 827 2050 praedieti
849 2025 917 2046 curn
932 2016 1075 2051 Membris
1094 2023 1236 2054 invenient

180 2040 395 2082 Quinquaginta
409 2045 442 2074 &
457 2044 562 2082 septem
581 2046 681 2080 Naves
699 2051 778 2088 supra
798 2051 899 2092 Mare,
917 2056 951 2086 ad
972 2057 1237 2092 Summonitionem

176 2079 321 2119 nostram,
341 2081 532 2122 Qiadraginta
545 2083 682 2125 Dictum,
700 2089 775 2119 &in
792 2091 913 2128 qualibet
933 2094 1014 2127 Navi
1035 2098 1147 2135 Viginti
1167 2100 1235 2130 Ho-

174 2118 265 2148 mines
284 2121 317 2150 &
338 2120 528 2160 Magistrum,
546 2122 680 2157 Armatos
701 2128 735 2158 &
758 2128 832 2160 bene
848 2130 1003 2173 Arraiatos,
1021 2135 1055 2166 ad
1073 2137 1233 2170 faciendum

172 2155 326 2189 Servitium
340 2159 470 2190 nostrum
479 2183 488 2197 ,

210 2195 289 2234 Qiae
315 2198 432 2236 quidem
451 2198 572 2238 Naves,
602 2201 638 2232 ad
658 2205 787 2242 proprios
807 2205 910 2238 Custus
929 2209 1073 2244 dictorum
1094 2214 1235 2254 Qinque

170 2234 328 2273 Portuum,
347 2237 396 2266 ubi
407 2236 590 2269 summonitae
603 2240 721 2280 fuerint,
739 2244 968 2287 proficiscentur,

212 2272 266 2311 Et,
286 2273 400 2311 quando
422 2275 507 2306 dic‘tae
525 2277 625 2308 Naves
644 2280 751 2312 ibidem
767 2286 912 2324 venerint,
929 2287 1107 2326 Quindecim
1123 2290 1234 2323 Diebus

170 2313 199 2342 in
215 2310 337 2343 Servirio
351 2312 469 2352 nostro,
487 2314 521 2345 ad
538 2318 669 2354 proprios
684 2318 789 2352 Custus
806 2322 944 2363 Qinque
966 2327 1107 2359 Portuum
1131 2331 1234 2368 praedi-

169 2351 302 2388 diorum,
321 2352 524 2390 morabuntur,

209 2387 260 2427 Et,
281 2389 457 2428 Qitidecim
473 2390 584 2422 Diebus
597 2393 709 2433 elapsis,
728 2396 828 2429 Naves
842 2399 913 2438 illae,
933 2412 1001 2434 cum
1014 2403 1190 2436 Hominibus
1203 2407 1231 2436 in

171 2426 222 2457 illis
235 2427 428 2466 existentibus,
446 2431 633 2462 morabuntur
646 2433 680 2463 ad
693 2434 798 2466 Custus
810 2438 938 2478 nostros,
957 2441 977 2471 si
992 2441 1028 2473 de
1040 2442 1162 2475 Servitio
1183 2445 1233 2476 illo

170 2465 229 2496 indi
250 2467 387 2504 uerimus‚
406 2468 540 2506 quamdiu
553 2470 635 2501 nobis
650 2472 783 2509 placuerit
797 2476 950 2515 (videlicet)

247 2503 348 2541 agister
362 2505 458 2536 Navis
470 2508 605 2545 percipiet
618 2519 668 2553 per
682 2510 770 2543 Diem
785 2513 840 2544 Sex
854 2514 1011 2556 Denarios,

204 2541 438 2575 Constabularius
453 2544 508 2575 Sex
522 2544 679 2585 Denarios,

208 2580 248 2610 Et
261 2581 378 2618 quilibet
396 2581 515 2613 aliorum
528 2583 603 2616 Tres
619 2585 778 2627 Denarios,

207 2618 287 2650 Sicut
301 2629 352 2658 per
366 2619 517 2651 Tenorem
532 2621 683 2655 Cartarum
694 2626 731 2657 de
746 2628 953 2670 Libertatibus,
971 2632 1053 2663 dietis
1075 2633 1232 2666 Batonibus

172 2657 312 2695 Qiinque
335 2658 475 2690 Portuum
488 2682 499 2697 ,
522 2670 573 2698 per
593 2661 792 2702 Progenitores
813 2668 948 2707 nostros,
974 2671 1112 2703 conceffis
1125 2696 1135 2711 ‚
1167 2684 1233 2712 quas

172 2695 423 2764 ἓφῃῆηῃίῗνὶωυε,
438 2698 467 2727 in
483 2698 598 2730 Rotulis
610 2700 793 2735 Canceiiariae
813 2706 920 2738 nostrae
940 2710 1160 2750 irrotulatarum,
1179 2722 1233 2743 no-

194 2744 216 2763 is
230 2743 287 2764 con
315 2743 358 2773 at,

210 2771 264 2808 Et,
283 2773 414 2810 quiajam
430 2783 560 2814 magnam
578 2776 723 2808 Armatam
737 2780 868 2812 Navium
881 2784 960 2821 supra
977 2784 1076 2823 Mare,
1093 2797 1145 2825 pro
1159 2797 1232 2826 prse-

171 2810 239 2840 senti
253 2809 357 2849 Viagio
370 2811 468 2842 nostro
483 2813 574 2843 versus
589 2814 711 2847 Terram
723 2818 851 2851 nostram
863 2820 1028 2863 Hiberniae,
1047 2824 1116 2856 Deo
1132 2826 1231 2866 dante,

171 2848 329 2879 faciendam
343 2849 549 2889 ordinavimus,

211 2886 354 2917 Volumus
375 2896 407 2917 ut
422 2887 491 2918 dieti
511 2888 633 2923 Batones
652 2891 802 2927 Servitium
824 2896 904 2928 suum
927 2898 1059 2931 Navium
1085 2903 1234 2939 praedid’ca-

173 2935 254 2962 rum,
271 2926 302 2955 in
316 2925 556 2958 Fortificationem
570 2928 695 2961 Armatae
709 2933 869 2974 praedietae,
887 2937 989 2968 faciant
1001 2940 1031 2969 in
1046 2940 1150 2972 Forma
1162 2951 1233 2980 prae-

172 2963 258 2994 dusta-

208 2987 331 3032 Et’ideo
351 3002 434 3032 vobis
456 3002 646 3045 Mandamus,
665 3008 744 3047 quod
767 3009 889 3043 Batones
902 3013 1075 3053 singulorum
1088 3017 1231 3050 Portuum

171 3040 376 3078 praeditstorum
398 3051 432 3071 ac
453 3041 657 3076 Membrorum
680 3049 865 3089 eorumdem,
884 3059 918 3081 ex
939 3062 1015 3090 parte
1036 3055 1129 3086 nostra
1175 3057 1231 3088 sine

170 3078 302 3109 dilatione
315 3079 488 3110 summoneri
501 3081 618 3121 faciatis,
637 3085 715 3121 quod
728 3087 795 3125 ipsi,
814 3098 883 3118 curn
895 3090 1030 3122 Navibus
1049 3094 1082 3124 ὃ(
1107 3079 1232 3125 iviarina-

170 3117 216 3146 riis
231 3116 408 3155 huiusmodi,
421 3117 592 3151 sufficienter
605 3121 749 3162 ArraiatiS,
759 3129 884 3166 prompti
897 3128 949 3159 sint
964 3130 1036 3167 apud
1053 3131 1231 3173 Bristolliam,

169 3155 199 3184 in
222 3153 307 3184 Festo
329 3154 509 3187 Exaltationis
528 3158 639 3189 Sanstae
662 3159 763 3192 Crucis
778 3167 909 3201 proximo
923 3167 1038 3207 futuro,
1056 3169 1091 3200 ad
1107 3171 1231 3208 proficis-

173 3191 299 3222 cendum
313 3191 392 3229 supra
407 3192 489 3224 Mare
502 3205 569 3226 cum
585 3197 701 3228 Armata
722 3201 817 3232 nostra
836 3204 1002 3244 supradicta,
1021 3209 1054 3238 ὃς
1075 3208 1229 3242 Servitium

172 3231 271 3268 suum,
289 3230 339 3260 sub
352 3230 444 3260 Poena
456 3234 490 3263 ὃς
503 3232 635 3265 Periculo
648 3236 847 3280 iminentibus,
865 3243 895 3272 in
909 3243 1004 3275 forma
1028 3246 1180 3287 praediCia,
1199 3249 1232 3279 fi-

172 3269 272 3299 deliter
285 3268 404 3306 faciant,
423 3277 453 3299 ut
467 3278 613 3310 tenentur,

209 3306 246 3336 Et
266 3317 318 3336 nos
336 3306 372 3336 de
393 3306 623 3339 Summonitione
642 3311 702 3349 illa,
724 3323 792 3344 cum
814 3316 852 3345 fic
865 3317 936 3349 faeta
949 3320 1048 3359 fuerit,
1066 3322 1183 3362 Nobis,
1202 3327 1230 3355 in

172 3342 348 3375 Cancellaria
362 3344 473 3383 nostra,
491 3346 541 3376 sub
554 3347 651 3386 Sigillo
665 3350 778 3390 vestro,
796 3353 928 3386 distinete
943 3359 976 3388 ὃς
997 3362 1107 3399 aperte,
1126 3363 1231 3394 certifi-

906 3510 960 3538 Per
975 3510 1126 3543 Concilium.

254 3598 301 3657 De
320 3600 432 3656 Comite
450 3623 622 3659 Arundellae
639 3630 670 3659 in
689 3629 784 3663 Turri
804 3631 954 3666 Londom‘ae
971 3632 1161 3677 effodiendo.

21 3727 24 3737 ,
30 3723 108 3755 ΑΜ·
121 3723 164 3756 Β,
177 3710 308 3768 REX,
325 3709 544 3745 Constabulario
555 3712 658 3746 Turris
670 3715 725 3748 suae
736 3718 917 3760 Londoniae,
934 3722 969 3754 &
981 3724 1039 3762 ejus
1054 3724 1171 3756 Locum
1191 3734 1232 3758 te-

247 3750 342 3787 nenti,
360 3749 493 3780 Salutem.

31 3771 137 3829 5239143'
214 3786 384 3818 Mandamus
404 3789 505 3831 yobiS,
529 3790 610 3827 quod
630 3794 775 3823 Ricardum
796 3799 923 3826 Comitem
943 3800 1122 3839 Arundellae,
1138 3803 1174 3832 ab
1196 3813 1232 3833 eo

31 3843 60 3868 R·
76 3824 106 3867 '2-
137 3821 144 3828 ’
178 3825 227 3861 qui
242 3826 329 3861 ipsum
343 3826 441 3864 vobis,
462 3836 495 3856 ex
508 3837 582 3865 parte
596 3830 708 3869 nostra,
726 3832 869 3871 liberabit,
889 3837 1040 3876 recipiatis,
1053 3840 1085 3869 δε
1099 3841 1127 3870 in
1143 3840 1231 3872 Turri

35 3878 137 3905 ibidem.
177 3862 311 3906 praedicita
322 3864 446 3909 salvo&
456 3865 571 3909 secure,
587 3869 730 3911 quousque
745 3871 817 3915 aliud
836 3874 851 3902 a
865 3874 946 3917 nobis
959 3885 1011 3913 pro
1035 3877 1092 3915 ejus
1113 3877 1230 3910 Delibe-

175 3908 281 3931 ratione
296 3901 442 3933 habueritis
455 3914 484 3933 in
499 3903 656 3943 Mandatis,
675 3908 807 3939 custodiri
822 3909 933 3941 faciatis.

211 3938 300 3970 Teste
314 3939 395 3980 Rege
408 3942 481 3980 apud
497 3942 769 3988 Westmonaslerium,
785 3948 888 3980 Tertio
901 3949 946 3981 die
962 3951 1090 3993 Augusti.

858 4027 911 4057 Per
925 4026 1007 4068 ipsttm
1020 4031 1124 4069 Regem.

1298 236 1328 276 1²
1370 238 1413 279 ῐ]7
1450 240 1481 280 ῙΞ
1522 241 1554 282 1,
1590 241 1609 283 Ι
1647 245 1684 286 <3
1723 247 1772 288 li.
2257 272 2329 303 101

2342 344 2417 380 Am
2433 343 2476 394 D

2370 396 2456 431 J394-

2347 428 2398 453 Ric.
2417 437 2443 453 2»

1538 417 1595 446 Pro
1617 416 1795 460 Garnistura
1811 419 1906 463 Castri
1926 422 1962 456 de
1977 425 2065 468 Bnst.

1274 492 1389 561 ΚΕῙξ(
1402 516 1410 531 ,
1435 493 1646 541 Collectoribus
1668 500 1870 546 Custumarum
1891 506 1924 538 &
1941 507 2134 542 Subsidiorum
2154 513 2267 546 suorum
2297 518 2326 547 in
2342 532 2394 557 An,
2412 530 2455 559 Ι8,

1373 542 1436 563 ortu
1451 533 1580 565 Civitatis
1595 538 1770 579 Londoniae,
1789 544 1920 575 Salutem·
2342 572 2371 595 R,
2393 577 2417 596 2,

1313 567 1484 602 Mandamus
1497 574 1577 603 vobis
1592 577 1689 614 quod,
1708 581 1876 612 cariffimum
1899 584 2026 615 Fratrum
2050 588 2194 629 nostrum,
2211 592 2324 629 Johan-
2341 606 2403 634 [bid.
2418 615 2454 634 m„

1274 615 1334 650 vern
1348 609 1379 637 de
1394 610 1509 655 Halanaf
1519 611 1667 657 Comitem
1682 616 1931 660 Huntyngdoniae,
1950 623 2139 661 Capuam-,im
2160 629 2250 659 Castri
2271 641 2325 661 rio-
2345 653 2388 680 33·

1275 643 1321 674 stri
1343 646 1379 677 de
1401 648 1479 679 Brest
1500 660 1528 680 in
1550 651 1703 692 Britannia,
1722 666 1771 693 per
1786 658 1960 689 lVillielmum
1976 665 2177 704 Sempyngham,
2197 668 2325 699 Servien-

1272 689 1332 726 tem
1348 685 1516 723 Receptoris
1529 688 1622 720 Castri
1635 694 1777 733 praedieti,
1796 695 1922 727 Centum
1936 701 1968 729 &
1989 702 2008 720 *²
2032 702 2114 734 osto
2135 704 2242 743 Arcus,
2257 707 2324 737 Tri·
2344 717 2362 736 ’τε
2381 718 2448 747 νηι

1273 729 1350 757 ginta
1365 725 1398 754 ἃ
1413 725 1491 756 Duas
1506 726 1605 767 Sellas,
1626 740 1715 761 unum
1729 732 1806 764 Gros
1819 734 1980 768 Cordarum
2002 750 2055 776 pro
2078 742 2223 782 ArcubuS,
2243 745 2324 776 Octo
2343 756 2407 792 785,

1273 757 1384 791 Gai-bas
1397 763 1580 803 Sagittarum,
1597 769 1631 798 ὃς
1647 769 1873 808 Qiadringentas
1886 774 1986 812 Hopes
1995 787 2047 816 pro
2062 779 2169 818 Doliis,
2187 792 2240 819 pro
2253 783 2325 814 Mu-

1273 798 1380 829 nitione
1392 801 1424 831 &
1438 802 1601 835 Garnistura
1616 805 1706 837 Castri
1720 811 1861 849 praedicti,
1879 814 1907 842 in
1927 813 2017 845 Portu
2040 818 2189 858 praedic'to,
2209 823 2236 851 in
2258 832 2327 859 qua-

1272 835 1337 865 dam
1351 838 1430 870 Navi
1445 850 1572 884 carcare,
1588 844 1621 874 ὃς
1637 854 1668 875 ea
1681 847 1770 877 versus
1783 849 1915 881 Castrum
1939 854 2124 894 praedifftum,
2142 859 2243 896 absque
2263 860 2326 891 Cu-

1273 873 1364 905 stuma
1379 877 1424 908 seu
1437 878 1567 910 Subsidio
1580 881 1645 912 inde
1659 883 1692 913 ad
1708 895 1777 921 opus
1790 887 1918 919 nostrum
1932 892 2088 931 capiendis,
2105 896 2248 928 traducere
2261 906 2325 936 per-

1272 914 1404 953 mittatis-⁷
1419 926 1605 956 quocumque
1627 920 1766 954 Mandato
1788 928 1886 957 nostro
1908 929 1989 959 vobis
2008 932 2083 968 prius
2101 933 2129 962 in
2152 938 2324 967 contrarium

1270 950 1393 990 directo,
1412 965 1471 985 non
1485 956 1622 988 obstante.

1307 989 1396 1022 Teste
1412 992 1494 1033 Rege
1505 995 1578 1033 apud
1594 997 1867 1040 WEstmonasterium,
1884 1003 2002 1042 septimo
2017 1006 2061 1037 die
2076 1006 2206 1046 Augusti.

1279 1071 2318 1105 Ἢ

1363 1124 1412 1156 De
1431 1127 1542 1159 Comitc
1561 1128 1729 1163 Arundellae
1748 1130 1787 1164 ab
1802 1133 1902 1166 eadem
1919 1138 2013 1170 Tarra·
2029 1137 2228 1176 deliberando.

1270 1208 1381 1264 REX
1395 1209 1496 1240 eisdem
1513 1211 1646 1244 Salutem.
2343 1234 2418 1265 Arm.
2431 1235 2473 1267 D.

1369 1246 1538 1280 Mandamus
1558 1252 1639 1281 vobis
1658 1253 1736 1291 quod
1757 1257 1900 1286 Ricardum
1925 1262 2052 1290 Comitem
2074 1263 2237 1294 Arundellae
2251 1288 2260 1303 ,
2292 1267 2321 1296 in
2372 1284 2455 1314 1⁶94·

1270 1281 1356 1327 Turri
1372 1287 1505 1324 praedicsta
1518 1289 1567 1318 sub
1590 1289 1727 1322 Custodia
1747 1293 1836 1324 vestra
1858 1296 2021 1337 detentum,
2039 1301 2074 1329 ab
2096 1302 2193 1332 eadem
2216 1304 2321 1335 delibe-
2338 1297 2403 1341 Aa.)
2416 1316 2457 1341 18.

1268 1329 1320 1350 rari
1341 1322 1459 1362 faciatis,
1479 1327 1512 1357 ὃς
1534 1328 1621 1364 ipsum
1643 1340 1702 1367 quo
1723 1332 1842 1363 voluerit
1861 1335 1963 1365 abinde
1982 1338 2016 1368 ad
2030 1338 2137 1378 largum
2152 1342 2192 1371 ire
2205 1345 2321 1379 permit-
2340 1355 2369 1378 R.
2390 1360 2416 1379 2,

1266 1365 1395 1430 tanTeste
1410 1400 1491 1441 Rege
1504 1403 1575 1442 apud
1589 1405 1862 1448 westmonasterium,
1879 1410 1993 1444 decimo
2005 1413 2050 1444 die
2063 1414 2196 1453 Augusti.
2344 1389 2448 1419 aldam*

1956 1491 2009 1519 Per
2023 1492 2104 1530 ipsimi
2117 1495 2220 1530 Regem.

1504 1626 1552 1657 De
1567 1627 1737 1660 Tramndo
1754 1642 1824 1662 cum
1846 1633 1931 1666 Duce
1950 1635 2097 1668 Bavizriae.

1268 1715 1383 1776 REX
1398 1721 1548 1769 omnibus,
1565 1721 1599 1752 ad
1615 1733 1704 1761 quos,
1721 1725 1781 1756 &c.
1802 1726 1935 1759 Salutem.
2343 1739 2418 1772 Ann.
2434 1740 2475 1774 D.

1361 1757 1457 1788 Sciatis
1471 1760 1551 1797 quod
1565 1760 1648 1799 Nos,
2366 1790 2449 1819 1394.

1307 1793 1356 1825 De
1370 1797 1488 1832 provida
1501 1799 1753 1837 circumspectione
1766 1803 1799 1833 ὃ(
1812 1803 1963 1844 industrii,
1975 1805 2146 1839 dilectorum
2159 1811 2192 1842 &
2203 1809 2327 1844 fidelium

1269 1832 1432 1864 nostrorum
1447 1858 1457 1873 ,
1482 1836 1611 1866 Richardi
1630 1839 1794 1880 Abberbury
1808 1842 1931 1879 junioris
1944 1866 1954 1882 ,
1986 1845 2019 1875 &
2038 1847 2167 1877 Nicholai
2184 1852 2303 1890 Rynenys
2319 1875 2328 1890 ,
2342 1823 2456 1885 gizid.

1268 1869 1399 1902 Militum
1413 1872 1545 1905 Camerae
1560 1874 1682 1914 nostrae,
1702 1879 1802 1909 intime
1818 1880 2009 1922 confidentes,
2340 1896 2474 1924 francs&

1304 1908 1348 1939 Ex
1365 1920 1441 1941 certa
1460 1912 1569 1944 scientia
1591 1914 1699 1953 nostra,
1717 1926 1749 1946 ac
1770 1917 1807 1947 de
1824 1919 1928 1950 affensu
1949 1922 1982 1951 ὃς
2003 1924 2173 1955 avisamento
2197 1925 2325 1959 Concilii
2343 1938 2372 1962 R.
2394 1945 2419 1961 2.
2433 1945 2468 1963 m.

1266 1947 1372 1985 nostri,
1391 1950 1478 1989 ipsos,
1496 1951 1672 1983 Richardum
1689 1954 1722 1984 &
1737 1954 1933 1996 Nicholaum,
1951 1959 2063 1990 nostros
2083 1972 2164 1993 veros
2183 1964 2216 1994 δε
2234 1965 2325 2004 legiti-
2343 1981 2372 2007 9.

1267 1995 1330 2016 mos
1348 1986 1568 2028 Procuratores,
1586 1991 1784 2029 Negotiorum
1807 1994 1959 2034 Gestores,
1984 1997 2157 2039 Deputatos,
2179 2012 2212 2032 ac
2233 2004 2324 2036 Nun-

1266 2024 1326 2055 cios
1344 2025 1472 2063 speciales
1490 2027 1640 2068 Facimus,
1665 2029 1820 2072 Coeamus,
1847 2035 1881 2065 ὅ(
1904 2034 2113 2068 Constituimus
2134 2049 2182 2077 per
2202 2040 2325 2074 Praesen-

1266 2071 1313 2093 tes.

1302 2101 1409 2133 Dantes
1428 2103 1462 2134 δε
1483 2103 1683 2138 Concedentes
1701 2107 1803 2139 eisdem
1823 2108 2076 2152 Procurator-ibus,
2104 2113 2270 2157 Deputatis>
2288 2121 2323 2152 ὃς

1263 2138 1299 2168 N
1301 2142 1389 2171 unciis
1402 2141 1505 2173 nostris
1520 2143 1744 2184 Austoritatem,
1760 2147 1929 2186 plenamque
1941 2150 1974 2180 ὅ(
1993 2151 2109 2182 liberam
2132 2153 2321 2197 potestatem,

1264 2187 1298 2208 ac
1319 2178 1508 2220 Mandatum,
1533 2182 1592 2212 tam
1611 2184 1754 2222 generale,
1779 2186 1865 2223 quam
1885 2188 2020 2229 speciale,
2039 2189 2261 2233 Conveniendi,
2280 2195 2324 2226 lo-

1264 2217 1387 2256 quendi,
1406 2220 1623 2259 comunicandi,
1643 2222 1676 2252 &
1694 2223 1846 2262 iracundi,
1862 2235 1916 2263 pro
1939 2227 2039 2257 Nobis
2059 2230 2091 2259 ὃς
2113 2230 2247 2262 Nomine
2269 2244 2323 2264 no-

1265 2254 1340 2293 str0,
1360 2266 1446 2295 cum,
1466 2257 1569 2288 Nobili
1590 2261 1623 2290 ὃς
1647 2260 1761 2291 Potenti
1783 2261 1933 2302 Principe,
1953 2268 2027 2296 Duce
2048 2270 2199 2299 Bavarriae
2240 2270 2324 2302 Con-

1264 2292 1418 2331 sanguineo
1439 2295 1556 2335 nostro,
1573 2297 1618 2328 seu
1640 2299 1697 2336 ejus
1716 2300 1745 2329 in
1760 2299 1812 2330 hac
1825 2310 1900 2339 parte
1913 2302 2164 2344 Procuratoribus,
2183 2293 2217 2338 1⁸}
2221 2312 2324 2350 unciis,

1265 2331 1311 2362 seu
1324 2332 1492 2372 Deputatis,
1511 2336 1695 2367 sufficientem
1711 2336 1884 2370 Potestatem
1899 2341 1935 2371 ab
1958 2343 2016 2379 ipso
2036 2342 2122 2374 Duce

1264 2370 1301 2400 de
1321 2369 1487 2403 Concordia
1507 2373 1580 2404 finali
1601 2375 1634 2405 &
1654 2384 1786 2415 perpetua
1803 2401 1812 2414 ,
1837 2388 1870 2408 ac
1889 2378 1926 2409 de
1945 2379 2128 2421 Retinentiis,

1266 2408 1425 2448 Amicitiis,
1444 2411 1537 2450 Ligis,
1556 2411 1874 2454 Confoederationibus,
1892 2417 1925 2447 ὃς
1940 2417 2125 2458 Unionibus,

1265 2447 1299 2477 &
1320 2446 1457 2479 Haeredes
1479 2450 1606 2490 nostros,
1623 2461 1657 2481 ex

1264 2483 1449 2525 Complices,
1473 2488 1506 2519 ὃς
1528 2488 1662 2529 Alligatos

1264 2532 1376 2562 tempus
1393 2525 1545 2565 duraturis,

1301 2562 1465 2602 Omniaque
1484 2565 1517 2595 ὃ(
1535 2566 1640 2603 lingula
1655 2589 1665 2605 ,
1690 2567 1727 2598 fic
1746 2568 1840 2599 locuta
1854 2592 1863 2607 ,
1889 2572 2071 2603 comunicata
2084 2596 2094 2612 ,
2126 2575 2160 2605 ὃς
2183 2576 2298 2609 tradam
2311 2602 2322 2617 ,

1263 2609 1331 2631 cum
1348 2603 1481 2633 omnibus
1499 2604 1532 2634 ὃς
1554 2604 1664 2643 singulis
1677 2604 1884 2646 Incidentibus,
1902 2612 2126 2650 emergentibus,
2140 2613 2323 2651 dependenti-

1262 2640 1332 2677 bus,
1349 2641 1383 2670 &
1396 2644 1546 2680 connexis,
1565 2643 1662 2673 Nobis
1676 2645 1710 2674 &
1723 2644 1802 2675 dieto
1817 2646 1954 2678 Concilio
1969 2649 2067 2679 nostro
2085 2649 2254 2691 Referendi,
2272 2655 2323 2685 de-

1262 2677 1399 2745 Clardndi’
1424 2680 1594 2720 explicandi,
1618 2682 1807 2722 certificandi,
1831 2686 2006 2724 exponendi,
2025 2688 2058 2718 &
2075 2698 2206 2721 oretenus
2226 2702 2324 2730 repor-

1265 2724 1311 2746 tan
1335 2726 1341 2745 ι

1302 2740 1466 2793 Omniaque
1484 2756 1533 2787 alia
1551 2759 1585 2789 &
1605 2758 1709 2797 singula
1729 2759 1923 2800 Excercendi,
1941 2762 2077 2802 faciendi,
2103 2766 2136 2797 ὃ(
2157 2768 2321 2804 expediendi

1264 2802 1328 2830 quae
1346 2794 1374 2823 in
1396 2793 1545 2825 Praemiffis
1566 2798 1600 2827 ὃς
1617 2798 1691 2827 circa
1711 2808 1741 2827 ea
1761 2799 1908 2830 necessaria
1923 2800 2026 2832 fuerint
2037 2803 2082 2833 vel
2095 2806 2180 2835 etiarn
2196 2816 2321 2843 quomo-

1263 2831 1372 2861 dolibet
1382 2841 1539 2871 oportuna,
1557 2836 1641 2865 etiam
1657 2835 1675 2865 fi
1692 2835 1861 2867 Mandatum
1877 2839 1986 2877 exigant
2001 2842 2088 2879 magis
2101 2842 2231 2882 speciale,

1298 2869 1498 2902 Promittentes
1515 2872 1584 2903 Nos
1606 2873 1730 2911 Ratum,
1748 2882 1874 2913 gratum,
1892 2876 1926 2906 &
1946 2876 2062 2908 firmum
2083 2879 2225 2912 habituros
2239 2884 2321 2920 quic-

1263 2907 1329 2947 quid
1352 2918 1401 2945 per
1418 2909 1509 2940 dictos
1532 2911 1730 2941 Procuratores
1748 2911 1861 2943 nostros
1874 2913 2001 2954 Adtum,
2019 2915 2142 2948 Gestum
2152 2942 2162 2957 ,
2181 2919 2321 2952 Procura-

1263 2955 1361 2977 tumve
1374 2948 1457 2978 fuerit
1470 2950 1497 2977 in
1514 2948 1671 2979 Praemiffis.

1302 2984 1368 3015 Dat.
1384 2986 1433 3016 sub
1448 2986 1547 3024 Magni
1560 2987 1646 3025 Sigilli
1661 2987 1748 3018 nostri
1761 2988 1947 3023 Testimonio
1959 2992 2033 3030 apud
2053 2995 2224 3035 Witteneye,
2241 2997 2320 3030 deci-

1263 3034 1314 3054 mo
1326 3024 1445 3062 septimo
1459 3023 1503 3055 die
1516 3025 1643 3064 Augusti.

2141 2345 2322 2388 habentibus,

2150 2384 2322 2426 Alligantiis,

2143 2423 2214 2453 inter
2235 2424 2323 2465 Nos,

1676 2462 1754 2490 parte
1773 2464 1844 2492 una,
1860 2457 1893 2486 δε
1906 2456 1997 2493 ipsum
2013 2457 2150 2498 Ducem,
2166 2461 2323 2502 Haeredes,

1681 2491 1759 2530 suos,
1784 2501 1819 2522 ex
1839 2502 1915 2531 parte
1936 2495 2036 2535 altera,
2061 2507 2199 2536 perpetuo
2221 2501 2266 2531 vel
2286 2504 2322 2533 ad

1924 3112 1978 3141 Per
1992 3112 2073 3152 ipsum
2086 3115 2190 3151 Regem.

1409 3239 1458 3270 De
1477 3241 1668 3273 Sacramenta
1683 3241 1870 3288 Adverstzrii
1886 3246 1985 3277 Scotiae
2003 3246 2173 3293 recipiendo.

1264 3321 1394 3379 REX,
1412 3322 1520 3353 dileffis
1534 3325 1567 3354 ὃς
1583 3324 1709 3355 fidelibus
1730 3328 1799 3365 suis,
1816 3330 1930 3359 Ricardo
1952 3333 2048 3368 Stury,
2063 3331 2096 3361 δε
2119 3333 2240 3362 Gerardo
2258 3336 2316 3364 He·
2333 3339 2409 3372 Αηῃ,
2423 3340 2464 3373 Ι),

1334 3371 1398 3398 ron,
1419 3371 1467 3399 ac,
1485 3362 1590 3393 dileeto
1611 3363 1728 3395 Clerico
1750 3365 1816 3403 suo,
1832 3367 1936 3396 Thomae
1952 3368 2079 3408 stanley,
2098 3379 2228 3410 necnon,
2247 3373 2317 3404 dile-
2361 3389 2448 3420 1394,

1263 3398 1315 3429 «sto
1330 3399 1481 3436 Armigero
1497 3400 1564 3438 suo,
1581 3400 1708 3439 Johanni
1719 3403 1752 3433 de
1769 3404 1907 3444 Mitford,
1923 3406 2055 3436 Salutem.
2332 3423 2384 3446 An.
2407 3422 2448 3449 ιε,

1300 3436 1397 3467 Sciatis
1412 3438 1489 3475 quod
1503 3438 1588 3476 Nos,
2331 3462 2360 3484 R.
2382 3466 2409 3485 2.

1300 3474 1348 3505 De
1368 3475 1497 3506 fidelitate
1515 3478 1630 3514 probata
1663 3489 1696 3510 ac
1715 3479 1996 3520 Circumspeeiione,
2013 3483 2046 3514 &
2066 3482 2201 3516 Industria
2219 3487 2315 3519 vestris
2335 3499 2399 3522 scot.
2424 3493 2465 3523 18.

1263 3513 1387 3548 providis
1402 3515 1510 3551 plenam
1526 3517 1559 3546 &
1573 3502 1688 3547 solidam
1703 3517 1834 3548 fiduciam
1849 3529 2037 3565 reportantes,
2334 3537 2362 3561 R.
2373 3542 2464 3570 2.m.3.

1301 3550 1523 3590 Censtituimus,
1548 3554 1771 3593 Deputavimus,
1795 3557 1828 3587 &
1849 3557 2057 3597 Affignavimus
2076 3560 2135 3591 Vos
2147 3584 2156 3600 ,
2173 3562 2265 3602 Tres,
2283 3566 2317 3596 ὃς

1263 3587 1348 3620 Duos
1363 3589 1503 3628 vestrum,
1522 3591 1556 3621 ad
1569 3593 1803 3630 proficiscendum
1817 3596 1907 3626 versus
1921 3605 2009 3634 partes
2023 3598 2145 3636 Scotiae,
2163 3601 2198 3631 ad
2220 3602 2318 3633 Sacra·

1264 3635 1394 3658 mentum
1410 3628 1578 3667 Adverfizrii
1590 3631 1673 3670 nostri
1685 3636 1779 3662 Scotiae
1794 3633 1946 3672 petendum
1960 3636 1993 3665 &
2015 3637 2225 3677 recipiendum,
2239 3643 2318 3678 juxta

1264 3664 1386 3696 formam
1399 3668 1589 3704 quorumdam
1609 3671 1799 3701 Articulorum
1814 3671 2009 3712 Treugarum,
2028 3675 2098 3705 inter
2116 3678 2175 3705 Nos
2198 3678 2231 3708 &
2250 3681 2316 3709 Ad·

1265 3704 1417 3744 versarium
1433 3704 1550 3746 nostrum
1561 3708 1579 3727 *
1592 3711 1714 3738 Franciae
1736 3709 1836 3740 ultimo
1859 3719 2017 3749 captarum,
2035 3713 2184 3750 praefatum
2205 3716 2316 3748 Adver-
2334 3721 2348 3735 ⁶
2372 3721 2439 3749 VII.

1263 3741 1363 3773 sarium
1378 3743 1504 3773 nostrum
1518 3744 1639 3783 Scotiae,
1659 3755 1792 3784 tanquam
1808 3747 1964 3784 Alligatum
1988 3750 2069 3787 ipsius
2088 3752 2241 3784 Adversarii
2262 3766 2317 3786 no·
2334 3758 2399 3794 786.

1265 3779 1313 3810 stri
1336 3782 1476 3820 Franciae,
1496 3783 1530 3813 &
1548 3783 1682 3815 Subditos
1700 3786 1762 3816 suos
1782 3785 1933 3823 specialiter
1953 3790 2125 3828 tangentium
2136 3790 2182 3821 seu
2197 3802 2319 3825 concer-

1264 3828 1391 3850 nentium

1301 3857 1378 3896 Qiae
1400 3842 1514 3896 {Juidem
1535 3859 1661 3898 Treugae
1682 3861 1728 3891 die
1748 3861 1844 3892 Sancti
1865 3862 2031 3902 Michaelis,
2054 3867 2187 3903 proximo
2202 3868 2317 3910 futuro,

1263 3905 1330 3926 orto
1346 3897 1419 3934 sole,
1436 3906 1484 3933 per
1499 3898 1620 3928 Terram
1635 3900 1668 3929 δε
1682 3910 1731 3937 per
1744 3899 1827 3931 Mare
1842 3902 1991 3942 incipient,
2009 3903 2112 3935 abinde
2126 3915 2175 3943 per
2183 3907 2317 3946 Quatuor

1264 3934 1364 3964 Annos
1380 3934 1539 3972 completos
1559 3935 1717 3976 duraturas,

1301 3972 1429 4002 Necnon
1444 3973 1477 4002 ad
1492 3975 1690 4010 requirendum
1706 3976 1826 4006 eundem
1843 3977 2039 4009 Adversarium
2053 3979 2182 4012 nostrum
2198 3982 2316 4023 Scotiae,

1263 4012 1383 4040 nomine
1396 4011 1574 4049 nostro,tam
1588 4013 1622 4042 ad
1635 4022 1678 4044 tot
1692 4015 1725 4045 ὃ(
1739 4015 1805 4044 tales
1819 4014 1982 4055 Dominos,
2001 4017 2181 4059 Officiarios,
2198 4023 2232 4053 δε
2246 4023 2315 4052 alios

1263 4048 1395 4079 Subditos
1409 4049 1488 4086 ipsius
1503 4050 1659 4081 Adversarii
1673 4052 1760 4082 nostri
1775 4053 1880 4084 Scotiae
1895 4054 1998 4085 Terrae
2017 4057 2173 4095 praedicstae,
2194 4069 2265 4103 quot
2279 4062 2313 4090 &

1265 4087 1358 4123 quales
1373 4087 1449 4124 Vos,
1467 4087 1559 4126 Tres,
1576 4089 1621 4120 vel
1637 4089 1708 4120 Duo
1726 4090 1872 4130 vestrfim,
1889 4102 1924 4123 ex
1944 4102 2020 4131 parte
2039 4095 2149 4135 nostra,
2166 4106 2316 4140 nominare

1264 4125 1422 4163 volueritis,
1437 4136 1536 4157 coram
1550 4128 1665 4165 praefato
1679 4128 1845 4197 Advffisario
1866 4131 1966 4163 nostro
1985 4132 2109 4172 Scotiae,
2126 4136 2155 4165 in
2173 4134 2313 4202 waesseffim

1803 4177 1818 4207 3
2216 4182 2235 4203 V
2294 4182 2327 4212 a,
