2561 4251
730 165 838 208 ET
919 165 1185 207 ACTA

2 252 144 290 ἸἈκυιῐ).
161 259 280 295 Martyn
293 254 446 293 Armiger,
464 261 533 284 cum
545 261 603 283 uno
616 249 747 283 Homine
762 251 926 291 Generoso,
946 261 995 290 per
1014 251 1090 282 idem
1105 259 1217 288 tempus

39 294 120 333 1385·
161 296 310 327 duraturas.

17 334 72 363 Ric.
91 341 117 361 2.
197 333 286 364 Teste
300 339 330 362 ut
345 331 431 368 supra.

392 455 440 486 De
460 452 603 487 Navibus
624 453 797 498 portugaliae
815 450 999 494 Arestandis.

238 576 412 607 Custodibus
433 575 574 605 Portuum
597 573 685 603 Maris
704 574 737 603 &
757 573 875 602 aliorum
893 573 1042 603 Locorum
1058 572 1220 602 Maritiiito-

19 607 114 654 „gn-’g-
127 609 133 615 '
169 623 249 654 rum,
267 615 338 645 infra
352 614 530 645 Admiratum
544 611 674 642 nostrum
689 611 781 642 versus
796 610 892 642 Partes
907 610 1124 648 Occidentaies,
1141 610 1221 640 Salu-

156 660 238 683 *tem

18 667 106 736 glast]
124 700 152 726 8,
210 690 386 729 Qiibusdam
400 688 485 719 certis
497 686 534 717 de
548 687 649 726 causis,
667 687 703 717 de
717 687 886 718 avisamento
903 686 1027 718 Concilii
1045 686 1150 723 nostri,
1166 694 1221 715 vo-

22 743 52 770 R,
72 747 98 766 2,
115 747 152 766 m„
171 729 214 759 bis
228 729 398 760 Mandamus
411 725 491 764 quod
502 725 692 763 quascumque
707 725 806 756 Naves
818 728 850 757 &
868 726 1054 756 Mercaiidisas
1067 726 1102 755 de
1118 724 1220 753 Portu-

30 786 72 813 ²3·
170 768 255 807 galia,
273 766 344 797 infra
357 765 536 795 Admiratum
554 765 721 801 praedidium
737 763 901 801 existentes,
920 766 974 794 una
989 773 1058 794 eum
1075 762 1221 792 Mercato-

171 807 246 836 ribus
258 828 269 844 ,
293 802 434 842 Magistris
448 826 457 841 ,
481 804 513 833 &
534 801 691 832 Marinariis
708 802 871 832 earumdem
890 802 1012 832 Arestari
1025 826 1034 839 ,
1057 802 1089 831 &
1115 810 1164 830 eos
1183 800 1220 829 sic

171 845 222 874 sub
243 841 346 874 Aresto
364 841 440 871 salvo
462 841 496 871 &
517 840 638 870 honeste
659 839 793 871 custodiri
815 840 936 878 faciatis,
955 839 1099 878 quousque
1111 837 1184 869 aliud
1206 848 1222 869 a

172 882 272 912 Nobis
292 880 357 910 inde
375 879 525 910 habueritis
544 880 572 908 iri
590 878 742 908 Mandatis.

207 918 297 950 Teste
315 918 399 956 Rege
414 917 488 957 apud
507 915 780 956 Wstmonasterium,
798 915 872 945 xxiii.
888 915 934 946 die
948 915 1080 955 Januarii.

20 547 95 580 Αηῃ,
109 547 150 578 D,
168 537 298 596 REX,
315 537 462 569 Universis
485 538 519 568 &
539 536 657 575 Singulis
672 535 830 572 Majoribus
844 535 877 566 &
890 534 1001 565 Ballivis
1016 534 1169 570 Villaruin,
1186 541 1218 562 ac

51 596 62 616 1
88 586 121 624 85

900 993 953 1021 Per
970 992 1122 1022 Concilium.

173 1117 331 1167 Requestus
339 1117 506 1164 generalis,
531 1115 567 1149 de
578 1113 776 1162 permittendo
795 1114 1014 1161 Ambaffiztores
1038 1117 1160 1159 tranfire
1173 1127 1227 1163 per

334 1171 435 1213 Regna
452 1170 487 1204 (ῤ’
503 1167 588 1200 Loca
599 1191 608 1207 ,
634 1167 666 1196 in
676 1161 814 1211 partibus
831 1164 1066 1209 Tranfinarinis,

27 1254 103 1287 Ann.
117 1252 159 1283 D.
181 1251 379 1314 UNiversis
389 1248 498 1281 Christi
514 1248 671 1287 Fidelibus,
689 1248 834 1287 praesentes
859 1248 964 1279 Literas
987 1249 1164 1287 inspefiiuris,
1181 1252 1231 1280 Ri-

50 1293 134 1333 1385.
273 1290 405 1327 chardus,
424 1289 481 1319 Dei
495 1288 600 1326 gratia,
618 1288 680 1317 Rex
697 1287 808 1325 Angliae
823 1289 855 1318 ὃ(
875 1288 1016 1326 Franciae,
1035 1290 1068 1318 ὅ(
1087 1288 1233 1318 Dominus

27 1336 79 1360 Aa.
96 1334 122 1360 ὅ.
180 1330 350 1367 Hiberniae,
365 1328 489 1358 Salutem
507 1328 536 1357 in
554 1327 687 1356 omnium
706 1326 855 1356 Salvatore.

27 1376 56 1398 R.
84 1379 107 1397 2.
219 1368 265 1399 Ad
290 1366 485 1398 Universitatis
510 1364 610 1397 vestrae
637 1364 782 1395 Notitiam
807 1364 910 1395 deduci
927 1364 1050 1395 corditer
1067 1364 1233 1397 affectamus

28 1413 59 1437 Fr
69 1418 116 1434 mc.
134 1406 161 1433 8.
182 1407 280 1446 qUOd,

27 1452 57 1475 R.
74 1455 86 1472 ²
94 1468 99 1475 .
108 1455 143 1474 m.
219 1445 300 1475 Cum
310 1468 320 1481 ,

29 1485 56 1513 8.
216 1484 276 1514 Pro
294 1483 429 1520 aliquibus
448 1480 597 1518 Articulis,
616 1478 717 1510 statum
735 1478 916 1509 sacrosancoe
932 1478 1074 1509 Romanae
1084 1479 1235 1518 Ecclesiae,

180 1532 214 1552 ac
232 1523 315 1553 etiarn
334 1521 430 1557 Regni
448 1519 536 1550 nostri
555 1518 666 1558 Angliae
679 1541 688 1556 ,
712 1519 745 1549 ὃς
764 1517 894 1548 Personae
913 1517 1018 1547 nostrie
1036 1520 1236 1550 concernenti-

184 1561 236 1591 bus

221 1583 351 1628 D’iieems
369 1596 403 1626 ὃς
421 1593 527 1625 Fideles
544 1593 655 1624 nostros
669 1617 679 1632 ,
702 1593 860 1631 Johannem
881 1596 977 1623 Bacun
995 1594 1147 1626 Decanum
1167 1595 1236 1626 San-

183 1637 223 1668 ἂί
249 1635 366 1667 Martini
391 1634 489 1669 magni
516 1632 675 1663 Londoniae
699 1633 884 1662 Secretarium
904 1633 1056 1670 nostrum,
1083 1635 1115 1665 &
1138 1634 1237 1663 Nicho-

182 1675 256 1706 laum
269 1671 425 1710 Dagworth
444 1670 570 1701 Militem
587 1669 718 1701 Camerae
743 1671 848 1700 nostrae
863 1693 872 1708 ,
895 1671 1072 1710 praesentium
1096 1673 1237 1703 exhibito-

183 1723 226 1745 res
263 1710 471 1743 Ambaffatores
488 1710 522 1740 ὃς
540 1709 675 1739 Nuncios
691 1708 802 1739 nostros
820 1709 948 1746 speciales
965 1711 999 1740 ad
1013 1710 1135 1740 Domini
1151 1712 1236 1741 Sum-

181 1753 222 1783 mi
234 1735 384 1782 ²Pontificis
401 1747 596 1785 Praesentiam,
613 1757 646 1778 ac
663 1747 696 1777 ad
714 1747 849 1778 nonnulla
867 1747 1019 1786 Civitates,
1035 1748 1238 1780 Communica-

183 1799 226 1822 tes
240 1790 273 1820 &
294 1789 374 1820 Loca
392 1786 477 1817 Italiae
495 1785 531 1816 de
549 1786 675 1824 praesenti
690 1786 848 1823 mittamus,

222 1827 445 1858 Universitatem
469 1823 591 1855 vestram
613 1824 742 1855 attentius
763 1825 797 1856 &
821 1823 966 1856 efficacius
998 1836 1057 1864 quo
1090 1825 1236 1863 possumus

185 1866 366 1903 Requirimus
386 1863 420 1894 &
439 1863 589 1900 Rogamus
607 1864 750 1901 quatinus,

223 1902 458 1935 Coniideratione
477 1901 583 1932 nedum
601 1901 783 1939 Nobilitatis,
799 1900 838 1931 set
856 1901 987 1932 Honoris
1004 1901 1239 1943 &Reverentiae,

187 1943 260 1974 inter
277 1941 443 1973 catholicos
463 1939 609 1978 Principes
630 1940 664 1972 &
685 1939 832 1970 Dominos
847 1963 857 1978 ,
883 1949 940 1971 tam
961 1940 1108 1978 spirituales
1122 1965 1131 1980 ,
1156 1952 1240 1981 quain

187 1981 389 2019 Temporales,
406 1979 508 2009 mutuo
524 1978 779 2009 conservandorum
787 2002 797 2016 ,

223 2019 359 2050 Praefatos
381 2016 587 2048 Ambaffatores
607 2016 720 2047 nostros
732 2039 742 2054 ,
760 2026 828 2047 curn
850 2026 900 2055 per
920 2016 1022 2056 Regna
1036 2041 1045 2055 ,
1065 2017 1144 2048 Loca
1157 2041 1167 2057 ,
1185 2018 1241 2050 Di-

189 2057 300 2088 strffitus
315 2079 325 2095 ,
344 2056 484 2087 Dominia
497 2079 507 2092 ,
533 2056 578 2087 seu
598 2054 753 2086 Territoria
771 2055 862 2086 vestra
883 2056 954 2094 ipsos
974 2056 1086 2087 tranfire
1106 2057 1151 2088 seu
1172 2057 1242 2088 inibi

188 2096 293 2127 morari
308 2094 456 2134 contigerit
468 2101 482 2132 ,'
493 2093 726 2125 Recomendatos
738 2093 887 2131 habentes,

223 2134 301 2172 Ipsos
313 2133 461 2170 Transire,
479 2132 612 2170 Reverti,
628 2141 661 2162 ac
676 2131 788 2162 Morari
802 2132 907 2170 libere,
925 2132 1028 2171 abfiiue
1050 2134 1239 2172 impedimen-

187 2180 221 2204 to
232 2173 277 2204 seu
291 2172 500 2210 perturbatione
513 2180 710 2209 quacumque,
730 2169 859 2201 Honoris
874 2170 962 2201 nostri
985 2173 1105 2210 intuitu,
1124 2175 1242 2210 permit-

185 2212 263 2249 tatis,
282 2220 342 2240 non
357 2209 508 2240 inferentes
520 2209 639 2247 eisdem,
657 2219 711 2240 nec
724 2210 821 2240 inferri
835 2209 1053 2247 quomodolibet
1074 2213 1241 2249 permitten-

187 2257 246 2288 teS,
264 2250 294 2279 in
310 2248 488 2286 Corporibus
503 2246 549 2278 seu
562 2248 646 2279 Bonis
658 2247 844 2286 eorumdem,
863 2247 1033 2285 Dampnum
1045 2250 1176 2289 aliquod,
1193 2250 1243 2280 ln-

182 2289 303 2328 juriani,
321 2286 505 2323 Molestiam,
521 2287 566 2318 seu
587 2286 770 2324 Gravamen,
789 2287 856 2325 quin
878 2288 984 2325 potius,
1003 2288 1022 2318 fi
1044 2298 1162 2326 egeant,
1185 2291 1241 2327 eis,

187 2327 220 2356 in
241 2335 342 2357 eorum
362 2323 472 2364 agendis
486 2348 497 2363 ,
521 2325 676 2356 ministrare
698 2325 786 2355 velitis
807 2324 973 2356 Concilium
988 2348 997 2364 ,
1024 2325 1168 2357 Auxilium
1182 2350 1192 2366 ,
1210 2329 1243 2359 &

187 2364 344 2399 Favorem,
363 2374 395 2394 ac
410 2364 536 2394 securum
551 2363 740 2394 Conductum
755 2373 803 2400 per
818 2363 929 2401 Pass'us,
948 2364 1044 2402 Loca,
1062 2367 1095 2395 ὅτ
1105 2365 1244 2396 Dominia

187 2402 345 2472 {estra,sac
358 2401 506 2441 cujussibet
520 2400 666 2441 vestrum,
683 2411 785 2433 eorum
799 2402 1005 2434 rationabilibus
1025 2404 1189 2442 Sumptibus
1211 2406 1244 2437 ὃς

218 2450 289 2479 xpen
303 2452 341 2480 is,

226 2479 295 2510 Nos
316 2479 453 2517 siquidem
474 2479 597 2511 Subditis
618 2478 715 2511 vestris
735 2480 769 2512 &
789 2479 917 2512 vestrum
941 2479 1103 2519 cujussibet,
1120 2491 1188 2513 cum
1209 2481 1243 2513 ad

189 2516 292 2557 Regna
311 2518 356 2548 seu
378 2517 517 2548 Dominia
535 2518 630 2549 nostra
651 2519 759 2556 aliquos
779 2528 813 2548 ex
834 2519 895 2557 ipsis
913 2519 1052 2551 declinare
1068 2522 1244 2559 contigerit,

42 2565 135 2593 nvn,
189 2556 330 2587 Favorem
343 2555 548 2595 Consimilem,
565 2557 598 2588 &
619 2556 781 2595 Majorem,
800 2557 819 2587 fi
840 2557 1024 2597 indiguerint,
1042 2558 1087 2589 vel
1110 2569 1208 2589 eorum
1226 2561 1243 2578 ἢ*

41 2605 107 2639 45⁶·
190 2595 287 2632 aliquis
302 2594 465 2632 indiguerit,
483 2604 563 2634 grato
574 2596 672 2626 animo
680 2595 844 2634 impendere
855 2598 1046 2634 promittimus
1054 2598 1104 2636 ,&
1120 2597 1156 2628 de
1168 2598 1246 2629 fao-{to

190 2634 326 2665 veraciter
345 2634 550 2671 impendemus.

228 2670 261 2701 In
283 2672 361 2702 cu'us
383 2672 423 2702 rei
443 2670 656 2702 Testimonium
670 2671 717 2702 has
734 2672 837 2703 Literas
852 2672 958 2703 nostras
972 2673 1100 2705 Patentes
1116 2673 1194 2712 fieri,
1212 2674 1244 2706 &

193 2709 294 2748 Magni
330 2709 395 2748 igilli
407 2709 493 2739 nostri
507 2711 666 2741 munimine
680 2711 798 2741 fecimus
813 2712 977 2751 consignari.

229 2788 297 2819 Dat.
312 2789 341 2818 in
356 2788 460 2820 Palatio
477 2788 577 2820 nostro
591 2788 700 2829 Wstm.
713 2791 751 2822 vi.
765 2790 811 2822 die
824 2790 932 2822 Mensis
947 2791 1097 2823 Februarii.

663 2868 717 2896 Per
731 2866 814 2906 ipſstm
827 2870 922 2906 Regem
935 2867 974 2904 ὠ·
992 2868 1142 2898 Concilium.

193 3001 252 3033 Pro
281 2997 368 3030 dictis
397 2995 676 3043 Ambaffiztoribus‚
701 2997 737 3030 de
760 2998 937 3031 tranffando
953 3010 1022 3031 cum
1037 2999 1148 3032 Karolo
1172 3002 1247 3047 Rege

540 3046 717 3092 Jerusalem
734 3050 771 3084 &⁴
792 3047 907 3080 Ciciliae.

48 3134 123 3166 Ann.
133 3134 172 3166 D.
192 3129 311 3188 -REX
346 3130 466 3161 Dilectis
479 3130 519 3162 ⁷&
539 3129 680 3161 Fidelibus
697 3131 750 3162 suis
765 3155 774 3168 ,
819 3131 920 3161 ohanni
940 3131 1121 3162 Haukewood
1140 3131 1244 3171 Militi,

64 3175 147 3213 1385,
269 3153 398 3207 Julianni
414 3171 507 3198 Bacun
520 3169 640 3200 Decano
653 3170 748 3200 Sancti
802 3171 881 3200 artini
897 3172 989 3210 magni
1013 3171 1173 3201 Londoniae
1194 3172 1245 3201 Se-

7 3231 9 3237 .
42 3217 97 3240 Aa.
112 3217 140 3240 ὅ,
190 3216 309 3275 {alstano
330 3207 430 3237 nostro
443 3229 453 3244 ,
478 3216 512 3237 ac
532 3207 663 3237 Nicholao
685 3208 843 3246 Dagworth
864 3208 952 3240 Militi
971 3208 1103 3239 Camerae
1123 3208 1244 3248 nostrae,

43 3254 72 3278 R.
101 3260 127 3279 2,
211 3254 323 3275 autem.

41 3292 132 3316 franc.
149 3288 176 3315 8.
229 3282 326 3320 Cum,
344 3283 415 3312 inter
434 3281 566 3321 gloriosas
586 3282 766 3323 Reipublicae
788 3283 877 3314 Curas
889 3285 921 3315 ὅ(
938 3285 1092 3322 Regalium
1108 3285 1242 3316 Solicitu-

43 3331 73 3354 R.
90 3336 116 3354 2.
137 3336 175 3354 m.
189 3321 290 3351 ditium
309 3321 415 3350 frustus
435 3322 549 3357 uberes,
567 3320 698 3351 habeatur
717 3323 892 3359 praecipuum
912 3323 1071 3353 sublimium
1085 3324 1117 3354 ὅ(
1134 3323 1243 3354 Poteri-

43 3365 72 3393 6,
190 3368 252 3390 turn
268 3359 434 3396 Principum
450 3359 499 3388 sibi
515 3359 646 3396 copulare
655 3360 797 3397 praesidia,
811 3370 844 3390 ac
858 3370 926 3390 cum
940 3361 1037 3391 talibus
1054 3361 1188 3400 Ligarum
1210 3363 1243 3394 &

189 3398 386 3428 Amicitiarum
400 3396 556 3435 specialium
569 3397 639 3427 inire
653 3397 788 3435 Foedera,
807 3407 857 3437 per
869 3408 943 3436 quos
965 3398 1158 3438 Principarus,
1176 3401 1242 3430 hinc

188 3435 271 3473 inde,
290 3435 402 3465 Amoris
423 3435 614 3465 indissolubilis
633 3444 707 3466 nexu
726 3436 874 3474 conjunffl
888 3460 898 3474 ‚
916 3436 1120 3475 Insurgentibus
1140 3447 1174 3467 ex
1193 3438 1242 3468 ad—

190 3474 271 3505 verso
283 3473 422 3511 resistere,
439 3473 473 3503 &
488 3474 523 3502 ab
536 3474 618 3516 omni
631 3473 815 3515 oppressionis
826 3474 922 3513 clade,
937 3476 1099 3506 coadunatis
1110 3475 1242 3517 Viribus,

190 3521 325 3551 poterunt
340 3512 442 3542 mutuo
456 3511 482 3542 se
495 3520 576 3542 tueri.

229 3550 314 3588 Nos,

226 3586 368 3620 Praemiffii
382 3586 600 3627 considerantes,

227 3627 272 3658 Ac
294 3627 330 3657 de
351 3624 448 3669 vestris
471 3625 637 3665 chalitate,
653 3625 813 3667 Probitate,
828 3626 980 3667 Industria,
1000 3627 1032 3659 &
1057 3625 1242 3667 Circumspe-

188 3665 285 3696 &ione
298 3663 422 3702 providis
433 3663 588 3702 pleniffime
600 3665 786 3703 confidentes,

225 3704 270 3734 Ad
287 3701 480 3734 Tractandum
496 3726 506 3741 ,
525 3701 768 3733 Conveniendum
784 3727 792 3741 ,
816 3702 1059 3734 Concordandum
1073 3729 1082 3742 ,
1110 3703 1241 3736 Conclu—

185 3740 324 3780 dendum,
344 3742 375 3772 &
394 3740 563 3770 Finiendum
578 3751 663 3779 cum,
679 3741 859 3772 Sereniffimo
873 3742 1019 3780 Principe,
1037 3743 1160 3781 Karolo,
1180 3743 1239 3774 Dei

187 3781 291 3818 gratia,
310 3783 378 3817 Rege
389 3777 545 3817 Jerusalem
560 3780 593 3810 δε
608 3778 707 3808 ciciliae
741 3780 786 3810 seu
801 3780 1046 3810 Ambaffatoribus
1059 3782 1103 3811 vel
1113 3782 1239 3812 Nunciis

186 3816 239 3847 suis
254 3819 489 3859 quibuicumque,
509 3817 695 3847 sufficientem
711 3802 883 3848 i’otestatem
896 3818 930 3847 ad
946 3819 1004 3848 hoc
1019 3819 1055 3848 ab
1076 3819 1136 3856 ipso
1157 3819 1239 3859 Rege

184 3855 392 3922 Rpsiplssnfibffib
410 3858 490 3924 supleg
509 3855 732 3923 quibuscumqug:
754 3856 850 3922 Ligisl,
868 3855 1186 3900 Consciederationibus,
1205 3861 1239 3890 &c

217 3898 545 3976 ‘i‘fssffgss'sissssioessissiiz’s
555 3899 704 3970 ξᾛέἕὸῗξ
720 3904 756 3963 ἓέ
763 3904 1016 3976 ’ῡνέωῗηῖἓρὲῒὲἒέῃ
1028 3942 1237 3973 quaecumque,

182 3977 219 3998 ex
235 3967 307 4006 unii,
324 3979 358 3998 ac
372 3969 460 4005 ipsum
477 3970 590 4010 Regem
602 3970 752 4009 Jerusalem
768 3971 800 4000 ὃ(
817 3969 943 4009 Ciciliae,
961 3971 1102 4010 subditos,
1123 3973 1238 4012 Regna,

182 4008 218 4038 &
236 4005 374 4036 Dominia
389 4007 433 4036 sua
449 4018 654 4048 quaecumque,
673 4017 707 4038 ex
724 4019 798 4046 parte
814 4009 896 4039 altera
912 4010 1052 4047 ineundis,

221 4044 266 4075 Ac
287 4046 369 4075 etiam
390 4043 426 4074 de
444 4047 555 4086 modo,
571 4049 664 4079 forma
679 4071 688 4087 ‚
714 4048 865 4086 quantitate
878 4070 889 4087 ,
911 4049 945 4079 ὃ(
969 4049 1098 4087 qualitate
1117 4047 1239 4087 Auiani,

256 4085 329 4114 Tam.
347 4085 404 4113 ΙΙΙ.
422 4085 454 4113 Ρ.
472 4086 530 4115 111.

1267 163 1743 206 PUBLICA.
2238 176 2314 217 177

1254 249 1455 280 Subventioriis
1469 251 1515 281 seu
1530 250 1663 289 Subsidii,
1680 249 1748 281 hinc
1764 248 1846 287 inde,
1863 257 1992 288 tempore
2003 246 2183 294 neceffitatiS,
2200 249 2303 279 mutuo
2329 248 2404 278 Ann-
2419 244 2461 276 D·

1258 288 1447 326 ministrandi,

2353 285 2436 324 1385,

1295 326 1332 356 Et
1345 326 1381 356 de
1396 326 1730 364 Communicationibus,
1749 328 1820 356 inter
1833 325 1965 356 Subditos
1988 324 2055 356 hinc
2077 323 2160 363 inde,
2178 323 2207 354 in
2226 321 2308 355 Mei·-
2333 327 2385 353 ωε.
2403 333 2430 351 2.

1257 365 1388 395 cimonio
1403 365 1435 395 δε
1450 365 1506 394 aliis
1521 365 1619 403 licitis,
1638 365 1733 395 secure
1745 365 1777 396 &
1790 364 1970 395 amicabiliter
1985 363 2131 402 faciendis,

1296 402 1427 432 Necnon
1439 402 1472 432 ad
1489 402 1696 441 Recipiendum
1710 401 1922 441 Obligationes,
1941 402 2116 439 Personales,
2134 409 2167 431 ac
2186 399 2307 439 Reaies,

1259 440 1291 471 &
1306 440 1450 477 Poenaies,
1467 442 1502 470 ab
1518 441 1576 478 ipso
1588 441 1734 478 Rege,vel
1744 440 1984 471 Ambaffatoribus
1999 440 2048 471 suis
2060 439 2307 478 hujusmodi,cum

1259 479 1360 516 quibus
1380 479 1491 509 trac'tari
1510 481 1673 515 contigerit,
1689 481 1698 508 i
1721 480 1770 509 iius
1792 478 1879 517 Regis
1902 480 2020 508 nomine
2032 501 2042 516 ,
2059 487 2092 508 ac
2108 477 2308 517 juramentum

1259 517 1357 553 suum,
1372 516 1416 546 vel
1432 516 1576 546 diffitorum
1593 517 1699 546 Ambai
1713 525 1821 546 atorum
1832 518 1946 547 suorum
1959 518 1987 546 in
1995 516 2130 546 Animam
2143 517 2309 554 iiiam,nec-

1260 565 1319 584 non
1336 554 1523 592 stipulationes
1537 555 1743 592 quascumque,
1762 556 1819 584 tam
1835 555 1987 592 simplices,
2006 554 2092 593 quarn
2106 554 2251 592 Poenale5‚
2264 554 2308 585 su-

1261 603 1308 631 per
1326 594 1459 624 omnibus
1481 593 1513 622 &
1535 592 1644 631 singulis
1665 593 1795 622 Articulis
1809 617 1818 630 ,
1845 602 2107 631 quantumcumque
2126 593 2285 630 specialibus
2299 617 2310 631 ,

1261 631 1315 668 iic,
1331 640 1360 661 ut
1378 631 1574 669 praernittitur,
1591 630 1710 661 tradiatis
1728 632 1760 661 ὃ(
1782 631 1978 669 concordatis,
1993 632 2042 668 qui
2065 631 2166 668 Ligas,
2183 630 2310 661 Confoe-

1260 669 1435 706 derationes,
1451 668 1496 698 seu
1514 669 1674 706 Amicitias,
1693 669 1763 699 inter
1776 668 1843 699 Nos
1859 671 1892 700 &
1906 669 2074 706 praedidium
2094 668 2207 707 Regem
2226 669 2310 707 jeru-

1261 707 1342 737 salem
1358 708 1391 738 &
1400 706 1511 736 Ciciliae
1526 704 1869 743 firmandas,concei·nere
1882 716 2014 744 poterunt
2028 707 2217 745 quovismodo
2226 717 2310 745 ,curri

1262 755 1360 775 eorum
1374 744 1578 787 Incidentilius,
1597 744 1828 783 Emergentibus,
1848 744 2096 784 Dependentibus,
2111 746 2144 777 ὃς
2166 744 2312 776 Connexis

1262 781 1380 812 firmiter
1393 783 1425 813 &
1441 783 1634 813 inviolabiliter
1649 783 1843 819 observandis,

1299 821 1343 851 Ac
1366 822 1477 857 omnia,
1496 831 1560 858 quae
1581 822 1619 851 sic
1639 821 1791 858 Tractata,
1810 820 1964 852 Conventa
1976 844 1985 859 ,
2004 821 2036 851 &
2057 821 2242 852 Concordata
2253 821 2314 852 sue-¹

1262 859 1334 895 rint,
1353 868 1420 890 cum
1436 858 1594 896 praemiffis,
1613 858 1646 889 ὃς
1660 859 1793 889 omnibus
1805 860 1860 889 aliis
1872 860 2085 897 securitatibus,
2101 860 2147 889 del
2159 860 2201 890 iis
2214 861 2246 891 &
2259 861 2314 891 lio-

1262 897 1345 926 nestis
1361 921 1370 933 ,
1389 898 1418 926 iii
1439 897 1497 927 hoc
1519 897 1580 927 casu
1594 921 1603 932 ,
1620 898 1736 927 nomine
1758 898 1857 928 nostro
1881 897 2061 927 Firmandum
2076 919 2086 934 ,
2102 898 2314 937 coniimilesque

1262 935 1445 972 Securitates,
1464 945 1511 972 per
1526 935 1638 966 Partem
1654 936 1735 973 ipiius
1749 935 1835 975 Regis
1849 937 1958 973 petitas,
1977 946 2028 975 pro
2036 934 2135 965 Nobis
2150 937 2183 967 &
2198 939 2316 967 nomine.

1264 972 1363 1003 nostro
1379 973 1555 1012 Petendum,
1574 973 1786 1011 Stipulandurn,
1805 976 1837 1006 &
1852 974 2075 1012 Recipiendum‚
2113 1001 2115 1003 ,

1300 1011 1513 1050 Jiiraridumqiie
1533 1013 1562 1041 in
1583 1012 1718 1042 Animam
1738 1011 1862 1042 nostram
1885 1012 1964 1050 quod
1977 1012 2127 1050 Trac'tata,
2144 1010 2315 1050 Conventa,

1265 1050 1298 1080 δε
1323 1049 1504 1080 Concordata
1525 1050 1631 1080 ibidem
1656 1049 1728 1081 Rata
1747 1051 1913 1080 habebimus
1934 1052 1966 1080 &
1988 1048 2076 1080 Grata
2090 1075 2101 1087 ,
2134 1061 2187 1080 nec
2214 1051 2318 1089 aliquid

1267 1089 1483 1126 procurabimus
1497 1089 1540 1118 vel
1555 1088 1703 1126 faciemus,
1722 1099 1771 1126 per
1785 1088 1862 1126 quod
1874 1089 2007 1118 Tractata
2022 1090 2054 1120 ὅς
2070 1087 2252 1119 Concordata
2268 1090 2320 1118 liu*

1262 1127 1383 1195 jdl‘imffli
1398 1126 1502 1157 effestu
1516 1126 1614 1157 debito
1630 1126 1753 1157 frustrari
1767 1136 1917 1164 poterunt,
1935 1127 1981 1157 seu
1995 1127 2211 1165 quomodolibet
2231 1128 2323 1165 impe-

1291 1176 1322 1194 iri

1306 1188 1351 1234 A’c
1361 1203 1559 1242 Jurarnentiim
1574 1203 1720 1234 consimile
1729 1203 1767 1233 ab
1780 1203 1881 1233 eodem
1896 1203 1978 1242 Rege
1990 1203 2139 1241 Jerusalem
2156 1204 2189 1234 &
2204 1201 2325 1241 Ciciliae,

1269 1242 1313 1272 seu
1331 1242 1476 1281 Deputatis
1490 1241 1557 1280 suis,
1576 1241 1751 1280 Petendum,
1772 1242 1967 1279 Exigendum,
1986 1244 2017 1272 &c
2034 1242 2258 1280 Recipiendum,

1307 1279 1475 1318 Cieteraque
1490 1282 1586 1311 omnia
1600 1281 1632 1311 &
1650 1281 1751 1324 singula
1760 1281 1951 1316 Faciendum,
1970 1279 2202 1317 Excercendum,
2222 1279 2322 1311 &Ex-

1270 1319 1440 1356 pedienduni
1455 1329 1519 1357 quae.
1531 1318 1558 1348 in
1572 1320 1716 1358 praeinissis
1729 1320 1762 1350 <Sc
1778 1320 1853 1349 circa
1865 1329 1895 1348 ea
1909 1318 2056 1348 iicceffaria
2070 1318 2169 1349 fuerint
2189 1319 2233 1348 seu
2249 1328 2323 1356 quo-

1270 1356 1430 1387 modolibet
1440 1368 1598 1396 oportuna,
1613 1367 1645 1387 ac
1661 1367 1726 1395 quae
1742 1357 1854 1394 qualitas
1866 1359 1898 1387 δε
1908 1356 2018 1386 Natura
2033 1356 2251 1393 huiusmodiNe
2271 1357 2323 1387 otii

1270 1396 1386 1432 exigunt
1400 1397 1433 1426 &
1449 1397 1606 1434 requirunt,
1624 1398 1656 1426 ὃ(
1672 1406 1736 1433 qua:
1753 1395 1875 1425 Nosmet
1891 1396 1978 1425 facere
1992 1395 2133 1432 possemus
2156 1396 2173 1425 fi
2195 1404 2242 1432 per
2255 1405 2324 1425 oria-

1271 1433 1333 1463 liter
1354 1435 1562 1472 iiitereiseriius,
1578 1436 1663 1465 etiam
1687 1435 1706 1464 ii
1726 1435 1787 1464 talia
1809 1434 1903 1464 forent
1919 1444 1983 1472 qua:
1997 1433 2169 1465 Mandatum
2181 1435 2325 1471 exigerent

1273 1481 1538 1510 quantumcumque
1549 1472 1662 1509 specia'e
1670 1496 1678 1510 ,

1312 1509 1390 1548 Vos,
1409 1511 1602 1548 conjunctim,
1619 1512 1655 1541 &¹
1666 1511 1792 1548 divisim,
1811 1509 1924 1540 nostros
1944 1519 2041 1548 veros,
2058 1509 2213 1547 legitimos,
2229 1511 2262 1540 &
2285 1510 2328 1540 iri-

1271 1547 1414 1579 dubitatos
1435 1548 1634 1579 Procuratores
1649 1573 1659 1586 ,
1684 1549 1881 1587 Negotiorum
1903 1547 2041 1578 Gestores
2055 1573 2064 1585 ,
2091 1547 2330 1588 Commissarios,

1273 1587 1447 1624 Deputatos,
1466 1588 1498 1618 &
1515 1587 1649 1617 Nuncios
1663 1586 1789 1624 speciales
1806 1587 1949 1623 Facimus,
1967 1586 2120 1624 Creamus,
2138 1587 2328 1626 ordinamus,

1276 1627 1309 1657 &
1323 1624 1534 1656 Constituimus
1548 1636 1597 1665 per
1613 1624 1781 1662 Praesentes,

1312 1663 1541 1701 Volentesquod
1553 1665 1630 1701 super
1648 1663 1716 1701 hiis,
1735 1673 1798 1701 quae
1812 1662 1887 1692 circa
1895 1659 2040 1692 Praemissa
2054 1662 2224 1693 concordari
2234 1665 2327 1695 conti-

1274 1703 1360 1742 gerit,
1379 1704 1504 1740 recipere
1518 1703 1550 1733 ὅ(
1567 1702 1689 1741 stipulari
1704 1701 1827 1739 poteritis
1843 1711 1931 1743 unum
1951 1700 1994 1730 vel
2017 1700 2093 1738 plura
2113 1702 2130 1718 *
2152 1700 2326 1733 Instrumen-
2350 1692 2362 1709 ³
2380 1688 2448 1720 VII·

1274 1751 1335 1771 tum
1351 1741 1392 1771 vel
1409 1737 1614 1779 Instrumenta,
1634 1740 1731 1770 Sieillo
1745 1739 1857 1778 Magno
1873 1746 1953 1776 ipiius
1971 1738 2074 1777 Regis,
2092 1749 2124 1769 ac
2140 1740 2328 1778 Stibscripti'o-
2348 1740 2385 1766 45
2388 1739 2415 1766 7·

1274 1790 1312 1809 ne
1333 1779 1539 1817 Notariorum,
1557 1781 1591 1811 &
1612 1764 1745 1809 Tefiium
1768 1777 1972 1814 Inscriptione,
1989 1777 2099 1814 aliisque
2120 1778 2330 1816 Solempnitati—

1276 1819 1327 1848 bus
1348 1817 1382 1848 &
1403 1817 1540 1856 Cautelis,
1558 1818 1658 1856 quibus
1678 1817 1776 1848 melius
1801 1817 1833 1847 ὃς
1858 1816 1942 1846 tutius
1963 1815 2022 1846 fieri
2036 1817 2153 1855 poterit,
2171 1816 2264 1848 debite
2279 1828 2331 1848 co-

1277 1865 1385 1886 munita

1314 1879 1430 1932 Voi‘q’ue
1441 1894 1477 1925 ab
1491 1896 1572 1925 omni
1585 1904 1672 1925 onere
1684 1892 1835 1924 Satisdatidi
1845 1915 1853 1930 ,
1871 1893 1903 1922 δε
1917 1902 1931 1921 a
1946 1901 2130 1930 quocumque
2150 1893 2205 1923 alio
2225 1893 2335 1925 Vincu-

1275 1932 1320 1969 lo,
1338 1933 1372 1963 ad
1393 1933 1471 1971 quod
1493 1933 1529 1964 de
1546 1934 1608 1972 jure
1630 1933 1779 1963 communi
1793 1931 1838 1962 vei
1857 1930 2019 1968 municipali
2032 1933 2117 1961 teneri
2130 1931 2250 1970 ponitis,
2269 1934 2331 1964 Te-

1277 1981 1346 2001 nore
1360 1971 1543 2002 Praesentiurn
1552 1995 1561 2009 ,
1580 1971 1752 2009 relevamus,

1316 2009 1515 2040 Promitterites
1536 2009 1644 2048 insuper
1659 2033 1668 2048 ,
1695 2009 1744 2040 sub
1765 2007 1918 2046 Ypotheca
1940 2007 1973 2037 &
1994 2005 2179 2044 Obligatione
2201 2012 2333 2041 omnium

1279 2048 1426 2078 Bonorum
1442 2048 1623 2086 nostrorum,
1642 2047 1710 2078 Nos
1726 2047 1833 2077 Ratun]
1850 2048 1882 2076 &
1898 2044 2019 2075 Gratum
2036 2049 2173 2084 perpetuo
2192 2048 2334 2080 habituros

1279 2087 1414 2124 quicquid
1436 2097 1485 2124 per
1507 2097 1574 2125 vos,
1590 2087 1623 2117 &
1646 2084 1800 2124 quemlibet
1819 2082 1965 2120 veltrfim,
1984 2083 2111 2121 Adrum,
2127 2085 2272 2126 Gesturn,
2288 2089 2334 2118 seu

1278 2125 1465 2155 Procuratum
1483 2125 1565 2155 fuerit
1578 2126 1606 2154 in
1621 2123 1786 2160 Praemiffis,
1802 2124 1835 2154 ὃς
1851 2122 1971 2161 Singulis
1984 2121 2206 2153 praemistorum.

1280 2202 1299 2232 b
1314 2162 1384 2193 Dat.
1405 2162 1435 2193 in
1459 2163 1565 2194 Palatio
1585 2162 1687 2194 nostro
1709 2160 1931 2202 Wstmonastem·
1945 2184 1955 2198 ,
1972 2160 2048 2190 seitto
2067 2160 2127 2191 Die
2150 2161 2258 2193 Mensis
2281 2163 2338 2195 Fe-

1300 2211 1390 2232 ruarii.

1752 2241 1806 2268 Per
1817 2235 1899 2277 ipficm
1913 2239 2009 2274 Regem
2024 2235 2061 2272 ῤ’
2075 2237 2230 2270 Concilium.

1304 2383 1352 2414 De
1370 2379 1525 2413 traffando
1543 2392 1612 2413 cum
1625 2382 1845 2414 communitate
1864 2380 2012 2412 Florentiae
2031 2380 2067 2417 ᾤ*
2087 2378 2156 2410 aliis
2172 2380 2203 2410 in
2218 2377 2314 2410 Italia

1669 2430 1870 2460 Communitat
1877 2432 1885 2459 i
1888 2426 1951 2460 bus.

1285 2515 1418 2572 REX,
1437 2515 1556 2546 mediis
1579 2517 1612 2547 &
1632 2512 1772 2545 Fidelibus
1797 2514 1849 2544 suis
1862 2512 2016 2582 M‘J‘ohanni
2037 2511 2216 2542 Haukewood
2233 2512 2338 2551 Militi,

1358 2555 1487 2593 Johanvi
1500 2558 1594 2583 Bacun
1610 2553 1734 2584 Decano
1750 2553 1847 2583 Sancti
1900 2553 1979 2582 artini
1997 2554 2091 2590 magni
2108 2552 2271 2581 Londoniae
2287 2552 2338 2582 Se—

2362 2506 2434 2539 Ann.
2449 2505 2487 2537 D,

2381 2547 2463 2586 1385.

1282 2595 1402 2623 cretario
1422 2593 1522 2623 nostro
1537 2616 1547 2631 ,
1564 2602 1598 2623 ac
1619 2591 1752 2621 Nicholao
1771 2590 1929 2630 Dagworth
1952 2590 2041 2621 Militi
2063 2589 2194 2620 Camerae
2216 2589 2338 2628 nostrae,
2356 2590 2406 2613 Aa.
2421 2586 2448 2613 3·

1283 2630 1416 2661 Salutem.

2357 2629 2383 2650 R.
2414 2633 2438 2650 2.

1321 2670 1370 2699 De
1383 2668 1479 2699 vestris
1503 2668 1672 2707 Legalitate,
1691 2668 1853 2706 Probitate,
1868 2665 2024 2704 Industria,
2043 2666 2076 2696 δε
2095 2665 2336 2703 Circiimspefflo-
2356 2667 2441 2689 franc.
2463 2659 2492 2690 3·

1284 2716 1320 2736 ne
1335 2707 1458 2744 providis
1475 2707 1632 2744 pleniffime
1654 2707 1846 2744 confidentes,
1862 2706 1896 2736 ad
1918 2704 2133 2741 Tractandum,
2152 2703 2338 2734 Convenien-
2359 2705 2490 2734 ΚΑΜ-ἴε

1284 2747 1369 2784 dum,
1388 2745 1652 2782 Concordandum,
1670 2744 1912 2775 Concludendum
1923 2767 1932 2782 ,
1951 2746 1984 2774 ὃ(
1995 2743 2164 2772 Finienduni
2182 2743 2340 2780 curn,i-lo-

1283 2784 1456 2814 notabilibus
1473 2783 1545 2814 Viris
1579 2783 1730 2822 Prioribus,
1749 2786 1846 2812 Aram.
1866 2781 1903 2817 (ξφ
1928 2780 2024 2811 Vexilli
2040 2791 2083 2810 ero
2102 2780 2245 2819 Juslitiae,
2263 2791 2341 2811 toto-

1284 2833 1340 2860 que
1355 2822 1468 2860 Populo
1483 2823 1514 2853 &
1531 2806 1748 2852 Communitate
1765 2824 1898 2851 Civitatis
1917 2819 2077 2856 Florentiae,
2094 2823 2139 2849 leti
2161 2819 2342 2849 Ambaffato-

1284 2862 1358 2891 ribus
1375 2862 1419 2891 vel
1441 2860 1565 2891 Nunciis
1585 2861 1635 2890 suis
1656 2859 1897 2898 quibuscumque,
1915 2857 2100 2888 sufficientem
2116 2857 2288 2887 Potestatem
2304 2857 2340 2887 ad

1283 2899 1341 2929 hoc
1362 2900 1397 2929 ab
1417 2899 1480 2935 ipiis
1503 2899 1729 2929 Honorabilibus
1750 2896 1825 2927 Viris
1839 2897 2047 2936 optinentibus,
2064 2895 2143 2933 super
2156 2895 2341 2933 quibuscum·

1284 2948 1340 2975 que
1360 2937 1662 2968 Confoederationibus
1683 2937 1717 2968 &
1739 2936 1878 2966 Amicitiis
1892 2958 1901 2973 ,
1920 2934 2084 2972 specialibus
2097 2956 2106 2971 ,
2122 2934 2340 2972 temporalibus,

1284 2976 1329 3007 vel
1344 2977 1498 3014 perpetuis,

1321 3014 1397 3045 Inter
1412 3014 1496 3050 Nos,
1515 3011 1662 3050 Subditos,
1681 3011 1799 3050 Regna,
1817 3012 1850 3042 δε
1867 3010 2005 3041 Dominia
2020 3010 2115 3041 nostra
2130 3018 2320 3048 quaecumque
2331 3034 2340 3048 ,

1283 3063 1317 3083 ex
1330 3053 1401 3091 una,
1422 3051 1660 3083 &Honorabilcs
1669 3050 1767 3088 Viros,
1786 3049 1959 3086 Civitatem,
1978 3049 2164 3087 Districfftuin,
2183 3048 2338 3079 &Comu-

1283 3102 1320 3122 ne
1334 3091 1501 3128 Florentiae,
1520 3099 1552 3118 ex
1569 3099 1644 3126 parte
1660 3089 1742 3118 altera
1756 3088 1903 3126 ineundis,

1322 3130 1366 3160 Ac
1380 3130 1414 3159 de
1429 3128 1765 3165 Commuiiicationibus,
1784 3128 1855 3156 inter
1870 3125 2004 3156 Subditos
2018 3124 2084 3156 hiric
2106 3125 2188 3163 iride,
2206 3126 2234 3154 in
2258 3123 2339 3155 Mei*

1282 3169 1411 3199 cimonio
1424 3168 1457 3198 ὅσ
1468 3168 1522 3195 :iliis
1536 3167 1633 3203 licitis,
1652 3168 1748 3195 secure
1762 3166 1796 3196 δε
1811 3164 1992 3194 amicabiliter
2005 3164 2152 3200 faciendis,

1320 3206 1450 3236 Necnon
1465 3205 1499 3235 ad
1517 3204 1726 3241 Recipiendum
1742 3203 1955 3241 Obligationes,
1975 3201 2149 3236 Personales,
2167 3201 2200 3231 ὃ(
2216 3199 2335 3241 Reales,

1282 3255 1315 3274 ac
1333 3245 1478 3281 Poenales,
1496 3243 1532 3273 ab
1547 3244 1607 3279 ipiis
1622 3242 1845 3272 Honorabilibus
1865 3240 1952 3278 Viris,
1972 3241 2015 3271 vel
2025 3239 2334 3282 Ainbaisatori'busfleu

1283 3283 1408 3313 Nunciis
1428 3283 1478 3312 suis
1497 3280 1671 3317 huiusmodi,
1690 3290 1758 3310 cum
1779 3280 1882 3317 quibus
1903 3279 2012 3308 trad‘tari
2025 3279 2191 3319 contigerit,
2209 3278 2334 3319 ipsorum

1282 3321 1503 3352 Honorabiliuin
1519 3319 1651 3349 Vircrurn
1665 3319 1800 3355 nomine,
1819 3318 1868 3354 acJ
1876 3326 2051 3347 uramentum
2065 3318 2160 3359 suuni,
2180 3316 2224 3356 vel
2238 3315 2334 3344 dicto-

1282 3370 1345 3390 rum
1362 3358 1661 3394 Ambassiitorum,seu
1675 3357 1864 3387 Nunciorum
1879 3355 1992 3384 suorum
2009 3356 2038 3383 in
2054 3354 2171 3383 Animas
2185 3356 2335 3390 iuas,nec·

1281 3408 1340 3428 non
1357 3397 1542 3435 stipulationes
1556 3396 1760 3434 quascumque,
1778 3396 1836 3424 tam
1852 3394 2005 3430 iimplices,
2025 3393 2110 3429 quiim
2129 3391 2272 3434 poen-ales,
2291 3391 2335 3435 su-

1281 3446 1330 3473 per
1342 3437 1475 3466 omnibus
1492 3435 1524 3464 δε
1540 3433 1648 3472 singulis
1663 3433 1808 3470 Articulis,
1824 3440 2086 3469 quiintunicuiiique
2101 3429 2334 3473 specialibus,lic,

1280 3484 1310 3504 ut
1324 3475 1516 3511 pricmittitur,
1535 3472 1704 3502 Tracstandis
1718 3474 1751 3502 ὃς
1765 3468 1998 3511 Concordandis,
2016 3477 2079 3510 quse
2102 3467 2333 3497 Con'roederatio—

1279 3523 1328 3542 nes
1352 3513 1395 3543 seu
1415 3512 1573 3547 Amicitias,
1591 3512 1662 3540 inter
1681 3508 1749 3539 Nos
1770 3510 1803 3539 &
1825 3509 1894 3544 ipios
1914 3505 2104 3536 Honorabiles
2122 3504 2206 3549 Viros
2217 3504 2331 3549 firman-

1279 3552 1344 3588 das,
1364 3559 1537 3581 concernere
1553 3557 1684 3585 poterunt
1700 3546 1906 3585 quoviiiiiodO,
1925 3554 1993 3574 cuin
2006 3554 2106 3587 eorum
2122 3543 2331 3587 Incideiitibus,

1279 3588 1509 3628 EmergeiitibuS,
1528 3586 1777 3625 Dependentibus,
1797 3585 1829 3615 &
1841 3583 2003 3620 Connexis,
2022 3582 2139 3612 firmiter
2160 3583 2192 3613 &
2213 3581 2331 3612 inviola-

1281 3628 1373 3658 biliter
1385 3625 1559 3657 observandis
1567 3648 1577 3663 ‚

1317 3666 1364 3696 Ac
1385 3666 1498 3701 omni-i,
1515 3673 1577 3701 quae
1600 3661 1637 3693 sic
1658 3661 1808 3698 Tradiata,
1826 3658 1995 3696 Conventa,
2013 3659 2047 3690 &
2067 3657 2254 3701 Concordata
2269 3657 2332 3688 fue-

1279 3704 1353 3741 rint,
1369 3713 1435 3734 cum
1450 3701 1608 3742 praeiiiiffiS,
1627 3702 1660 3732 δε
1673 3701 1806 3730 omnibus
1820 3699 1876 3728 aliis
1888 3698 2103 3734 Securitatibus,
2120 3697 2221 3726 debitis
2236 3697 2268 3726 ὃς
2278 3696 2332 3726 ho-

1281 3742 1379 3780 nestis,
1399 3744 1426 3771 in
1440 3741 1495 3770 hoc
1510 3740 1588 3777 casu,
1607 3739 1723 3768 nomine
1738 3737 1837 3767 nostro
1853 3736 2050 3772 firmandum,
2207 3766 2209 3768 q

1319 3777 1542 3815 Coniiniilcsque
1562 3777 1735 3818 securitates
1745 3786 1797 3813 pro
1819 3774 1917 3804 Nobis
1936 3774 1969 3804 &c
1985 3774 2099 3803 nomine
2113 3772 2212 3803 nostro
2225 3771 2342 3809 Petenr

1279 3818 1366 3856 dum,
1385 3816 1596 3854 Stipulandum,
1614 3816 1647 3845 δι’
1662 3813 1893 3852 Recipiendum,

1314 3857 1527 3894 Jiiranduinque
1547 3855 1575 3883 in
1598 3853 1732 3883 Aiiiiiiasn
1753 3852 1877 3882 nostram
1898 3848 2145 3894 quodde'tata,
2162 3847 2331 3892 Conventa,

1278 3896 1313 3926 &
1327 3894 1509 3924 Coiicordata
1521 3893 1628 3921 ibidem
1647 3891 1717 3921 Rata
1732 3891 1896 3920 habebimus
1911 3890 1944 3918 ὅ(
1960 3892 2062 3923 orata,
2079 3897 2132 3917 nec
2151 3887 2253 3926 aliquid
2261 3897 2328 3931 pro-

1280 3934 1439 3963 curabimus
1456 3931 1498 3960 vel
1511 3930 1663 3966 faciemus,
1681 3939 1727 3965 per
1742 3928 1820 3966 quod
1833 3927 1967 3968 Tne-tata
1981 3928 2013 3956 &
2035 3924 2221 3956 Concordata
2239 3925 2330 3963 hujus-

1280 3972 1360 4001 modi
1376 3969 1480 4000 effectu
1493 3969 1589 3997 debito
1604 3967 1724 3996 frustrari
1739 3974 1870 4004 poterunt
1880 3968 1940 4001 ,leti
1954 3964 2175 4001 quomodolibet
2188 3965 2329 4002 impediri,

1315 4010 1361 4040 Ac
1380 4010 1574 4046 juramentum
1596 4005 1741 4035 consimile
1760 4005 1796 4033 ab
1817 4004 1918 4032 eisdem
1934 4001 2159 4032 Honorabilibus
2177 4001 2266 4040 Viris,
2283 4003 2329 4032 seu

1279 4047 1428 4086 Deputatis
1440 4045 1507 4082 suis,
1526 4044 1701 4081 Petendum,
1721 4042 1915 4109 Enitendum,
1934 4040 1968 4071 &
1982 4040 2208 4080 Recipiendum,
2236 4077 2317 4108 (ἵκω
