2561 4251
688 141 795 182 ET
882 142 1144 184 ACTA

0 237 47 259 mn-
57 223 100 255 D*
120 228 231 260 dultum
247 229 342 260 existat
356 228 435 267 quod
450 228 485 260 ad
497 227 679 259 Solutionem
693 229 807 268 alicujus
817 230 937 261 Subsidii
951 232 1068 261 minime
1081 239 1175 261 tenea-

0 264 76 307 ÷362.
120 268 209 306 mini,
226 269 259 299 &
272 269 306 298 ad
319 267 346 298 id
355 268 505 305 compelli,
520 276 567 298 aut
583 268 661 305 quod
676 269 818 307 interdici,
838 269 979 309 suspendi,
998 270 1042 300 vel
1056 278 1174 299 excom·-

8 315 38 338 ,v-
57 313 84 342 3-
120 308 258 336 municari
281 315 339 335 non
354 306 461 345 possitis
482 315 530 343 per
554 305 674 337 Litteras
695 307 893 347 Apostolicas,
919 318 983 348 quae
1002 309 1038 338 de
1058 308 1173 339 Indulto

116 344 273 380 huiusmodi
286 354 345 374 non
360 343 479 374 fecerint
494 345 683 382 mentionem,

155 383 192 413 Et
207 381 378 420 quibussibet
391 381 564 421 Privilegiis,
581 382 778 422 Indulgentiis,
796 383 1049 422 Exemptionibus,
1067 384 1100 415 &
1115 384 1175 415 Lit-

116 423 180 451 teris
195 419 381 458 Apostolicis,
401 421 623 459 quibuscumque
637 421 812 460 Ordinibus,
831 423 863 453 &
883 424 1034 460 specialiter
1055 421 1175 453 8311610-

117 469 181 489 rum
202 457 345 489 Benedicti
364 461 397 489 ὃς
420 459 584 499 Augustini,
602 459 799 498 Cluniacensi,
820 460 1007 499 Cistercensi,
1026 460 1177 491 Praemon-

118 496 254 534 stratenfi,
279 495 460 535 Cartusiensi,
486 497 734 528 Grandimontensi
749 521 758 535 ,
781 499 814 529 &
836 500 960 538 ipsorum
980 499 1176 530 Universitati—

118 536 188 574 bus,
206 535 384 574 generaliter,
403 536 447 567 vel
459 535 626 572 specialiter,
642 536 692 566 sub
705 546 872 576 quacunque
891 538 984 568 fornia
1003 538 1048 568 vel
1069 539 1176 576 expres-

121 574 198 604 sione
215 573 388 612 verborum,
406 585 421 604 a
438 582 593 604 memorata
606 573 679 604 Sede
691 575 836 605 conceffis.

156 611 202 641 Ad
216 612 279 642 haec
295 613 440 650 volumus,
459 611 592 651 vobisque
605 612 701 642 eadem
713 614 875 644 auctoritate
887 615 1089 652 concedimus,
1098 613 1176 653 quod

118 660 186 688 vos,
205 652 239 681 ὃς
253 651 320 681 alter
333 650 476 688 vestrum,
501 660 572 688 quos
586 660 619 680 ex
634 650 757 681 Defectu
772 662 831 682 non
850 653 932 683 faetae
950 654 1103 684 Solutionis
1124 652 1177 681 hu-

117 688 241 727 jusmodi
255 688 400 719 incurriffe
420 688 544 727 praefatas
564 688 718 720 Sententias
738 692 907 729 contigerit,
924 693 960 722 ab
980 691 1085 722 eisdem
1107 689 1180 719 Sen-

121 727 229 763 tentiis,
251 727 314 764 post
335 726 561 757 Satisfac'tionem
578 728 719 767 debitam,
738 739 787 766 per
807 731 946 768 aliquem,
971 738 1005 759 ex
1027 727 1178 758 Viciniori-

122 765 194 804 bus,
212 765 401 804 Episcopum,
422 765 735 797 Excommunicationis
749 766 893 798 Sententia
915 777 974 797 non
995 767 1126 804 ligatum,
1145 766 1179 796 &

122 804 183 833 alias
196 803 323 833 Gratiam
338 803 372 833 &
387 804 406 822 ³*
422 804 674 835 Communionem
688 805 832 842 praedietae
853 805 931 834 Sedis
952 805 1118 842 habentem,
1138 803 1181 833 fa-

124 842 171 872 cta
193 842 243 871 fibi
261 840 317 871 fide
330 842 367 872 de
390 842 587 873 satisfactione
608 843 781 881 huJusmodi,
802 843 992 874 Absolutionis
1011 842 1183 873 beneficium

123 881 157 910 &
172 880 252 918 super
274 880 489 919 Irregularitate,
508 881 528 911 si
553 891 636 918 quam
660 881 750 910 forsan
772 881 809 910 iic
829 881 904 919 ligati
918 904 928 919 ,
953 890 1013 911 non
1039 889 1134 911 tamen
1153 881 1183 909 in

122 926 322 957 contemptum
337 918 471 951 Clavium
481 942 490 956 ,
507 918 674 949 celebrando
688 917 813 957 Divina,
829 919 872 949 vel
887 918 1075 950 immiscendo
1088 928 1139 949 vos
1152 918 1184 948 il-

126 956 177 995 lis,
196 958 404 996 contraxeritis,
422 956 639 996 Dispensationis
653 958 768 996 gratiam
786 958 932 996 obtinere,

163 995 284 1036 Aliisque
301 997 403 1034 etiam,
419 1005 489 1034 quos
508 995 616 1025 easdem
634 994 804 1032 Sententias,
823 1006 855 1025 ex
874 995 1000 1026 13616610
1024 995 1182 1026 Solutionis

126 1033 311 1072 hujusmodi,
339 1033 480 1064 incurriffe
502 1033 651 1071 contigerit
666 1056 676 1071 ,
701 1033 765 1072 post
790 1034 1016 1065 Satis-factionem
1044 1033 1185 1071 debitam,

126 1072 201 1102 faeta
214 1074 296 1102 vobis
310 1072 433 1102 similiter
447 1070 502 1101 fide
516 1072 551 1102 de
566 1071 626 1109 illa,
646 1072 742 1107 similia
764 1073 799 1102 ab
812 1074 914 1103 eildem
931 1072 1080 1103 Sententiis
1097 1072 1187 1102 Abso-

127 1110 239 1140 lutionis
252 1110 424 1141 beneficium
439 1110 517 1148 super
529 1110 729 1149 Irregularitate
743 1112 888 1142 contracta
896 1111 1113 1156 Diipensationis
1127 1120 1188 1150 gra-

129 1150 198 1180 tiam
213 1148 392 1187 impendere,

168 1186 206 1217 Et
221 1186 356 1223 demum,
375 1186 523 1226 postquam
544 1187 641 1218 eadem
655 1186 782 1218 Centum
804 1187 888 1218 Milia
910 1187 1096 1218 Florenorum
1117 1187 1190 1228 inte-

134 1227 187 1262 gre
202 1225 358 1263 receperitis
373 1225 408 1255 de
423 1226 503 1264 ipsis,
521 1226 634 1256 eosdem
651 1225 798 1264 Praelatos,
818 1228 851 1258 &
874 1236 966 1257 toturn
981 1226 1099 1256 Clerum
1118 1226 1190 1256 dicti

131 1264 225 1299 Regni
245 1263 357 1299 Angliae
372 1264 514 1294 absolvere
525 1274 556 1294 ac
572 1265 678 1302 quitare
691 1264 811 1302 plenarie
823 1265 942 1295 valeatis.

170 1301 237 1332 Dat.
253 1302 389 1340 Avinion,
408 1302 472 1334 Kal.
487 1303 606 1341 Aprilis,
624 1302 811 1335 Pontificatfis
827 1303 916 1334 nostri
931 1313 1008 1371 3111110
1023 1302 1147 1333 decimo.

1001 1352 1033 1371 ιε.

17 812 68 840 VI.

0 861 43 887 59·

763 1422 807 1450 De
824 1423 918 1457 Curia,

835 1499 916 1534 Super
933 1493 1036 1524 Plicam

857 1532 1082 1563 Bartholomaeus.

878 1610 932 1641 Sub
943 1608 1005 1650 filis
1021 1609 1197 1640 Canabaceis.

259 1739 318 1769 Pro
343 1734 563 1783 Archieptfi‘opo
587 1735 623 1769 de
647 1738 738 1769 Seinz.
762 1734 798 1768 de
822 1738 1054 1783 Aequietantia.

1 1822 68 1855 Anti.
83 1822 126 1854 D.
222 1821 300 1859 Ous,
325 1822 456 1853 Thomas
473 1821 510 1852 de
528 1821 704 1861 Beauchamp
716 1845 726 1860 ,
741 1818 858 1852 Counte
877 1821 913 1852 de
933 1820 1121 1859 Warrewyk,
1144 1820 1204 1850 Sei-

16 1865 100 1902 1362.
239 1870 327 1897 gneur
342 1861 379 1891 de
399 1860 528 1899 Gower,
545 1862 578 1892 δε
591 1861 745 1891 Mareschal
759 1860 1073 1899 d'Engleterre,faisons
1091 1860 1178 1891 savoir
1191 1871 1206 1891 a

2 1905 44 1929 an.
67 1902 110 1938 36.
144 1908 214 1930 touz
229 1909 300 1937 que,
315 1909 418 1937 come,
437 1899 474 1928 lui
490 1898 633 1929 Reverent
646 1899 719 1929 Pere
732 1909 768 1929 en
783 1899 878 1936 Dieu‚
898 1899 957 1930 Sire
966 1898 1074 1930 Gillem
1083 1898 1118 1929 de
1128 1899 1204 1929 Mel-

3 1944 24 1967 Ε.
42 1949 67 1976 3.
144 1939 226 1974 leun,
245 1948 292 1975 par
306 1937 330 1968 la
345 1937 442 1968 Grace
454 1937 490 1967 de
506 1937 600 1975 Dieu,
621 1937 797 1976 Arcevesque
810 1937 845 1967 de
860 1938 945 1968 Seinz
954 1960 964 1976 ,
982 1939 1019 1967 eit
1035 1936 1093 1968 este
1108 1938 1204 1968 nostre

0 1981 51 2005 eat.
69 1986 111 2014 37.
144 1976 298 2014 Prisonier,
317 1977 412 2014 depuis
425 1976 450 2005 le
462 1977 527 2013 jour
542 1977 577 2006 de
593 1978 616 2006 la
631 1976 741 2007 Bataille
756 1976 791 2006 de
811 1975 947 2015 Poitiers,
964 1976 1075 2014 jusques
1090 1986 1125 2006 au
1138 1977 1204 2015 jour

3 2019 22 2043 Ξ.
43 2025 67 2052 3.
144 2015 180 2045 de
196 2014 270 2045 ceste
286 2015 432 2052 proschein
447 2014 552 2053 Fasque
568 2023 690 2053 venant,

180 2053 218 2083 Et
232 2055 322 2093 ycelui
341 2053 534 2090 Archevesque
548 2054 658 2083 euffons
673 2054 724 2083 mis
740 2062 755 2082 a
774 2052 953 2084 Raunceoun
969 2063 984 2083 a
999 2053 1023 2084 la
1043 2053 1152 2084 somme
1165 2053 1202 2084 de

146 2092 222 2122 xlviii
240 2091 418 2122 MillEscutz
428 2115 436 2128 ,
454 2092 584 2121 vaillanrz
597 2093 670 2122 xxiv.
685 2091 889 2130 MillNobleS,
905 2102 918 2122 a
932 2092 1004 2129 paier
1017 2092 1042 2121 la
1055 2092 1111 2124 dite
1120 2092 1206 2122 80111-

143 2141 190 2160 1116
209 2141 224 2160 3
243 2131 357 2160 certains
375 2130 461 2167 Jours
482 2131 514 2160 &
537 2129 674 2167 Termes,
697 2130 827 2159 accordes
849 2140 897 2168 par
914 2130 1001 2160 Nous
1019 2131 1052 2162 ὅ(
1070 2141 1117 2172 par
1132 2131 1205 2169 Lui,

140 2170 232 2199 dount
245 2169 270 2197 le
282 2168 393 2198 darrein
409 2168 555 2198 Paiernent
567 2167 608 2197 est
622 2178 637 2197 a
654 2167 732 2206 ycest
748 2168 854 2206 present
871 2168 991 2207 Pasque,

182 2207 231 2237 De
244 2207 269 2236 la
284 2206 364 2244 quele
378 2206 512 2244 Somrne,
532 2206 579 2236 des
592 2206 652 2236 ditz
663 2206 748 2244 Jours
763 2207 924 2237 &Termes
934 2232 943 2244 ,
960 2208 993 2238 &
1008 2206 1074 2237 auffi
1090 2206 1125 2237 de
1139 2215 1202 2239 tout

142 2248 167 2278 sa
175 2246 335 2276 Raunceon
351 2245 533 2283 entierment‚
552 2244 639 2275 Nous
652 2255 723 2275 nous
739 2253 891 2276 enttenons
903 2256 953 2282 pur
963 2245 1204 2285 content,N0us,

144 2294 203 2316 noz
222 2283 324 2322 Heirs,
339 2291 397 2313 11οΖ
419 2283 616 2322 Successours,
634 2285 668 2315 &
691 2291 762 2314 touz
780 2293 852 2315 ceux
874 2285 921 2323 qui
939 2283 974 2315 de
995 2295 1066 2316 nous
1085 2294 1203 2316 averont

143 2324 240 2360 cause,
259 2332 294 2352 en
309 2331 401 2360 temps
415 2322 527 2361 avenir,
546 2332 598 2359 pur
615 2332 702 2360 nous,

181 2361 220 2392 Et
232 2369 280 2391 ent
289 2360 426 2391 Clamons
441 2361 517 2399 quite
532 2360 557 2390 le
571 2361 611 2391 dit
621 2360 814 2400 Arcevesque,
832 2361 950 2400 Lui,ses
963 2361 1067 2400 Heirs,
1086 2361 1124 2393 ses
1133 2361 1205 2393 Suc-

144 2400 287 2437 ceffours,
303 2399 335 2430 &
351 2407 421 2429 touz
432 2399 469 2430 ses
494 2398 611 2439 Plegges
631 2400 814 2436 entierment‚
832 2401 865 2431 &
887 2399 953 2431 aussi
971 2409 1040 2431 touz
1056 2411 1129 2432 ceux
1149 2411 1204 2440 que

145 2439 181 2469 de
197 2438 254 2468 Lui
270 2445 387 2468 averont
401 2437 494 2475 cause,
512 2447 641 2476 entemps
660 2439 753 2468 avenir
774 2448 821 2476 par
842 2439 921 2469 cause
938 2439 974 2469 de
989 2439 1014 2469 la
1029 2439 1085 2470 dite
1107 2439 1206 2470 Raun-

144 2487 237 2515 ceon,
253 2477 317 2506 faite
333 2486 380 2513 par
403 2476 508 2514 Nous,
527 2486 565 2506 ou
587 2487 636 2514 par
656 2476 837 2516 quelconque
854 2476 992 2516 Persone,
1011 2488 1066 2517 que
1086 2488 1120 2509 ce
1136 2477 1204 2517 soit,

145 2524 194 2556 par
210 2514 288 2546 cause
303 2514 338 2545 de
351 2514 375 2545 la
390 2514 447 2544 dite
463 2514 573 2544 Bataille
586 2515 621 2545 de
634 2514 768 2555 Poyters,

185 2553 240 2591 Et,
256 2553 371 2591 avesque
386 2563 437 2591 ce,
459 2552 614 2584 Certifions
629 2565 643 2584 a
658 2562 727 2584 touz
742 2564 797 2593 que
812 2553 837 2584 le
848 2554 888 2584 dit
903 2554 1081 2595 Arcevesque
1095 2555 1128 2586 ad
1139 2556 1205 2585 bien

146 2594 180 2624 &
195 2591 338 2622 loialinent
351 2600 437 2621 tenuz
452 2590 476 2621 fit
498 2591 568 2630 Foi,
588 2593 620 2622 &
639 2592 676 2622 ses
693 2591 792 2631 Jours,
812 2593 920 2623 sicome
933 2601 996 2624 tout
1017 2595 1076 2625 bon
1092 2595 1125 2626 &
1142 2595 1205 2624 10131

150 2630 251 2669 Centil
267 2630 398 2660 Homme
413 2630 474 2660 doit
487 2629 570 2667 faire,
589 2641 623 2660 en
637 2641 670 2661 ce
685 2630 756 2669 Cas,
773 2633 806 2662 &
821 2641 856 2660 en
871 2640 939 2661 touz
953 2642 1050 2663 autres.

184 2668 242 2699 Pur
256 2670 324 2707 quoi
339 2668 442 2705 Nous,
458 2668 638 2707 Regardantz
652 2670 676 2699 le
690 2668 757 2700 Bien
771 2670 803 2700 &
814 2669 936 2700 l'Onour
952 2671 990 2701 du
1007 2671 1049 2701 dit
1072 2670 1208 2701 Arceves-

149 2717 221 2745 que,
240 2708 265 2737 le
282 2706 356 2745 quiel
371 2707 390 2736 il
405 2707 493 2737 Nous
507 2708 540 2736 ad
561 2716 630 2739 toul.
648 2709 722 2746 joui-s
746 2717 848 2746 tenuz,
870 2709 926 2739 Lui
947 2709 1073 2748 Qitons
1095 2710 1128 2740 &
1149 2708 1209 2739 Re-

148 2755 271 2775 metrons
287 2747 311 2775 sa
329 2744 399 2782 Foi,
415 2744 521 2782 laquele
534 2744 551 2774 il
567 2745 654 2776 Nous
669 2748 744 2777 avoit
762 2747 858 2776 baillee
873 2757 989 2778 comme
1002 2746 1094 2777 nostre
1116 2745 1208 2776 Priso-

150 2793 217 2820 ner,
233 2784 265 2814 &
280 2791 350 2813 touz
366 2793 411 2812 ces
426 2782 542 2850 Ρκέζῶ
558 2783 642 2821 auffi,
661 2785 737 2823 quels
753 2785 810 2821 q'ils
830 2785 916 2815 ioient
930 2796 977 2822 par
994 2786 1063 2816 celle
1078 2786 1174 2821 cause,

188 2821 226 2851 Et
240 2822 342 2852 volons
358 2821 403 2857 q’il
416 2821 462 2860 pui
490 2830 505 2850 e
518 2821 584 2851 faire
598 2829 675 2860 tout,
693 2822 759 2852 aussi
775 2823 820 2861 q'il
845 2825 946 2859 povoit
969 2823 1002 2854 δε
1027 2824 1123 2854 devoit
1145 2824 1211 2854 faire

149 2868 232 2891 avant
246 2859 272 2890 13
286 2860 345 2891 dite
358 2859 467 2890 Bataille
482 2859 518 2889 de
532 2859 664 2899 PoyterS,
682 2870 717 2890 ne
730 2861 797 2898 qu'il
811 2861 866 2891 fust
882 2861 975 2891 nostre
989 2861 1119 2892 Prisoner
1128 2885 1138 2900 ,

191 2898 229 2928 Et
251 2908 297 2937 par
323 2908 356 2928 ce
385 2897 471 2927 Nous
493 2898 532 2927 lui
560 2899 682 2929 rendons
705 2908 793 2929 toutes
815 2910 861 2929 ces
887 2899 1089 2938 Obligacions,
1120 2910 1211 2939 queux

156 2937 218 2977 q’ils
232 2937 338 2980 soient,
352 2935 388 2966 de
409 2936 466 2974 lui,
484 2946 522 2966 ou
544 2937 579 2967 de
599 2944 670 2967 touz
691 2937 729 2967 ses
751 2937 882 2976 Plegges,
902 2948 937 2967 611
956 2939 1078 2976 quelcon
1100 2949 1133 2969 ue
1153 2949 1213 2969 ma-

154 2986 221 3044 }iesrffe
235 2975 294 3016 q'ils
308 2983 381 3005 alent
395 2974 452 3005 este
469 2974 545 3005 faites
557 2985 604 3013 par
616 2975 671 3014 lui,
687 2986 725 3006 ou
741 2986 788 3014 pat
807 2977 844 3006 ses
872 2976 1008 3016 Plegges,
1026 2988 1072 3016 par
1098 2988 1112 3008 a
1133 2977 1212 3008 cause

166 3025 182 3044 u
215 3022 264 3044 ite:
523 3036 525 3038 -

194 3052 248 3090 Et,
268 3053 288 3083 s1
302 3052 373 3092 ainsy
387 3053 498 3082 avenoit
512 3063 566 3092 que
578 3053 672 3083 ascuns
695 3053 741 3083 des
756 3053 817 3084 ditz
835 3053 1018 3093 Obligacions
1040 3065 1075 3085 en
1091 3054 1211 3086 (16111011-

155 3091 257 3121 rassent
271 3091 367 3121 devers
388 3091 491 3129 Nous,
509 3102 547 3121 ou
572 3101 630 3121 11οῑ
648 3090 734 3121 Heirs
747 3114 756 3129 ,
783 3102 820 3122 ou
842 3092 939 3123 devers
961 3092 1057 3123 nostre
1078 3092 1210 3133 Conseil,

156 3129 243 3160 Nous
256 3130 357 3160 volons
370 3128 590 3160 desmeintenant
603 3140 656 3168 que
669 3130 784 3169 ycelles,
803 3130 875 3169 qeles
888 3131 981 3170 q’elles
1001 3132 1107 3171 soient,
1124 3133 1212 3164 soient

156 3167 316 3197 adnichilez
333 3169 364 3198 &
386 3167 422 3196 de
440 3168 515 3198 nulle
535 3167 625 3198 Value
640 3191 650 3206 ,
676 3169 708 3199 &
728 3177 796 3198 touz
818 3178 906 3199 autres
929 3169 1134 3209 quelconques,
1159 3182 1213 3212 que

157 3214 210 3244 pur
226 3208 305 3235 caule
318 3206 355 3235 du
371 3205 410 3235 dit
426 3205 601 3244 Arcevesque
619 3229 630 3245 ,
651 3217 689 3237 ou
706 3208 743 3238 de
762 3216 832 3238 touz
849 3208 888 3238 ses
903 3208 1018 3248 Piegges
1038 3209 1212 3249 dessusdites,

157 3253 255 3275 auront
270 3243 327 3273 este
343 3244 435 3280 faites,

149 3281 152 3283 ’
196 3282 249 3311 Par
263 3283 330 3320 quoi
345 3281 451 3320 NouS,
466 3291 524 3312 11οΖ
535 3281 637 3321 Hcirs,
655 3292 714 3314 noz
728 3283 927 3323 Succeslours,
950 3285 983 3316 &
1004 3294 1073 3316 touz
1095 3297 1167 3317 ceux
1185 3289 1213 3328 qi

157 3320 192 3353 de
208 3320 294 3350 Nous
307 3321 340 3351 &
354 3320 389 3350 de
405 3329 463 3350 noz
477 3320 561 3351 Heirs
575 3328 674 3351 auront
689 3332 723 3351 au
736 3322 813 3352 cause
823 3345 832 3360 ,
850 3333 925 3361 apres
940 3323 964 3353 la
981 3323 1062 3354 Mort
1075 3325 1111 3355 de
1125 3325 1212 3356 Nous

152 3359 192 3390 v&
206 3358 242 3388 de
254 3367 312 3389 noz
326 3357 427 3395 HeirS,
445 3369 482 3389 ne
494 3359 612 3399 puissent
626 3360 783 3390 desoremes
795 3361 869 3391 riens
889 3361 1060 3400 demender,
1079 3374 1126 3402 qar
1139 3365 1213 3404 ainsy

159 3396 260 3428 volons
275 3397 320 3438 q'il
333 3396 383 3426 soit
398 3397 471 3426 faite.

193 3435 240 3465 En
254 3433 481 3469 Teimoignance
503 3436 538 3466 de
550 3446 584 3468 66
603 3435 691 3466 Nous
709 3446 794 3468 avons
812 3437 868 3466 mis
893 3437 989 3469 nostre
1007 3438 1101 3470 Grant
1120 3439 1181 3471 8631
1197 3451 1214 3472 3

158 3483 205 3506 ces
221 3471 356 3510 presentes
371 3473 490 3503 Lettres.

196 3511 276 3541 Don.
292 3510 358 3553 l’An
373 3511 407 3540 de
419 3509 515 3542 Grace
537 3511 604 3542 Mill
619 3511 716 3544 CCC.
738 3512 871 3545 Soixante
886 3515 920 3545 ὃς
940 3514 1031 3554 deux,
1049 3515 1074 3546 le
1094 3517 1214 3555 primere

152 3552 218 3590 jour
231 3548 382 3588 d'Avenll,
398 3558 413 3578 a
428 3548 582 3582 Loundres.

3 2063 106 2082 ΚΒΜ.

0 2099 44 2128 ²5·

157 3672 185 3699 *ἦ
197 3676 255 3707 Pro
274 3670 395 3705 Abbase
419 3674 455 3709 ὠ·
477 3674 629 3704 Conventa
651 3673 686 3706 de
707 3676 812 3707 Sanno
835 3675 1007 3722 Ebrulpho‚
1031 3677 1068 3711 de
1093 3676 1218 3721 Restitu-

339 3724 435 3762 tione,
455 3721 551 3765 juxta
567 3720 710 3765 formam
734 3725 839 3765 Pacis,
860 3725 1016 3768 facienda.

0 3682 29 3704 '¹¹¹
44 3686 94 3713 VI.

11 3725 74 3758 360.

0 3796 85 3835 kann.
98 3804 138 3835 D.
161 3803 303 3861 REX,
323 3804 428 3836 diiecto
442 3806 475 3849 sq
490 3804 564 3835 fideli
581 3805 645 3849 ruo,
658 3805 781 3842 Johanni
796 3807 1221 3847 deeiiaundos‚i32ronisanffi

37 3843 122 3883 1362.
240 3843 385 3874 Salvatoris
398 3844 424 3874 le
439 3843 575 3874 Visconte
589 3854 616 3873 in
635 3844 721 3875 insula
734 3845 932 3885 Constantini,
952 3847 1110 3886 Capitaneo
1119 3850 1151 3880 &
1160 3850 1222 3880 Lo-

2 3884 64 3909 -An.
78 3886 122 3918 36.
158 3889 228 3910 cum
243 3880 371 3911 nostrum
385 3883 492 3912 tenenti
504 3883 532 3912 in
548 3882 670 3920 partibus
687 3882 920 3916 Normanniae&
936 3885 1104 3926 Britanniae,
1123 3888 1155 3919 &
1171 3889 1220 3919 ali-

10 3923 31 3952 13
56 3929 80 3956 3.
157 3918 187 3947 bi
202 3919 230 3948 in
247 3918 356 3956 Regno
372 3919 516 3960 Franciae,
538 3922 670 3951 Salutem.

0 3959 93 3986 stram.
196 3955 275 3988 Cum
290 3966 340 3996 per
357 3956 479 3996 Pacem,
495 3960 566 3990 inter
581 3959 648 3990 Nos
669 3960 702 3991 ὃς
719 3958 832 3998 Regem
855 3960 1000 4002 Franciae,
1019 3963 1144 3996 Fratrem
1166 3975 1220 3997 no-

9 3997 54 4030 36.
68 4000 97 4024 Ε.
108 4005 133 4034 3.
156 3993 244 4026 strum
259 3995 445 4035 cariffirnum,
464 3998 577 4037 initam,
595 3998 627 4030 sit
642 4000 865 4038 concordatum,

0 4041 40 4066 im.
58 4043 99 4064 12.
190 4036 262 4066 Tom.
277 4036 337 4065 111.
356 4035 434 4065 Part.
453 4038 495 4066 ΙΙ.

1229 144 1703 189 PUBLICA.
2225 167 2275 208 57

1251 233 1343 276 Qod
1360 232 1432 264 Viris
1446 234 1597 271 Religion<
1606 258 1616 273 ,
1634 236 1667 266 &
1682 235 1739 266 aliis
1754 237 1874 273 personis
1888 238 2099 278 Ecclefiasticis,
2116 240 2217 271 Terrae
2233 241 2267 272 δε
2282 238 2358 270 Α1111.
2373 239 2415 271 D:

1210 269 1397 315 Posseffiones
1409 272 1481 314 suaa,
1500 284 1546 310 per
1561 273 1668 304 Gentes
1683 274 1820 312 uti-iusque
1836 274 1922 306 Partis
1935 287 2097 316 occupatae.
2114 280 2187 309 adeo
2209 280 2268 317 ple-
2304 279 2389 317 1362.

1209 311 1247 352 116
1260 311 1293 339 &
1306 314 1430 348 integre,
1449 314 1516 341 licut
1530 322 1572 342 eas
1587 322 1650 343 ante
1665 312 1805 351 Guerras,
1825 314 1892 344 inter
1902 315 2002 355 Regna
2014 313 2122 356 Angliae
2138 318 2170 349 &
2180 318 2268 348 Fran·
2283 319 2350 345 Edv·
2371 327 2396 355 3·

1210 357 1262 377 ciae
1275 358 1381 385 motas,
1399 349 1554 380 habuerunt
1567 351 1599 380 ὃς
1615 360 1780 390 tenuerunt,
1801 351 1993 392 restituantur,

1249 385 1287 415 Et
1300 386 1378 424 quod
1394 387 1483 417 nullus
1496 388 1531 417 de
1551 398 1662 427 utraque
1685 389 1765 420 Parte
1787 391 1956 430 quicquain,
1974 392 2051 431 quod
2074 394 2102 423 in
2126 394 2268 425 laesionem

1211 425 1245 467 &t
1261 426 1469 468 enervationem
1485 425 1564 456 Pacis
1577 428 1721 464 praedict-‘e
1730 428 1840 459 cederet
1848 438 2042 469 ,attemptaret
2055 432 2104 462 sub
2116 435 2198 465 certis
2205 433 2271 464 Pae-

1213 472 1254 492 nis
1263 485 1272 500 ,
1287 473 1316 492 in
1330 463 1428 493 eadem
1446 462 1611 496 Concordia
1624 468 1781 504 contentis,

1251 500 1287 530 Et
1305 500 1387 539 Nos,

1251 539 1382 569 Volentes
1397 537 1502 570 Pacem
1519 539 1682 577 praedictam
1698 542 1726 571 in
1740 542 1872 574 omnibus
1885 545 2042 584 observari,

1251 576 1288 607 Et
1307 576 1404 608 Paenas
1417 579 1563 616 praedictas
1574 580 1696 616 evitare,
1838 609 1851 623 0

1252 615 1298 644 Ac
1313 615 1465 646 Salvationi
1481 617 1513 646 &
1530 615 1730 654 Indempnitati
1742 617 1893 650 Terrarum
1910 621 1942 651 &
1958 621 2122 661 Bonorum,
2140 622 2274 654 Dilecto-

1216 660 1280 680 rum
1295 654 1376 683 nobis
1390 654 1419 683 in
1438 653 1555 684 Christo
1725 655 1841 687 Abbatis
1864 658 1898 688 ὃς
1921 658 2092 692 Conventus
2113 661 2150 692 de
2168 662 2274 693 81111610

1216 688 1355 732 Ebruli'o,
1372 692 1412 722 ob
1427 693 1572 729 specialem
1585 692 1767 723 affectionem
1784 704 1867 733 quam
1889 695 1923 726 ad
1941 699 2094 730 Abbatiatn
2109 700 2275 739 praedictam

1217 736 1338 765 gerimus
1352 730 1386 759 &
1399 730 1551 768 habemus,
1568 730 1734 768 providere,

1233 803 1237 808 ·
1256 765 1433 804 Suscepimus
1447 769 1577 807 praefatos
1697 769 1839 800 Abbatem
1860 771 1893 801 ὃς
1909 772 2095 806 Conventum
2106 799 2115 814 ,
2132 786 2165 806 ac
2180 776 2278 807 Abba-

1218 811 1286 832 tiam
1310 805 1476 846 praedictam
1492 829 1502 844 ,
1527 805 1637 843 Cellas,
1658 806 1807 846 Membra,
1828 808 1973 850 Manena,
1992 813 2111 852 Terras,
2129 815 2226 854 Loca,
2243 816 2279 846 &

1218 839 1404 884 Poffesiiones
1418 843 1461 872 sua
1473 853 1679 883 quaecumque,
1700 847 1872 886 ubicumque
1885 848 2000 888 fuerint,
2018 853 2047 881 in
2063 852 2277 883 Prorectionem

1220 880 1254 910 &
1277 878 1501 924 Defensionem,
1521 891 1634 925 necnon
1655 883 1684 911 in
1707 884 1817 914 Salvam
1840 885 1992 924 Gardiam,
2012 890 2118 919 nostras
2138 891 2281 930 speciales,

1219 926 1303 954 prout
1317 928 1346 949 in
1362 918 1461 950 Literis
1481 919 1582 950 nostris
1605 919 1783 961 Patentibus,
1804 923 1870 953 inde
1886 926 2041 966 6011166115,
2058 928 2164 966 plenius
2190 930 2284 959 conti-

1222 964 1313 986 netur.

1238 1034 1241 1038 ,
1260 995 1305 1025 Α6
1317 995 1376 1034 jam
1393 997 1608 1028 intellexerimus
1622 998 1699 1037 quod
1715 1000 1828 1038 quidam
1846 1000 2062 1041 Malefaetores,
2081 1004 2139 1034 tarn
2155 1004 2191 1034 de
2200 1004 2285 1035 Gen-

1223 1034 1296 1077 tibus
1312 1035 1348 1079 (16
1362 1035 1492 1079 Natione
1506 1036 1682 1075 Anglicana,
1701 1041 1783 1076 quarn
1799 1040 1835 1069 de
1847 1039 1903 1069 aliis
1919 1041 1953 1070 de
1965 1042 2076 1072 diversis
2091 1042 2125 1073 N
2128 1044 2267 1073 ationibus
2273 1066 2284 1082 ,

1224 1082 1261 1101 eis
1274 1072 1413 1113 Alligatis,
1432 1074 1497 1112 post
1510 1076 1543 1105 &
1555 1084 1656 1105 contra
1669 1076 1770 1106 Pacem
1787 1078 1966 1117 praedictam,
1985 1082 2018 1110 ὃς
2033 1081 2082 1112 diu
2100 1081 2163 1118 post
2178 1081 2286 1111 adven-

1224 1119 1287 1155 tum
1300 1112 1423 1142 vestrum
1438 1113 1471 1142 ad
1486 1123 1573 1150 partes
1586 1113 1659 1152 illas,
1675 1114 1829 1145 Abbatiam
1844 1117 2008 1153 praedidam
2025 1129 2057 1149 ac
2075 1119 2204 1157 quaedam
2219 1118 2288 1151 Ma-

1226 1160 1301 1180 nena
1317 1152 1350 1181 ὃς
1366 1151 1446 1180 Loca
1460 1151 1592 1182 Abbatiae
1605 1152 1674 1182 illius
1687 1154 1922 1193 combusserunt,

1262 1187 1298 1229 Et
1311 1188 1390 1219 Bona
1404 1191 1437 1220 &
1451 1189 1638 1221 Poffeffiones
1653 1191 1818 1222 eorumdem
1831 1194 1905 1231 quasi
1918 1195 2034 1224 totaliter
2048 1195 2247 1229 destruxerunt

1263 1226 1301 1270 'Et
1317 1227 1397 1270 idemq
1409 1229 1505 1272 Abbas
1520 1229 1552 1259 &
1567 1229 1736 1260 Conventus
1757 1230 1836 1260 Fines
1852 1233 1884 1261 &
1903 1231 2140 1273 Redemptiones,
2157 1247 2224 1266 cum
2243 1222 2289 1268 di-

1229 1264 1281 1294 6115
1303 1265 1550 1305 Malemetonbus,
1569 1266 1609 1297 ob
1633 1277 1743 1298 metum
1763 1268 1981 1301 Combustionis
2001 1273 2120 1303 aliorum
2141 1274 2292 1306 Manerio-

1193 1333 1198 1336 ,
1229 1313 1291 1333 rum
1305 1305 1337 1334 &
1352 1303 1501 1335 Locorum
1517 1305 1628 1336 suorum
1644 1306 1788 1346 fecerunt,

1269 1340 1305 1371 Et
1321 1352 1453 1381 magmm
1468 1353 1575 1383 partim
1593 1345 1762 1375 eorumdem
1786 1345 1897 1377 Finium
1919 1349 1951 1378 ὃ(
1969 1348 2214 1390 Redemptionurn
2237 1351 2291 1383 sol-

1230 1389 1348 1418 verunt,
1367 1383 1399 1412 &
1415 1382 1485 1424 iplos
1499 1381 1654 1413 Residuum
1672 1383 1783 1413 Finium
1800 1385 1832 1415 ὅ(
1851 1385 2100 1425 Redemptionum
2116 1390 2228 1420 illorum
2237 1391 2291 1421 sol-

1233 1427 1299 1447 vere
1314 1428 1426 1462 oportet
1440 1420 1510 1450 infra
1524 1421 1625 1458 breve,
1641 1422 1690 1451 nisi
1707 1423 1744 1452 eis
1759 1423 1841 1453 citisus
1854 1424 1888 1453 de
1903 1424 2047 1455 Remedio
2083 1429 2259 1466 rovideatur‚

1270 1456 1310 1498 Et
1327 1467 1407 1495 quia,
1428 1467 1476 1494 per
1493 1458 1691 1495 juramentum
1713 1460 1856 1498 nostrum,
1873 1463 1906 1492 ad
1925 1462 2030 1492 dietam
2078 1475 2156 1495 acern
2179 1467 2297 1497 fideliter

1234 1495 1451 1525 conservandam
1472 1496 1563 1527 sumus
1583 1496 1705 1535 31111611,
1723 1498 1849 1529 nolentes
1869 1503 2037 1539 quicquam,
2053 1504 2130 1539 quod
2150 1506 2179 1533 in
2199 1505 2298 1536 Viola-

1234 1534 1342 1563 tionem
1358 1533 1435 1564 Pacis
1448 1535 1592 1573 praediecae
1606 1535 1706 1566 cedere
1721 1535 1827 1575 poffet,
1844 1547 1878 1566 ex
1890 1548 1967 1576 parte
1981 1540 2076 1570 nostra
2097 1545 2271 1583 attemptari,

1274 1571 1365 1602 Vobis
1380 1573 1560 1612 mandamus,
1576 1573 1692 1603 firmiter
1707 1575 1897 1615 injungentes,
1919 1577 2015 1615 quod,

1277 1609 1382 1640 Audita
1397 1611 1520 1649 Qierela
1529 1634 1539 1650 ,
1557 1613 1756 1650 praeditfftorum
1770 1613 1886 1643 Abbatis
1899 1616 1931 1651 ὃς
1945 1615 2117 1647 Conventus
2130 1618 2160 1647 in
2172 1617 2226 1648 hac
2235 1627 2297 1657 par-

1239 1656 1267 1679 te
1303 1649 1336 1679 &
1350 1649 1444 1680 habita
1460 1649 1540 1688 super
1554 1650 1698 1689 praemiffis
1712 1650 1915 1682 informatione
1930 1653 2073 1693 diligenti,

1275 1672 1310 1717 ld
1346 1687 1421 1726 quod
1436 1689 1517 1718 vobis
1531 1689 1658 1719 constare
1673 1690 1795 1727 poterit,
1812 1690 1932 1728 praefatis
1947 1692 2052 1722 Abbati
2075 1693 2108 1723 ὃς
2132 1692 2298 1726 Conventui

1240 1735 1287 1765 per
1304 1710 1412 1756 &entes
1426 1726 1545 1765 11011135,
1565 1727 1597 1757 &
1614 1728 1680 1757 alios
1695 1727 1729 1758 de
1743 1727 1891 1766 Alligantia
1907 1730 1964 1768 sua,
1983 1731 2045 1768 post
2067 1733 2099 1761 ὅ(
2121 1741 2219 1762 contra
2245 1734 2299 1764 Pa-

1241 1774 1306 1794 cem
1326 1764 1489 1805 praedictam
1505 1788 1515 1802 ,
1539 1774 1624 1795 attem
1647 1774 1732 1795 tatum
1756 1766 1789 1796 ὃς
1810 1766 1986 1798 forisfactum
2011 1768 2111 1807 fuiffe,
2129 1772 2181 1809 eis,
2197 1771 2302 1810 absque

1240 1803 1381 1834 dilationis
1393 1804 1598 1842 incommodo,
1614 1803 1727 1843 Corrigi
1742 1806 1775 1836 &
1790 1803 1971 1845 Resormari,
1986 1808 2019 1838 ὃς
2035 1809 2070 1838 ad
2085 1809 2193 1840 Statum
2209 1810 2303 1849 pristi-

1242 1853 1312 1872 num
1326 1842 1455 1880 Reduci,

1278 1880 1314 1911 Et
1337 1881 1381 1919 id,
1406 1880 1483 1919 quod
1505 1881 1540 1911 ab
1553 1882 1608 1919 eis,
1627 1882 1724 1913 colore
1744 1881 1858 1912 Finiutn
1879 1884 1912 1915 &
1937 1883 2184 1922 Redemptionum
2201 1887 2303 1925 prae‘di-

1243 1919 1376 1958 (storum,
1395 1920 1438 1950 vel
1455 1919 1509 1949 alio
1523 1919 1632 1958 modo,
1649 1919 1749 1956 injuste
1763 1930 1876 1959 captum
1893 1921 1994 1961 fuerit,
2011 1923 2150 1962 Restitui,

1280 1957 1320 1989 Et
1334 1957 1499 1995 Εκ36110111,
1521 1958 1623 1988 eisdem
1643 1959 1749 1988 Abbati
1769 1960 1802 1990 ὃς
1825 1959 2079 1999 Conventui,‘pro
2101 1961 2228 1995 Reliduo
2255 1964 2303 1994 Fi-

1242 1997 1323 2027 nium
1346 1997 1378 2027 &
1393 1996 1637 2034 Redemptionum
1652 1997 1871 2037 praedictorum,
1891 1999 1927 2030 lic
1952 1999 2052 2038 136136,
2070 2004 2192 2032 0111111110
2215 2003 2307 2043 super-

1242 2035 1327 2065 sederi
1340 2035 1442 2065 faciatis
1451 2058 1460 2074 ,

1278 2073 1317 2103 Et
1334 2073 1407 2112 hoc,
1427 2075 1494 2104 sicut
1508 2073 1576 2104 Nos
1589 2075 1622 2105 ὃς
1639 2073 1794 2105 Honorem
1811 2073 1941 2105 nostrum
1965 2074 2094 2115 diligitis,
2114 2078 2146 2109 ὃς
2169 2078 2204 2108 de
2227 2080 2309 2109 vobis

1241 2112 1431 2151 confidimus,
1457 2112 1547 2142 modis
1568 2113 1701 2143 omnibus
1720 2113 1842 2151 faciatis,
1869 2115 1904 2143 ita
1925 2114 2004 2152 quod
2027 2115 2084 2145 Pax
2107 2117 2259 2155 praedicta,
2278 2119 2307 2149 in

1241 2151 1328 2181 nostri
1343 2150 1521 2189 Defectum,
1539 2161 1599 2180 11011
1615 2152 1783 2188 infringatur
1799 2152 1843 2182 seu
1864 2153 2040 2191 infirmetur,
2058 2164 2111 2185 nec
2134 2156 2213 2192 quod
2237 2156 2307 2186 Poe-

1243 2200 1290 2221 nas
1303 2189 1446 2228 praedidtas
1459 2190 1610 2227 aliqualiter
1625 2190 1815 2228 incurramus,
1834 2199 1880 2221 aut
1895 2191 1976 2231 quod
1991 2201 2103 2230 oportet
2119 2203 2172 2224 nos
2194 2194 2309 2226 ulterius

1241 2228 1369 2258 solicitari
1382 2237 1415 2259 ex
1431 2228 1484 2262 hac
1499 2227 1589 2258 causa.

1279 2265 1346 2296 Dat.
1357 2266 1430 2304 apud
1448 2264 1752 2305 Westmonasterium,
1770 2266 1887 2297 decimo
1907 2267 1953 2298 die
1968 2267 2080 2307 Aprilis.

1243 2390 1270 2416 ἓ*
1289 2393 1336 2424 De
1362 2389 1534 2433 condutta,
1555 2402 1610 2436 pro
1630 2391 1768 2436 Episcopo
1790 2391 1894 2423 Sanb'bi
1920 2391 2043 2425 Andreae
2055 2420 2063 2435 ‚
2109 2405 2180 2441 uper
2205 2398 2307 2446 lVego-
2326 2405 2346 2425 ἰι
2364 2407 2418 2436 v1⁶

1582 2442 1633 2472 tiis
1660 2438 1772 2473 David
1793 2438 1829 2472 de
1851 2442 1954 2490 Bruys.
2326 2445 2389 2482 3⁶¹·

1247 2526 1391 2583 REX,
1405 2528 1466 2571 &a
1484 2527 1621 2575 Salutem.
2324 2529 2402 2561 Ann.
2417 2528 2458 2561 D.

1344 2568 1442 2596 8613115
1461 2567 1558 2605 quod,
2349 2569 2432 2608 1362.

1279 2602 1376 2642 Cum,
1397 2604 1586 2642 Venerabilis,
1605 2604 1705 2642 Pater,
1729 2603 1920 2643 willielmus,
1945 2605 2102 2644 Episcopus
2121 2606 2218 2639 8311611
2245 2609 2307 2640 Α11-
2328 2611 2382 2637 An.
2400 2608 2444 2644 36.

1246 2641 1335 2680 dreae,
1351 2643 1387 2673 de
1401 2643 1521 2680 partibus
1535 2642 1656 2681 Scotiae,
1677 2644 1706 2672 in
1728 2641 1865 2682 Regnum
1889 2644 2016 2675 nostrum
2032 2645 2162 2685 Angliae,
2177 2657 2230 2685 pro
2247 2649 2309 2686 qui·
2326 2650 2357 2675 E.
2379 2656 2405 2683 3.

1246 2680 1362 2710 busdam
1378 2681 1512 2719 negotiis,
1533 2680 1628 2711 David
1643 2682 1677 2711 de
1697 2680 1798 2720 Bruys,
1815 2680 2004 2714 Prisonarium
2022 2682 2169 2724 nostrum,
2190 2696 2308 2717 concer-
2329 2689 2395 2713 Scor.
2419 2683 2462 2719 36.

1248 2720 1394 2756 nentibuS,
1413 2722 1448 2749 de
1464 2719 1592 2749 Licentia
1607 2719 1698 2749 nostra
1713 2719 1744 2749 sit
1758 2729 1910 2759 venturus,
2330 2727 2359 2750 Ε.
2376 2732 2401 2759 3.
2419 2731 2456 2749 m.

1285 2757 1352 2787 Nos
1370 2757 1506 2794 (volentes
1521 2758 1667 2788 Securitati
1688 2758 1770 2801 ipsius
1791 2758 1923 2798 Episcopi
1940 2760 1970 2789 in
1991 2759 2044 2791 hac
2060 2769 2136 2798 parte
2151 2762 2309 2801 providere)
2332 2771 2359 2797 5-

1251 2796 1418 2835 suscepimus
1436 2797 1526 2835 ipsum
1539 2819 1548 2835 ,
1567 2797 1600 2826 &
1613 2796 1742 2834 Triginta
1754 2795 1868 2836 Equites
1875 2798 1910 2828 de
1924 2797 2072 2830 Comitiva
2085 2799 2149 2838 sua,
2167 2800 2226 2836 &c.
2228 2809 2312 2840 prout

1250 2838 1279 2864 in
1288 2834 1418 2873 fimilibus
1429 2836 1461 2864 de
1479 2836 1615 2864 Conduiflu
1629 2838 1742 2864 Literis.

1287 2873 1355 2903 Dat.
1368 2874 1442 2914 apud
1457 2872 1765 2911 westmonasterium,
1783 2872 1898 2904 decimo
1915 2874 2016 2913 quinto
2037 2874 2082 2906 die
2095 2875 2207 2914 Aprilis.

1713 2951 1766 2978 Per
1780 2948 1864 2988 ipfilm
1885 2952 1980 2987 Regem
1999 2949 2036 2986 ὠ
2055 2951 2209 2984 Concilium.

1398 3026 1566 3065 Confimiles
1587 3025 1693 3057 Literas
1711 3025 1815 3057 habent
1830 3026 1988 3065 subscripti,
2009 3028 2160 3068 videlicet,

1250 3106 1403 3142 Patricius,
1421 3103 1559 3143 Episcopus
1575 3103 1606 3132 de
1627 3106 1756 3143 Bregyn,
1769 3110 1818 3141 pro
1830 3103 1862 3143 fi'
1880 3102 1918 3137 όν
1939 3104 2082 3134 Duodecim
2100 3106 2254 3146 Equitibus.

1250 3181 1383 3210 Robertus
1401 3180 1432 3209 de
1449 3180 1558 3219 Erskyn
1579 3179 1676 3218 Miles,
1689 3188 1738 3218 pro
1750 3177 1782 3218 se
1801 3176 1838 3214 ῤ’
1855 3180 2000 3210 Duodecim
2016 3181 2169 3221 Equitibus.

1252 3257 1384 3297 Magister
1406 3256 1541 3286 lsValterus
1563 3256 1595 3285 de
1615 3255 1779 3294 Wrdelau,
1798 3255 2014 3286 Archidiaconus
2033 3257 2064 3286 de
2080 3260 2210 3297 Lawyes,
2222 3266 2274 3297 pro
2284 3258 2314 3297 [ἑ

1294 3296 1331 3331 &
1351 3297 1418 3326 0630
1437 3294 1592 3335 Equitibus.

1251 3374 1430 3402 Normannus
1446 3372 1478 3401 de
1498 3371 1592 3412 Lesty,
1607 3380 1656 3409 pro
1668 3369 1700 3409 [ὲ
1717 3368 1756 3406 &¹
1776 3373 1832 3401 0510
1852 3371 2005 3412 Equitibus.

1349 3500 1408 3530 Pro
1434 3497 1547 3530 David
1567 3496 1602 3529 dc
1626 3499 1737 3546 Bruys,
1763 3501 1794 3529 in
1816 3498 1965 3543 Angliam
1982 3499 2055 3543 jam
2079 3509 2215 3535 venturo.

1257 3581 1341 3639 RE
1352 3581 1382 3613 X
1401 3581 1573 3612 Custodibus
1588 3580 1784 3612 Marchiarum
1802 3582 1893 3620 Regni
1909 3582 1948 3612 sui
1962 3583 2052 3613 versus
2071 3584 2212 3624 Scotiam,
2230 3595 2262 3617 ac
2278 3596 2310 3617 u-
2330 3588 2406 3621 Ann,
2421 3589 2464 3620 D,

1335 3621 1446 3651 niversis
1461 3622 1493 3650 &
1516 3620 1624 3658 lingulis
1639 3620 1878 3658 vicecomitibus,
1896 3619 2072 3661 Majoribus,
2090 3623 2213 3662 Ballivis,
2230 3625 2264 3656 &
2284 3635 2313 3656 a·
2360 3630 2443 3668 1362.

1255 3658 1452 3727 liisSFidelibus
1467 3659 1533 3725 ἕως,
1549 3658 1583 3688 ad
1599 3668 1684 3696 quos,
1703 3659 1763 3688 &c.
1782 3657 1914 3689 Salutem.
2330 3671 2383 3696 An,
2401 3670 2445 3705 36,

1316 3706 1391 3729 ciatts
1427 3708 1465 3727 uo
1493 3718 1502 3734 ,
2330 3711 2360 3734 Ε.
2403 3730 2408 3734 ,

1295 3734 1376 3765 Cum
1393 3708 1488 3765 fflavid
1513 3733 1548 3764 de
1568 3733 1671 3778 Bruys,
1690 3734 1784 3765 Frater
1803 3734 1900 3767 noster
1915 3759 1925 3775 ,
1946 3746 1979 3767 ex
1999 3738 2083 3768 certis
2105 3738 2206 3777 caufis,
2224 3739 2317 3778 ipsum
2333 3715 2401 3773 sc0t3.
2419 3744 2462 3780 3⁶·

1260 3775 1459 3810 moventibus,
1483 3773 1518 3802 ad
1537 3771 1605 3802 Nos
1629 3783 1660 3802 111
1679 3773 1832 3812 Angli-am,
1851 3784 1881 3806 ut
1901 3776 2078 3814 accepimus,
2095 3777 2192 3807 venire
2213 3788 2320 3818 propo-
2334 3787 2363 3811 Ε.
2382 3793 2406 3819 3.
2426 3791 2462 3811 m».

1258 3821 1322 3850 nat,
2351 3844 2358 3851 .

1300 3850 1478 3887 Suscepimus
1493 3847 1581 3885 ipsum
1597 3847 1855 3886 David,veniendo
1866 3851 1900 3881 ad
1915 3851 2029 3889 Nos,in
2037 3851 2175 3890 Regnum
2191 3831 2345 3887 nostrum7

1260 3888 1387 3927 Angliae,
1407 3888 1468 3924 post
1484 3886 1597 3928 Festum
1619 3886 1715 3918 8311611
1736 3887 1811 3919 Petri
1834 3890 1869 3919 ad
1892 3887 2030 3927 Vincula,
2048 3891 2131 3928 usque
2152 3892 2186 3922 ad
2205 3893 2322 3925 Festum

1259 3926 1372 3957 Palcliae
1384 3927 1518 3964 proximo
1534 3928 1666 3965 sequens,
1686 3936 1753 3956 cum
1779 3927 1971 3966 Quadraginta
1987 3927 2150 3968 Equitibus,
2166 3931 2199 3961 &
2220 3943 2323 3963 eorum

1259 3965 1467 4001 Familiaribus,
1486 3962 1646 4002 Hei-mestis,
1667 3965 1699 3995 &
1715 3964 1814 3995 Rebus
1829 3966 1897 4003 fiiis,
1915 3968 1945 3995 in
1968 3966 2071 3996 eodem
2086 3966 2192 4008 Regno
2208 3980 2322 4001 moran-

1259 4003 1318 4041 do,
1337 4004 1369 4035 &
1385 4003 1484 4033 exinde
1499 4003 1527 4032 in
1544 4001 1673 4033 Scotiam
1693 4003 1854 4042 redeundo,
1869 4005 1899 4034 in
1919 4002 2133 4039 Proteetionem
2157 4009 2191 4039 ὃς
2212 4007 2323 4039 Defen-

1728 4041 1761 4071 H
2210 4046 2318 4078 sionem
