<?xml version="1.0" encoding="UTF-8"?>
<!DOCTYPE html PUBLIC "-//W3C//DTD XHTML 1.0 Transitional//EN"
    "http://www.w3.org/TR/xhtml1/DTD/xhtml1-transitional.dtd">
<html xmlns="http://www.w3.org/1999/xhtml" xml:lang="en" lang="en">
 <head>
  <title>
</title>
<meta http-equiv="Content-Type" content="text/html;charset=utf-8" />
  <meta name='ocr-system' content='tesseract 3.04.00' />
  <meta name='ocr-capabilities' content='ocr_page ocr_carea ocr_par ocr_line ocrx_word'/>
</head>
<body>
  <div class='ocr_page' id='page_1' title='image "./fderaconventione03ryme_0778.png"; bbox 0 0 2561 4251; ppageno 0'>
   <div class='ocr_carea' id='block_1_1' title="bbox 75 204 213 242">
    <p class='ocr_par' dir='ltr' id='par_1_1' title="bbox 75 204 213 242">
     <span class='ocr_line' id='line_1_1' title="bbox 75 204 213 242; baseline 0.007 -4"><span class='ocrx_word' id='word_1_1' title='bbox 75 204 155 238; x_wconf 79' lang='lat' dir='ltr'>&#39;Ann.</span> <span class='ocrx_word' id='word_1_2' title='bbox 171 208 213 242; x_wconf 80' lang='lat' dir='ltr'>D.</span> 
     </span>
    </p>
   </div>
   <div class='ocr_carea' id='block_1_2' title="bbox 106 256 191 287">
    <p class='ocr_par' dir='ltr' id='par_1_2' title="bbox 106 256 191 287">
     <span class='ocr_line' id='line_1_2' title="bbox 106 256 191 287; baseline 0.024 -2"><span class='ocrx_word' id='word_1_3' title='bbox 106 256 191 287; x_wconf 76' lang='lat'>1393·</span> 
     </span>
    </p>
   </div>
   <div class='ocr_carea' id='block_1_3' title="bbox 79 289 176 314">
    <p class='ocr_par' dir='ltr' id='par_1_3' title="bbox 79 289 176 314">
     <span class='ocr_line' id='line_1_3' title="bbox 79 289 176 314; baseline -0.01 0"><span class='ocrx_word' id='word_1_4' title='bbox 79 289 132 314; x_wconf 76' lang='lat' dir='ltr'>Ric.</span> <span class='ocrx_word' id='word_1_5' title='bbox 150 296 176 313; x_wconf 89' lang='lat'>2.</span> 
     </span>
    </p>
   </div>
   <div class='ocr_carea' id='block_1_4' title="bbox 78 326 181 400">
    <p class='ocr_par' dir='ltr' id='par_1_4' title="bbox 78 326 181 400">
     <span class='ocr_line' id='line_1_4' title="bbox 78 326 181 353; baseline 0.01 -1"><span class='ocrx_word' id='word_1_6' title='bbox 78 326 95 340; x_wconf 80' lang='lat'>⁸</span> <span class='ocrx_word' id='word_1_7' title='bbox 113 326 181 353; x_wconf 90' lang='lat' dir='ltr'>Vll.</span> 
     </span>
     <span class='ocr_line' id='line_1_5' title="bbox 78 370 143 400; baseline 0.031 -2"><span class='ocrx_word' id='word_1_8' title='bbox 78 370 143 400; x_wconf 84' lang='lat'><em>755·</em></span> 
     </span>
    </p>
   </div>
   <div class='ocr_carea' id='block_1_5' title="bbox 73 1193 202 1225">
    <p class='ocr_par' dir='ltr' id='par_1_5' title="bbox 73 1193 202 1225">
     <span class='ocr_line' id='line_1_6' title="bbox 73 1193 202 1225; baseline -0.016 0"><span class='ocrx_word' id='word_1_9' title='bbox 73 1193 150 1225; x_wconf 75' lang='lat' dir='ltr'>Ann.</span> <span class='ocrx_word' id='word_1_10' title='bbox 162 1193 202 1223; x_wconf 86' lang='lat' dir='ltr'>D.</span> 
     </span>
    </p>
   </div>
   <div class='ocr_carea' id='block_1_6' title="bbox 71 1243 189 1306">
    <p class='ocr_par' dir='ltr' id='par_1_6' title="bbox 71 1243 189 1306">
     <span class='ocr_line' id='line_1_7' title="bbox 88 1243 177 1283; baseline 0.022 -12"><span class='ocrx_word' id='word_1_11' title='bbox 88 1243 177 1283; x_wconf 51' lang='lat'>¹139&gt;⁴</span> 
     </span>
     <span class='ocr_line' id='line_1_8' title="bbox 71 1282 189 1306; baseline 0.008 -8"><span class='ocrx_word' id='word_1_12' title='bbox 71 1283 123 1299; x_wconf 59' lang='grc'><em>(151.</em></span> <span class='ocrx_word' id='word_1_13' title='bbox 148 1282 189 1306; x_wconf 76' lang='lat'>¹7-</span> 
     </span>
    </p>
   </div>
   <div class='ocr_carea' id='block_1_7' title="bbox 70 1354 203 1416">
    <p class='ocr_par' dir='ltr' id='par_1_7' title="bbox 70 1354 203 1416">
     <span class='ocr_line' id='line_1_9' title="bbox 71 1354 203 1384; baseline 0.008 -8"><span class='ocrx_word' id='word_1_14' title='bbox 71 1354 146 1376; x_wconf 51' lang='lat' dir='ltr'>Fran.</span> <span class='ocrx_word' id='word_1_15' title='bbox 164 1359 203 1384; x_wconf 66' lang='grc' dir='ltr'>ιζ’.</span> 
     </span>
     <span class='ocr_line' id='line_1_10' title="bbox 70 1392 185 1416; baseline 0.017 -2"><span class='ocrx_word' id='word_1_16' title='bbox 70 1392 135 1416; x_wconf 44' lang='lat' dir='ltr'>Re.</span> <span class='ocrx_word' id='word_1_17' title='bbox 149 1399 185 1416; x_wconf 76' lang='lat' dir='ltr'>m.</span> 
     </span>
    </p>
   </div>
   <div class='ocr_carea' id='block_1_8' title="bbox 60 1435 116 1462">
    <p class='ocr_par' dir='ltr' id='par_1_8' title="bbox 60 1435 116 1462">
     <span class='ocr_line' id='line_1_11' title="bbox 60 1435 116 1462; baseline 0 -9"><span class='ocrx_word' id='word_1_18' title='bbox 60 1435 116 1462; x_wconf 54' lang='lat'>¹14..</span> 
     </span>
    </p>
   </div>
   <div class='ocr_carea' id='block_1_9' title="bbox 69 2138 202 2400">
    <p class='ocr_par' dir='ltr' id='par_1_9' title="bbox 69 2138 202 2400">
     <span class='ocr_line' id='line_1_12' title="bbox 70 2138 202 2170; baseline -0.015 0"><span class='ocrx_word' id='word_1_19' title='bbox 70 2139 145 2170; x_wconf 76' lang='lat' dir='ltr'>Arm.</span> <span class='ocrx_word' id='word_1_20' title='bbox 162 2138 202 2168; x_wconf 91' lang='lat' dir='ltr'>D.</span> 
     </span>
     <span class='ocr_line' id='line_1_13' title="bbox 94 2187 176 2217; baseline 0 -1"><span class='ocrx_word' id='word_1_21' title='bbox 94 2187 176 2217; x_wconf 76' lang='lat'>1393-</span> 
     </span>
     <span class='ocr_line' id='line_1_14' title="bbox 69 2221 181 2252; baseline -0.018 -7"><span class='ocrx_word' id='word_1_22' title='bbox 69 2221 122 2245; x_wconf 71' lang='lat' dir='ltr'>Aa.</span> <span class='ocrx_word' id='word_1_23' title='bbox 141 2227 181 2252; x_wconf 79' lang='lat'>17.</span> 
     </span>
     <span class='ocr_line' id='line_1_15' title="bbox 69 2261 144 2284; baseline -0.027 0"><span class='ocrx_word' id='word_1_24' title='bbox 69 2261 99 2284; x_wconf 86' lang='lat' dir='ltr'>R.</span> <span class='ocrx_word' id='word_1_25' title='bbox 118 2266 144 2282; x_wconf 85' lang='lat'>2.</span> 
     </span>
     <span class='ocr_line' id='line_1_16' title="bbox 70 2298 176 2328; baseline -0.009 -6"><span class='ocrx_word' id='word_1_26' title='bbox 70 2298 128 2322; x_wconf 66' lang='grc' dir='ltr'>ΡΜ.</span> <span class='ocrx_word' id='word_1_27' title='bbox 149 2304 176 2328; x_wconf 85' lang='grc' dir='ltr'>ι7</span> 
     </span>
     <span class='ocr_line' id='line_1_17' title="bbox 69 2336 201 2369; baseline -0.008 -9"><span class='ocrx_word' id='word_1_28' title='bbox 69 2336 164 2369; x_wconf 66' lang='lat' dir='ltr'>R,2.p.</span> <span class='ocrx_word' id='word_1_29' title='bbox 179 2344 201 2359; x_wconf 90' lang='lat' dir='ltr'>i.</span> 
     </span>
     <span class='ocr_line' id='line_1_18' title="bbox 70 2381 173 2400; baseline -0.01 -1"><span class='ocrx_word' id='word_1_30' title='bbox 70 2381 105 2400; x_wconf 85' lang='lat' dir='ltr'>m.</span> <span class='ocrx_word' id='word_1_31' title='bbox 128 2381 173 2398; x_wconf 66' lang='grc' dir='ltr'>ιι.</span> 
     </span>
    </p>
   </div>
   <div class='ocr_carea' id='block_1_10' title="bbox 76 2968 211 3190">
    <p class='ocr_par' dir='ltr' id='par_1_10' title="bbox 76 2968 204 3047">
     <span class='ocr_line' id='line_1_19' title="bbox 76 2968 204 3000; baseline -0.008 0"><span class='ocrx_word' id='word_1_32' title='bbox 76 2969 153 3000; x_wconf 87' lang='lat' dir='ltr'>Ann.</span> <span class='ocrx_word' id='word_1_33' title='bbox 165 2968 204 2999; x_wconf 86' lang='lat' dir='ltr'>D.</span> 
     </span>
     <span class='ocr_line' id='line_1_20' title="bbox 98 3017 182 3047; baseline 0 -1"><span class='ocrx_word' id='word_1_34' title='bbox 98 3017 182 3047; x_wconf 76' lang='lat'>1393·</span> 
     </span>
    </p>

    <p class='ocr_par' dir='ltr' id='par_1_11' title="bbox 77 3052 211 3190">
     <span class='ocr_line' id='line_1_21' title="bbox 77 3052 194 3081; baseline 0 -6"><span class='ocrx_word' id='word_1_35' title='bbox 77 3052 130 3075; x_wconf 66' lang='lat' dir='ltr'>Aa.</span> <span class='ocrx_word' id='word_1_36' title='bbox 153 3057 194 3081; x_wconf 81' lang='lat'>17.</span> 
     </span>
     <span class='ocr_line' id='line_1_22' title="bbox 77 3124 211 3159; baseline 0.007 -10"><span class='ocrx_word' id='word_1_37' title='bbox 77 3124 211 3159; x_wconf 45' lang='lat' dir='ltr'>Clausffiss.</span> 
     </span>
     <span class='ocr_line' id='line_1_23' title="bbox 79 3166 196 3190; baseline -0.009 -2"><span class='ocrx_word' id='word_1_38' title='bbox 79 3166 108 3189; x_wconf 74' lang='lat' dir='ltr'>R.</span> <span class='ocrx_word' id='word_1_39' title='bbox 128 3172 196 3190; x_wconf 54' lang='lat' dir='ltr'>zan.</span> 
     </span>
    </p>
   </div>
   <div class='ocr_carea' id='block_1_11' title="bbox 80 3208 187 3265">
    <p class='ocr_par' dir='ltr' id='par_1_12' title="bbox 80 3208 187 3265">
     <span class='ocr_line' id='line_1_24' title="bbox 85 3208 129 3234; baseline 0 -9"><span class='ocrx_word' id='word_1_40' title='bbox 85 3208 129 3234; x_wconf 78' lang='lat'>3¹-</span> 
     </span>
     <span class='ocr_line' id='line_1_25' title="bbox 80 3236 187 3265; baseline 0 0"><span class='ocrx_word' id='word_1_41' title='bbox 80 3236 101 3254; x_wconf 63' lang='lat'><em>*</em></span> <span class='ocrx_word' id='word_1_42' title='bbox 123 3238 187 3265; x_wconf 85' lang='lat' dir='ltr'>VII.</span> 
     </span>
    </p>
   </div>
   <div class='ocr_carea' id='block_1_12' title="bbox 83 3277 148 3311">
    <p class='ocr_par' dir='ltr' id='par_1_13' title="bbox 83 3277 148 3311">
     <span class='ocr_line' id='line_1_26' title="bbox 83 3277 148 3311; baseline 0 0"><span class='ocrx_word' id='word_1_43' title='bbox 83 3277 148 3311; x_wconf 83' lang='lat'><em>756·</em></span> 
     </span>
    </p>
   </div>
   <div class='ocr_carea' id='block_1_13' title="bbox 212 133 1289 283">
    <p class='ocr_par' dir='ltr' id='par_1_14' title="bbox 212 133 1289 283">
     <span class='ocr_line' id='line_1_27' title="bbox 212 133 268 173; baseline -0.018 -9"><span class='ocrx_word' id='word_1_44' title='bbox 212 133 268 173; x_wconf 76' lang='lat'>90</span> 
     </span>
     <span class='ocr_line' id='line_1_28' title="bbox 226 190 1289 245; baseline -0.017 -8"><span class='ocrx_word' id='word_1_45' title='bbox 226 208 351 245; x_wconf 58' lang='lat' dir='ltr'>lunate,</span> <span class='ocrx_word' id='word_1_46' title='bbox 368 206 471 238; x_wconf 89' lang='lat' dir='ltr'>eisdem</span> <span class='ocrx_word' id='word_1_47' title='bbox 490 201 724 234; x_wconf 81' lang='lat' dir='ltr'>Procuratoribus</span> <span class='ocrx_word' id='word_1_48' title='bbox 738 201 772 231; x_wconf 77' lang='grc' dir='ltr'>δε</span> <span class='ocrx_word' id='word_1_49' title='bbox 790 198 916 228; x_wconf 88' lang='lat' dir='ltr'>Nunciis</span> <span class='ocrx_word' id='word_1_50' title='bbox 935 194 1036 239; x_wconf 82' lang='lat' dir='ltr'>nostris</span> <span class='ocrx_word' id='word_1_51' title='bbox 1047 193 1217 231; x_wconf 76' lang='lat' dir='ltr'>plenariam,</span> <span class='ocrx_word' id='word_1_52' title='bbox 1231 190 1289 235; x_wconf 81' lang='lat' dir='ltr'>suf-</span> 
     </span>
     <span class='ocr_line' id='line_1_29' title="bbox 226 231 1289 283; baseline -0.018 -6"><span class='ocrx_word' id='word_1_53' title='bbox 226 247 388 283; x_wconf 79' lang='lat' dir='ltr'>sicientem,</span> <span class='ocrx_word' id='word_1_54' title='bbox 405 247 437 275; x_wconf 74' lang='grc' dir='ltr'>δε</span> <span class='ocrx_word' id='word_1_55' title='bbox 456 244 571 273; x_wconf 79' lang='lat' dir='ltr'><strong>liberam</strong></span> <span class='ocrx_word' id='word_1_56' title='bbox 593 242 611 259; x_wconf 51' lang='lat'>*⁴*</span> <span class='ocrx_word' id='word_1_57' title='bbox 631 239 802 270; x_wconf 86' lang='lat' dir='ltr'>Potestatem</span> <span class='ocrx_word' id='word_1_58' title='bbox 819 238 854 266; x_wconf 87' lang='lat' dir='ltr'>ad</span> <span class='ocrx_word' id='word_1_59' title='bbox 871 243 971 265; x_wconf 86' lang='lat' dir='ltr'>omnia</span> <span class='ocrx_word' id='word_1_60' title='bbox 989 234 1022 263; x_wconf 90' lang='lat'>&amp;</span> <span class='ocrx_word' id='word_1_61' title='bbox 1039 231 1143 271; x_wconf 85' lang='lat' dir='ltr'>singula</span> <span class='ocrx_word' id='word_1_62' title='bbox 1155 231 1289 261; x_wconf 86' lang='lat' dir='ltr'>Praemis-</span> 
     </span>
    </p>
   </div>
   <div class='ocr_carea' id='block_1_14' title="bbox 223 268 1289 361">
    <p class='ocr_par' dir='ltr' id='par_1_15' title="bbox 223 268 1289 361">
     <span class='ocr_line' id='line_1_30' title="bbox 225 268 1289 323; baseline -0.018 -7"><span class='ocrx_word' id='word_1_63' title='bbox 225 285 266 323; x_wconf 79' lang='lat' dir='ltr'>sa,</span> <span class='ocrx_word' id='word_1_64' title='bbox 287 285 333 316; x_wconf 91' lang='lat' dir='ltr'>seu</span> <span class='ocrx_word' id='word_1_65' title='bbox 349 294 381 314; x_wconf 80' lang='lat' dir='ltr'>ea</span> <span class='ocrx_word' id='word_1_66' title='bbox 399 280 621 320; x_wconf 78' lang='lat' dir='ltr'>quomodolibet</span> <span class='ocrx_word' id='word_1_67' title='bbox 640 277 856 318; x_wconf 80' lang='lat' dir='ltr'>concernentia,</span> <span class='ocrx_word' id='word_1_68' title='bbox 871 270 1089 308; x_wconf 68' lang='lat' dir='ltr'>Tractandum,</span> <span class='ocrx_word' id='word_1_69' title='bbox 1105 268 1289 314; x_wconf 76' lang='lat' dir='ltr'>concordan—</span> 
     </span>
     <span class='ocr_line' id='line_1_31' title="bbox 223 306 1287 361; baseline -0.016 -8"><span class='ocrx_word' id='word_1_70' title='bbox 223 324 293 354; x_wconf 85' lang='lat' dir='ltr'>dum</span> <span class='ocrx_word' id='word_1_71' title='bbox 302 348 311 361; x_wconf 81' lang='lat'>,</span> <span class='ocrx_word' id='word_1_72' title='bbox 330 319 542 360; x_wconf 76' lang='lat' dir='ltr'>paciscendum,</span> <span class='ocrx_word' id='word_1_73' title='bbox 558 317 735 355; x_wconf 85' lang='lat' dir='ltr'>faciendum,</span> <span class='ocrx_word' id='word_1_74' title='bbox 753 312 977 351; x_wconf 84' lang='lat' dir='ltr'>expediendum,</span> <span class='ocrx_word' id='word_1_75' title='bbox 990 310 1023 340; x_wconf 92' lang='lat'>&amp;</span> <span class='ocrx_word' id='word_1_76' title='bbox 1037 308 1155 340; x_wconf 85' lang='lat' dir='ltr'>finaliter</span> <span class='ocrx_word' id='word_1_77' title='bbox 1167 306 1287 338; x_wconf 89' lang='lat' dir='ltr'>conclu-</span> 
     </span>
    </p>
   </div>
   <div class='ocr_carea' id='block_1_15' title="bbox 226 362 1288 433">
    <p class='ocr_par' dir='ltr' id='par_1_16' title="bbox 226 362 1288 433">
     <span class='ocr_line' id='line_1_32' title="bbox 226 362 1288 433; baseline -0.016 -3"><span class='ocrx_word' id='word_1_78' title='bbox 226 362 424 430; x_wconf 47' lang='lat' dir='ltr'>dessdcmoln&#39;inia</span> <span class='ocrx_word' id='word_1_79' title='bbox 442 397 476 428; x_wconf 73' lang='grc' dir='ltr'>ὃς</span> <span class='ocrx_word' id='word_1_80' title='bbox 491 395 610 433; x_wconf 68' lang='lat' dir='ltr'>singula,</span> <span class='ocrx_word' id='word_1_81' title='bbox 630 393 667 423; x_wconf 81' lang='lat' dir='ltr'>sic</span> <span class='ocrx_word' id='word_1_82' title='bbox 685 391 820 422; x_wconf 67' lang='lat' dir='ltr'>Tractata</span> <span class='ocrx_word' id='word_1_83' title='bbox 838 390 873 421; x_wconf 89' lang='lat'>&amp;</span> <span class='ocrx_word' id='word_1_84' title='bbox 891 386 1093 424; x_wconf 86' lang='lat' dir='ltr'>Concordata,</span> <span class='ocrx_word' id='word_1_85' title='bbox 1116 382 1288 416; x_wconf 83' lang='lat' dir='ltr'>firmandum</span> 
     </span>
    </p>
   </div>
   <div class='ocr_carea' id='block_1_16' title="bbox 220 422 1288 593">
    <p class='ocr_par' dir='ltr' id='par_1_17' title="bbox 223 422 1288 509">
     <span class='ocr_line' id='line_1_33' title="bbox 223 422 1251 470; baseline -0.015 -3"><span class='ocrx_word' id='word_1_86' title='bbox 223 440 257 470; x_wconf 89' lang='lat'>&amp;</span> <span class='ocrx_word' id='word_1_87' title='bbox 277 436 471 467; x_wconf 87' lang='lat' dir='ltr'>roborandum</span> <span class='ocrx_word' id='word_1_88' title='bbox 490 428 676 466; x_wconf 73' lang='lat' dir='ltr'>Cautionibus</span> <span class='ocrx_word' id='word_1_89' title='bbox 695 429 936 468; x_wconf 87' lang='lat' dir='ltr'>quibuscumque,</span> <span class='ocrx_word' id='word_1_90' title='bbox 954 426 1035 457; x_wconf 80' lang='lat' dir='ltr'>licitis</span> <span class='ocrx_word' id='word_1_91' title='bbox 1055 426 1089 456; x_wconf 90' lang='lat'>&amp;</span> <span class='ocrx_word' id='word_1_92' title='bbox 1106 422 1251 460; x_wconf 87' lang='lat' dir='ltr'>honestis,</span> 
     </span>
     <span class='ocr_line' id='line_1_34' title="bbox 262 461 1288 509; baseline -0.015 -4"><span class='ocrx_word' id='word_1_93' title='bbox 262 476 305 505; x_wconf 88' lang='lat' dir='ltr'>Ac</span> <span class='ocrx_word' id='word_1_94' title='bbox 322 476 372 504; x_wconf 82' lang='lat' dir='ltr'>alia</span> <span class='ocrx_word' id='word_1_95' title='bbox 389 475 487 504; x_wconf 79' lang='lat' dir='ltr'>omnia</span> <span class='ocrx_word' id='word_1_96' title='bbox 501 475 535 504; x_wconf 89' lang='lat'>&amp;</span> <span class='ocrx_word' id='word_1_97' title='bbox 552 471 656 508; x_wconf 73' lang='lat' dir='ltr'>lingula</span> <span class='ocrx_word' id='word_1_98' title='bbox 674 467 864 505; x_wconf 82' lang='lat' dir='ltr'>Faciendum,</span> <span class='ocrx_word' id='word_1_99' title='bbox 883 463 1116 509; x_wconf 84' lang='lat' dir='ltr'>Excercendum,</span> <span class='ocrx_word' id='word_1_100' title='bbox 1140 463 1174 494; x_wconf 93' lang='lat'>&amp;</span> <span class='ocrx_word' id='word_1_101' title='bbox 1193 461 1288 500; x_wconf 81' lang='lat' dir='ltr'>Expe-</span> 
     </span>
    </p>

    <p class='ocr_par' dir='ltr' id='par_1_18' title="bbox 223 503 1288 551">
     <span class='ocr_line' id='line_1_35' title="bbox 223 503 1288 551; baseline -0.013 -7"><span class='ocrx_word' id='word_1_102' title='bbox 223 514 359 544; x_wconf 85' lang='lat' dir='ltr'>diendum</span> <span class='ocrx_word' id='word_1_103' title='bbox 375 535 384 551; x_wconf 79' lang='lat'>,</span> <span class='ocrx_word' id='word_1_104' title='bbox 418 523 482 550; x_wconf 81' lang='lat' dir='ltr'>quae</span> <span class='ocrx_word' id='word_1_105' title='bbox 504 513 579 541; x_wconf 86' lang='lat' dir='ltr'>circa</span> <span class='ocrx_word' id='word_1_106' title='bbox 600 508 745 539; x_wconf 81' lang='lat' dir='ltr'>Praemiffa</span> <span class='ocrx_word' id='word_1_107' title='bbox 769 505 919 537; x_wconf 76' lang='lat' dir='ltr'>necessaria</span> <span class='ocrx_word' id='word_1_108' title='bbox 937 504 1043 535; x_wconf 87' lang='lat' dir='ltr'>fuerint</span> <span class='ocrx_word' id='word_1_109' title='bbox 1061 503 1106 533; x_wconf 87' lang='lat' dir='ltr'>seu</span> <span class='ocrx_word' id='word_1_110' title='bbox 1124 508 1264 540; x_wconf 88' lang='lat' dir='ltr'>oportuna</span> <span class='ocrx_word' id='word_1_111' title='bbox 1277 521 1288 538; x_wconf 89' lang='lat'>‚</span> 
     </span>
    </p>

    <p class='ocr_par' dir='ltr' id='par_1_19' title="bbox 220 546 812 593">
     <span class='ocr_line' id='line_1_36' title="bbox 220 546 812 593; baseline -0.015 -10"><span class='ocrx_word' id='word_1_112' title='bbox 220 554 305 584; x_wconf 80' lang='lat' dir='ltr'>etiam</span> <span class='ocrx_word' id='word_1_113' title='bbox 325 552 345 582; x_wconf 93' lang='lat' dir='ltr'>si</span> <span class='ocrx_word' id='word_1_114' title='bbox 366 551 533 581; x_wconf 85' lang='lat' dir='ltr'>Mandatum</span> <span class='ocrx_word' id='word_1_115' title='bbox 554 550 665 593; x_wconf 78' lang='lat' dir='ltr'>exigant</span> <span class='ocrx_word' id='word_1_116' title='bbox 678 546 812 585; x_wconf 84' lang='lat' dir='ltr'>speciale:</span> 
     </span>
    </p>
   </div>
   <div class='ocr_carea' id='block_1_17' title="bbox 222 584 1285 668">
    <p class='ocr_par' dir='ltr' id='par_1_20' title="bbox 222 584 1285 668">
     <span class='ocr_line' id='line_1_37' title="bbox 260 584 1077 624; baseline -0.013 -3"><span class='ocrx_word' id='word_1_117' title='bbox 260 591 460 621; x_wconf 82' lang='lat' dir='ltr'>Promitteiites</span> <span class='ocrx_word' id='word_1_118' title='bbox 478 599 529 618; x_wconf 85' lang='lat' dir='ltr'>nos</span> <span class='ocrx_word' id='word_1_119' title='bbox 548 597 647 617; x_wconf 85' lang='lat' dir='ltr'>omnia</span> <span class='ocrx_word' id='word_1_120' title='bbox 662 588 695 617; x_wconf 88' lang='lat'>&amp;</span> <span class='ocrx_word' id='word_1_121' title='bbox 715 584 833 623; x_wconf 85' lang='lat' dir='ltr'>singula,</span> <span class='ocrx_word' id='word_1_122' title='bbox 1074 619 1077 624; x_wconf 93' lang='lat'>.</span> 
     </span>
     <span class='ocr_line' id='line_1_38' title="bbox 222 615 1285 668; baseline -0.015 -8"><span class='ocrx_word' id='word_1_123' title='bbox 222 638 248 660; x_wconf 81' lang='lat' dir='ltr'>ta</span> <span class='ocrx_word' id='word_1_124' title='bbox 260 653 269 668; x_wconf 87' lang='lat'>,</span> <span class='ocrx_word' id='word_1_125' title='bbox 296 640 349 667; x_wconf 86' lang='lat' dir='ltr'>pro</span> <span class='ocrx_word' id='word_1_126' title='bbox 366 629 448 659; x_wconf 83' lang='lat' dir='ltr'>Parte</span> <span class='ocrx_word' id='word_1_127' title='bbox 467 627 562 657; x_wconf 84' lang='lat' dir='ltr'>nostra</span> <span class='ocrx_word' id='word_1_128' title='bbox 578 626 666 657; x_wconf 85' lang='lat' dir='ltr'>Grata</span> <span class='ocrx_word' id='word_1_129' title='bbox 681 626 714 656; x_wconf 90' lang='lat'>&amp;</span> <span class='ocrx_word' id='word_1_130' title='bbox 734 623 805 654; x_wconf 76' lang='lat' dir='ltr'>Rata</span> <span class='ocrx_word' id='word_1_131' title='bbox 824 623 968 653; x_wconf 88' lang='lat' dir='ltr'>habituros</span> <span class='ocrx_word' id='word_1_132' title='bbox 980 643 990 657; x_wconf 87' lang='lat'>,</span> <span class='ocrx_word' id='word_1_133' title='bbox 1021 620 1054 650; x_wconf 91' lang='lat'>&amp;</span> <span class='ocrx_word' id='word_1_134' title='bbox 1071 628 1101 648; x_wconf 95' lang='lat' dir='ltr'>in</span> <span class='ocrx_word' id='word_1_135' title='bbox 1127 618 1204 647; x_wconf 88' lang='lat' dir='ltr'>bona</span> <span class='ocrx_word' id='word_1_136' title='bbox 1229 615 1285 646; x_wconf 83' lang='lat' dir='ltr'>fide</span> 
     </span>
    </p>
   </div>
   <div class='ocr_carea' id='block_1_18' title="bbox 221 654 1287 784">
    <p class='ocr_par' dir='ltr' id='par_1_21' title="bbox 221 654 1287 784">
     <span class='ocr_line' id='line_1_39' title="bbox 221 654 1286 702; baseline -0.013 -4"><span class='ocrx_word' id='word_1_137' title='bbox 221 668 341 699; x_wconf 78' lang='lat' dir='ltr'>firmiter</span> <span class='ocrx_word' id='word_1_138' title='bbox 359 670 392 699; x_wconf 72' lang='grc' dir='ltr'>δε</span> <span class='ocrx_word' id='word_1_139' title='bbox 409 666 605 696; x_wconf 77' lang='lat' dir='ltr'>inviolabiliter</span> <span class='ocrx_word' id='word_1_140' title='bbox 623 663 772 695; x_wconf 85' lang='lat' dir='ltr'>observare</span> <span class='ocrx_word' id='word_1_141' title='bbox 787 686 796 699; x_wconf 86' lang='lat'>‚</span> <span class='ocrx_word' id='word_1_142' title='bbox 822 669 908 700; x_wconf 87' lang='lat' dir='ltr'>prout</span> <span class='ocrx_word' id='word_1_143' title='bbox 925 659 1013 702; x_wconf 82' lang='lat' dir='ltr'>iidem</span> <span class='ocrx_word' id='word_1_144' title='bbox 1036 656 1236 702; x_wconf 72' lang='lat' dir='ltr'>Procuratores</span> <span class='ocrx_word' id='word_1_145' title='bbox 1252 654 1286 699; x_wconf 61' lang='grc' dir='ltr'>βε</span> 
     </span>
     <span class='ocr_line' id='line_1_40' title="bbox 221 695 1286 739; baseline -0.014 -1"><span class='ocrx_word' id='word_1_146' title='bbox 221 707 338 738; x_wconf 89' lang='lat' dir='ltr'>Nuncii</span> <span class='ocrx_word' id='word_1_147' title='bbox 356 705 444 736; x_wconf 74' lang='lat' dir='ltr'>nostri</span> <span class='ocrx_word' id='word_1_148' title='bbox 462 705 596 736; x_wconf 71' lang='lat' dir='ltr'>Noiiiine</span> <span class='ocrx_word' id='word_1_149' title='bbox 615 702 713 733; x_wconf 86' lang='lat' dir='ltr'>nostro</span> <span class='ocrx_word' id='word_1_150' title='bbox 731 701 851 731; x_wconf 85' lang='lat' dir='ltr'><strong>fecerint</strong></span> <span class='ocrx_word' id='word_1_151' title='bbox 869 701 902 732; x_wconf 71' lang='grc' dir='ltr'>ὃς</span> <span class='ocrx_word' id='word_1_152' title='bbox 921 695 1097 736; x_wconf 90' lang='lat' dir='ltr'>promiserint</span> <span class='ocrx_word' id='word_1_153' title='bbox 1113 705 1142 725; x_wconf 90' lang='lat' dir='ltr'>in</span> <span class='ocrx_word' id='word_1_154' title='bbox 1159 703 1286 739; x_wconf 78' lang='lat' dir='ltr'>praemis-</span> 
     </span>
     <span class='ocr_line' id='line_1_41' title="bbox 222 733 1287 784; baseline -0.013 -8"><span class='ocrx_word' id='word_1_155' title='bbox 222 746 256 776; x_wconf 80' lang='lat' dir='ltr'>sis</span> <span class='ocrx_word' id='word_1_156' title='bbox 272 769 280 784; x_wconf 89' lang='lat'><em>‚</em></span> <span class='ocrx_word' id='word_1_157' title='bbox 306 748 338 777; x_wconf 83' lang='lat'>&amp;</span> <span class='ocrx_word' id='word_1_158' title='bbox 360 746 438 775; x_wconf 79' lang='lat' dir='ltr'>sicuti</span> <span class='ocrx_word' id='word_1_159' title='bbox 457 754 510 775; x_wconf 88' lang='lat' dir='ltr'>iios</span> <span class='ocrx_word' id='word_1_160' title='bbox 526 745 579 784; x_wconf 79' lang='lat' dir='ltr'>ipsa</span> <span class='ocrx_word' id='word_1_161' title='bbox 597 743 693 773; x_wconf 82' lang='lat' dir='ltr'>omnia</span> <span class='ocrx_word' id='word_1_162' title='bbox 709 742 742 772; x_wconf 72' lang='grc' dir='ltr'>δε</span> <span class='ocrx_word' id='word_1_163' title='bbox 760 739 863 779; x_wconf 77' lang='lat' dir='ltr'>lingula</span> <span class='ocrx_word' id='word_1_164' title='bbox 880 740 911 768; x_wconf 89' lang='lat' dir='ltr'>iri</span> <span class='ocrx_word' id='word_1_165' title='bbox 930 735 1050 767; x_wconf 90' lang='lat' dir='ltr'>Persona</span> <span class='ocrx_word' id='word_1_166' title='bbox 1069 733 1188 772; x_wconf 85' lang='lat' dir='ltr'>Propria</span> <span class='ocrx_word' id='word_1_167' title='bbox 1204 733 1287 763; x_wconf 86' lang='lat' dir='ltr'>feeis-</span> 
     </span>
    </p>
   </div>
   <div class='ocr_carea' id='block_1_19' title="bbox 220 785 1288 860">
    <p class='ocr_par' dir='ltr' id='par_1_22' title="bbox 220 785 1288 860">
     <span class='ocr_line' id='line_1_42' title="bbox 220 785 1217 820; baseline -0.014 -5"><span class='ocrx_word' id='word_1_168' title='bbox 220 785 320 816; x_wconf 66' lang='lat' dir='ltr'>semus</span> <span class='ocrx_word' id='word_1_169' title='bbox 955 815 959 820; x_wconf 93' lang='lat'>.</span> <span class='ocrx_word' id='word_1_170' title='bbox 984 816 987 819; x_wconf 34' lang='grc' dir='ltr'>Ι</span> <span class='ocrx_word' id='word_1_171' title='bbox 1013 815 1017 819; x_wconf 37' lang='lat'><strong>¹</strong></span> <span class='ocrx_word' id='word_1_172' title='bbox 1114 812 1119 817; x_wconf 36' lang='grc'><strong>.</strong></span> <span class='ocrx_word' id='word_1_173' title='bbox 1212 810 1217 815; x_wconf 33' lang='lat'>⁸</span> 
     </span>
     <span class='ocr_line' id='line_1_43' title="bbox 261 810 1288 860; baseline -0.014 -8"><span class='ocrx_word' id='word_1_174' title='bbox 261 823 328 853; x_wconf 71' lang='lat' dir='ltr'>Dat.</span> <span class='ocrx_word' id='word_1_175' title='bbox 348 823 376 852; x_wconf 86' lang='lat' dir='ltr'>in</span> <span class='ocrx_word' id='word_1_176' title='bbox 396 820 506 850; x_wconf 80' lang='lat' dir='ltr'>Palatio</span> <span class='ocrx_word' id='word_1_177' title='bbox 524 818 610 860; x_wconf 80' lang='lat' dir='ltr'>nostro</span> <span class='ocrx_word' id='word_1_178' title='bbox 624 817 731 859; x_wconf 56' lang='lat' dir='ltr'>usestm.</span> <span class='ocrx_word' id='word_1_179' title='bbox 749 817 799 848; x_wconf 92' lang='lat' dir='ltr'>sub</span> <span class='ocrx_word' id='word_1_180' title='bbox 815 816 917 856; x_wconf 84' lang='lat' dir='ltr'>Magni</span> <span class='ocrx_word' id='word_1_181' title='bbox 932 814 1020 854; x_wconf 87' lang='lat' dir='ltr'>Sigilli</span> <span class='ocrx_word' id='word_1_182' title='bbox 1032 810 1121 843; x_wconf 87' lang='lat' dir='ltr'>nostri</span> <span class='ocrx_word' id='word_1_183' title='bbox 1135 810 1288 841; x_wconf 89' lang='lat' dir='ltr'>Testimo-</span> 
     </span>
    </p>
   </div>
   <div class='ocr_carea' id='block_1_20' title="bbox 221 860 578 899">
    <p class='ocr_par' dir='ltr' id='par_1_23' title="bbox 221 860 578 899">
     <span class='ocr_line' id='line_1_44' title="bbox 221 860 578 899; baseline -0.008 -7"><span class='ocrx_word' id='word_1_184' title='bbox 221 863 290 899; x_wconf 89' lang='lat' dir='ltr'>nio,</span> <span class='ocrx_word' id='word_1_185' title='bbox 311 862 345 890; x_wconf 86' lang='lat' dir='ltr'>xi.</span> <span class='ocrx_word' id='word_1_186' title='bbox 363 861 410 892; x_wconf 89' lang='lat' dir='ltr'>die</span> <span class='ocrx_word' id='word_1_187' title='bbox 429 860 578 891; x_wconf 65' lang='lat' dir='ltr'>Octobris.</span> 
     </span>
    </p>
   </div>
   <div class='ocr_carea' id='block_1_21' title="bbox 857 576 1286 614">
    <p class='ocr_par' dir='ltr' id='par_1_24' title="bbox 857 576 1286 614">
     <span class='ocr_line' id='line_1_45' title="bbox 857 576 1286 614; baseline -0.016 -1"><span class='ocrx_word' id='word_1_188' title='bbox 857 583 895 614; x_wconf 89' lang='lat' dir='ltr'>sic</span> <span class='ocrx_word' id='word_1_189' title='bbox 913 580 1047 612; x_wconf 72' lang='lat' dir='ltr'>Trac&#39;tata</span> <span class='ocrx_word' id='word_1_190' title='bbox 1063 580 1096 610; x_wconf 64' lang='grc' dir='ltr'>ὃς</span> <span class='ocrx_word' id='word_1_191' title='bbox 1114 576 1286 608; x_wconf 89' lang='lat' dir='ltr'>Concorda-</span> 
     </span>
    </p>
   </div>
   <div class='ocr_carea' id='block_1_22' title="bbox 224 927 1287 1016">
    <p class='ocr_par' dir='ltr' id='par_1_25' title="bbox 224 927 1287 1016">
     <span class='ocr_line' id='line_1_46' title="bbox 261 927 1287 974; baseline -0.014 -5"><span class='ocrx_word' id='word_1_192' title='bbox 261 937 432 969; x_wconf 69' lang='lat' dir='ltr'>Consimilc:</span> <span class='ocrx_word' id='word_1_193' title='bbox 456 937 560 967; x_wconf 78' lang='lat' dir='ltr'>Lirerae</span> <span class='ocrx_word' id='word_1_194' title='bbox 584 935 671 974; x_wconf 83' lang='lat' dir='ltr'>Regis</span> <span class='ocrx_word' id='word_1_195' title='bbox 694 934 766 965; x_wconf 81' lang='lat' dir='ltr'>fiunt</span> <span class='ocrx_word' id='word_1_196' title='bbox 789 934 824 964; x_wconf 86' lang='lat' dir='ltr'>ad</span> <span class='ocrx_word' id='word_1_197' title='bbox 839 931 1038 965; x_wconf 65' lang='lat' dir='ltr'>Tractandum</span> <span class='ocrx_word' id='word_1_198' title='bbox 1055 941 1112 961; x_wconf 87' lang='lat' dir='ltr'>cum</span> <span class='ocrx_word' id='word_1_199' title='bbox 1130 930 1236 958; x_wconf 81' lang='lat' dir='ltr'>comite</span> <span class='ocrx_word' id='word_1_200' title='bbox 1255 927 1287 956; x_wconf 87' lang='lat' dir='ltr'>de</span> 
     </span>
     <span class='ocr_line' id='line_1_47' title="bbox 224 972 816 1016; baseline -0.01 -7"><span class='ocrx_word' id='word_1_201' title='bbox 224 977 344 1016; x_wconf 78' lang='lat' dir='ltr'>Douglas</span> <span class='ocrx_word' id='word_1_202' title='bbox 363 977 398 1007; x_wconf 87' lang='lat' dir='ltr'>de</span> <span class='ocrx_word' id='word_1_203' title='bbox 414 977 526 1015; x_wconf 76' lang='lat' dir='ltr'>Scoria,</span> <span class='ocrx_word' id='word_1_204' title='bbox 546 975 595 1006; x_wconf 89' lang='lat' dir='ltr'>sub</span> <span class='ocrx_word' id='word_1_205' title='bbox 613 975 712 1005; x_wconf 87' lang='lat' dir='ltr'>eadem</span> <span class='ocrx_word' id='word_1_206' title='bbox 731 972 816 1005; x_wconf 89' lang='lat' dir='ltr'>Data.</span> 
     </span>
    </p>
   </div>
   <div class='ocr_carea' id='block_1_23' title="bbox 224 1057 414 1062">
    <p class='ocr_par' dir='ltr' id='par_1_26' title="bbox 224 1057 414 1062">
     <span class='ocr_line' id='line_1_48' title="bbox 224 1057 414 1062; baseline 0 0"><span class='ocrx_word' id='word_1_207' title='bbox 224 1057 414 1062; x_wconf 95' lang='lat' dir='ltr'> </span> 
     </span>
    </p>
   </div>
   <div class='ocr_carea' id='block_1_24' title="bbox 403 1098 1097 1147">
    <p class='ocr_par' dir='ltr' id='par_1_27' title="bbox 403 1098 1097 1147">
     <span class='ocr_line' id='line_1_49' title="bbox 403 1098 1097 1147; baseline -0.01 -10"><span class='ocrx_word' id='word_1_208' title='bbox 403 1105 450 1137; x_wconf 89' lang='lat' dir='ltr'>De</span> <span class='ocrx_word' id='word_1_209' title='bbox 467 1100 619 1135; x_wconf 69' lang='lat' dir='ltr'>Condufbu</span> <span class='ocrx_word' id='word_1_210' title='bbox 631 1127 640 1143; x_wconf 88' lang='lat'>‚</span> <span class='ocrx_word' id='word_1_211' title='bbox 660 1109 715 1147; x_wconf 90' lang='lat' dir='ltr'>pro</span> <span class='ocrx_word' id='word_1_212' title='bbox 732 1098 917 1144; x_wconf 64' lang='lat' dir='ltr'>Asarcfiallo</span> <span class='ocrx_word' id='word_1_213' title='bbox 935 1098 1097 1131; x_wconf 79' lang='lat' dir='ltr'>Navarrae.</span> 
     </span>
    </p>
   </div>
   <div class='ocr_carea' id='block_1_25' title="bbox 215 1178 1288 1802">
    <p class='ocr_par' dir='ltr' id='par_1_28' title="bbox 218 1178 1288 1569">
     <span class='ocr_line' id='line_1_50' title="bbox 225 1178 1287 1244; baseline -0.011 -24"><span class='ocrx_word' id='word_1_214' title='bbox 225 1188 358 1244; x_wconf 72' lang='lat' dir='ltr'>REX,</span> <span class='ocrx_word' id='word_1_215' title='bbox 379 1198 428 1226; x_wconf 87' lang='lat' dir='ltr'>per</span> <span class='ocrx_word' id='word_1_216' title='bbox 447 1187 550 1218; x_wconf 82' lang='lat' dir='ltr'>Literas</span> <span class='ocrx_word' id='word_1_217' title='bbox 568 1186 624 1216; x_wconf 81' lang='lat' dir='ltr'>suas</span> <span class='ocrx_word' id='word_1_218' title='bbox 643 1184 788 1222; x_wconf 81' lang='lat' dir='ltr'>Parentes,</span> <span class='ocrx_word' id='word_1_219' title='bbox 807 1183 893 1222; x_wconf 90' lang='lat' dir='ltr'>usque</span> <span class='ocrx_word' id='word_1_220' title='bbox 912 1182 946 1213; x_wconf 91' lang='lat' dir='ltr'>ad</span> <span class='ocrx_word' id='word_1_221' title='bbox 965 1181 1082 1212; x_wconf 85' lang='lat' dir='ltr'>Festum</span> <span class='ocrx_word' id='word_1_222' title='bbox 1100 1178 1287 1224; x_wconf 50' lang='lat' dir='ltr'>SantstiMar-</span> 
     </span>
     <span class='ocr_line' id='line_1_51' title="bbox 301 1219 1286 1265; baseline -0.01 -8"><span class='ocrx_word' id='word_1_223' title='bbox 301 1229 350 1258; x_wconf 84' lang='lat' dir='ltr'>tini</span> <span class='ocrx_word' id='word_1_224' title='bbox 369 1226 501 1265; x_wconf 67' lang='lat' dir='ltr'>proximo</span> <span class='ocrx_word' id='word_1_225' title='bbox 520 1225 647 1255; x_wconf 86' lang='lat' dir='ltr'>futurum</span> <span class='ocrx_word' id='word_1_226' title='bbox 665 1223 806 1254; x_wconf 84' lang='lat' dir='ltr'>duraturas</span> <span class='ocrx_word' id='word_1_227' title='bbox 819 1245 829 1261; x_wconf 87' lang='lat'>,</span> <span class='ocrx_word' id='word_1_228' title='bbox 858 1222 973 1259; x_wconf 85' lang='lat' dir='ltr'>suscepit</span> <span class='ocrx_word' id='word_1_229' title='bbox 995 1222 1023 1251; x_wconf 92' lang='lat' dir='ltr'>in</span> <span class='ocrx_word' id='word_1_230' title='bbox 1043 1219 1260 1250; x_wconf 65' lang='lat' dir='ltr'>protectionem</span> <span class='ocrx_word' id='word_1_231' title='bbox 1276 1240 1286 1256; x_wconf 86' lang='lat'>‚</span> 
     </span>
     <span class='ocr_line' id='line_1_52' title="bbox 221 1257 1285 1304; baseline -0.009 -8"><span class='ocrx_word' id='word_1_232' title='bbox 221 1265 390 1296; x_wconf 63' lang='lat' dir='ltr'>Tri-{tionem</span> <span class='ocrx_word' id='word_1_233' title='bbox 399 1289 409 1304; x_wconf 82' lang='grc'>,</span> <span class='ocrx_word' id='word_1_234' title='bbox 425 1267 458 1297; x_wconf 84' lang='lat'>&amp;</span> <span class='ocrx_word' id='word_1_235' title='bbox 479 1264 683 1295; x_wconf 80' lang='lat' dir='ltr'>Deseniionem</span> <span class='ocrx_word' id='word_1_236' title='bbox 701 1263 776 1293; x_wconf 80' lang='lat' dir='ltr'>suam</span> <span class='ocrx_word' id='word_1_237' title='bbox 786 1285 795 1300; x_wconf 89' lang='lat'>,</span> <span class='ocrx_word' id='word_1_238' title='bbox 810 1271 925 1291; x_wconf 87' lang='lat' dir='ltr'>necnon</span> <span class='ocrx_word' id='word_1_239' title='bbox 940 1262 971 1290; x_wconf 91' lang='lat' dir='ltr'>in</span> <span class='ocrx_word' id='word_1_240' title='bbox 986 1259 1091 1290; x_wconf 87' lang='lat' dir='ltr'>salvum</span> <span class='ocrx_word' id='word_1_241' title='bbox 1107 1258 1140 1288; x_wconf 92' lang='lat'>&amp;</span> <span class='ocrx_word' id='word_1_242' title='bbox 1156 1257 1285 1287; x_wconf 91' lang='lat' dir='ltr'>securum</span> 
     </span>
     <span class='ocr_line' id='line_1_53' title="bbox 221 1295 1287 1341; baseline -0.009 -6"><span class='ocrx_word' id='word_1_243' title='bbox 221 1302 409 1336; x_wconf 58' lang='lat' dir='ltr'>Conductum</span> <span class='ocrx_word' id='word_1_244' title='bbox 428 1304 528 1341; x_wconf 87' lang='lat' dir='ltr'>suum,</span> <span class='ocrx_word' id='word_1_245' title='bbox 547 1306 704 1333; x_wconf 69' lang='lat' dir='ltr'>Martinam</span> <span class='ocrx_word' id='word_1_246' title='bbox 723 1302 754 1331; x_wconf 84' lang='lat' dir='ltr'>de</span> <span class='ocrx_word' id='word_1_247' title='bbox 773 1304 900 1330; x_wconf 80' lang='lat' dir='ltr'>Lararra</span> <span class='ocrx_word' id='word_1_248' title='bbox 920 1298 1066 1336; x_wconf 82' lang='lat' dir='ltr'>Militem,</span> <span class='ocrx_word' id='word_1_249' title='bbox 1089 1295 1287 1327; x_wconf 78' lang='lat' dir='ltr'>Marescallum</span> 
     </span>
     <span class='ocr_line' id='line_1_54' title="bbox 223 1334 1287 1381; baseline -0.01 -7"><span class='ocrx_word' id='word_1_250' title='bbox 223 1344 378 1381; x_wconf 53' lang='lat' dir='ltr'>namne,</span> <span class='ocrx_word' id='word_1_251' title='bbox 397 1342 541 1373; x_wconf 86' lang='lat' dir='ltr'>veniendo</span> <span class='ocrx_word' id='word_1_252' title='bbox 558 1343 586 1371; x_wconf 91' lang='lat' dir='ltr'>iri</span> <span class='ocrx_word' id='word_1_253' title='bbox 605 1341 742 1378; x_wconf 81' lang='lat' dir='ltr'>Regnum</span> <span class='ocrx_word' id='word_1_254' title='bbox 760 1340 850 1374; x_wconf 72' lang='lat' dir='ltr'>Regis</span> <span class='ocrx_word' id='word_1_255' title='bbox 868 1338 999 1376; x_wconf 80' lang='lat' dir='ltr'>Angliae,</span> <span class='ocrx_word' id='word_1_256' title='bbox 1014 1338 1074 1368; x_wconf 69' lang='lat' dir='ltr'>tarn</span> <span class='ocrx_word' id='word_1_257' title='bbox 1091 1345 1140 1373; x_wconf 87' lang='lat' dir='ltr'>per</span> <span class='ocrx_word' id='word_1_258' title='bbox 1151 1334 1287 1379; x_wconf 85' lang='lat' dir='ltr'>Terram,</span> 
     </span>
     <span class='ocr_line' id='line_1_55' title="bbox 221 1371 1288 1420; baseline -0.009 -7"><span class='ocrx_word' id='word_1_259' title='bbox 221 1384 307 1420; x_wconf 61' lang='lat' dir='ltr'>quain</span> <span class='ocrx_word' id='word_1_260' title='bbox 333 1393 380 1420; x_wconf 82' lang='lat' dir='ltr'>per</span> <span class='ocrx_word' id='word_1_261' title='bbox 410 1382 492 1412; x_wconf 77' lang='lat' dir='ltr'>Mare</span> <span class='ocrx_word' id='word_1_262' title='bbox 506 1404 516 1420; x_wconf 90' lang='lat'>,</span> <span class='ocrx_word' id='word_1_263' title='bbox 544 1390 612 1411; x_wconf 91' lang='lat' dir='ltr'>cum</span> <span class='ocrx_word' id='word_1_264' title='bbox 632 1378 791 1410; x_wconf 85' lang='lat' dir='ltr'>Trescentis</span> <span class='ocrx_word' id='word_1_265' title='bbox 808 1376 937 1407; x_wconf 85' lang='lat' dir='ltr'>Personis</span> <span class='ocrx_word' id='word_1_266' title='bbox 958 1375 1155 1420; x_wconf 72' lang='lat' dir='ltr'>Pugnantibus</span> <span class='ocrx_word' id='word_1_267' title='bbox 1173 1383 1203 1404; x_wconf 88' lang='lat' dir='ltr'>in</span> <span class='ocrx_word' id='word_1_268' title='bbox 1224 1371 1288 1403; x_wconf 88' lang='lat' dir='ltr'>Co-</span> 
     </span>
     <span class='ocr_line' id='line_1_56' title="bbox 223 1411 1286 1459; baseline -0.009 -8"><span class='ocrx_word' id='word_1_269' title='bbox 223 1423 321 1451; x_wconf 85' lang='lat' dir='ltr'>mitiva</span> <span class='ocrx_word' id='word_1_270' title='bbox 338 1421 398 1459; x_wconf 82' lang='lat' dir='ltr'>sua,</span> <span class='ocrx_word' id='word_1_271' title='bbox 417 1421 550 1458; x_wconf 70' lang='lat' dir='ltr'>valenis,</span> <span class='ocrx_word' id='word_1_272' title='bbox 567 1418 671 1457; x_wconf 84' lang='lat' dir='ltr'><strong>Equis,</strong></span> <span class='ocrx_word' id='word_1_273' title='bbox 696 1417 857 1454; x_wconf 88' lang='lat' dir='ltr'>Hernesiis,</span> <span class='ocrx_word' id='word_1_274' title='bbox 879 1416 912 1446; x_wconf 92' lang='lat'>&amp;</span> <span class='ocrx_word' id='word_1_275' title='bbox 930 1414 1016 1446; x_wconf 90' lang='lat' dir='ltr'>Bonis</span> <span class='ocrx_word' id='word_1_276' title='bbox 1034 1413 1086 1444; x_wconf 86' lang='lat' dir='ltr'>suis</span> <span class='ocrx_word' id='word_1_277' title='bbox 1103 1411 1286 1451; x_wconf 88' lang='lat' dir='ltr'>quibuscum-</span> 
     </span>
     <span class='ocr_line' id='line_1_57' title="bbox 220 1451 1285 1497; baseline -0.01 -7"><span class='ocrx_word' id='word_1_278' title='bbox 220 1471 291 1497; x_wconf 77' lang='lat' dir='ltr'>que,</span> <span class='ocrx_word' id='word_1_279' title='bbox 312 1462 339 1490; x_wconf 88' lang='lat' dir='ltr'>in</span> <span class='ocrx_word' id='word_1_280' title='bbox 357 1460 437 1489; x_wconf 58' lang='lat' dir='ltr'>dieto</span> <span class='ocrx_word' id='word_1_281' title='bbox 459 1458 567 1495; x_wconf 89' lang='lat' dir='ltr'>Regno</span> <span class='ocrx_word' id='word_1_282' title='bbox 588 1457 674 1497; x_wconf 66' lang='lat' dir='ltr'>Regis·</span> <span class='ocrx_word' id='word_1_283' title='bbox 693 1457 777 1495; x_wconf 89' lang='lat' dir='ltr'>usque</span> <span class='ocrx_word' id='word_1_284' title='bbox 795 1456 829 1485; x_wconf 90' lang='lat' dir='ltr'>ad</span> <span class='ocrx_word' id='word_1_285' title='bbox 849 1454 964 1485; x_wconf 84' lang='lat' dir='ltr'>Festum</span> <span class='ocrx_word' id='word_1_286' title='bbox 980 1451 1149 1495; x_wconf 65' lang='lat' dir='ltr'>praedictum</span> <span class='ocrx_word' id='word_1_287' title='bbox 1170 1459 1285 1494; x_wconf 78' lang='lat' dir='ltr'>morari-</span> 
     </span>
     <span class='ocr_line' id='line_1_58' title="bbox 218 1490 1284 1537; baseline -0.009 -9"><span class='ocrx_word' id='word_1_288' title='bbox 218 1500 272 1537; x_wconf 74' lang='lat' dir='ltr'>do,</span> <span class='ocrx_word' id='word_1_289' title='bbox 293 1500 325 1531; x_wconf 88' lang='lat'>&amp;</span> <span class='ocrx_word' id='word_1_290' title='bbox 340 1498 441 1529; x_wconf 81' lang='lat' dir='ltr'>exinde</span> <span class='ocrx_word' id='word_1_291' title='bbox 455 1498 488 1528; x_wconf 87' lang='lat' dir='ltr'>ad</span> <span class='ocrx_word' id='word_1_292' title='bbox 506 1505 594 1536; x_wconf 86' lang='lat' dir='ltr'>partes</span> <span class='ocrx_word' id='word_1_293' title='bbox 609 1505 730 1534; x_wconf 84' lang='lat' dir='ltr'>exteras,</span> <span class='ocrx_word' id='word_1_294' title='bbox 744 1497 772 1525; x_wconf 92' lang='lat' dir='ltr'>in</span> <span class='ocrx_word' id='word_1_295' title='bbox 786 1502 971 1534; x_wconf 87' lang='lat' dir='ltr'>quocumque</span> <span class='ocrx_word' id='word_1_296' title='bbox 987 1501 1071 1530; x_wconf 89' lang='lat' dir='ltr'>portu</span> <span class='ocrx_word' id='word_1_297' title='bbox 1087 1500 1125 1521; x_wconf 87' lang='lat' dir='ltr'>eis</span> <span class='ocrx_word' id='word_1_298' title='bbox 1140 1490 1284 1528; x_wconf 86' lang='lat' dir='ltr'>placuerit,</span> 
     </span>
     <span class='ocr_line' id='line_1_59' title="bbox 220 1538 379 1569; baseline -0.013 -1"><span class='ocrx_word' id='word_1_299' title='bbox 220 1538 379 1569; x_wconf 83' lang='lat' dir='ltr'>redeundo·</span> 
     </span>
    </p>

    <p class='ocr_par' dir='ltr' id='par_1_29' title="bbox 215 1561 1283 1802">
     <span class='ocr_line' id='line_1_60' title="bbox 254 1561 1283 1615; baseline -0.012 -8"><span class='ocrx_word' id='word_1_300' title='bbox 254 1577 295 1608; x_wconf 89' lang='lat' dir='ltr'>Ita</span> <span class='ocrx_word' id='word_1_301' title='bbox 310 1561 390 1615; x_wconf 68' lang='lat' dir='ltr'>quod</span> <span class='ocrx_word' id='word_1_302' title='bbox 405 1574 452 1611; x_wconf 76' lang='lat' dir='ltr'>ipsi</span> <span class='ocrx_word' id='word_1_303' title='bbox 469 1574 607 1605; x_wconf 64' lang='lat' dir='ltr'>ViCtualia</span> <span class='ocrx_word' id='word_1_304' title='bbox 621 1573 690 1604; x_wconf 77' lang='lat' dir='ltr'>infra</span> <span class='ocrx_word' id='word_1_305' title='bbox 704 1572 816 1603; x_wconf 60' lang='lat' dir='ltr'>diftum</span> <span class='ocrx_word' id='word_1_306' title='bbox 828 1571 965 1610; x_wconf 83' lang='lat' dir='ltr'>Regnum</span> <span class='ocrx_word' id='word_1_307' title='bbox 985 1568 1091 1606; x_wconf 83' lang='lat' dir='ltr'>Regis,</span> <span class='ocrx_word' id='word_1_308' title='bbox 1110 1577 1164 1605; x_wconf 85' lang='lat' dir='ltr'>pro</span> <span class='ocrx_word' id='word_1_309' title='bbox 1184 1565 1283 1597; x_wconf 90' lang='lat' dir='ltr'>Dena-</span> 
     </span>
     <span class='ocr_line' id='line_1_61' title="bbox 219 1607 1282 1654; baseline -0.011 -8"><span class='ocrx_word' id='word_1_310' title='bbox 219 1617 265 1646; x_wconf 89' lang='lat' dir='ltr'>riis</span> <span class='ocrx_word' id='word_1_311' title='bbox 281 1616 347 1654; x_wconf 86' lang='lat' dir='ltr'>suis,</span> <span class='ocrx_word' id='word_1_312' title='bbox 365 1615 496 1653; x_wconf 80' lang='lat' dir='ltr'>prompte</span> <span class='ocrx_word' id='word_1_313' title='bbox 509 1612 669 1651; x_wconf 86' lang='lat' dir='ltr'>solvendis,</span> <span class='ocrx_word' id='word_1_314' title='bbox 687 1621 781 1642; x_wconf 86' lang='lat' dir='ltr'>emere</span> <span class='ocrx_word' id='word_1_315' title='bbox 795 1610 899 1648; x_wconf 83' lang='lat' dir='ltr'>poffint</span> <span class='ocrx_word' id='word_1_316' title='bbox 912 1610 1029 1639; x_wconf 86' lang='lat' dir='ltr'>durante</span> <span class='ocrx_word' id='word_1_317' title='bbox 1041 1607 1192 1644; x_wconf 83' lang='lat' dir='ltr'>Tempore</span> <span class='ocrx_word' id='word_1_318' title='bbox 1207 1613 1282 1643; x_wconf 88' lang='lat' dir='ltr'>prae-</span> 
     </span>
     <span class='ocr_line' id='line_1_62' title="bbox 237 1655 311 1685; baseline -0.027 0"><span class='ocrx_word' id='word_1_319' title='bbox 237 1655 311 1685; x_wconf 61' lang='lat' dir='ltr'>iero·</span> 
     </span>
     <span class='ocr_line' id='line_1_63' title="bbox 215 1655 1281 1730; baseline -0.011 -7"><span class='ocrx_word' id='word_1_320' title='bbox 215 1655 234 1686; x_wconf 77' lang='lat' dir='ltr'>d</span> <span class='ocrx_word' id='word_1_321' title='bbox 254 1679 371 1724; x_wconf 79' lang='lat' dir='ltr'>Pro&#39;viso</span> <span class='ocrx_word' id='word_1_322' title='bbox 392 1691 499 1730; x_wconf 83' lang='lat' dir='ltr'>semper</span> <span class='ocrx_word' id='word_1_323' title='bbox 520 1689 599 1729; x_wconf 76' lang='lat' dir='ltr'>quod</span> <span class='ocrx_word' id='word_1_324' title='bbox 619 1689 694 1719; x_wconf 90' lang='lat' dir='ltr'>idem</span> <span class='ocrx_word' id='word_1_325' title='bbox 717 1687 857 1718; x_wconf 85' lang='lat' dir='ltr'>Martinus</span> <span class='ocrx_word' id='word_1_326' title='bbox 871 1709 880 1724; x_wconf 90' lang='lat'>,</span> <span class='ocrx_word' id='word_1_327' title='bbox 912 1684 957 1715; x_wconf 89' lang='lat' dir='ltr'>vel</span> <span class='ocrx_word' id='word_1_328' title='bbox 978 1684 1074 1722; x_wconf 83' lang='lat' dir='ltr'>aliquis</span> <span class='ocrx_word' id='word_1_329' title='bbox 1100 1681 1281 1726; x_wconf 80' lang='lat' dir='ltr'>personarum</span> 
     </span>
     <span class='ocr_line' id='line_1_64' title="bbox 216 1721 1282 1802; baseline -0.01 -40"><span class='ocrx_word' id='word_1_330' title='bbox 216 1732 434 1802; x_wconf 57' lang='grc' dir='ltr'>ἓτιῑάἰέὶατυιη,</span> <span class='ocrx_word' id='word_1_331' title='bbox 453 1731 479 1760; x_wconf 88' lang='lat' dir='ltr'>in</span> <span class='ocrx_word' id='word_1_332' title='bbox 502 1729 650 1760; x_wconf 85' lang='lat' dir='ltr'>Comitiva</span> <span class='ocrx_word' id='word_1_333' title='bbox 670 1727 730 1764; x_wconf 82' lang='lat' dir='ltr'>sua,</span> <span class='ocrx_word' id='word_1_334' title='bbox 750 1726 824 1756; x_wconf 65' lang='lat' dir='ltr'>Reor</span> <span class='ocrx_word' id='word_1_335' title='bbox 859 1733 905 1754; x_wconf 87' lang='lat' dir='ltr'>aut</span> <span class='ocrx_word' id='word_1_336' title='bbox 929 1723 1034 1762; x_wconf 87' lang='lat' dir='ltr'>Regno</span> <span class='ocrx_word' id='word_1_337' title='bbox 1046 1722 1114 1759; x_wconf 79' lang='lat' dir='ltr'>suo,</span> <span class='ocrx_word' id='word_1_338' title='bbox 1132 1721 1176 1752; x_wconf 87' lang='lat' dir='ltr'>seu</span> <span class='ocrx_word' id='word_1_339' title='bbox 1197 1721 1282 1752; x_wconf 83' lang='lat' dir='ltr'>aliciu</span> 
     </span>
    </p>
   </div>
   <div class='ocr_carea' id='block_1_26' title="bbox 244 1748 1282 1809">
    <p class='ocr_par' dir='ltr' id='par_1_30' title="bbox 244 1748 1282 1809">
     <span class='ocr_line' id='line_1_65' title="bbox 244 1748 1282 1809; baseline -0.011 -8"><span class='ocrx_word' id='word_1_340' title='bbox 244 1772 372 1809; x_wconf 67' lang='lat' dir='ltr'>{georum</span> <span class='ocrx_word' id='word_1_341' title='bbox 394 1769 479 1808; x_wconf 83' lang='lat' dir='ltr'>Regis</span> <span class='ocrx_word' id='word_1_342' title='bbox 498 1767 668 1805; x_wconf 89' lang='lat' dir='ltr'>Dampnum</span> <span class='ocrx_word' id='word_1_343' title='bbox 686 1775 747 1796; x_wconf 90' lang='lat' dir='ltr'>non</span> <span class='ocrx_word' id='word_1_344' title='bbox 766 1748 864 1795; x_wconf 61' lang='lat' dir='ltr'>infer&#39;at</span> <span class='ocrx_word' id='word_1_345' title='bbox 883 1763 1001 1794; x_wconf 87' lang='lat' dir='ltr'>durante</span> <span class='ocrx_word' id='word_1_346' title='bbox 1020 1770 1151 1799; x_wconf 89' lang='lat' dir='ltr'>tempore</span> <span class='ocrx_word' id='word_1_347' title='bbox 1161 1760 1282 1799; x_wconf 87' lang='lat' dir='ltr'>supradi-</span> 
     </span>
    </p>
   </div>
   <div class='ocr_carea' id='block_1_27' title="bbox 217 1812 1106 1886">
    <p class='ocr_par' dir='ltr' id='par_1_31' title="bbox 217 1812 1106 1886">
     <span class='ocr_line' id='line_1_66' title="bbox 217 1812 1106 1886; baseline -0.011 -7"><span class='ocrx_word' id='word_1_348' title='bbox 217 1812 342 1879; x_wconf 47' lang='lat' dir='ltr'>etql&#39;este</span> <span class='ocrx_word' id='word_1_349' title='bbox 356 1846 438 1886; x_wconf 87' lang='lat' dir='ltr'>Rege</span> <span class='ocrx_word' id='word_1_350' title='bbox 448 1845 522 1885; x_wconf 87' lang='lat' dir='ltr'>apud</span> <span class='ocrx_word' id='word_1_351' title='bbox 539 1841 814 1886; x_wconf 61' lang='lat' dir='ltr'>Histmonasterium,</span> <span class='ocrx_word' id='word_1_352' title='bbox 832 1850 880 1873; x_wconf 85' lang='lat' dir='ltr'>xv.</span> <span class='ocrx_word' id='word_1_353' title='bbox 897 1840 944 1871; x_wconf 89' lang='lat' dir='ltr'>die</span> <span class='ocrx_word' id='word_1_354' title='bbox 959 1838 1106 1871; x_wconf 61' lang='lat' dir='ltr'>Octobris.</span> 
     </span>
    </p>
   </div>
   <div class='ocr_carea' id='block_1_28' title="bbox 711 1914 1177 1954">
    <p class='ocr_par' dir='ltr' id='par_1_32' title="bbox 711 1914 1177 1954">
     <span class='ocr_line' id='line_1_67' title="bbox 711 1914 1177 1954; baseline -0.013 -3"><span class='ocrx_word' id='word_1_355' title='bbox 711 1922 766 1951; x_wconf 85' lang='lat' dir='ltr'>Per</span> <span class='ocrx_word' id='word_1_356' title='bbox 779 1917 884 1950; x_wconf 82' lang='lat' dir='ltr'>Billam</span> <span class='ocrx_word' id='word_1_357' title='bbox 898 1918 929 1948; x_wconf 85' lang='lat' dir='ltr'>de</span> <span class='ocrx_word' id='word_1_358' title='bbox 945 1919 1065 1948; x_wconf 82' lang='lat' dir='ltr'>Privato</span> <span class='ocrx_word' id='word_1_359' title='bbox 1078 1914 1177 1954; x_wconf 78' lang='lat' dir='ltr'>Sigillo.</span> 
     </span>
    </p>
   </div>
   <div class='ocr_carea' id='block_1_29' title="bbox 578 2046 915 2082">
    <p class='ocr_par' dir='ltr' id='par_1_33' title="bbox 578 2046 915 2082">
     <span class='ocr_line' id='line_1_68' title="bbox 578 2046 915 2082; baseline -0.006 0"><span class='ocrx_word' id='word_1_360' title='bbox 578 2051 636 2082; x_wconf 84' lang='lat' dir='ltr'>Pro</span> <span class='ocrx_word' id='word_1_361' title='bbox 658 2051 744 2082; x_wconf 84' lang='lat' dir='ltr'>Duce</span> <span class='ocrx_word' id='word_1_362' title='bbox 761 2046 797 2080; x_wconf 84' lang='lat' dir='ltr'>de</span> <span class='ocrx_word' id='word_1_363' title='bbox 816 2047 915 2080; x_wconf 85' lang='lat' dir='ltr'>Gelre.</span> 
     </span>
    </p>
   </div>
   <div class='ocr_carea' id='block_1_30' title="bbox 216 2132 1285 2677">
    <p class='ocr_par' dir='ltr' id='par_1_34' title="bbox 219 2132 897 2212">
     <span class='ocr_line' id='line_1_69' title="bbox 219 2132 897 2194; baseline -0.006 -28"><span class='ocrx_word' id='word_1_364' title='bbox 219 2135 334 2194; x_wconf 71' lang='lat' dir='ltr'>REX</span> <span class='ocrx_word' id='word_1_365' title='bbox 350 2135 512 2173; x_wconf 75' lang='lat' dir='ltr'>Omnibus,</span> <span class='ocrx_word' id='word_1_366' title='bbox 531 2134 564 2165; x_wconf 86' lang='lat' dir='ltr'>ad</span> <span class='ocrx_word' id='word_1_367' title='bbox 578 2144 666 2174; x_wconf 88' lang='lat' dir='ltr'>quos,</span> <span class='ocrx_word' id='word_1_368' title='bbox 683 2134 745 2166; x_wconf 90' lang='lat' dir='ltr'>&amp;c.</span> <span class='ocrx_word' id='word_1_369' title='bbox 761 2132 897 2165; x_wconf 80' lang='lat' dir='ltr'>Salutem.</span> 
     </span>
     <span class='ocr_line' id='line_1_70' title="bbox 311 2175 518 2212; baseline -0.014 -7"><span class='ocrx_word' id='word_1_370' title='bbox 311 2175 406 2205; x_wconf 86' lang='lat' dir='ltr'>Sciatis</span> <span class='ocrx_word' id='word_1_371' title='bbox 421 2175 499 2212; x_wconf 79' lang='lat' dir='ltr'>quod</span> <span class='ocrx_word' id='word_1_372' title='bbox 509 2197 518 2211; x_wconf 83' lang='lat'>‚</span> 
     </span>
    </p>

    <p class='ocr_par' dir='ltr' id='par_1_35' title="bbox 216 2206 1284 2443">
     <span class='ocr_line' id='line_1_71' title="bbox 254 2206 1282 2251; baseline -0.006 -8"><span class='ocrx_word' id='word_1_373' title='bbox 254 2214 306 2244; x_wconf 88' lang='lat' dir='ltr'>Ob</span> <span class='ocrx_word' id='word_1_374' title='bbox 323 2214 457 2244; x_wconf 85' lang='lat' dir='ltr'>sinceram</span> <span class='ocrx_word' id='word_1_375' title='bbox 477 2212 662 2243; x_wconf 69' lang='lat' dir='ltr'>affefflonem</span> <span class='ocrx_word' id='word_1_376' title='bbox 672 2235 681 2250; x_wconf 88' lang='lat'>,</span> <span class='ocrx_word' id='word_1_377' title='bbox 720 2220 784 2242; x_wconf 84' lang='lat' dir='ltr'>uam</span> <span class='ocrx_word' id='word_1_378' title='bbox 799 2210 931 2250; x_wconf 84' lang='lat' dir='ltr'>geffimus</span> <span class='ocrx_word' id='word_1_379' title='bbox 947 2210 980 2241; x_wconf 86' lang='lat'>&amp;</span> <span class='ocrx_word' id='word_1_380' title='bbox 994 2208 1118 2249; x_wconf 83' lang='lat' dir='ltr'>gerimus</span> <span class='ocrx_word' id='word_1_381' title='bbox 1130 2216 1194 2247; x_wconf 81' lang='lat' dir='ltr'>erga</span> <span class='ocrx_word' id='word_1_382' title='bbox 1201 2232 1216 2251; x_wconf 73' lang='lat'>³.</span> <span class='ocrx_word' id='word_1_383' title='bbox 1223 2206 1282 2237; x_wconf 89' lang='lat' dir='ltr'>Ca-</span> 
     </span>
     <span class='ocr_line' id='line_1_72' title="bbox 217 2245 1282 2291; baseline -0.007 -9"><span class='ocrx_word' id='word_1_384' title='bbox 217 2251 354 2283; x_wconf 81' lang='lat' dir='ltr'>riffiinum</span> <span class='ocrx_word' id='word_1_385' title='bbox 380 2252 630 2291; x_wconf 86' lang='lat' dir='ltr'>Consanguineum</span> <span class='ocrx_word' id='word_1_386' title='bbox 655 2262 694 2281; x_wconf 85' lang='lat' dir='ltr'>rio</span> <span class='ocrx_word' id='word_1_387' title='bbox 721 2259 809 2289; x_wconf 88' lang='lat' dir='ltr'>rum,</span> <span class='ocrx_word' id='word_1_388' title='bbox 844 2248 1023 2279; x_wconf 82' lang='lat' dir='ltr'>Willielmum</span> <span class='ocrx_word' id='word_1_389' title='bbox 1050 2245 1282 2290; x_wconf 76' lang='lat' dir='ltr'>Primogeniturri</span> 
     </span>
     <span class='ocr_line' id='line_1_73' title="bbox 219 2285 1283 2328; baseline -0.007 -7"><span class='ocrx_word' id='word_1_390' title='bbox 219 2291 311 2322; x_wconf 85' lang='lat' dir='ltr'>Ducis</span> <span class='ocrx_word' id='word_1_391' title='bbox 335 2291 495 2328; x_wconf 74' lang='lat' dir='ltr'>juliacensis</span> <span class='ocrx_word' id='word_1_392' title='bbox 518 2294 620 2320; x_wconf 78' lang='lat' dir='ltr'>Ducem</span> <span class='ocrx_word' id='word_1_393' title='bbox 647 2291 678 2320; x_wconf 86' lang='lat' dir='ltr'>de</span> <span class='ocrx_word' id='word_1_394' title='bbox 705 2288 786 2319; x_wconf 82' lang='lat' dir='ltr'>Gelre</span> <span class='ocrx_word' id='word_1_395' title='bbox 803 2289 836 2320; x_wconf 87' lang='lat'>&amp;</span> <span class='ocrx_word' id='word_1_396' title='bbox 855 2287 1007 2318; x_wconf 87' lang='lat' dir='ltr'>Comitem</span> <span class='ocrx_word' id='word_1_397' title='bbox 1031 2285 1204 2323; x_wconf 81' lang='lat' dir='ltr'>Zutphaniae</span> <span class='ocrx_word' id='word_1_398' title='bbox 1222 2288 1283 2323; x_wconf 91' lang='lat' dir='ltr'>(qui</span> 
     </span>
     <span class='ocr_line' id='line_1_74' title="bbox 216 2324 1284 2365; baseline -0.005 -7"><span class='ocrx_word' id='word_1_399' title='bbox 216 2329 352 2360; x_wconf 69' lang='lat' dir='ltr'>Vasiallus</span> <span class='ocrx_word' id='word_1_400' title='bbox 367 2329 463 2359; x_wconf 89' lang='lat' dir='ltr'>noster</span> <span class='ocrx_word' id='word_1_401' title='bbox 478 2329 594 2359; x_wconf 85' lang='lat' dir='ltr'>devenit</span> <span class='ocrx_word' id='word_1_402' title='bbox 613 2330 646 2360; x_wconf 73' lang='grc' dir='ltr'>δε</span> <span class='ocrx_word' id='word_1_403' title='bbox 666 2328 763 2359; x_wconf 85' lang='lat' dir='ltr'>Nobis</span> <span class='ocrx_word' id='word_1_404' title='bbox 778 2327 958 2365; x_wconf 82' lang='lat' dir='ltr'>Homagium</span> <span class='ocrx_word' id='word_1_405' title='bbox 972 2326 1006 2357; x_wconf 90' lang='lat'>&amp;</span> <span class='ocrx_word' id='word_1_406' title='bbox 1021 2324 1196 2355; x_wconf 87' lang='lat' dir='ltr'>Fidelitatem</span> <span class='ocrx_word' id='word_1_407' title='bbox 1211 2334 1284 2361; x_wconf 82' lang='lat' dir='ltr'>prae-</span> 
     </span>
     <span class='ocr_line' id='line_1_75' title="bbox 218 2361 1284 2406; baseline -0.003 -9"><span class='ocrx_word' id='word_1_408' title='bbox 218 2367 298 2404; x_wconf 80' lang='lat' dir='ltr'>stitit)</span> <span class='ocrx_word' id='word_1_409' title='bbox 316 2379 349 2398; x_wconf 88' lang='lat' dir='ltr'>ac</span> <span class='ocrx_word' id='word_1_410' title='bbox 369 2369 453 2399; x_wconf 86' lang='lat' dir='ltr'>eriam</span> <span class='ocrx_word' id='word_1_411' title='bbox 474 2378 527 2405; x_wconf 87' lang='lat' dir='ltr'>pro</span> <span class='ocrx_word' id='word_1_412' title='bbox 548 2367 661 2406; x_wconf 83' lang='lat' dir='ltr'>Magnis</span> <span class='ocrx_word' id='word_1_413' title='bbox 680 2369 713 2398; x_wconf 92' lang='lat'>&amp;</span> <span class='ocrx_word' id='word_1_414' title='bbox 733 2365 914 2396; x_wconf 81' lang='lat' dir='ltr'>laudabilibus</span> <span class='ocrx_word' id='word_1_415' title='bbox 925 2362 1050 2395; x_wconf 88' lang='lat' dir='ltr'>Servitiis</span> <span class='ocrx_word' id='word_1_416' title='bbox 1065 2372 1130 2401; x_wconf 87' lang='lat' dir='ltr'>quae</span> <span class='ocrx_word' id='word_1_417' title='bbox 1140 2362 1197 2402; x_wconf 88' lang='lat' dir='ltr'>ipse</span> <span class='ocrx_word' id='word_1_418' title='bbox 1214 2361 1284 2394; x_wconf 86' lang='lat' dir='ltr'>No-</span> 
     </span>
     <span class='ocr_line' id='line_1_76' title="bbox 217 2401 1159 2443; baseline -0.007 -6"><span class='ocrx_word' id='word_1_419' title='bbox 217 2408 260 2437; x_wconf 82' lang='lat' dir='ltr'>bis</span> <span class='ocrx_word' id='word_1_420' title='bbox 278 2408 311 2438; x_wconf 86' lang='lat'>&amp;</span> <span class='ocrx_word' id='word_1_421' title='bbox 331 2407 438 2441; x_wconf 77' lang='lat' dir='ltr'>Regno</span> <span class='ocrx_word' id='word_1_422' title='bbox 457 2406 556 2436; x_wconf 88' lang='lat' dir='ltr'>nostro</span> <span class='ocrx_word' id='word_1_423' title='bbox 575 2406 731 2443; x_wconf 81' lang='lat' dir='ltr'>impendit,</span> <span class='ocrx_word' id='word_1_424' title='bbox 750 2405 783 2436; x_wconf 71' lang='grc' dir='ltr'>δί</span> <span class='ocrx_word' id='word_1_425' title='bbox 802 2402 949 2442; x_wconf 87' lang='lat' dir='ltr'>impendet</span> <span class='ocrx_word' id='word_1_426' title='bbox 968 2403 997 2432; x_wconf 93' lang='lat' dir='ltr'>in</span> <span class='ocrx_word' id='word_1_427' title='bbox 1015 2401 1159 2439; x_wconf 86' lang='lat' dir='ltr'>futurum,</span> 
     </span>
    </p>

    <p class='ocr_par' dir='ltr' id='par_1_36' title="bbox 218 2438 1285 2592">
     <span class='ocr_line' id='line_1_77' title="bbox 256 2438 1285 2483; baseline -0.008 -7"><span class='ocrx_word' id='word_1_428' title='bbox 256 2445 456 2476; x_wconf 77' lang='lat' dir='ltr'>Conceffimus</span> <span class='ocrx_word' id='word_1_429' title='bbox 481 2445 562 2475; x_wconf 59' lang='lat' dir='ltr'>dieto</span> <span class='ocrx_word' id='word_1_430' title='bbox 587 2444 809 2483; x_wconf 81' lang='lat' dir='ltr'>Consaiiguineo</span> <span class='ocrx_word' id='word_1_431' title='bbox 835 2442 934 2472; x_wconf 90' lang='lat' dir='ltr'>nostro</span> <span class='ocrx_word' id='word_1_432' title='bbox 962 2440 1127 2471; x_wconf 79' lang='lat' dir='ltr'>Manerium</span> <span class='ocrx_word' id='word_1_433' title='bbox 1154 2439 1187 2470; x_wconf 92' lang='lat'>&amp;</span> <span class='ocrx_word' id='word_1_434' title='bbox 1217 2438 1285 2470; x_wconf 85' lang='lat' dir='ltr'>Par-</span> 
     </span>
     <span class='ocr_line' id='line_1_78' title="bbox 218 2478 1285 2522; baseline -0.006 -7"><span class='ocrx_word' id='word_1_435' title='bbox 218 2494 287 2515; x_wconf 89' lang='lat' dir='ltr'>cuni</span> <span class='ocrx_word' id='word_1_436' title='bbox 305 2483 398 2514; x_wconf 86' lang='lat' dir='ltr'>nostra</span> <span class='ocrx_word' id='word_1_437' title='bbox 416 2484 451 2514; x_wconf 91' lang='lat' dir='ltr'>de</span> <span class='ocrx_word' id='word_1_438' title='bbox 468 2483 566 2514; x_wconf 84' lang='lat' dir='ltr'>Biflete</span> <span class='ocrx_word' id='word_1_439' title='bbox 586 2493 654 2513; x_wconf 90' lang='lat' dir='ltr'>cum</span> <span class='ocrx_word' id='word_1_440' title='bbox 671 2482 861 2521; x_wconf 80' lang='lat' dir='ltr'>pertinentiis,</span> <span class='ocrx_word' id='word_1_441' title='bbox 878 2481 908 2510; x_wconf 89' lang='lat' dir='ltr'>in</span> <span class='ocrx_word' id='word_1_442' title='bbox 922 2478 1206 2522; x_wconf 63' lang='lat' dir='ltr'>ComitatuSurriae,</span> <span class='ocrx_word' id='word_1_443' title='bbox 1222 2478 1285 2509; x_wconf 91' lang='lat' dir='ltr'>Ha-</span> 
     </span>
     <span class='ocr_line' id='line_1_79' title="bbox 218 2516 1285 2592; baseline -0.004 -40"><span class='ocrx_word' id='word_1_444' title='bbox 218 2523 311 2592; x_wconf 58' lang='lat' dir='ltr'>genga</span> <span class='ocrx_word' id='word_1_445' title='bbox 325 2546 333 2561; x_wconf 78' lang='lat'><strong>‚</strong></span> <span class='ocrx_word' id='word_1_446' title='bbox 360 2533 412 2561; x_wconf 89' lang='lat' dir='ltr'>pro</span> <span class='ocrx_word' id='word_1_447' title='bbox 431 2522 576 2553; x_wconf 83' lang='lat' dir='ltr'>Termino</span> <span class='ocrx_word' id='word_1_448' title='bbox 595 2521 669 2553; x_wconf 59' lang='lat' dir='ltr'>Vitae</span> <span class='ocrx_word' id='word_1_449' title='bbox 687 2521 760 2560; x_wconf 77' lang='lat' dir='ltr'>suae,</span> <span class='ocrx_word' id='word_1_450' title='bbox 783 2520 887 2559; x_wconf 86' lang='lat' dir='ltr'>absque</span> <span class='ocrx_word' id='word_1_451' title='bbox 904 2519 999 2558; x_wconf 88' lang='lat' dir='ltr'>aliquo</span> <span class='ocrx_word' id='word_1_452' title='bbox 1015 2517 1099 2548; x_wconf 91' lang='lat' dir='ltr'>nobis</span> <span class='ocrx_word' id='word_1_453' title='bbox 1117 2516 1184 2548; x_wconf 80' lang='lat' dir='ltr'>inde</span> <span class='ocrx_word' id='word_1_454' title='bbox 1204 2516 1285 2548; x_wconf 89' lang='lat' dir='ltr'>Red-</span> 
     </span>
    </p>

    <p class='ocr_par' dir='ltr' id='par_1_37' title="bbox 240 2571 323 2592">
     <span class='ocr_line' id='line_1_80' title="bbox 240 2571 323 2592; baseline -0.036 0"><span class='ocrx_word' id='word_1_455' title='bbox 240 2571 273 2592; x_wconf 90' lang='lat' dir='ltr'>en</span> <span class='ocrx_word' id='word_1_456' title='bbox 295 2571 323 2590; x_wconf 93' lang='lat' dir='ltr'>o.</span> 
     </span>
    </p>

    <p class='ocr_par' dir='ltr' id='par_1_38' title="bbox 259 2599 474 2637">
     <span class='ocr_line' id='line_1_81' title="bbox 259 2599 474 2637; baseline -0.005 -8"><span class='ocrx_word' id='word_1_457' title='bbox 259 2599 291 2629; x_wconf 86' lang='lat' dir='ltr'>In</span> <span class='ocrx_word' id='word_1_458' title='bbox 305 2600 397 2637; x_wconf 82' lang='lat' dir='ltr'>cujus,</span> <span class='ocrx_word' id='word_1_459' title='bbox 413 2600 474 2629; x_wconf 64' lang='grc' dir='ltr'>ἃς.</span> 
     </span>
    </p>

    <p class='ocr_par' dir='ltr' id='par_1_39' title="bbox 295 2633 1152 2677">
     <span class='ocr_line' id='line_1_82' title="bbox 295 2633 1152 2677; baseline -0.005 -10"><span class='ocrx_word' id='word_1_460' title='bbox 295 2637 384 2668; x_wconf 85' lang='lat' dir='ltr'>Teste</span> <span class='ocrx_word' id='word_1_461' title='bbox 398 2637 480 2676; x_wconf 84' lang='lat' dir='ltr'>Rege</span> <span class='ocrx_word' id='word_1_462' title='bbox 492 2636 563 2675; x_wconf 85' lang='lat' dir='ltr'>apud</span> <span class='ocrx_word' id='word_1_463' title='bbox 580 2635 856 2677; x_wconf 49' lang='lat' dir='ltr'>lsWstmonasterium,</span> <span class='ocrx_word' id='word_1_464' title='bbox 872 2636 928 2665; x_wconf 83' lang='lat' dir='ltr'>xvi.</span> <span class='ocrx_word' id='word_1_465' title='bbox 946 2635 992 2666; x_wconf 90' lang='lat' dir='ltr'>die</span> <span class='ocrx_word' id='word_1_466' title='bbox 1004 2633 1152 2665; x_wconf 60' lang='lat' dir='ltr'>Getobris.</span> 
     </span>
    </p>
   </div>
   <div class='ocr_carea' id='block_1_31' title="bbox 724 2709 1177 2750">
    <p class='ocr_par' dir='ltr' id='par_1_40' title="bbox 724 2709 1177 2750">
     <span class='ocr_line' id='line_1_83' title="bbox 724 2709 1177 2750; baseline -0.004 -8"><span class='ocrx_word' id='word_1_467' title='bbox 724 2715 776 2742; x_wconf 77' lang='lat' dir='ltr'>Per</span> <span class='ocrx_word' id='word_1_468' title='bbox 791 2716 884 2741; x_wconf 83' lang='lat' dir='ltr'>Breve</span> <span class='ocrx_word' id='word_1_469' title='bbox 898 2712 930 2741; x_wconf 84' lang='lat' dir='ltr'>de</span> <span class='ocrx_word' id='word_1_470' title='bbox 945 2713 1063 2742; x_wconf 70' lang='lat' dir='ltr'>Privato</span> <span class='ocrx_word' id='word_1_471' title='bbox 1078 2709 1177 2750; x_wconf 77' lang='lat' dir='ltr'>sigillo.</span> 
     </span>
    </p>
   </div>
   <div class='ocr_carea' id='block_1_32' title="bbox 299 2799 959 2806">
    <p class='ocr_par' dir='ltr' id='par_1_41' title="bbox 299 2799 959 2806">
     <span class='ocr_line' id='line_1_84' title="bbox 299 2799 959 2806; baseline 0 0"><span class='ocrx_word' id='word_1_472' title='bbox 299 2799 959 2806; x_wconf 95' lang='lat' dir='ltr'> </span> 
     </span>
    </p>
   </div>
   <div class='ocr_carea' id='block_1_33' title="bbox 506 2852 997 2902">
    <p class='ocr_par' dir='ltr' id='par_1_42' title="bbox 506 2852 997 2902">
     <span class='ocr_line' id='line_1_85' title="bbox 506 2852 997 2902; baseline -0.002 -14"><span class='ocrx_word' id='word_1_473' title='bbox 506 2858 553 2889; x_wconf 86' lang='lat' dir='ltr'>De</span> <span class='ocrx_word' id='word_1_474' title='bbox 578 2857 665 2888; x_wconf 68' lang='lat' dir='ltr'>Auro</span> <span class='ocrx_word' id='word_1_475' title='bbox 686 2857 798 2902; x_wconf 53' lang='lat' dir='ltr'>Reginae</span> <span class='ocrx_word' id='word_1_476' title='bbox 817 2852 997 2901; x_wconf 72' lang='lat' dir='ltr'>Colltgendo.</span> 
     </span>
    </p>
   </div>
   <div class='ocr_carea' id='block_1_34' title="bbox 225 2947 1298 4064">
    <p class='ocr_par' dir='ltr' id='par_1_43' title="bbox 225 2947 1287 3143">
     <span class='ocr_line' id='line_1_86' title="bbox 227 2947 1284 3007; baseline -0.003 -24"><span class='ocrx_word' id='word_1_477' title='bbox 227 2950 344 3007; x_wconf 79' lang='lat' dir='ltr'>REX</span> <span class='ocrx_word' id='word_1_478' title='bbox 354 2974 363 2989; x_wconf 92' lang='lat'>,</span> <span class='ocrx_word' id='word_1_479' title='bbox 377 2951 484 2982; x_wconf 69' lang='lat' dir='ltr'>dilec&#39;tis</span> <span class='ocrx_word' id='word_1_480' title='bbox 499 2952 532 2982; x_wconf 87' lang='lat'>&amp;</span> <span class='ocrx_word' id='word_1_481' title='bbox 544 2949 671 2980; x_wconf 82' lang='lat' dir='ltr'>fidelibus</span> <span class='ocrx_word' id='word_1_482' title='bbox 683 2949 752 2987; x_wconf 71' lang='lat' dir='ltr'>suis,</span> <span class='ocrx_word' id='word_1_483' title='bbox 771 2948 886 2979; x_wconf 88' lang='lat' dir='ltr'>Locum</span> <span class='ocrx_word' id='word_1_484' title='bbox 898 2947 1028 2978; x_wconf 87' lang='lat' dir='ltr'>nostrum</span> <span class='ocrx_word' id='word_1_485' title='bbox 1043 2948 1149 2979; x_wconf 89' lang='lat' dir='ltr'>tenenti</span> <span class='ocrx_word' id='word_1_486' title='bbox 1164 2950 1192 2980; x_wconf 91' lang='lat' dir='ltr'>in</span> <span class='ocrx_word' id='word_1_487' title='bbox 1208 2950 1284 2980; x_wconf 89' lang='lat' dir='ltr'>Ter-</span> 
     </span>
     <span class='ocr_line' id='line_1_87' title="bbox 305 2986 1285 3026; baseline -0.001 -6"><span class='ocrx_word' id='word_1_488' title='bbox 305 3000 332 3019; x_wconf 91' lang='lat' dir='ltr'>ra</span> <span class='ocrx_word' id='word_1_489' title='bbox 352 2990 444 3020; x_wconf 85' lang='lat' dir='ltr'>nostra</span> <span class='ocrx_word' id='word_1_490' title='bbox 463 2990 609 3020; x_wconf 78' lang='lat' dir='ltr'>Hiberniae</span> <span class='ocrx_word' id='word_1_491' title='bbox 622 3011 632 3026; x_wconf 89' lang='lat'>,</span> <span class='ocrx_word' id='word_1_492' title='bbox 657 2987 783 3018; x_wconf 88' lang='lat' dir='ltr'>Custodi</span> <span class='ocrx_word' id='word_1_493' title='bbox 802 2987 904 3017; x_wconf 77' lang='lat' dir='ltr'>Maoni</span> <span class='ocrx_word' id='word_1_494' title='bbox 921 2986 1009 3024; x_wconf 77' lang='lat' dir='ltr'>Sigilli</span> <span class='ocrx_word' id='word_1_495' title='bbox 1028 2986 1134 3024; x_wconf 85' lang='lat' dir='ltr'>nostri,</span> <span class='ocrx_word' id='word_1_496' title='bbox 1155 2988 1285 3026; x_wconf 80' lang='lat' dir='ltr'>Justicia-</span> 
     </span>
     <span class='ocr_line' id='line_1_88' title="bbox 225 3012 1287 3066; baseline 0.001 -9"><span class='ocrx_word' id='word_1_497' title='bbox 225 3029 270 3057; x_wconf 88' lang='lat' dir='ltr'>riis</span> <span class='ocrx_word' id='word_1_498' title='bbox 298 3027 399 3058; x_wconf 85' lang='lat' dir='ltr'>nostris</span> <span class='ocrx_word' id='word_1_499' title='bbox 424 3028 459 3058; x_wconf 89' lang='lat' dir='ltr'>de</span> <span class='ocrx_word' id='word_1_500' title='bbox 482 3036 601 3066; x_wconf 86' lang='lat' dir='ltr'>utroque</span> <span class='ocrx_word' id='word_1_501' title='bbox 630 3025 747 3065; x_wconf 78' lang='lat' dir='ltr'>ssanco,</span> <span class='ocrx_word' id='word_1_502' title='bbox 771 3036 804 3056; x_wconf 85' lang='lat' dir='ltr'>ac</span> <span class='ocrx_word' id='word_1_503' title='bbox 824 3012 1010 3056; x_wconf 63' lang='lat' dir='ltr'>Tiiesaurario</span> <span class='ocrx_word' id='word_1_504' title='bbox 1028 3026 1061 3057; x_wconf 67' lang='grc' dir='ltr'>δι’,</span> <span class='ocrx_word' id='word_1_505' title='bbox 1080 3024 1233 3058; x_wconf 85' lang='lat' dir='ltr'>Batonibus</span> <span class='ocrx_word' id='word_1_506' title='bbox 1250 3028 1287 3058; x_wconf 87' lang='lat' dir='ltr'>de</span> 
     </span>
     <span class='ocr_line' id='line_1_89' title="bbox 225 3064 1285 3105; baseline 0 -8"><span class='ocrx_word' id='word_1_507' title='bbox 225 3067 393 3104; x_wconf 80' lang='lat' dir='ltr'>Scaccario,</span> <span class='ocrx_word' id='word_1_508' title='bbox 410 3067 438 3097; x_wconf 89' lang='lat' dir='ltr'>in</span> <span class='ocrx_word' id='word_1_509' title='bbox 457 3067 549 3097; x_wconf 84' lang='lat' dir='ltr'>Terra</span> <span class='ocrx_word' id='word_1_510' title='bbox 568 3065 663 3096; x_wconf 86' lang='lat' dir='ltr'>nostra</span> <span class='ocrx_word' id='word_1_511' title='bbox 681 3065 831 3104; x_wconf 73' lang='lat' dir='ltr'>praedie‘ta,</span> <span class='ocrx_word' id='word_1_512' title='bbox 849 3065 896 3102; x_wconf 90' lang='lat' dir='ltr'>qui</span> <span class='ocrx_word' id='word_1_513' title='bbox 915 3073 990 3095; x_wconf 91' lang='lat' dir='ltr'>nunc</span> <span class='ocrx_word' id='word_1_514' title='bbox 1007 3064 1085 3102; x_wconf 90' lang='lat' dir='ltr'>sunt,</span> <span class='ocrx_word' id='word_1_515' title='bbox 1101 3064 1147 3096; x_wconf 82' lang='lat' dir='ltr'>vel</span> <span class='ocrx_word' id='word_1_516' title='bbox 1167 3068 1215 3104; x_wconf 89' lang='lat' dir='ltr'>qui</span> <span class='ocrx_word' id='word_1_517' title='bbox 1232 3076 1285 3105; x_wconf 88' lang='lat' dir='ltr'>pro</span> 
     </span>
     <span class='ocr_line' id='line_1_90' title="bbox 225 3105 642 3143; baseline -0.007 -7"><span class='ocrx_word' id='word_1_518' title='bbox 225 3114 355 3143; x_wconf 83' lang='lat' dir='ltr'>tempore</span> <span class='ocrx_word' id='word_1_519' title='bbox 372 3106 493 3143; x_wconf 77' lang='lat' dir='ltr'>fuerint,</span> <span class='ocrx_word' id='word_1_520' title='bbox 511 3105 642 3135; x_wconf 79' lang='lat' dir='ltr'>Salutem.</span> 
     </span>
    </p>

    <p class='ocr_par' dir='ltr' id='par_1_44' title="bbox 228 3140 1286 3218">
     <span class='ocr_line' id='line_1_91' title="bbox 265 3140 1286 3181; baseline -0.002 -7"><span class='ocrx_word' id='word_1_521' title='bbox 265 3144 307 3174; x_wconf 81' lang='lat' dir='ltr'>Ex</span> <span class='ocrx_word' id='word_1_522' title='bbox 325 3153 400 3181; x_wconf 86' lang='lat' dir='ltr'>parte</span> <span class='ocrx_word' id='word_1_523' title='bbox 419 3148 514 3174; x_wconf 77' lang='lat' dir='ltr'>Annae</span> <span class='ocrx_word' id='word_1_524' title='bbox 533 3146 639 3179; x_wconf 71' lang='lat' dir='ltr'>Reginae</span> <span class='ocrx_word' id='word_1_525' title='bbox 660 3141 772 3179; x_wconf 82' lang='lat' dir='ltr'>Angliae</span> <span class='ocrx_word' id='word_1_526' title='bbox 788 3165 798 3181; x_wconf 91' lang='lat'>,</span> <span class='ocrx_word' id='word_1_527' title='bbox 822 3140 973 3172; x_wconf 90' lang='lat' dir='ltr'>Consortis</span> <span class='ocrx_word' id='word_1_528' title='bbox 990 3141 1095 3172; x_wconf 89' lang='lat' dir='ltr'>nostrae</span> <span class='ocrx_word' id='word_1_529' title='bbox 1112 3141 1286 3181; x_wconf 84' lang='lat' dir='ltr'>Cariffimae,</span> 
     </span>
     <span class='ocr_line' id='line_1_92' title="bbox 228 3181 712 3218; baseline -0.006 -5"><span class='ocrx_word' id='word_1_530' title='bbox 228 3184 309 3213; x_wconf 75' lang='lat' dir='ltr'>nobis</span> <span class='ocrx_word' id='word_1_531' title='bbox 328 3184 416 3213; x_wconf 79' lang='lat' dir='ltr'>extitit</span> <span class='ocrx_word' id='word_1_532' title='bbox 433 3185 593 3213; x_wconf 81' lang='lat' dir='ltr'>intimatum</span> <span class='ocrx_word' id='word_1_533' title='bbox 614 3181 712 3218; x_wconf 66' lang='lat' dir='ltr'>quiid,</span> 
     </span>
    </p>

    <p class='ocr_par' dir='ltr' id='par_1_45' title="bbox 227 3218 1292 3607">
     <span class='ocr_line' id='line_1_93' title="bbox 267 3218 1287 3260; baseline -0.003 -9"><span class='ocrx_word' id='word_1_534' title='bbox 267 3222 286 3241; x_wconf 73' lang='lat'>’¹‘</span> <span class='ocrx_word' id='word_1_535' title='bbox 308 3221 388 3252; x_wconf 83' lang='lat' dir='ltr'>Licet</span> <span class='ocrx_word' id='word_1_536' title='bbox 404 3222 473 3260; x_wconf 82' lang='lat' dir='ltr'>ipsa,</span> <span class='ocrx_word' id='word_1_537' title='bbox 489 3222 595 3251; x_wconf 77' lang='lat' dir='ltr'>ratione</span> <span class='ocrx_word' id='word_1_538' title='bbox 613 3219 810 3258; x_wconf 74' lang='lat' dir='ltr'>Praerogativae</span> <span class='ocrx_word' id='word_1_539' title='bbox 824 3218 895 3256; x_wconf 80' lang='lat' dir='ltr'>suae,</span> <span class='ocrx_word' id='word_1_540' title='bbox 911 3218 1055 3257; x_wconf 85' lang='lat' dir='ltr'>quoddam</span> <span class='ocrx_word' id='word_1_541' title='bbox 1072 3218 1219 3256; x_wconf 90' lang='lat' dir='ltr'>Fcodum,</span> <span class='ocrx_word' id='word_1_542' title='bbox 1232 3228 1287 3250; x_wconf 86' lang='lat' dir='ltr'>vo-</span> 
     </span>
     <span class='ocr_line' id='line_1_94' title="bbox 229 3257 1288 3296; baseline -0.005 -5"><span class='ocrx_word' id='word_1_543' title='bbox 229 3269 323 3291; x_wconf 84' lang='lat' dir='ltr'>catum</span> <span class='ocrx_word' id='word_1_544' title='bbox 335 3261 456 3290; x_wconf 54' lang='lat' dir='ltr'>⁴Aurum</span> <span class='ocrx_word' id='word_1_545' title='bbox 477 3259 601 3296; x_wconf 66' lang='lat' dir='ltr'>Reginae</span> <span class='ocrx_word' id='word_1_546' title='bbox 613 3281 622 3295; x_wconf 88' lang='lat'>‚</span> <span class='ocrx_word' id='word_1_547' title='bbox 647 3257 683 3287; x_wconf 91' lang='lat' dir='ltr'>de</span> <span class='ocrx_word' id='word_1_548' title='bbox 700 3258 781 3288; x_wconf 86' lang='lat' dir='ltr'>certis</span> <span class='ocrx_word' id='word_1_549' title='bbox 800 3257 932 3295; x_wconf 72' lang='lat' dir='ltr'>Finibus,</span> <span class='ocrx_word' id='word_1_550' title='bbox 959 3258 992 3287; x_wconf 90' lang='lat' dir='ltr'>ad</span> <span class='ocrx_word' id='word_1_551' title='bbox 1012 3268 1084 3296; x_wconf 75' lang='lat' dir='ltr'>opus</span> <span class='ocrx_word' id='word_1_552' title='bbox 1099 3257 1227 3287; x_wconf 88' lang='lat' dir='ltr'>nostrum</span> <span class='ocrx_word' id='word_1_553' title='bbox 1245 3258 1288 3286; x_wconf 88' lang='lat' dir='ltr'>in-</span> 
     </span>
     <span class='ocr_line' id='line_1_95' title="bbox 229 3295 1289 3336; baseline -0.002 -8"><span class='ocrx_word' id='word_1_554' title='bbox 229 3300 269 3329; x_wconf 89' lang='lat' dir='ltr'>fra</span> <span class='ocrx_word' id='word_1_555' title='bbox 289 3298 423 3336; x_wconf 83' lang='lat' dir='ltr'>Regnum</span> <span class='ocrx_word' id='word_1_556' title='bbox 442 3298 570 3328; x_wconf 89' lang='lat' dir='ltr'>nostrum</span> <span class='ocrx_word' id='word_1_557' title='bbox 589 3296 716 3335; x_wconf 75' lang='lat' dir='ltr'>Anglice,</span> <span class='ocrx_word' id='word_1_558' title='bbox 734 3295 829 3332; x_wconf 63' lang='lat' dir='ltr'>factis,</span> <span class='ocrx_word' id='word_1_559' title='bbox 848 3305 932 3335; x_wconf 87' lang='lat' dir='ltr'>prout</span> <span class='ocrx_word' id='word_1_560' title='bbox 949 3305 1060 3326; x_wconf 69' lang='lat' dir='ltr'>czeterae</span> <span class='ocrx_word' id='word_1_561' title='bbox 1079 3295 1201 3334; x_wconf 74' lang='lat' dir='ltr'>Reginae</span> <span class='ocrx_word' id='word_1_562' title='bbox 1217 3296 1289 3333; x_wconf 85' lang='lat' dir='ltr'>ejus·</span> 
     </span>
     <span class='ocr_line' id='line_1_96' title="bbox 227 3333 1290 3373; baseline -0.005 -6"><span class='ocrx_word' id='word_1_563' title='bbox 227 3338 296 3367; x_wconf 87' lang='lat' dir='ltr'>dem</span> <span class='ocrx_word' id='word_1_564' title='bbox 316 3336 414 3373; x_wconf 83' lang='lat' dir='ltr'>Regni</span> <span class='ocrx_word' id='word_1_565' title='bbox 431 3347 495 3367; x_wconf 85' lang='lat' dir='ltr'>ante</span> <span class='ocrx_word' id='word_1_566' title='bbox 513 3337 575 3366; x_wconf 76' lang='lat' dir='ltr'>haec</span> <span class='ocrx_word' id='word_1_567' title='bbox 595 3345 723 3371; x_wconf 78' lang='lat' dir='ltr'>tempora</span> <span class='ocrx_word' id='word_1_568' title='bbox 738 3334 892 3364; x_wconf 70' lang='lat' dir='ltr'>habuerunt</span> <span class='ocrx_word' id='word_1_569' title='bbox 907 3356 916 3371; x_wconf 90' lang='lat'>,</span> <span class='ocrx_word' id='word_1_570' title='bbox 941 3334 1042 3365; x_wconf 78' lang='lat' dir='ltr'>habeat</span> <span class='ocrx_word' id='word_1_571' title='bbox 1055 3357 1065 3372; x_wconf 89' lang='lat'>,</span> <span class='ocrx_word' id='word_1_572' title='bbox 1087 3335 1120 3366; x_wconf 88' lang='lat'>&amp;</span> <span class='ocrx_word' id='word_1_573' title='bbox 1141 3333 1290 3372; x_wconf 82' lang='lat' dir='ltr'>percipiat,</span> 
     </span>
     <span class='ocr_line' id='line_1_97' title="bbox 229 3372 1291 3411; baseline -0.004 -5"><span class='ocrx_word' id='word_1_574' title='bbox 229 3385 264 3406; x_wconf 86' lang='lat' dir='ltr'>ex</span> <span class='ocrx_word' id='word_1_575' title='bbox 283 3375 496 3406; x_wconf 86' lang='lat' dir='ltr'>Consuetudine</span> <span class='ocrx_word' id='word_1_576' title='bbox 511 3373 639 3404; x_wconf 74' lang='lat' dir='ltr'>laudabili</span> <span class='ocrx_word' id='word_1_577' title='bbox 658 3375 689 3403; x_wconf 63' lang='grc' dir='ltr'>ὃς</span> <span class='ocrx_word' id='word_1_578' title='bbox 709 3373 842 3402; x_wconf 76' lang='lat' dir='ltr'>hactenus</span> <span class='ocrx_word' id='word_1_579' title='bbox 858 3373 1011 3409; x_wconf 75' lang='lat' dir='ltr'>approbata</span> <span class='ocrx_word' id='word_1_580' title='bbox 1026 3397 1035 3411; x_wconf 83' lang='grc'>.,</span> <span class='ocrx_word' id='word_1_581' title='bbox 1061 3372 1214 3410; x_wconf 89' lang='lat' dir='ltr'>omnesque</span> <span class='ocrx_word' id='word_1_582' title='bbox 1229 3372 1291 3402; x_wconf 87' lang='lat' dir='ltr'>Re·</span> 
     </span>
     <span class='ocr_line' id='line_1_98' title="bbox 228 3410 1291 3453; baseline -0.004 -9"><span class='ocrx_word' id='word_1_583' title='bbox 228 3416 302 3453; x_wconf 63' lang='lat' dir='ltr'>gin-„e</span> <span class='ocrx_word' id='word_1_584' title='bbox 326 3414 422 3449; x_wconf 63' lang='lat' dir='ltr'>Regni</span> <span class='ocrx_word' id='word_1_585' title='bbox 443 3413 532 3443; x_wconf 84' lang='lat' dir='ltr'>nostri</span> <span class='ocrx_word' id='word_1_586' title='bbox 560 3412 688 3450; x_wconf 65' lang='lat' dir='ltr'>pncdieti</span> <span class='ocrx_word' id='word_1_587' title='bbox 707 3410 867 3449; x_wconf 84' lang='lat' dir='ltr'>hujusmodi</span> <span class='ocrx_word' id='word_1_588' title='bbox 886 3411 1016 3441; x_wconf 81' lang='lat' dir='ltr'>Feodum</span> <span class='ocrx_word' id='word_1_589' title='bbox 1033 3411 1068 3442; x_wconf 90' lang='lat' dir='ltr'>de</span> <span class='ocrx_word' id='word_1_590' title='bbox 1087 3411 1201 3441; x_wconf 87' lang='lat' dir='ltr'>Finibus</span> <span class='ocrx_word' id='word_1_591' title='bbox 1219 3411 1291 3441; x_wconf 85' lang='lat' dir='ltr'>infra</span> 
     </span>
     <span class='ocr_line' id='line_1_99' title="bbox 228 3449 1292 3488; baseline -0.003 -6"><span class='ocrx_word' id='word_1_592' title='bbox 228 3453 334 3483; x_wconf 63' lang='lat' dir='ltr'>dichm</span> <span class='ocrx_word' id='word_1_593' title='bbox 353 3453 474 3482; x_wconf 73' lang='lat' dir='ltr'>Terram</span> <span class='ocrx_word' id='word_1_594' title='bbox 495 3451 618 3481; x_wconf 80' lang='lat' dir='ltr'>nostram</span> <span class='ocrx_word' id='word_1_595' title='bbox 640 3450 788 3480; x_wconf 63' lang='lat' dir='ltr'>Hiberniae</span> <span class='ocrx_word' id='word_1_596' title='bbox 803 3471 812 3486; x_wconf 92' lang='lat'>‚</span> <span class='ocrx_word' id='word_1_597' title='bbox 844 3449 877 3479; x_wconf 81' lang='lat' dir='ltr'>ad</span> <span class='ocrx_word' id='word_1_598' title='bbox 897 3460 968 3488; x_wconf 85' lang='lat' dir='ltr'>opus</span> <span class='ocrx_word' id='word_1_599' title='bbox 994 3450 1214 3488; x_wconf 88' lang='lat' dir='ltr'>Progenitorum</span> <span class='ocrx_word' id='word_1_600' title='bbox 1237 3459 1292 3479; x_wconf 91' lang='lat' dir='ltr'>no-</span> 
     </span>
     <span class='ocr_line' id='line_1_100' title="bbox 231 3488 1291 3528; baseline -0.004 -7"><span class='ocrx_word' id='word_1_601' title='bbox 231 3492 372 3528; x_wconf 86' lang='lat' dir='ltr'>strorum,</span> <span class='ocrx_word' id='word_1_602' title='bbox 397 3490 541 3528; x_wconf 85' lang='lat' dir='ltr'>quondam</span> <span class='ocrx_word' id='word_1_603' title='bbox 563 3489 676 3528; x_wconf 82' lang='lat' dir='ltr'>Regum</span> <span class='ocrx_word' id='word_1_604' title='bbox 696 3489 805 3526; x_wconf 71' lang='lat' dir='ltr'>Angli-:2</span> <span class='ocrx_word' id='word_1_605' title='bbox 817 3509 826 3524; x_wconf 83' lang='lat'>‚</span> <span class='ocrx_word' id='word_1_606' title='bbox 852 3488 949 3525; x_wconf 50' lang='lat' dir='ltr'>fabiis,</span> <span class='ocrx_word' id='word_1_607' title='bbox 972 3498 987 3516; x_wconf 86' lang='lat' dir='ltr'>a</span> <span class='ocrx_word' id='word_1_608' title='bbox 1007 3496 1136 3524; x_wconf 86' lang='lat' dir='ltr'>tempore</span> <span class='ocrx_word' id='word_1_609' title='bbox 1154 3497 1213 3525; x_wconf 90' lang='lat' dir='ltr'>quo</span> <span class='ocrx_word' id='word_1_610' title='bbox 1231 3497 1291 3517; x_wconf 90' lang='lat' dir='ltr'>non</span> 
     </span>
     <span class='ocr_line' id='line_1_101' title="bbox 230 3526 1291 3567; baseline -0.004 -6"><span class='ocrx_word' id='word_1_611' title='bbox 230 3538 303 3561; x_wconf 75' lang='lat' dir='ltr'>extat</span> <span class='ocrx_word' id='word_1_612' title='bbox 324 3531 462 3559; x_wconf 88' lang='lat' dir='ltr'>memoria</span> <span class='ocrx_word' id='word_1_613' title='bbox 476 3552 486 3567; x_wconf 90' lang='lat'>,</span> <span class='ocrx_word' id='word_1_614' title='bbox 511 3529 617 3558; x_wconf 79' lang='lat' dir='ltr'>ratione</span> <span class='ocrx_word' id='word_1_615' title='bbox 636 3528 830 3567; x_wconf 68' lang='lat' dir='ltr'>praerogativae</span> <span class='ocrx_word' id='word_1_616' title='bbox 846 3526 901 3556; x_wconf 60' lang='lat' dir='ltr'>suae</span> <span class='ocrx_word' id='word_1_617' title='bbox 918 3549 928 3564; x_wconf 90' lang='lat'>,</span> <span class='ocrx_word' id='word_1_618' title='bbox 956 3526 1119 3558; x_wconf 77' lang='lat' dir='ltr'>Succeffive</span> <span class='ocrx_word' id='word_1_619' title='bbox 1137 3527 1239 3557; x_wconf 84' lang='lat' dir='ltr'>habere</span> <span class='ocrx_word' id='word_1_620' title='bbox 1258 3527 1291 3557; x_wconf 88' lang='lat'>&amp;</span> 
     </span>
     <span class='ocr_line' id='line_1_102' title="bbox 229 3568 614 3607; baseline -0.008 -8"><span class='ocrx_word' id='word_1_621' title='bbox 229 3569 375 3607; x_wconf 77' lang='lat' dir='ltr'>percipere</span> <span class='ocrx_word' id='word_1_622' title='bbox 393 3568 614 3603; x_wconf 86' lang='lat' dir='ltr'>consueverunt,</span> 
     </span>
    </p>

    <p class='ocr_par' dir='ltr' id='par_1_46' title="bbox 232 3601 1296 3836">
     <span class='ocr_line' id='line_1_103' title="bbox 272 3601 1295 3645; baseline -0.005 -9"><span class='ocrx_word' id='word_1_623' title='bbox 272 3607 400 3645; x_wconf 79' lang='lat' dir='ltr'>Quidam</span> <span class='ocrx_word' id='word_1_624' title='bbox 419 3615 530 3643; x_wconf 82' lang='lat' dir='ltr'>tamen,</span> <span class='ocrx_word' id='word_1_625' title='bbox 550 3603 794 3635; x_wconf 82' lang='lat' dir='ltr'>Consuetudinem</span> <span class='ocrx_word' id='word_1_626' title='bbox 813 3601 977 3639; x_wconf 65' lang='lat' dir='ltr'>praedictam</span> <span class='ocrx_word' id='word_1_627' title='bbox 995 3604 1120 3633; x_wconf 81' lang='lat' dir='ltr'>omnino</span> <span class='ocrx_word' id='word_1_628' title='bbox 1139 3602 1236 3634; x_wconf 91' lang='lat' dir='ltr'>tollere</span> <span class='ocrx_word' id='word_1_629' title='bbox 1255 3602 1295 3632; x_wconf 75' lang='lat' dir='ltr'>fii-</span> 
     </span>
     <span class='ocr_line' id='line_1_104' title="bbox 232 3640 1295 3683; baseline -0.005 -8"><span class='ocrx_word' id='word_1_630' title='bbox 232 3653 370 3683; x_wconf 83' lang='lat' dir='ltr'>tagentes,</span> <span class='ocrx_word' id='word_1_631' title='bbox 388 3643 548 3681; x_wconf 83' lang='lat' dir='ltr'>hujusmodi</span> <span class='ocrx_word' id='word_1_632' title='bbox 565 3643 693 3673; x_wconf 86' lang='lat' dir='ltr'>Feodum</span> <span class='ocrx_word' id='word_1_633' title='bbox 704 3666 712 3680; x_wconf 83' lang='lat'>‚</span> <span class='ocrx_word' id='word_1_634' title='bbox 733 3641 855 3679; x_wconf 80' lang='lat' dir='ltr'>praefatae</span> <span class='ocrx_word' id='word_1_635' title='bbox 871 3640 1005 3670; x_wconf 89' lang='lat' dir='ltr'>Consorti</span> <span class='ocrx_word' id='word_1_636' title='bbox 1022 3641 1142 3679; x_wconf 78' lang='lat' dir='ltr'>nostrae,</span> <span class='ocrx_word' id='word_1_637' title='bbox 1159 3640 1195 3671; x_wconf 92' lang='lat' dir='ltr'>de</span> <span class='ocrx_word' id='word_1_638' title='bbox 1213 3642 1295 3671; x_wconf 88' lang='lat' dir='ltr'>certis</span> 
     </span>
     <span class='ocr_line' id='line_1_105' title="bbox 234 3678 1295 3720; baseline -0.003 -9"><span class='ocrx_word' id='word_1_639' title='bbox 234 3683 349 3714; x_wconf 77' lang='lat' dir='ltr'>Finibus</span> <span class='ocrx_word' id='word_1_640' title='bbox 363 3706 373 3720; x_wconf 87' lang='lat'>,</span> <span class='ocrx_word' id='word_1_641' title='bbox 395 3683 428 3712; x_wconf 86' lang='lat' dir='ltr'>ad</span> <span class='ocrx_word' id='word_1_642' title='bbox 445 3693 516 3720; x_wconf 88' lang='lat' dir='ltr'>opus</span> <span class='ocrx_word' id='word_1_643' title='bbox 535 3681 665 3711; x_wconf 85' lang='lat' dir='ltr'>nostrum</span> <span class='ocrx_word' id='word_1_644' title='bbox 682 3681 750 3710; x_wconf 85' lang='lat' dir='ltr'>infra</span> <span class='ocrx_word' id='word_1_645' title='bbox 768 3680 872 3710; x_wconf 60' lang='lat' dir='ltr'>dietam</span> <span class='ocrx_word' id='word_1_646' title='bbox 891 3678 1010 3709; x_wconf 82' lang='lat' dir='ltr'>Terram</span> <span class='ocrx_word' id='word_1_647' title='bbox 1032 3680 1182 3710; x_wconf 88' lang='lat' dir='ltr'>Hiberniae</span> <span class='ocrx_word' id='word_1_648' title='bbox 1200 3679 1295 3716; x_wconf 70' lang='lat' dir='ltr'>faeiis,</span> 
     </span>
     <span class='ocr_line' id='line_1_106' title="bbox 233 3717 1295 3757; baseline -0.002 -7"><span class='ocrx_word' id='word_1_649' title='bbox 233 3721 359 3752; x_wconf 84' lang='lat' dir='ltr'>debitum</span> <span class='ocrx_word' id='word_1_650' title='bbox 378 3721 470 3752; x_wconf 90' lang='lat' dir='ltr'>eidem</span> <span class='ocrx_word' id='word_1_651' title='bbox 489 3719 625 3750; x_wconf 74' lang='lat' dir='ltr'>Consorti</span> <span class='ocrx_word' id='word_1_652' title='bbox 648 3719 751 3749; x_wconf 77' lang='lat' dir='ltr'>nostrae</span> <span class='ocrx_word' id='word_1_653' title='bbox 765 3741 774 3757; x_wconf 87' lang='lat'>,</span> <span class='ocrx_word' id='word_1_654' title='bbox 800 3718 904 3747; x_wconf 87' lang='lat' dir='ltr'>solvere</span> <span class='ocrx_word' id='word_1_655' title='bbox 922 3718 1118 3748; x_wconf 81' lang='lat' dir='ltr'>contradicunt</span> <span class='ocrx_word' id='word_1_656' title='bbox 1133 3741 1143 3756; x_wconf 83' lang='grc'>,</span> <span class='ocrx_word' id='word_1_657' title='bbox 1168 3719 1196 3747; x_wconf 91' lang='lat' dir='ltr'>in</span> <span class='ocrx_word' id='word_1_658' title='bbox 1213 3717 1295 3754; x_wconf 83' lang='lat' dir='ltr'>ipfius</span> 
     </span>
     <span class='ocr_line' id='line_1_107' title="bbox 234 3755 1296 3795; baseline -0.003 -7"><span class='ocrx_word' id='word_1_659' title='bbox 234 3758 381 3790; x_wconf 86' lang='lat' dir='ltr'>Consortis</span> <span class='ocrx_word' id='word_1_660' title='bbox 399 3760 502 3789; x_wconf 85' lang='lat' dir='ltr'>nostrae</span> <span class='ocrx_word' id='word_1_661' title='bbox 519 3758 689 3795; x_wconf 89' lang='lat' dir='ltr'>Dampnum</span> <span class='ocrx_word' id='word_1_662' title='bbox 709 3755 905 3794; x_wconf 82' lang='lat' dir='ltr'>graviffimurn</span> <span class='ocrx_word' id='word_1_663' title='bbox 925 3757 957 3786; x_wconf 68' lang='grc' dir='ltr'>ὃ(</span> <span class='ocrx_word' id='word_1_664' title='bbox 975 3755 1210 3786; x_wconf 80' lang='lat' dir='ltr'>Exhaeredationis</span> <span class='ocrx_word' id='word_1_665' title='bbox 1222 3757 1296 3794; x_wconf 86' lang='lat' dir='ltr'>peri-</span> 
     </span>
     <span class='ocr_line' id='line_1_108' title="bbox 235 3794 1192 3836; baseline 0 -11"><span class='ocrx_word' id='word_1_666' title='bbox 235 3797 331 3826; x_wconf 80' lang='lat' dir='ltr'>culum</span> <span class='ocrx_word' id='word_1_667' title='bbox 351 3798 530 3828; x_wconf 86' lang='lat' dir='ltr'>manifestum</span> <span class='ocrx_word' id='word_1_668' title='bbox 541 3820 550 3836; x_wconf 82' lang='lat'>‚</span> <span class='ocrx_word' id='word_1_669' title='bbox 569 3806 601 3826; x_wconf 86' lang='lat' dir='ltr'>ac</span> <span class='ocrx_word' id='word_1_670' title='bbox 618 3805 717 3826; x_wconf 89' lang='lat' dir='ltr'>contra</span> <span class='ocrx_word' id='word_1_671' title='bbox 733 3794 974 3825; x_wconf 78' lang='lat' dir='ltr'>Consuetudinem</span> <span class='ocrx_word' id='word_1_672' title='bbox 990 3794 1192 3832; x_wconf 68' lang='lat' dir='ltr'>supradictam,</span> 
     </span>
    </p>

    <p class='ocr_par' dir='ltr' id='par_1_47' title="bbox 237 3833 1296 3911">
     <span class='ocr_line' id='line_1_109' title="bbox 278 3833 1296 3872; baseline 0.002 -10"><span class='ocrx_word' id='word_1_673' title='bbox 278 3834 363 3864; x_wconf 82' lang='lat' dir='ltr'>Unde</span> <span class='ocrx_word' id='word_1_674' title='bbox 382 3836 481 3866; x_wconf 86' lang='lat' dir='ltr'>Nobis</span> <span class='ocrx_word' id='word_1_675' title='bbox 499 3835 540 3866; x_wconf 86' lang='lat' dir='ltr'>est</span> <span class='ocrx_word' id='word_1_676' title='bbox 557 3834 739 3872; x_wconf 81' lang='lat' dir='ltr'>supplicatum</span> <span class='ocrx_word' id='word_1_677' title='bbox 760 3842 790 3863; x_wconf 92' lang='lat' dir='ltr'>ut</span> <span class='ocrx_word' id='word_1_678' title='bbox 807 3833 1008 3870; x_wconf 84' lang='lat' dir='ltr'>Indempnitati</span> <span class='ocrx_word' id='word_1_679' title='bbox 1026 3833 1081 3864; x_wconf 88' lang='lat' dir='ltr'>suae</span> <span class='ocrx_word' id='word_1_680' title='bbox 1099 3835 1128 3864; x_wconf 90' lang='lat' dir='ltr'>in</span> <span class='ocrx_word' id='word_1_681' title='bbox 1147 3833 1199 3863; x_wconf 87' lang='lat' dir='ltr'>hac</span> <span class='ocrx_word' id='word_1_682' title='bbox 1216 3841 1296 3870; x_wconf 88' lang='lat' dir='ltr'>parte</span> 
     </span>
     <span class='ocr_line' id='line_1_110' title="bbox 237 3873 608 3911; baseline 0.003 -10"><span class='ocrx_word' id='word_1_683' title='bbox 237 3873 395 3910; x_wconf 75' lang='lat' dir='ltr'>prospicere</span> <span class='ocrx_word' id='word_1_684' title='bbox 413 3875 608 3911; x_wconf 83' lang='lat' dir='ltr'>dignaremur,</span> 
     </span>
    </p>

    <p class='ocr_par' dir='ltr' id='par_1_48' title="bbox 237 3908 1298 4064">
     <span class='ocr_line' id='line_1_111' title="bbox 278 3908 1296 3949; baseline -0.002 -9"><span class='ocrx_word' id='word_1_685' title='bbox 278 3909 364 3947; x_wconf 86' lang='lat' dir='ltr'>Nos,</span> <span class='ocrx_word' id='word_1_686' title='bbox 388 3911 455 3947; x_wconf 86' lang='lat' dir='ltr'>Jura</span> <span class='ocrx_word' id='word_1_687' title='bbox 471 3913 505 3943; x_wconf 88' lang='lat'>&amp;</span> <span class='ocrx_word' id='word_1_688' title='bbox 527 3912 672 3949; x_wconf 84' lang='lat' dir='ltr'>Privilegia</span> <span class='ocrx_word' id='word_1_689' title='bbox 692 3911 699 3939; x_wconf 90' lang='lat' dir='ltr'>i</span> <span class='ocrx_word' id='word_1_690' title='bbox 724 3910 774 3940; x_wconf 86' lang='lat' dir='ltr'>sius</span> <span class='ocrx_word' id='word_1_691' title='bbox 792 3908 938 3939; x_wconf 85' lang='lat' dir='ltr'>Consortis</span> <span class='ocrx_word' id='word_1_692' title='bbox 952 3908 1057 3941; x_wconf 79' lang='lat' dir='ltr'>nostrae</span> <span class='ocrx_word' id='word_1_693' title='bbox 1072 3908 1152 3941; x_wconf 88' lang='lat' dir='ltr'>iilaesa</span> <span class='ocrx_word' id='word_1_694' title='bbox 1166 3908 1296 3940; x_wconf 86' lang='lat' dir='ltr'>observa-</span> 
     </span>
     <span class='ocr_line' id='line_1_112' title="bbox 240 3947 1296 3987; baseline -0.001 -9"><span class='ocrx_word' id='word_1_695' title='bbox 240 3955 287 3986; x_wconf 85' lang='lat' dir='ltr'>re,</span> <span class='ocrx_word' id='word_1_696' title='bbox 302 3958 335 3978; x_wconf 90' lang='lat' dir='ltr'>ac</span> <span class='ocrx_word' id='word_1_697' title='bbox 351 3958 382 3978; x_wconf 88' lang='lat' dir='ltr'>ea</span> <span class='ocrx_word' id='word_1_698' title='bbox 400 3949 651 3981; x_wconf 69' lang='lat' dir='ltr'>Contravenientes</span> <span class='ocrx_word' id='word_1_699' title='bbox 668 3952 707 3980; x_wconf 79' lang='lat' dir='ltr'>rei</span> <span class='ocrx_word' id='word_1_700' title='bbox 724 3951 831 3987; x_wconf 86' lang='lat' dir='ltr'>ringere</span> <span class='ocrx_word' id='word_1_701' title='bbox 851 3947 976 3978; x_wconf 87' lang='lat' dir='ltr'>volentes</span> <span class='ocrx_word' id='word_1_702' title='bbox 996 3957 1078 3986; x_wconf 86' lang='lat' dir='ltr'>prout</span> <span class='ocrx_word' id='word_1_703' title='bbox 1097 3949 1196 3986; x_wconf 90' lang='lat' dir='ltr'>decet,</span> <span class='ocrx_word' id='word_1_704' title='bbox 1214 3948 1296 3978; x_wconf 83' lang='lat' dir='ltr'>vobis</span> 
     </span>
     <span class='ocr_line' id='line_1_113' title="bbox 240 3985 1298 4027; baseline -0.002 -10"><span class='ocrx_word' id='word_1_705' title='bbox 240 3987 274 4017; x_wconf 76' lang='grc' dir='ltr'>ὃ(</span> <span class='ocrx_word' id='word_1_706' title='bbox 291 3986 404 4017; x_wconf 82' lang='lat' dir='ltr'>cuilibet</span> <span class='ocrx_word' id='word_1_707' title='bbox 416 3987 540 4018; x_wconf 71' lang='lat' dir='ltr'>vestrum</span> <span class='ocrx_word' id='word_1_708' title='bbox 561 3989 733 4027; x_wconf 81' lang='lat' dir='ltr'>injungimus</span> <span class='ocrx_word' id='word_1_709' title='bbox 749 3989 781 4019; x_wconf 90' lang='lat'>&amp;</span> <span class='ocrx_word' id='word_1_710' title='bbox 801 3985 972 4016; x_wconf 86' lang='lat' dir='ltr'>Mandamus</span> <span class='ocrx_word' id='word_1_711' title='bbox 987 3987 1067 4024; x_wconf 83' lang='lat' dir='ltr'>quod</span> <span class='ocrx_word' id='word_1_712' title='bbox 1084 3987 1214 4018; x_wconf 85' lang='lat' dir='ltr'>Feodum</span> <span class='ocrx_word' id='word_1_713' title='bbox 1228 3995 1298 4024; x_wconf 79' lang='lat' dir='ltr'>prae—</span> 
     </span>
     <span class='ocr_line' id='line_1_114' title="bbox 237 4024 1297 4064; baseline -0.001 -8"><span class='ocrx_word' id='word_1_714' title='bbox 237 4025 366 4064; x_wconf 62' lang='lat' dir='ltr'>dietum,</span> <span class='ocrx_word' id='word_1_715' title='bbox 383 4025 419 4056; x_wconf 84' lang='lat' dir='ltr'>de</span> <span class='ocrx_word' id='word_1_716' title='bbox 438 4025 550 4057; x_wconf 79' lang='lat' dir='ltr'>Finibus</span> <span class='ocrx_word' id='word_1_717' title='bbox 569 4037 665 4058; x_wconf 87' lang='lat' dir='ltr'>coram</span> <span class='ocrx_word' id='word_1_718' title='bbox 683 4027 766 4060; x_wconf 80' lang='lat' dir='ltr'>vobis</span> <span class='ocrx_word' id='word_1_719' title='bbox 784 4026 831 4059; x_wconf 84' lang='lat' dir='ltr'>vel</span> <span class='ocrx_word' id='word_1_720' title='bbox 845 4025 940 4063; x_wconf 89' lang='lat' dir='ltr'>aliquo</span> <span class='ocrx_word' id='word_1_721' title='bbox 958 4024 1087 4057; x_wconf 71' lang='lat' dir='ltr'>vestrum</span> <span class='ocrx_word' id='word_1_722' title='bbox 1105 4025 1140 4057; x_wconf 87' lang='lat' dir='ltr'>ad</span> <span class='ocrx_word' id='word_1_723' title='bbox 1157 4035 1230 4064; x_wconf 80' lang='lat' dir='ltr'>opus</span> <span class='ocrx_word' id='word_1_724' title='bbox 1241 4034 1297 4056; x_wconf 90' lang='lat' dir='ltr'>no-</span> 
     </span>
    </p>
   </div>
   <div class='ocr_carea' id='block_1_35' title="bbox 664 78 1921 156">
    <p class='ocr_par' dir='ltr' id='par_1_49' title="bbox 664 78 1921 156">
     <span class='ocr_line' id='line_1_115' title="bbox 664 78 1921 156; baseline -0.009 0"><span class='ocrx_word' id='word_1_725' title='bbox 664 80 1473 156; x_wconf 66' lang='lat' dir='ltr'>ooNVENTIONEs&#39;,</span> <span class='ocrx_word' id='word_1_726' title='bbox 1529 78 1921 153; x_wconf 80' lang='lat' dir='ltr'>LiTERAE,</span> 
     </span>
    </p>
   </div>
   <div class='ocr_carea' id='block_1_36' title="bbox 1325 172 2543 306">
    <p class='ocr_par' dir='ltr' id='par_1_50' title="bbox 1325 172 2543 306">
     <span class='ocr_line' id='line_1_116' title="bbox 1326 172 2541 236; baseline 0.004 -17"><span class='ocrx_word' id='word_1_727' title='bbox 1326 188 1416 219; x_wconf 86' lang='lat' dir='ltr'>strum</span> <span class='ocrx_word' id='word_1_728' title='bbox 1428 211 1439 227; x_wconf 91' lang='lat'>,</span> <span class='ocrx_word' id='word_1_729' title='bbox 1468 187 1541 234; x_wconf 64' lang='lat' dir='ltr'>infra</span> <span class='ocrx_word' id='word_1_730' title='bbox 1559 189 1682 234; x_wconf 79' lang='lat' dir='ltr'>Terram</span> <span class='ocrx_word' id='word_1_731' title='bbox 1701 188 1777 236; x_wconf 79' lang='lat' dir='ltr'>illam</span> <span class='ocrx_word' id='word_1_732' title='bbox 1796 189 1877 219; x_wconf 70' lang='lat' dir='ltr'>faffis</span> <span class='ocrx_word' id='word_1_733' title='bbox 1889 212 1909 234; x_wconf 74' lang='lat'>³.</span> <span class='ocrx_word' id='word_1_734' title='bbox 1933 189 2057 236; x_wconf 46' lang='lat' dir='ltr'>aii-&#39;opus</span> <span class='ocrx_word' id='word_1_735' title='bbox 2073 192 2155 232; x_wconf 78' lang='lat' dir='ltr'>ipsius</span> <span class='ocrx_word' id='word_1_736' title='bbox 2172 191 2322 226; x_wconf 86' lang='lat' dir='ltr'>Consortis</span> <span class='ocrx_word' id='word_1_737' title='bbox 2338 204 2393 228; x_wconf 79' lang='lat' dir='ltr'>no-</span> <span class='ocrx_word' id='word_1_738' title='bbox 2407 172 2541 235; x_wconf 55' lang='lat' dir='ltr'>Ann:D,l</span> 
     </span>
     <span class='ocr_line' id='line_1_117' title="bbox 1325 227 2543 281; baseline 0.003 -23"><span class='ocrx_word' id='word_1_739' title='bbox 1325 227 1406 265; x_wconf 83' lang='lat' dir='ltr'>strae,</span> <span class='ocrx_word' id='word_1_740' title='bbox 1423 228 1526 266; x_wconf 85' lang='lat' dir='ltr'>levari,</span> <span class='ocrx_word' id='word_1_741' title='bbox 1544 229 1578 259; x_wconf 72' lang='grc' dir='ltr'>δε</span> <span class='ocrx_word' id='word_1_742' title='bbox 1595 228 1645 258; x_wconf 89' lang='lat' dir='ltr'>sibi</span> <span class='ocrx_word' id='word_1_743' title='bbox 1663 227 1731 258; x_wconf 91' lang='lat' dir='ltr'>inde</span> <span class='ocrx_word' id='word_1_744' title='bbox 1749 227 1912 265; x_wconf 85' lang='lat' dir='ltr'>responderi</span> <span class='ocrx_word' id='word_1_745' title='bbox 1928 229 2032 260; x_wconf 59' lang='lat' dir='ltr'>faciatis</span> <span class='ocrx_word' id='word_1_746' title='bbox 2044 253 2056 269; x_wconf 82' lang='lat'>‚</span> <span class='ocrx_word' id='word_1_747' title='bbox 2074 241 2158 270; x_wconf 86' lang='lat' dir='ltr'>prout</span> <span class='ocrx_word' id='word_1_748' title='bbox 2176 234 2284 264; x_wconf 85' lang='lat' dir='ltr'>caeteri&#39;s</span> <span class='ocrx_word' id='word_1_749' title='bbox 2303 233 2393 275; x_wconf 82' lang='lat' dir='ltr'>Regi-</span> <span class='ocrx_word' id='word_1_750' title='bbox 2420 244 2440 281; x_wconf 66' lang='lat'>2¹</span> <span class='ocrx_word' id='word_1_751' title='bbox 2447 245 2510 277; x_wconf 74' lang='lat'>393,</span> <span class='ocrx_word' id='word_1_752' title='bbox 2538 253 2543 275; x_wconf 91' lang='lat'>:</span> 
     </span>
     <span class='ocr_line' id='line_1_118' title="bbox 2446 283 2516 306; baseline 0 -2"><span class='ocrx_word' id='word_1_753' title='bbox 2446 297 2453 304; x_wconf 88' lang='lat'>.</span> <span class='ocrx_word' id='word_1_754' title='bbox 2473 283 2516 306; x_wconf 81' lang='lat'>2.·</span> 
     </span>
    </p>
   </div>
   <div class='ocr_carea' id='block_1_37' title="bbox 1325 266 2299 346">
    <p class='ocr_par' dir='ltr' id='par_1_51' title="bbox 1325 266 2299 346">
     <span class='ocr_line' id='line_1_119' title="bbox 1325 266 2268 305; baseline 0.006 -9"><span class='ocrx_word' id='word_1_755' title='bbox 1325 267 1369 296; x_wconf 86' lang='lat' dir='ltr'>nis</span> <span class='ocrx_word' id='word_1_756' title='bbox 1386 266 1493 296; x_wconf 84' lang='lat' dir='ltr'>ibidem</span> <span class='ocrx_word' id='word_1_757' title='bbox 1509 266 1594 304; x_wconf 80' lang='lat' dir='ltr'>inde,</span> <span class='ocrx_word' id='word_1_758' title='bbox 1611 274 1678 297; x_wconf 86' lang='lat' dir='ltr'>ante</span> <span class='ocrx_word' id='word_1_759' title='bbox 1691 266 1756 297; x_wconf 88' lang='lat' dir='ltr'>haec</span> <span class='ocrx_word' id='word_1_760' title='bbox 1775 275 1923 304; x_wconf 84' lang='lat' dir='ltr'>tempora,</span> <span class='ocrx_word' id='word_1_761' title='bbox 1937 267 2095 305; x_wconf 86' lang='lat' dir='ltr'>responderi</span> <span class='ocrx_word' id='word_1_762' title='bbox 2112 271 2268 303; x_wconf 88' lang='lat' dir='ltr'>consuevit.</span> 
     </span>
     <span class='ocr_line' id='line_1_120' title="bbox 1363 302 2299 346; baseline 0.006 -10"><span class='ocrx_word' id='word_1_763' title='bbox 1363 305 1454 336; x_wconf 87' lang='lat' dir='ltr'>Teste</span> <span class='ocrx_word' id='word_1_764' title='bbox 1469 304 1552 344; x_wconf 75' lang='lat' dir='ltr'>Rege</span> <span class='ocrx_word' id='word_1_765' title='bbox 1565 304 1639 345; x_wconf 89' lang='lat' dir='ltr'>apud</span> <span class='ocrx_word' id='word_1_766' title='bbox 1651 302 1926 346; x_wconf 49' lang='lat' dir='ltr'>westmonasterium,</span> <span class='ocrx_word' id='word_1_767' title='bbox 1941 306 2078 338; x_wconf 85' lang='lat' dir='ltr'>vicesimo</span> <span class='ocrx_word' id='word_1_768' title='bbox 2087 308 2135 339; x_wconf 90' lang='lat' dir='ltr'>die</span> <span class='ocrx_word' id='word_1_769' title='bbox 2148 309 2299 342; x_wconf 61' lang='lat' dir='ltr'>octobris.</span> 
     </span>
    </p>
   </div>
   <div class='ocr_carea' id='block_1_38' title="bbox 2040 384 2282 419">
    <p class='ocr_par' dir='ltr' id='par_1_52' title="bbox 2040 384 2282 419">
     <span class='ocr_line' id='line_1_121' title="bbox 2040 384 2282 419; baseline 0.025 -6"><span class='ocrx_word' id='word_1_770' title='bbox 2040 384 2082 413; x_wconf 80' lang='lat' dir='ltr'>Et</span> <span class='ocrx_word' id='word_1_771' title='bbox 2095 392 2157 416; x_wconf 73' lang='lat' dir='ltr'>erat</span> <span class='ocrx_word' id='word_1_772' title='bbox 2171 389 2282 419; x_wconf 76' lang='lat' dir='ltr'>patens.</span> 
     </span>
    </p>
   </div>
   <div class='ocr_carea' id='block_1_39' title="bbox 1458 456 2360 468">
    <p class='ocr_par' dir='ltr' id='par_1_53' title="bbox 1458 456 2360 468">
     <span class='ocr_line' id='line_1_122' title="bbox 1458 456 2360 468; baseline 0 0"><span class='ocrx_word' id='word_1_773' title='bbox 1458 456 2360 468; x_wconf 95' lang='lat' dir='ltr'> </span> 
     </span>
    </p>
   </div>
   <div class='ocr_carea' id='block_1_40' title="bbox 1603 504 2102 554">
    <p class='ocr_par' dir='ltr' id='par_1_54' title="bbox 1603 504 2102 554">
     <span class='ocr_line' id='line_1_123' title="bbox 1603 504 2102 554; baseline 0 -13"><span class='ocrx_word' id='word_1_774' title='bbox 1603 504 1740 550; x_wconf 88' lang='lat' dir='ltr'>Conceffio</span> <span class='ocrx_word' id='word_1_775' title='bbox 1757 504 1794 540; x_wconf 90' lang='lat' dir='ltr'>de</span> <span class='ocrx_word' id='word_1_776' title='bbox 1813 508 1924 541; x_wconf 82' lang='lat' dir='ltr'>Armis</span> <span class='ocrx_word' id='word_1_777' title='bbox 1934 506 2102 554; x_wconf 78' lang='lat' dir='ltr'>portandis.</span> 
     </span>
    </p>
   </div>
   <div class='ocr_carea' id='block_1_41' title="bbox 1326 590 2020 648">
    <p class='ocr_par' dir='ltr' id='par_1_55' title="bbox 1326 590 2020 648">
     <span class='ocr_line' id='line_1_124' title="bbox 1326 590 2020 648; baseline 0.001 -25"><span class='ocrx_word' id='word_1_778' title='bbox 1326 590 1448 648; x_wconf 76' lang='lat' dir='ltr'>REX</span> <span class='ocrx_word' id='word_1_779' title='bbox 1466 590 1630 630; x_wconf 80' lang='lat' dir='ltr'>Omnibus,</span> <span class='ocrx_word' id='word_1_780' title='bbox 1647 591 1682 623; x_wconf 92' lang='lat' dir='ltr'>ad</span> <span class='ocrx_word' id='word_1_781' title='bbox 1699 601 1789 632; x_wconf 86' lang='lat' dir='ltr'>quOS,</span> <span class='ocrx_word' id='word_1_782' title='bbox 1806 594 1868 625; x_wconf 89' lang='lat' dir='ltr'>&amp;c.</span> <span class='ocrx_word' id='word_1_783' title='bbox 1885 591 2020 624; x_wconf 90' lang='lat' dir='ltr'>Salutem.</span> 
     </span>
    </p>
   </div>
   <div class='ocr_carea' id='block_1_42' title="bbox 1423 630 2513 674">
    <p class='ocr_par' dir='ltr' id='par_1_56' title="bbox 1423 630 2513 674">
     <span class='ocr_line' id='line_1_125' title="bbox 1423 630 2513 674; baseline -0.006 -12"><span class='ocrx_word' id='word_1_784' title='bbox 1423 631 1521 662; x_wconf 89' lang='lat' dir='ltr'>Sciatis</span> <span class='ocrx_word' id='word_1_785' title='bbox 1539 630 1636 669; x_wconf 76' lang='lat' dir='ltr'>quod,</span> <span class='ocrx_word' id='word_1_786' title='bbox 2428 640 2513 674; x_wconf 61' lang='lat'>1393,</span> 
     </span>
    </p>
   </div>
   <div class='ocr_carea' id='block_1_43' title="bbox 1360 667 2549 738">
    <p class='ocr_par' dir='ltr' id='par_1_57' title="bbox 1360 667 2549 738">
     <span class='ocr_line' id='line_1_126' title="bbox 1360 667 2549 738; baseline 0.003 -38"><span class='ocrx_word' id='word_1_787' title='bbox 1360 667 1412 700; x_wconf 93' lang='lat' dir='ltr'>De</span> <span class='ocrx_word' id='word_1_788' title='bbox 1434 669 1535 700; x_wconf 87' lang='lat' dir='ltr'>Gratia</span> <span class='ocrx_word' id='word_1_789' title='bbox 1552 668 1646 700; x_wconf 91' lang='lat' dir='ltr'>nostra</span> <span class='ocrx_word' id='word_1_790' title='bbox 1666 669 1775 708; x_wconf 88' lang='lat' dir='ltr'>speciali</span> <span class='ocrx_word' id='word_1_791' title='bbox 1772 694 1793 738; x_wconf 55' lang='grc' dir='ltr'>ἐ</span> <span class='ocrx_word' id='word_1_792' title='bbox 1810 670 1844 701; x_wconf 90' lang='lat'>&amp;</span> <span class='ocrx_word' id='word_1_793' title='bbox 1865 679 1919 708; x_wconf 87' lang='lat' dir='ltr'>pro</span> <span class='ocrx_word' id='word_1_794' title='bbox 1933 679 1970 701; x_wconf 90' lang='lat' dir='ltr'>eo</span> <span class='ocrx_word' id='word_1_795' title='bbox 1984 669 2083 710; x_wconf 81' lang='lat' dir='ltr'>quod,</span> <span class='ocrx_word' id='word_1_796' title='bbox 2100 669 2265 704; x_wconf 83' lang='lat' dir='ltr'>Cariffirnus</span> <span class='ocrx_word' id='word_1_797' title='bbox 2279 671 2386 710; x_wconf 86' lang='lat' dir='ltr'>Domi-</span> <span class='ocrx_word' id='word_1_798' title='bbox 2398 673 2450 700; x_wconf 84' lang='lat' dir='ltr'>An.</span> <span class='ocrx_word' id='word_1_799' title='bbox 2473 682 2514 709; x_wconf 90' lang='lat'>¹7-</span> <span class='ocrx_word' id='word_1_800' title='bbox 2545 684 2549 693; x_wconf 63' lang='lat'><em>⁴</em></span> 
     </span>
    </p>
   </div>
   <div class='ocr_carea' id='block_1_44' title="bbox 1322 707 2531 829">
    <p class='ocr_par' dir='ltr' id='par_1_58' title="bbox 1322 707 2531 829">
     <span class='ocr_line' id='line_1_127' title="bbox 1322 707 2475 747; baseline 0.002 -11"><span class='ocrx_word' id='word_1_801' title='bbox 1322 715 1376 738; x_wconf 84' lang='lat' dir='ltr'>nus</span> <span class='ocrx_word' id='word_1_802' title='bbox 1398 708 1432 739; x_wconf 88' lang='lat'>&amp;</span> <span class='ocrx_word' id='word_1_803' title='bbox 1454 708 1533 738; x_wconf 86' lang='lat' dir='ltr'>Avus</span> <span class='ocrx_word' id='word_1_804' title='bbox 1557 707 1670 746; x_wconf 85' lang='lat' dir='ltr'>noster,</span> <span class='ocrx_word' id='word_1_805' title='bbox 1688 708 1753 739; x_wconf 81' lang='lat' dir='ltr'>Rex</span> <span class='ocrx_word' id='word_1_806' title='bbox 1792 708 1942 747; x_wconf 68' lang='lat' dir='ltr'>efumstus,</span> <span class='ocrx_word' id='word_1_807' title='bbox 1957 717 2062 747; x_wconf 83' lang='lat' dir='ltr'>nuper,</span> <span class='ocrx_word' id='word_1_808' title='bbox 2080 719 2129 747; x_wconf 85' lang='lat' dir='ltr'>per</span> <span class='ocrx_word' id='word_1_809' title='bbox 2144 711 2253 742; x_wconf 74' lang='lat' dir='ltr'>Literas</span> <span class='ocrx_word' id='word_1_810' title='bbox 2264 711 2321 743; x_wconf 74' lang='lat' dir='ltr'>suas</span> <span class='ocrx_word' id='word_1_811' title='bbox 2331 711 2384 744; x_wconf 71' lang='lat' dir='ltr'>Pa.</span> <span class='ocrx_word' id='word_1_812' title='bbox 2397 712 2426 737; x_wconf 84' lang='lat' dir='ltr'>R.</span> <span class='ocrx_word' id='word_1_813' title='bbox 2447 719 2475 738; x_wconf 89' lang='lat'>2.</span> 
     </span>
     <span class='ocr_line' id='line_1_128' title="bbox 1323 746 2515 790; baseline 0.007 -14"><span class='ocrx_word' id='word_1_814' title='bbox 1323 753 1430 786; x_wconf 80' lang='lat' dir='ltr'>tentes,</span> <span class='ocrx_word' id='word_1_815' title='bbox 1448 747 1585 778; x_wconf 76' lang='lat' dir='ltr'>concessit</span> <span class='ocrx_word' id='word_1_816' title='bbox 1600 749 1682 776; x_wconf 85' lang='lat' dir='ltr'>Petro</span> <span class='ocrx_word' id='word_1_817' title='bbox 1695 747 1727 777; x_wconf 82' lang='lat' dir='ltr'>de</span> <span class='ocrx_word' id='word_1_818' title='bbox 1742 746 1890 777; x_wconf 83' lang='lat' dir='ltr'>Maundell</span> <span class='ocrx_word' id='word_1_819' title='bbox 1907 748 1941 779; x_wconf 91' lang='lat'>&amp;</span> <span class='ocrx_word' id='word_1_820' title='bbox 1961 746 2132 779; x_wconf 80' lang='lat' dir='ltr'>Haeredibus</span> <span class='ocrx_word' id='word_1_821' title='bbox 2151 750 2219 790; x_wconf 84' lang='lat' dir='ltr'>suis,</span> <span class='ocrx_word' id='word_1_822' title='bbox 2237 746 2317 789; x_wconf 81' lang='lat' dir='ltr'>quod</span> <span class='ocrx_word' id='word_1_823' title='bbox 2335 752 2385 789; x_wconf 78' lang='lat' dir='ltr'>ipsi</span> <span class='ocrx_word' id='word_1_824' title='bbox 2400 750 2459 776; x_wconf 64' lang='grc' dir='ltr'>ΡΜ·</span> <span class='ocrx_word' id='word_1_825' title='bbox 2470 755 2515 784; x_wconf 61' lang='grc'>174</span> 
     </span>
     <span class='ocr_line' id='line_1_129' title="bbox 1322 784 2531 829; baseline 0.002 -14"><span class='ocrx_word' id='word_1_826' title='bbox 1322 795 1435 822; x_wconf 87' lang='lat' dir='ltr'>portare</span> <span class='ocrx_word' id='word_1_827' title='bbox 1448 785 1560 824; x_wconf 84' lang='lat' dir='ltr'>poffent</span> <span class='ocrx_word' id='word_1_828' title='bbox 1573 785 1661 816; x_wconf 79' lang='lat' dir='ltr'>Arma</span> <span class='ocrx_word' id='word_1_829' title='bbox 1675 784 1712 816; x_wconf 92' lang='lat' dir='ltr'>de</span> <span class='ocrx_word' id='word_1_830' title='bbox 1725 784 1837 816; x_wconf 90' lang='lat' dir='ltr'>Goules</span> <span class='ocrx_word' id='word_1_831' title='bbox 1849 795 1918 816; x_wconf 92' lang='lat' dir='ltr'>cum</span> <span class='ocrx_word' id='word_1_832' title='bbox 1929 785 2037 817; x_wconf 90' lang='lat' dir='ltr'>Tribus</span> <span class='ocrx_word' id='word_1_833' title='bbox 2051 785 2114 817; x_wconf 91' lang='lat' dir='ltr'>Leo</span> <span class='ocrx_word' id='word_1_834' title='bbox 2150 788 2206 820; x_wconf 84' lang='lat' dir='ltr'>rdis</span> <span class='ocrx_word' id='word_1_835' title='bbox 2225 789 2261 820; x_wconf 93' lang='lat' dir='ltr'>de</span> <span class='ocrx_word' id='word_1_836' title='bbox 2286 789 2384 829; x_wconf 77' lang='lat' dir='ltr'>Auro,</span> <span class='ocrx_word' id='word_1_837' title='bbox 2399 789 2430 814; x_wconf 85' lang='lat' dir='ltr'>R.</span> <span class='ocrx_word' id='word_1_838' title='bbox 2440 796 2465 815; x_wconf 86' lang='lat'>2.</span> <span class='ocrx_word' id='word_1_839' title='bbox 2471 793 2531 824; x_wconf 55' lang='lat' dir='ltr'>pa.</span> 
     </span>
    </p>
   </div>
   <div class='ocr_carea' id='block_1_45' title="bbox 2542 568 2548 623">
    <p class='ocr_par' dir='ltr' id='par_1_59' title="bbox 2542 568 2548 623">
     <span class='ocr_line' id='line_1_130' title="bbox 2546 568 2547 586; baseline 0 0"><span class='ocrx_word' id='word_1_840' title='bbox 2546 568 2547 586; x_wconf 56' lang='lat' dir='ltr'>l</span> 
     </span>
     <span class='ocr_line' id='line_1_131' title="bbox 2542 606 2548 623; baseline 0 0"><span class='ocrx_word' id='word_1_841' title='bbox 2542 606 2548 623; x_wconf 64' lang='lat'>,⁴</span> 
     </span>
    </p>
   </div>
   <div class='ocr_carea' id='block_1_46' title="bbox 2399 590 2531 629">
    <p class='ocr_par' dir='ltr' id='par_1_60' title="bbox 2399 590 2531 629">
     <span class='ocr_line' id='line_1_132' title="bbox 2399 590 2531 629; baseline 0.015 -5"><span class='ocrx_word' id='word_1_842' title='bbox 2399 590 2477 624; x_wconf 79' lang='lat' dir='ltr'>Ami.</span> <span class='ocrx_word' id='word_1_843' title='bbox 2490 592 2531 629; x_wconf 60' lang='lat' dir='ltr'>DJ</span> 
     </span>
    </p>
   </div>
   <div class='ocr_carea' id='block_1_47' title="bbox 2551 538 2561 724">
    <p class='ocr_par' dir='ltr' id='par_1_61' title="bbox 2551 538 2561 724">
     <span class='ocr_line' id='line_1_133' title="bbox 2551 538 2561 724; baseline 0 -117"><span class='ocrx_word' id='word_1_844' title='bbox 2551 538 2561 724; x_wconf 95' lang='lat' dir='ltr'>   </span> 
     </span>
    </p>
   </div>
   <div class='ocr_carea' id='block_1_48' title="bbox 2543 629 2561 781">
    <p class='ocr_par' dir='ltr' id='par_1_62' title="bbox 2543 629 2561 781">
     <span class='ocr_line' id='line_1_134' title="bbox 2543 629 2554 674; baseline 0 -12"><span class='ocrx_word' id='word_1_845' title='bbox 2543 629 2554 674; x_wconf 68' lang='lat' dir='ltr'>i.</span> 
     </span>
     <span class='ocr_line' id='line_1_135' title="bbox 2545 707 2549 731; baseline 0 0"><span class='ocrx_word' id='word_1_846' title='bbox 2545 707 2549 731; x_wconf 91' lang='lat' dir='ltr'>l</span> 
     </span>
     <span class='ocr_line' id='line_1_136' title="bbox 2545 752 2561 781; baseline -0.063 0"><span class='ocrx_word' id='word_1_847' title='bbox 2545 752 2561 781; x_wconf 71' lang='lat' dir='ltr'>li</span> 
     </span>
    </p>
   </div>
   <div class='ocr_carea' id='block_1_49' title="bbox 2547 791 2561 828">
    <p class='ocr_par' dir='ltr' id='par_1_63' title="bbox 2547 791 2561 828">
     <span class='ocr_line' id='line_1_137' title="bbox 2557 791 2561 803; baseline 0 0"><span class='ocrx_word' id='word_1_848' title='bbox 2557 791 2561 803; x_wconf 92' lang='lat' dir='ltr'>i</span> 
     </span>
     <span class='ocr_line' id='line_1_138' title="bbox 2547 809 2561 828; baseline 0 0"><span class='ocrx_word' id='word_1_849' title='bbox 2547 809 2561 828; x_wconf 82' lang='lat' dir='ltr'>&#39;l</span> 
     </span>
    </p>
   </div>
   <div class='ocr_carea' id='block_1_50' title="bbox 1325 822 2561 869">
    <p class='ocr_par' dir='ltr' id='par_1_64' title="bbox 1325 822 2561 869">
     <span class='ocr_line' id='line_1_139' title="bbox 1325 822 2561 869; baseline 0.003 -14"><span class='ocrx_word' id='word_1_850' title='bbox 1325 824 1454 861; x_wconf 87' lang='lat' dir='ltr'>quolibet</span> <span class='ocrx_word' id='word_1_851' title='bbox 1468 835 1568 855; x_wconf 88' lang='lat' dir='ltr'>eorum</span> <span class='ocrx_word' id='word_1_852' title='bbox 1583 833 1712 869; x_wconf 80' lang='lat' dir='ltr'>portante</span> <span class='ocrx_word' id='word_1_853' title='bbox 1725 824 1867 863; x_wconf 89' lang='lat' dir='ltr'>quandam</span> <span class='ocrx_word' id='word_1_854' title='bbox 1882 822 2036 855; x_wconf 89' lang='lat' dir='ltr'>Coronam</span> <span class='ocrx_word' id='word_1_855' title='bbox 2050 825 2087 856; x_wconf 93' lang='lat' dir='ltr'>de</span> <span class='ocrx_word' id='word_1_856' title='bbox 2130 834 2197 856; x_wconf 86' lang='lat' dir='ltr'>zura</span> <span class='ocrx_word' id='word_1_857' title='bbox 2218 829 2294 859; x_wconf 86' lang='lat' dir='ltr'>circa</span> <span class='ocrx_word' id='word_1_858' title='bbox 2313 827 2386 859; x_wconf 82' lang='lat' dir='ltr'>Col&#39;-</span> <span class='ocrx_word' id='word_1_859' title='bbox 2403 833 2440 851; x_wconf 75' lang='lat' dir='ltr'>m·</span> <span class='ocrx_word' id='word_1_860' title='bbox 2459 833 2502 862; x_wconf 88' lang='lat'>¹5·</span> <span class='ocrx_word' id='word_1_861' title='bbox 2558 837 2561 863; x_wconf 62' lang='lat'>2</span> 
     </span>
    </p>
   </div>
   <div class='ocr_carea' id='block_1_51' title="bbox 1322 862 2390 1136">
    <p class='ocr_par' dir='ltr' id='par_1_65' title="bbox 1322 862 2390 1136">
     <span class='ocr_line' id='line_1_140' title="bbox 1323 862 2389 932; baseline 0.006 -39"><span class='ocrx_word' id='word_1_862' title='bbox 1323 862 1403 932; x_wconf 49' lang='lat' dir='ltr'>lgm,</span> <span class='ocrx_word' id='word_1_863' title='bbox 1424 864 1458 894; x_wconf 90' lang='lat' dir='ltr'>ad</span> <span class='ocrx_word' id='word_1_864' title='bbox 1479 863 1671 909; x_wconf 78' lang='lat' dir='ltr'>differennam</span> <span class='ocrx_word' id='word_1_865' title='bbox 1690 863 1853 895; x_wconf 83' lang='lat' dir='ltr'>Armorum</span> <span class='ocrx_word' id='word_1_866' title='bbox 1873 862 2020 895; x_wconf 88' lang='lat' dir='ltr'>Infantum</span> <span class='ocrx_word' id='word_1_867' title='bbox 2043 864 2078 895; x_wconf 88' lang='lat'>&amp;</span> <span class='ocrx_word' id='word_1_868' title='bbox 2098 863 2241 896; x_wconf 87' lang='lat' dir='ltr'>Filiorum</span> <span class='ocrx_word' id='word_1_869' title='bbox 2259 867 2389 904; x_wconf 62' lang='lat' dir='ltr'>praedicti</span> 
     </span>
     <span class='ocr_line' id='line_1_141' title="bbox 1355 902 2299 981; baseline 0 -9"><span class='ocrx_word' id='word_1_870' title='bbox 1355 902 1574 980; x_wconf 49' lang='grc' dir='ltr'>νέζῐιίἓίξιυῖἀεπι</span> <span class='ocrx_word' id='word_1_871' title='bbox 1586 939 1692 972; x_wconf 87' lang='lat' dir='ltr'>Litetae</span> <span class='ocrx_word' id='word_1_872' title='bbox 1707 940 1849 972; x_wconf 87' lang='lat' dir='ltr'>casualiter</span> <span class='ocrx_word' id='word_1_873' title='bbox 1861 940 1924 973; x_wconf 91' lang='lat' dir='ltr'>sunt</span> <span class='ocrx_word' id='word_1_874' title='bbox 1935 940 2057 980; x_wconf 81' lang='lat' dir='ltr'>amiffae,</span> <span class='ocrx_word' id='word_1_875' title='bbox 2075 949 2106 973; x_wconf 91' lang='lat' dir='ltr'>ut</span> <span class='ocrx_word' id='word_1_876' title='bbox 2119 951 2188 974; x_wconf 88' lang='lat' dir='ltr'>acce</span> <span class='ocrx_word' id='word_1_877' title='bbox 2208 942 2299 981; x_wconf 84' lang='lat' dir='ltr'>imus,</span> 
     </span>
     <span class='ocr_line' id='line_1_142' title="bbox 1362 978 2389 1021; baseline 0.004 -12"><span class='ocrx_word' id='word_1_878' title='bbox 1362 979 1562 1011; x_wconf 87' lang='lat' dir='ltr'>Conceffimus</span> <span class='ocrx_word' id='word_1_879' title='bbox 1575 983 1660 1010; x_wconf 87' lang='lat' dir='ltr'>Otom&#39;</span> <span class='ocrx_word' id='word_1_880' title='bbox 1673 981 1705 1009; x_wconf 83' lang='lat' dir='ltr'>de</span> <span class='ocrx_word' id='word_1_881' title='bbox 1720 979 1868 1010; x_wconf 82' lang='lat' dir='ltr'>Maundell</span> <span class='ocrx_word' id='word_1_882' title='bbox 1878 978 2031 1018; x_wconf 82' lang='lat' dir='ltr'>Chivaler,</span> <span class='ocrx_word' id='word_1_883' title='bbox 2049 980 2073 1012; x_wconf 91' lang='lat' dir='ltr'>F</span> <span class='ocrx_word' id='word_1_884' title='bbox 2074 980 2125 1014; x_wconf 68' lang='lat' dir='ltr'>ilio,</span> <span class='ocrx_word' id='word_1_885' title='bbox 2134 982 2168 1013; x_wconf 90' lang='lat'>&amp;</span> <span class='ocrx_word' id='word_1_886' title='bbox 2218 982 2303 1012; x_wconf 87' lang='lat' dir='ltr'>aeredi</span> <span class='ocrx_word' id='word_1_887' title='bbox 2317 991 2389 1021; x_wconf 80' lang='lat' dir='ltr'>prae-</span> 
     </span>
     <span class='ocr_line' id='line_1_143' title="bbox 1324 1018 2390 1060; baseline 0.005 -12"><span class='ocrx_word' id='word_1_888' title='bbox 1324 1018 1373 1048; x_wconf 88' lang='lat' dir='ltr'>fati</span> <span class='ocrx_word' id='word_1_889' title='bbox 1395 1018 1489 1057; x_wconf 85' lang='lat' dir='ltr'>Petri,</span> <span class='ocrx_word' id='word_1_890' title='bbox 1507 1019 1541 1050; x_wconf 89' lang='lat'>&amp;</span> <span class='ocrx_word' id='word_1_891' title='bbox 1560 1018 1733 1049; x_wconf 84' lang='lat' dir='ltr'>Haeredibus</span> <span class='ocrx_word' id='word_1_892' title='bbox 1752 1018 1873 1057; x_wconf 87' lang='lat' dir='ltr'>ejusdem</span> <span class='ocrx_word' id='word_1_893' title='bbox 1887 1018 2010 1058; x_wconf 88' lang='lat' dir='ltr'>Otonis,</span> <span class='ocrx_word' id='word_1_894' title='bbox 2026 1018 2104 1058; x_wconf 88' lang='lat' dir='ltr'>quod</span> <span class='ocrx_word' id='word_1_895' title='bbox 2120 1019 2170 1058; x_wconf 84' lang='lat' dir='ltr'>ipsi</span> <span class='ocrx_word' id='word_1_896' title='bbox 2183 1019 2274 1052; x_wconf 88' lang='lat' dir='ltr'>Arma</span> <span class='ocrx_word' id='word_1_897' title='bbox 2288 1021 2390 1060; x_wconf 79' lang='lat' dir='ltr'>praedi-</span> 
     </span>
     <span class='ocr_line' id='line_1_144' title="bbox 1322 1056 1924 1136; baseline 0.002 -49"><span class='ocrx_word' id='word_1_898' title='bbox 1322 1057 1612 1136; x_wconf 46' lang='lat' dir='ltr'>stalgcgffgfgffim</span> <span class='ocrx_word' id='word_1_899' title='bbox 1625 1058 1655 1088; x_wconf 91' lang='lat' dir='ltr'>in</span> <span class='ocrx_word' id='word_1_900' title='bbox 1670 1057 1762 1088; x_wconf 85' lang='lat' dir='ltr'>forma</span> <span class='ocrx_word' id='word_1_901' title='bbox 1781 1056 1924 1095; x_wconf 72' lang='lat' dir='ltr'>praedicta.</span> 
     </span>
    </p>
   </div>
   <div class='ocr_carea' id='block_1_52' title="bbox 1400 1171 2276 1214">
    <p class='ocr_par' dir='ltr' id='par_1_66' title="bbox 1400 1171 2276 1214">
     <span class='ocr_line' id='line_1_145' title="bbox 1400 1171 2276 1214; baseline 0.002 -10"><span class='ocrx_word' id='word_1_902' title='bbox 1400 1172 1491 1204; x_wconf 86' lang='lat' dir='ltr'>Teste</span> <span class='ocrx_word' id='word_1_903' title='bbox 1506 1172 1589 1213; x_wconf 88' lang='lat' dir='ltr'>Rege</span> <span class='ocrx_word' id='word_1_904' title='bbox 1603 1172 1677 1212; x_wconf 85' lang='lat' dir='ltr'>apud</span> <span class='ocrx_word' id='word_1_905' title='bbox 1695 1171 1969 1214; x_wconf 78' lang='lat' dir='ltr'>Wstmonasterium,</span> <span class='ocrx_word' id='word_1_906' title='bbox 1987 1174 2051 1204; x_wconf 82' lang='lat' dir='ltr'>xxii.</span> <span class='ocrx_word' id='word_1_907' title='bbox 2069 1172 2116 1205; x_wconf 86' lang='lat' dir='ltr'>die</span> <span class='ocrx_word' id='word_1_908' title='bbox 2127 1173 2276 1206; x_wconf 69' lang='lat' dir='ltr'>oerobris.</span> 
     </span>
    </p>
   </div>
   <div class='ocr_carea' id='block_1_53' title="bbox 1819 1251 2284 1290">
    <p class='ocr_par' dir='ltr' id='par_1_67' title="bbox 1819 1251 2284 1290">
     <span class='ocr_line' id='line_1_146' title="bbox 1819 1251 2284 1290; baseline 0.004 -10"><span class='ocrx_word' id='word_1_909' title='bbox 1819 1252 1873 1281; x_wconf 90' lang='lat' dir='ltr'>Per</span> <span class='ocrx_word' id='word_1_910' title='bbox 1893 1253 1987 1283; x_wconf 83' lang='lat' dir='ltr'>Breve</span> <span class='ocrx_word' id='word_1_911' title='bbox 2002 1251 2034 1282; x_wconf 87' lang='lat' dir='ltr'>de</span> <span class='ocrx_word' id='word_1_912' title='bbox 2047 1252 2169 1282; x_wconf 77' lang='lat' dir='ltr'>Privato</span> <span class='ocrx_word' id='word_1_913' title='bbox 2184 1251 2284 1290; x_wconf 82' lang='lat' dir='ltr'>Sigillo.</span> 
     </span>
    </p>
   </div>
   <div class='ocr_carea' id='block_1_54' title="bbox 1431 1391 2294 1443">
    <p class='ocr_par' dir='ltr' id='par_1_68' title="bbox 1431 1391 2294 1443">
     <span class='ocr_line' id='line_1_147' title="bbox 1431 1391 2294 1443; baseline 0.001 -14"><span class='ocrx_word' id='word_1_914' title='bbox 1431 1397 1481 1429; x_wconf 88' lang='lat' dir='ltr'>De</span> <span class='ocrx_word' id='word_1_915' title='bbox 1502 1393 1689 1438; x_wconf 87' lang='lat' dir='ltr'>Restituendo</span> <span class='ocrx_word' id='word_1_916' title='bbox 1705 1392 1844 1439; x_wconf 84' lang='lat' dir='ltr'>Castrum</span> <span class='ocrx_word' id='word_1_917' title='bbox 1861 1397 1898 1434; x_wconf 57' lang='grc' dir='ltr'>ῤ’</span> <span class='ocrx_word' id='word_1_918' title='bbox 1917 1395 2039 1428; x_wconf 84' lang='lat' dir='ltr'>Villam</span> <span class='ocrx_word' id='word_1_919' title='bbox 2057 1392 2094 1428; x_wconf 82' lang='lat' dir='ltr'>de</span> <span class='ocrx_word' id='word_1_920' title='bbox 2110 1391 2294 1443; x_wconf 75' lang='lat' dir='ltr'>Chirburgh·</span> 
     </span>
    </p>
   </div>
   <div class='ocr_carea' id='block_1_55' title="bbox 2549 1464 2561 1515">
    <p class='ocr_par' dir='ltr' id='par_1_69' title="bbox 2549 1464 2561 1515">
     <span class='ocr_line' id='line_1_148' title="bbox 2549 1464 2561 1515; baseline -0.5 1"><span class='ocrx_word' id='word_1_921' title='bbox 2549 1464 2561 1515; x_wconf 69' lang='lat' dir='ltr'>i</span> 
     </span>
    </p>
   </div>
   <div class='ocr_carea' id='block_1_56' title="bbox 1359 1477 2561 1599">
    <p class='ocr_par' dir='ltr' id='par_1_70' title="bbox 1359 1477 2561 1599">
     <span class='ocr_line' id='line_1_149' title="bbox 1393 1477 2536 1529; baseline 0.005 -19"><span class='ocrx_word' id='word_1_922' title='bbox 1393 1477 1468 1526; x_wconf 45' lang='lat' dir='ltr'>EX.</span> <span class='ocrx_word' id='word_1_923' title='bbox 1487 1480 1651 1529; x_wconf 73' lang='lat' dir='ltr'>Omnibus,</span> <span class='ocrx_word' id='word_1_924' title='bbox 1668 1480 1703 1511; x_wconf 90' lang='lat' dir='ltr'>ad</span> <span class='ocrx_word' id='word_1_925' title='bbox 1716 1490 1803 1520; x_wconf 88' lang='lat' dir='ltr'>quos,</span> <span class='ocrx_word' id='word_1_926' title='bbox 1820 1481 1881 1513; x_wconf 88' lang='lat' dir='ltr'>&amp;c.</span> <span class='ocrx_word' id='word_1_927' title='bbox 1899 1480 2034 1512; x_wconf 89' lang='lat' dir='ltr'>Salutem.</span> <span class='ocrx_word' id='word_1_928' title='bbox 2405 1482 2482 1514; x_wconf 89' lang='lat' dir='ltr'>Ann.</span> <span class='ocrx_word' id='word_1_929' title='bbox 2494 1484 2536 1519; x_wconf 89' lang='lat' dir='ltr'>D.</span> 
     </span>
     <span class='ocr_line' id='line_1_150' title="bbox 1359 1519 2561 1599; baseline 0.004 -12"><span class='ocrx_word' id='word_1_930' title='bbox 1359 1519 1780 1596; x_wconf 49' lang='lat' dir='ltr'>Cumscssadgeguaer‘quendam</span> <span class='ocrx_word' id='word_1_931' title='bbox 1794 1556 1984 1596; x_wconf 63' lang='lat' dir='ltr'>Traehtum,</span> <span class='ocrx_word' id='word_1_932' title='bbox 2403 1532 2517 1599; x_wconf 45' lang='grc' dir='ltr'>Λξιῗῗξ.</span> <span class='ocrx_word' id='word_1_933' title='bbox 2559 1538 2561 1550; x_wconf 77' lang='lat'><em>.</em></span> 
     </span>
    </p>
   </div>
   <div class='ocr_carea' id='block_1_57' title="bbox 1317 1594 2536 2796">
    <p class='ocr_par' dir='ltr' id='par_1_71' title="bbox 1319 1594 2536 1828">
     <span class='ocr_line' id='line_1_151' title="bbox 1357 1594 2482 1636; baseline 0.004 -10"><span class='ocrx_word' id='word_1_934' title='bbox 1357 1594 1436 1627; x_wconf 88' lang='lat' dir='ltr'>Inter</span> <span class='ocrx_word' id='word_1_935' title='bbox 1455 1596 1523 1627; x_wconf 92' lang='lat' dir='ltr'>Nos</span> <span class='ocrx_word' id='word_1_936' title='bbox 1545 1598 1578 1629; x_wconf 90' lang='lat'>&amp;</span> <span class='ocrx_word' id='word_1_937' title='bbox 1599 1596 1746 1628; x_wconf 88' lang='lat' dir='ltr'>Nobilem</span> <span class='ocrx_word' id='word_1_938' title='bbox 1769 1596 1932 1634; x_wconf 85' lang='lat' dir='ltr'>Principem</span> <span class='ocrx_word' id='word_1_939' title='bbox 1954 1595 2088 1627; x_wconf 81' lang='lat' dir='ltr'>Karolum</span> <span class='ocrx_word' id='word_1_940' title='bbox 2106 1606 2197 1636; x_wconf 84' lang='lat' dir='ltr'>nuper</span> <span class='ocrx_word' id='word_1_941' title='bbox 2212 1599 2308 1635; x_wconf 81' lang='lat' dir='ltr'>Regem</span> <span class='ocrx_word' id='word_1_942' title='bbox 2322 1599 2387 1628; x_wconf 88' lang='lat' dir='ltr'>Na·</span> <span class='ocrx_word' id='word_1_943' title='bbox 2403 1605 2433 1629; x_wconf 84' lang='lat' dir='ltr'>R.</span> <span class='ocrx_word' id='word_1_944' title='bbox 2454 1611 2482 1630; x_wconf 84' lang='lat'>2.</span> 
     </span>
     <span class='ocr_line' id='line_1_152' title="bbox 1319 1634 2536 1706; baseline 0.007 -43"><span class='ocrx_word' id='word_1_945' title='bbox 1319 1644 1420 1705; x_wconf 45' lang='lat' dir='ltr'>³²51?ss</span> <span class='ocrx_word' id='word_1_946' title='bbox 1421 1657 1452 1703; x_wconf 52' lang='grc' dir='ltr'><em>ἃ</em></span> <span class='ocrx_word' id='word_1_947' title='bbox 1448 1634 1620 1704; x_wconf 46' lang='grc' dir='ltr'>ἀΐηᾶυιῐέ</span> <span class='ocrx_word' id='word_1_948' title='bbox 1626 1634 1930 1704; x_wconf 47' lang='grc' dir='ltr'>,ὴρετὴξὲἓξὲιῐαεοὲῗὶ</span> <span class='ocrx_word' id='word_1_949' title='bbox 1941 1645 1976 1665; x_wconf 87' lang='lat' dir='ltr'>ex</span> <span class='ocrx_word' id='word_1_950' title='bbox 1995 1644 2112 1706; x_wconf 48' lang='lat' dir='ltr'>grgque</span> <span class='ocrx_word' id='word_1_951' title='bbox 2133 1645 2229 1676; x_wconf 87' lang='lat' dir='ltr'>parte,</span> <span class='ocrx_word' id='word_1_952' title='bbox 2245 1635 2386 1668; x_wconf 88' lang='lat' dir='ltr'>sufficien-</span> <span class='ocrx_word' id='word_1_953' title='bbox 2403 1643 2536 1678; x_wconf 80' lang='lat' dir='ltr'>Franc.17.</span> 
     </span>
     <span class='ocr_line' id='line_1_153' title="bbox 1331 1682 2518 1757; baseline 0.003 -15"><span class='ocrx_word' id='word_1_954' title='bbox 1331 1683 1348 1704; x_wconf 72' lang='lat' dir='ltr'>e</span> <span class='ocrx_word' id='word_1_955' title='bbox 1358 1683 1493 1756; x_wconf 70' lang='lat' dir='ltr'>Castruem</span> <span class='ocrx_word' id='word_1_956' title='bbox 1509 1682 1643 1757; x_wconf 42' lang='lat' dir='ltr'>§cl-”lgna</span> <span class='ocrx_word' id='word_1_957' title='bbox 1654 1682 1702 1742; x_wconf 53' lang='lat' dir='ltr'>ocse</span> <span class='ocrx_word' id='word_1_958' title='bbox 1719 1683 1904 1751; x_wconf 46' lang='lat' dir='ltr'>Chirb‘izisr’gh,</span> <span class='ocrx_word' id='word_1_959' title='bbox 1922 1683 2264 1744; x_wconf 47' lang='lat' dir='ltr'>iitilrxlrlorm2iggginssfobis</span> <span class='ocrx_word' id='word_1_960' title='bbox 2276 1699 2386 1745; x_wconf 64' lang='lat' dir='ltr'>delibe-</span> <span class='ocrx_word' id='word_1_961' title='bbox 2401 1683 2437 1756; x_wconf 53' lang='grc' dir='ltr'>1ιὲ</span> <span class='ocrx_word' id='word_1_962' title='bbox 2443 1688 2518 1744; x_wconf 38' lang='grc' dir='ltr'>ξπ.</span> 
     </span>
     <span class='ocr_line' id='line_1_154' title="bbox 1320 1749 2387 1791; baseline 0.004 -10"><span class='ocrx_word' id='word_1_963' title='bbox 1320 1760 1378 1782; x_wconf 86' lang='lat' dir='ltr'>rata</span> <span class='ocrx_word' id='word_1_964' title='bbox 1392 1750 1522 1789; x_wconf 74' lang='lat' dir='ltr'>fuissent,</span> <span class='ocrx_word' id='word_1_965' title='bbox 1540 1760 1570 1781; x_wconf 92' lang='lat' dir='ltr'>in</span> <span class='ocrx_word' id='word_1_966' title='bbox 1587 1758 1673 1782; x_wconf 86' lang='lat' dir='ltr'>manu</span> <span class='ocrx_word' id='word_1_967' title='bbox 1687 1749 1782 1782; x_wconf 84' lang='lat' dir='ltr'>nostra</span> <span class='ocrx_word' id='word_1_968' title='bbox 1794 1760 1845 1789; x_wconf 87' lang='lat' dir='ltr'>per</span> <span class='ocrx_word' id='word_1_969' title='bbox 1859 1759 2111 1791; x_wconf 86' lang='lat' dir='ltr'>certumternpus,</span> <span class='ocrx_word' id='word_1_970' title='bbox 2127 1751 2159 1783; x_wconf 87' lang='lat' dir='ltr'>in</span> <span class='ocrx_word' id='word_1_971' title='bbox 2170 1752 2251 1784; x_wconf 69' lang='lat' dir='ltr'>dicto</span> <span class='ocrx_word' id='word_1_972' title='bbox 2265 1751 2387 1785; x_wconf 63' lang='lat' dir='ltr'>Tracta-</span> 
     </span>
     <span class='ocr_line' id='line_1_155' title="bbox 1319 1789 1766 1828; baseline 0 -8"><span class='ocrx_word' id='word_1_973' title='bbox 1319 1797 1350 1820; x_wconf 92' lang='lat' dir='ltr'>tu</span> <span class='ocrx_word' id='word_1_974' title='bbox 1366 1789 1575 1828; x_wconf 86' lang='lat' dir='ltr'>specificatum,</span> <span class='ocrx_word' id='word_1_975' title='bbox 1593 1790 1766 1827; x_wconf 83' lang='lat' dir='ltr'>remansura,</span> 
     </span>
    </p>

    <p class='ocr_par' dir='ltr' id='par_1_72' title="bbox 1318 1826 2507 2604">
     <span class='ocr_line' id='line_1_156' title="bbox 1356 1826 2388 1867; baseline 0.004 -8"><span class='ocrx_word' id='word_1_976' title='bbox 1356 1828 1430 1867; x_wconf 84' lang='lat' dir='ltr'>Qio</span> <span class='ocrx_word' id='word_1_977' title='bbox 1443 1837 1576 1867; x_wconf 89' lang='lat' dir='ltr'>tempore</span> <span class='ocrx_word' id='word_1_978' title='bbox 1588 1827 1670 1860; x_wconf 83' lang='lat' dir='ltr'>finito</span> <span class='ocrx_word' id='word_1_979' title='bbox 1705 1828 1816 1859; x_wconf 92' lang='lat' dir='ltr'>Virtute</span> <span class='ocrx_word' id='word_1_980' title='bbox 1828 1826 1984 1859; x_wconf 69' lang='lat' dir='ltr'>Tractatfis</span> <span class='ocrx_word' id='word_1_981' title='bbox 2003 1827 2147 1867; x_wconf 77' lang='lat' dir='ltr'>praediCti,</span> <span class='ocrx_word' id='word_1_982' title='bbox 2165 1830 2332 1861; x_wconf 87' lang='lat' dir='ltr'>tenebamur</span> <span class='ocrx_word' id='word_1_983' title='bbox 2352 1832 2388 1863; x_wconf 73' lang='grc' dir='ltr'>δε</span> 
     </span>
     <span class='ocr_line' id='line_1_157' title="bbox 1318 1851 2388 1906; baseline 0.003 -8"><span class='ocrx_word' id='word_1_984' title='bbox 1318 1875 1466 1906; x_wconf 77' lang='lat' dir='ltr'>tenemur,</span> <span class='ocrx_word' id='word_1_985' title='bbox 1483 1867 1534 1898; x_wconf 93' lang='lat' dir='ltr'>sub</span> <span class='ocrx_word' id='word_1_986' title='bbox 1558 1868 1640 1898; x_wconf 83' lang='lat' dir='ltr'>certis</span> <span class='ocrx_word' id='word_1_987' title='bbox 1661 1851 1768 1898; x_wconf 65' lang='lat' dir='ltr'>Eorma</span> <span class='ocrx_word' id='word_1_988' title='bbox 1787 1867 1821 1898; x_wconf 91' lang='lat'>&amp;</span> <span class='ocrx_word' id='word_1_989' title='bbox 1842 1865 2040 1906; x_wconf 82' lang='lat' dir='ltr'>Conditione‚</span> <span class='ocrx_word' id='word_1_990' title='bbox 2070 1869 2100 1900; x_wconf 87' lang='lat' dir='ltr'>in</span> <span class='ocrx_word' id='word_1_991' title='bbox 2123 1867 2228 1899; x_wconf 88' lang='lat' dir='ltr'>eodem</span> <span class='ocrx_word' id='word_1_992' title='bbox 2249 1868 2388 1901; x_wconf 64' lang='lat' dir='ltr'>Trafflitu</span> 
     </span>
     <span class='ocr_line' id='line_1_158' title="bbox 1320 1904 2390 1947; baseline 0.001 -10"><span class='ocrx_word' id='word_1_993' title='bbox 1320 1907 1480 1944; x_wconf 74' lang='lat' dir='ltr'>contentis,</span> <span class='ocrx_word' id='word_1_994' title='bbox 1497 1905 1532 1936; x_wconf 88' lang='lat' dir='ltr'>ad</span> <span class='ocrx_word' id='word_1_995' title='bbox 1547 1904 1680 1937; x_wconf 88' lang='lat' dir='ltr'>Castrum</span> <span class='ocrx_word' id='word_1_996' title='bbox 1697 1907 1731 1937; x_wconf 91' lang='lat'>&amp;</span> <span class='ocrx_word' id='word_1_997' title='bbox 1744 1904 1850 1936; x_wconf 84' lang='lat' dir='ltr'>Villam</span> <span class='ocrx_word' id='word_1_998' title='bbox 1863 1906 1996 1944; x_wconf 65' lang='lat' dir='ltr'>praedidta</span> <span class='ocrx_word' id='word_1_999' title='bbox 2009 1906 2128 1945; x_wconf 76' lang='lat' dir='ltr'>praefato</span> <span class='ocrx_word' id='word_1_1000' title='bbox 2141 1905 2216 1946; x_wconf 86' lang='lat' dir='ltr'>Regi</span> <span class='ocrx_word' id='word_1_1001' title='bbox 2231 1907 2390 1947; x_wconf 81' lang='lat' dir='ltr'>Navarrae,</span> 
     </span>
     <span class='ocr_line' id='line_1_159' title="bbox 1319 1943 2390 2014; baseline 0.003 -39"><span class='ocrx_word' id='word_1_1002' title='bbox 1319 1945 1367 2014; x_wconf 53' lang='lat' dir='ltr'>gel</span> <span class='ocrx_word' id='word_1_1003' title='bbox 1390 1944 1541 1986; x_wconf 82' lang='lat' dir='ltr'>Deputatis</span> <span class='ocrx_word' id='word_1_1004' title='bbox 1561 1945 1631 1984; x_wconf 84' lang='lat' dir='ltr'>suis,</span> <span class='ocrx_word' id='word_1_1005' title='bbox 1648 1955 1703 1984; x_wconf 90' lang='lat' dir='ltr'>pro</span> <span class='ocrx_word' id='word_1_1006' title='bbox 1721 1943 1798 1984; x_wconf 88' lang='lat' dir='ltr'>ipso,</span> <span class='ocrx_word' id='word_1_1007' title='bbox 1817 1946 1851 1977; x_wconf 90' lang='lat'>&amp;</span> <span class='ocrx_word' id='word_1_1008' title='bbox 1868 1946 1934 1984; x_wconf 66' lang='lat' dir='ltr'>eius*</span> <span class='ocrx_word' id='word_1_1009' title='bbox 1949 1946 2084 1986; x_wconf 90' lang='lat' dir='ltr'>nornine,</span> <span class='ocrx_word' id='word_1_1010' title='bbox 2099 1946 2208 1986; x_wconf 80' lang='lat' dir='ltr'>integre</span> <span class='ocrx_word' id='word_1_1011' title='bbox 2222 1945 2390 1978; x_wconf 87' lang='lat' dir='ltr'>Restituen-</span> 
     </span>
     <span class='ocr_line' id='line_1_160' title="bbox 1341 1993 2390 2062; baseline 0 -8"><span class='ocrx_word' id='word_1_1012' title='bbox 1341 1993 1601 2061; x_wconf 57' lang='lat' dir='ltr'>urEr.’t’1&gt;oi³tmodum</span> <span class='ocrx_word' id='word_1_1013' title='bbox 1616 2023 1697 2061; x_wconf 85' lang='lat' dir='ltr'>super</span> <span class='ocrx_word' id='word_1_1014' title='bbox 1710 2022 1787 2061; x_wconf 89' lang='lat' dir='ltr'>hoc,</span> <span class='ocrx_word' id='word_1_1015' title='bbox 1804 2021 1936 2053; x_wconf 84' lang='lat' dir='ltr'>cariffimi</span> <span class='ocrx_word' id='word_1_1016' title='bbox 1951 2011 2099 2054; x_wconf 72' lang='lat' dir='ltr'>Avunculi</span> <span class='ocrx_word' id='word_1_1017' title='bbox 2120 2022 2230 2062; x_wconf 83' lang='lat' dir='ltr'>nostri,</span> <span class='ocrx_word' id='word_1_1018' title='bbox 2245 2022 2390 2062; x_wconf 73' lang='lat' dir='ltr'>Johannes</span> 
     </span>
     <span class='ocr_line' id='line_1_161' title="bbox 1323 2060 2389 2102; baseline 0.003 -11"><span class='ocrx_word' id='word_1_1019' title='bbox 1323 2065 1394 2092; x_wconf 88' lang='lat' dir='ltr'>Dux</span> <span class='ocrx_word' id='word_1_1020' title='bbox 1417 2066 1603 2102; x_wconf 77' lang='lat' dir='ltr'>Aquitanniae</span> <span class='ocrx_word' id='word_1_1021' title='bbox 1629 2063 1711 2100; x_wconf 90' lang='lat' dir='ltr'>(tunc</span> <span class='ocrx_word' id='word_1_1022' title='bbox 1730 2061 1796 2092; x_wconf 86' lang='lat' dir='ltr'>Rex</span> <span class='ocrx_word' id='word_1_1023' title='bbox 1816 2060 1948 2092; x_wconf 81' lang='lat' dir='ltr'>Castellae</span> <span class='ocrx_word' id='word_1_1024' title='bbox 1968 2063 2003 2094; x_wconf 90' lang='lat'>&amp;</span> <span class='ocrx_word' id='word_1_1025' title='bbox 2028 2061 2175 2102; x_wconf 86' lang='lat' dir='ltr'>Legionis)</span> <span class='ocrx_word' id='word_1_1026' title='bbox 2194 2061 2264 2094; x_wconf 83' lang='lat' dir='ltr'>Dux</span> <span class='ocrx_word' id='word_1_1027' title='bbox 2280 2063 2389 2094; x_wconf 81' lang='lat' dir='ltr'>Laiica-</span> 
     </span>
     <span class='ocr_line' id='line_1_162' title="bbox 1321 2100 2388 2138; baseline 0.002 -8"><span class='ocrx_word' id='word_1_1028' title='bbox 1321 2100 1411 2138; x_wconf 81' lang='lat' dir='ltr'>striae,</span> <span class='ocrx_word' id='word_1_1029' title='bbox 1428 2101 1460 2132; x_wconf 88' lang='lat'><strong>&amp;</strong></span> <span class='ocrx_word' id='word_1_1030' title='bbox 1475 2100 1645 2132; x_wconf 84' lang='lat' dir='ltr'>Senescallus</span> <span class='ocrx_word' id='word_1_1031' title='bbox 1658 2100 1789 2138; x_wconf 81' lang='lat' dir='ltr'>Angliae,</span> <span class='ocrx_word' id='word_1_1032' title='bbox 1808 2100 1968 2130; x_wconf 76' lang='lat' dir='ltr'>Edmundus</span> <span class='ocrx_word' id='word_1_1033' title='bbox 1988 2104 2058 2130; x_wconf 83' lang='lat' dir='ltr'>Dux</span> <span class='ocrx_word' id='word_1_1034' title='bbox 2077 2100 2200 2131; x_wconf 83' lang='lat' dir='ltr'>Eborum</span> <span class='ocrx_word' id='word_1_1035' title='bbox 2221 2103 2302 2138; x_wconf 91' lang='lat' dir='ltr'>(tunc</span> <span class='ocrx_word' id='word_1_1036' title='bbox 2323 2100 2388 2132; x_wconf 90' lang='lat' dir='ltr'>Co-</span> 
     </span>
     <span class='ocr_line' id='line_1_163' title="bbox 1320 2138 2388 2179; baseline 0.001 -10"><span class='ocrx_word' id='word_1_1037' title='bbox 1320 2149 1381 2170; x_wconf 90' lang='lat' dir='ltr'>mes</span> <span class='ocrx_word' id='word_1_1038' title='bbox 1401 2139 1605 2178; x_wconf 82' lang='lat' dir='ltr'>Cantebrigiae)</span> <span class='ocrx_word' id='word_1_1039' title='bbox 1628 2139 1662 2170; x_wconf 88' lang='lat'>&amp;</span> <span class='ocrx_word' id='word_1_1040' title='bbox 1682 2139 1797 2168; x_wconf 83' lang='lat' dir='ltr'>Thomas</span> <span class='ocrx_word' id='word_1_1041' title='bbox 1819 2142 1890 2169; x_wconf 82' lang='lat' dir='ltr'>Dux</span> <span class='ocrx_word' id='word_1_1042' title='bbox 1909 2138 2075 2179; x_wconf 80' lang='lat' dir='ltr'>Gloucestriae</span> <span class='ocrx_word' id='word_1_1043' title='bbox 2098 2141 2180 2178; x_wconf 88' lang='lat' dir='ltr'>(tunc</span> <span class='ocrx_word' id='word_1_1044' title='bbox 2200 2138 2309 2170; x_wconf 88' lang='lat' dir='ltr'>Comes</span> <span class='ocrx_word' id='word_1_1045' title='bbox 2333 2140 2388 2171; x_wconf 89' lang='lat' dir='ltr'>Bu-</span> 
     </span>
     <span class='ocr_line' id='line_1_164' title="bbox 1320 2177 2506 2220; baseline -0.001 -12"><span class='ocrx_word' id='word_1_1046' title='bbox 1320 2178 1504 2218; x_wconf 81' lang='lat' dir='ltr'>kinghaniiae)</span> <span class='ocrx_word' id='word_1_1047' title='bbox 1527 2181 1560 2210; x_wconf 67' lang='grc' dir='ltr'>ὅ(</span> <span class='ocrx_word' id='word_1_1048' title='bbox 1584 2177 1817 2209; x_wconf 85' lang='lat' dir='ltr'>Constabularius</span> <span class='ocrx_word' id='word_1_1049' title='bbox 1839 2178 1966 2216; x_wconf 79' lang='lat' dir='ltr'>Angliae‚</span> <span class='ocrx_word' id='word_1_1050' title='bbox 1983 2179 2142 2208; x_wconf 84' lang='lat' dir='ltr'>Edmuna&#39;us</span> <span class='ocrx_word' id='word_1_1051' title='bbox 2165 2179 2184 2198; x_wconf 74' lang='lat'>²*</span> <span class='ocrx_word' id='word_1_1052' title='bbox 2200 2182 2290 2208; x_wconf 81' lang='lat' dir='ltr'>Comes</span> <span class='ocrx_word' id='word_1_1053' title='bbox 2303 2183 2388 2209; x_wconf 87' lang='lat' dir='ltr'>Mar·</span> <span class='ocrx_word' id='word_1_1054' title='bbox 2404 2190 2420 2207; x_wconf 65' lang='grc' dir='ltr'>ε</span> <span class='ocrx_word' id='word_1_1055' title='bbox 2438 2191 2506 2220; x_wconf 72' lang='lat' dir='ltr'>vn·</span> 
     </span>
     <span class='ocr_line' id='line_1_165' title="bbox 1322 2209 2507 2265; baseline 0.002 -19"><span class='ocrx_word' id='word_1_1056' title='bbox 1322 2217 1403 2255; x_wconf 77' lang='lat' dir='ltr'>chiae,</span> <span class='ocrx_word' id='word_1_1057' title='bbox 1421 2218 1554 2247; x_wconf 74' lang='lat' dir='ltr'>Ricardus</span> <span class='ocrx_word' id='word_1_1058' title='bbox 1567 2220 1655 2247; x_wconf 71' lang='lat' dir='ltr'>Comes</span> <span class='ocrx_word' id='word_1_1059' title='bbox 1677 2215 1857 2255; x_wconf 79' lang='lat' dir='ltr'>Arundellae,</span> <span class='ocrx_word' id='word_1_1060' title='bbox 1875 2217 1991 2246; x_wconf 81' lang='lat' dir='ltr'>Thomas</span> <span class='ocrx_word' id='word_1_1061' title='bbox 2013 2220 2102 2246; x_wconf 79' lang='lat' dir='ltr'>Comes</span> <span class='ocrx_word' id='word_1_1062' title='bbox 2126 2218 2291 2256; x_wconf 79' lang='lat' dir='ltr'>lVarwicae,</span> <span class='ocrx_word' id='word_1_1063' title='bbox 2310 2220 2388 2255; x_wconf 79' lang='lat' dir='ltr'>Hugo</span> <span class='ocrx_word' id='word_1_1064' title='bbox 2406 2238 2474 2265; x_wconf 61' lang='lat'><em>757·</em></span> <span class='ocrx_word' id='word_1_1065' title='bbox 2497 2209 2507 2219; x_wconf 59' lang='lat'><strong>⁹</strong></span> 
     </span>
     <span class='ocr_line' id='line_1_166' title="bbox 1323 2254 2389 2295; baseline 0.002 -10"><span class='ocrx_word' id='word_1_1066' title='bbox 1323 2260 1412 2286; x_wconf 85' lang='lat' dir='ltr'>Comes</span> <span class='ocrx_word' id='word_1_1067' title='bbox 1424 2255 1597 2295; x_wconf 63' lang='lat' dir='ltr'>Staffiirch&#39;ae,</span> <span class='ocrx_word' id='word_1_1068' title='bbox 1617 2254 1780 2285; x_wconf 85' lang='lat' dir='ltr'>Willielmus</span> <span class='ocrx_word' id='word_1_1069' title='bbox 1794 2259 1882 2284; x_wconf 85' lang='lat' dir='ltr'>Comes</span> <span class='ocrx_word' id='word_1_1070' title='bbox 1896 2259 2009 2293; x_wconf 80' lang='lat' dir='ltr'>Sarum,</span> <span class='ocrx_word' id='word_1_1071' title='bbox 2029 2256 2063 2286; x_wconf 91' lang='lat'>&amp;</span> <span class='ocrx_word' id='word_1_1072' title='bbox 2079 2255 2123 2286; x_wconf 86' lang='lat' dir='ltr'>alii</span> <span class='ocrx_word' id='word_1_1073' title='bbox 2139 2255 2288 2294; x_wconf 75' lang='lat' dir='ltr'>Magnates</span> <span class='ocrx_word' id='word_1_1074' title='bbox 2308 2256 2389 2287; x_wconf 70' lang='lat' dir='ltr'>Reo-</span> 
     </span>
     <span class='ocr_line' id='line_1_167' title="bbox 1325 2282 2391 2335; baseline 0.002 -11"><span class='ocrx_word' id='word_1_1075' title='bbox 1325 2296 1356 2324; x_wconf 88' lang='lat' dir='ltr'>ni</span> <span class='ocrx_word' id='word_1_1076' title='bbox 1371 2295 1478 2334; x_wconf 79' lang='lat' dir='ltr'>nostri,</span> <span class='ocrx_word' id='word_1_1077' title='bbox 1496 2305 1544 2335; x_wconf 86' lang='lat' dir='ltr'>per</span> <span class='ocrx_word' id='word_1_1078' title='bbox 1559 2294 1666 2325; x_wconf 86' lang='lat' dir='ltr'>Literas</span> <span class='ocrx_word' id='word_1_1079' title='bbox 1681 2295 1755 2332; x_wconf 82' lang='lat' dir='ltr'>suas,</span> <span class='ocrx_word' id='word_1_1080' title='bbox 1772 2293 1822 2328; x_wconf 77' lang='lat' dir='ltr'>sub</span> <span class='ocrx_word' id='word_1_1081' title='bbox 1835 2293 1935 2333; x_wconf 86' lang='lat' dir='ltr'>Sigillis</span> <span class='ocrx_word' id='word_1_1082' title='bbox 1955 2294 2005 2325; x_wconf 89' lang='lat' dir='ltr'>suis</span> <span class='ocrx_word' id='word_1_1083' title='bbox 2026 2294 2164 2333; x_wconf 77' lang='lat' dir='ltr'>sigillatas,</span> <span class='ocrx_word' id='word_1_1084' title='bbox 2182 2304 2216 2325; x_wconf 85' lang='lat' dir='ltr'>ex</span> <span class='ocrx_word' id='word_1_1085' title='bbox 2234 2305 2336 2326; x_wconf 89' lang='lat' dir='ltr'>eorum</span> <span class='ocrx_word' id='word_1_1086' title='bbox 2355 2282 2391 2326; x_wconf 72' lang='lat' dir='ltr'>li-</span> 
     </span>
     <span class='ocr_line' id='line_1_168' title="bbox 1320 2332 2386 2372; baseline 0.001 -9"><span class='ocrx_word' id='word_1_1087' title='bbox 1320 2334 1386 2363; x_wconf 90' lang='lat' dir='ltr'>bera</span> <span class='ocrx_word' id='word_1_1088' title='bbox 1400 2333 1545 2364; x_wconf 83' lang='lat' dir='ltr'>voluntate</span> <span class='ocrx_word' id='word_1_1089' title='bbox 1558 2334 1591 2364; x_wconf 91' lang='lat'>&amp;</span> <span class='ocrx_word' id='word_1_1090' title='bbox 1605 2332 1727 2368; x_wconf 78' lang='lat' dir='ltr'>assensu,</span> <span class='ocrx_word' id='word_1_1091' title='bbox 1745 2332 1867 2369; x_wconf 81' lang='lat' dir='ltr'>obligati</span> <span class='ocrx_word' id='word_1_1092' title='bbox 1882 2332 2014 2370; x_wconf 61' lang='lat' dir='ltr'>sument,</span> <span class='ocrx_word' id='word_1_1093' title='bbox 2033 2333 2066 2363; x_wconf 91' lang='lat'><strong>&amp;</strong></span> <span class='ocrx_word' id='word_1_1094' title='bbox 2080 2334 2163 2372; x_wconf 88' lang='lat' dir='ltr'>jurati</span> <span class='ocrx_word' id='word_1_1095' title='bbox 2183 2333 2263 2372; x_wconf 90' lang='lat' dir='ltr'>super</span> <span class='ocrx_word' id='word_1_1096' title='bbox 2284 2334 2386 2365; x_wconf 68' lang='lat' dir='ltr'>Sancta</span> 
     </span>
     <span class='ocr_line' id='line_1_169' title="bbox 1322 2371 2389 2412; baseline 0.001 -10"><span class='ocrx_word' id='word_1_1097' title='bbox 1322 2372 1379 2403; x_wconf 93' lang='lat' dir='ltr'>Dei</span> <span class='ocrx_word' id='word_1_1098' title='bbox 1401 2372 1573 2410; x_wconf 88' lang='lat' dir='ltr'>Evangelia,</span> <span class='ocrx_word' id='word_1_1099' title='bbox 1592 2381 1624 2402; x_wconf 92' lang='lat' dir='ltr'>ac</span> <span class='ocrx_word' id='word_1_1100' title='bbox 1646 2371 1696 2402; x_wconf 92' lang='lat' dir='ltr'>sub</span> <span class='ocrx_word' id='word_1_1101' title='bbox 1713 2371 1806 2401; x_wconf 85' lang='lat' dir='ltr'>Poena</span> <span class='ocrx_word' id='word_1_1102' title='bbox 1823 2371 1903 2409; x_wconf 81' lang='lat' dir='ltr'>quod</span> <span class='ocrx_word' id='word_1_1103' title='bbox 1918 2379 2109 2412; x_wconf 87' lang='lat' dir='ltr'>reputarentur</span> <span class='ocrx_word' id='word_1_1104' title='bbox 2121 2373 2150 2401; x_wconf 90' lang='lat' dir='ltr'>in</span> <span class='ocrx_word' id='word_1_1105' title='bbox 2165 2372 2389 2411; x_wconf 86' lang='lat' dir='ltr'>quibuscumque</span> 
     </span>
     <span class='ocr_line' id='line_1_170' title="bbox 1323 2409 2388 2449; baseline 0.001 -8"><span class='ocrx_word' id='word_1_1106' title='bbox 1323 2411 1410 2442; x_wconf 91' lang='lat' dir='ltr'>Locis</span> <span class='ocrx_word' id='word_1_1107' title='bbox 1429 2411 1502 2441; x_wconf 73' lang='lat' dir='ltr'>‘falso</span> <span class='ocrx_word' id='word_1_1108' title='bbox 1523 2410 1671 2449; x_wconf 69' lang='lat' dir='ltr'>perjurati,</span> <span class='ocrx_word' id='word_1_1109' title='bbox 1690 2409 1724 2440; x_wconf 91' lang='lat'>&amp;</span> <span class='ocrx_word' id='word_1_1110' title='bbox 1744 2409 1798 2440; x_wconf 86' lang='lat' dir='ltr'>fide</span> <span class='ocrx_word' id='word_1_1111' title='bbox 1823 2409 1988 2449; x_wconf 86' lang='lat' dir='ltr'>mendaces,</span> <span class='ocrx_word' id='word_1_1112' title='bbox 2007 2410 2089 2447; x_wconf 79' lang='lat' dir='ltr'>quod</span> <span class='ocrx_word' id='word_1_1113' title='bbox 2109 2410 2186 2441; x_wconf 66' lang='lat' dir='ltr'>dieta</span> <span class='ocrx_word' id='word_1_1114' title='bbox 2200 2409 2335 2441; x_wconf 85' lang='lat' dir='ltr'>Castrum</span> <span class='ocrx_word' id='word_1_1115' title='bbox 2354 2413 2388 2443; x_wconf 76' lang='grc' dir='ltr'>δε</span> 
     </span>
     <span class='ocr_line' id='line_1_171' title="bbox 1324 2447 2389 2488; baseline 0 -8"><span class='ocrx_word' id='word_1_1116' title='bbox 1324 2449 1398 2481; x_wconf 88' lang='lat' dir='ltr'>Villa</span> <span class='ocrx_word' id='word_1_1117' title='bbox 1412 2449 1530 2488; x_wconf 86' lang='lat' dir='ltr'>praefato</span> <span class='ocrx_word' id='word_1_1118' title='bbox 1544 2449 1620 2488; x_wconf 86' lang='lat' dir='ltr'>Regi</span> <span class='ocrx_word' id='word_1_1119' title='bbox 1632 2447 1791 2487; x_wconf 80' lang='lat' dir='ltr'>Navartae,</span> <span class='ocrx_word' id='word_1_1120' title='bbox 1809 2457 1856 2479; x_wconf 92' lang='lat' dir='ltr'>aut</span> <span class='ocrx_word' id='word_1_1121' title='bbox 1870 2448 1921 2479; x_wconf 90' lang='lat' dir='ltr'>illis</span> <span class='ocrx_word' id='word_1_1122' title='bbox 1933 2458 2006 2487; x_wconf 90' lang='lat' dir='ltr'>quos</span> <span class='ocrx_word' id='word_1_1123' title='bbox 2019 2448 2077 2487; x_wconf 85' lang='lat' dir='ltr'>ipse</span> <span class='ocrx_word' id='word_1_1124' title='bbox 2092 2450 2121 2480; x_wconf 89' lang='lat' dir='ltr'>in</span> <span class='ocrx_word' id='word_1_1125' title='bbox 2136 2450 2200 2480; x_wconf 86' lang='lat' dir='ltr'>Vita</span> <span class='ocrx_word' id='word_1_1126' title='bbox 2217 2450 2263 2481; x_wconf 88' lang='lat' dir='ltr'>vel</span> <span class='ocrx_word' id='word_1_1127' title='bbox 2285 2449 2389 2480; x_wconf 87' lang='lat' dir='ltr'>Testa-</span> 
     </span>
     <span class='ocr_line' id='line_1_172' title="bbox 1323 2487 2388 2526; baseline 0.002 -8"><span class='ocrx_word' id='word_1_1128' title='bbox 1323 2497 1425 2519; x_wconf 90' lang='lat' dir='ltr'>mento</span> <span class='ocrx_word' id='word_1_1129' title='bbox 1443 2488 1493 2518; x_wconf 90' lang='lat' dir='ltr'>suo</span> <span class='ocrx_word' id='word_1_1130' title='bbox 1512 2487 1705 2525; x_wconf 79' lang='lat' dir='ltr'>ordinaverit,</span> <span class='ocrx_word' id='word_1_1131' title='bbox 1726 2487 1956 2526; x_wconf 84' lang='lat' dir='ltr'>quibuscumque</span> <span class='ocrx_word' id='word_1_1132' title='bbox 1977 2487 2218 2526; x_wconf 79' lang='lat' dir='ltr'>excusationibus,</span> <span class='ocrx_word' id='word_1_1133' title='bbox 2238 2487 2333 2519; x_wconf 88' lang='lat' dir='ltr'>fraude</span> <span class='ocrx_word' id='word_1_1134' title='bbox 2354 2489 2388 2520; x_wconf 85' lang='lat'>&amp;</span> 
     </span>
     <span class='ocr_line' id='line_1_173' title="bbox 1326 2525 2390 2566; baseline -0.001 -8"><span class='ocrx_word' id='word_1_1135' title='bbox 1326 2527 1403 2558; x_wconf 90' lang='lat' dir='ltr'>malo</span> <span class='ocrx_word' id='word_1_1136' title='bbox 1428 2527 1544 2565; x_wconf 84' lang='lat' dir='ltr'>ingenio</span> <span class='ocrx_word' id='word_1_1137' title='bbox 1571 2526 1761 2564; x_wconf 76' lang='lat' dir='ltr'>cessantibus,</span> <span class='ocrx_word' id='word_1_1138' title='bbox 1797 2527 1826 2556; x_wconf 89' lang='lat' dir='ltr'>in</span> <span class='ocrx_word' id='word_1_1139' title='bbox 1855 2526 1949 2558; x_wconf 90' lang='lat' dir='ltr'>forma</span> <span class='ocrx_word' id='word_1_1140' title='bbox 1976 2527 2010 2558; x_wconf 91' lang='lat'>&amp;</span> <span class='ocrx_word' id='word_1_1141' title='bbox 2033 2525 2202 2558; x_wconf 88' lang='lat' dir='ltr'>conditione</span> <span class='ocrx_word' id='word_1_1142' title='bbox 2224 2526 2390 2566; x_wconf 65' lang='lat' dir='ltr'>praedietis,</span> 
     </span>
     <span class='ocr_line' id='line_1_174' title="bbox 1324 2564 2052 2604; baseline -0.001 -9"><span class='ocrx_word' id='word_1_1143' title='bbox 1324 2566 1461 2603; x_wconf 78' lang='lat' dir='ltr'>prompte</span> <span class='ocrx_word' id='word_1_1144' title='bbox 1475 2566 1509 2596; x_wconf 92' lang='lat'>&amp;</span> <span class='ocrx_word' id='word_1_1145' title='bbox 1525 2566 1631 2604; x_wconf 81' lang='lat' dir='ltr'>integre</span> <span class='ocrx_word' id='word_1_1146' title='bbox 1647 2564 1796 2595; x_wconf 88' lang='lat' dir='ltr'>reddantur</span> <span class='ocrx_word' id='word_1_1147' title='bbox 1811 2565 1845 2595; x_wconf 71' lang='grc' dir='ltr'>ὃς</span> <span class='ocrx_word' id='word_1_1148' title='bbox 1859 2564 2052 2602; x_wconf 82' lang='lat' dir='ltr'>restituantur,</span> 
     </span>
    </p>

    <p class='ocr_par' dir='ltr' id='par_1_73' title="bbox 1317 2600 2391 2796">
     <span class='ocr_line' id='line_1_175' title="bbox 1358 2600 2391 2642; baseline -0.002 -8"><span class='ocrx_word' id='word_1_1149' title='bbox 1358 2603 1397 2634; x_wconf 90' lang='lat' dir='ltr'>Et</span> <span class='ocrx_word' id='word_1_1150' title='bbox 1418 2605 1487 2634; x_wconf 77' lang='lat' dir='ltr'>cum</span> <span class='ocrx_word' id='word_1_1151' title='bbox 1510 2604 1540 2633; x_wconf 81' lang='lat' dir='ltr'>iit</span> <span class='ocrx_word' id='word_1_1152' title='bbox 1561 2604 1597 2634; x_wconf 92' lang='lat' dir='ltr'>ita</span> <span class='ocrx_word' id='word_1_1153' title='bbox 1617 2602 1716 2641; x_wconf 79' lang='lat' dir='ltr'>quod,</span> <span class='ocrx_word' id='word_1_1154' title='bbox 1733 2603 1853 2632; x_wconf 91' lang='lat' dir='ltr'>nomine</span> <span class='ocrx_word' id='word_1_1155' title='bbox 1875 2601 2024 2642; x_wconf 82' lang='lat' dir='ltr'>Magnifici</span> <span class='ocrx_word' id='word_1_1156' title='bbox 2043 2602 2077 2633; x_wconf 69' lang='grc' dir='ltr'>ὃς</span> <span class='ocrx_word' id='word_1_1157' title='bbox 2098 2600 2227 2632; x_wconf 86' lang='lat' dir='ltr'>Potentis</span> <span class='ocrx_word' id='word_1_1158' title='bbox 2250 2601 2391 2641; x_wconf 87' lang='lat' dir='ltr'>Principis</span> 
     </span>
     <span class='ocr_line' id='line_1_176' title="bbox 1321 2639 2389 2681; baseline -0.001 -9"><span class='ocrx_word' id='word_1_1159' title='bbox 1321 2642 1438 2681; x_wconf 81' lang='lat' dir='ltr'>Karoli,</span> <span class='ocrx_word' id='word_1_1160' title='bbox 1455 2642 1511 2672; x_wconf 90' lang='lat' dir='ltr'>Dei</span> <span class='ocrx_word' id='word_1_1161' title='bbox 1525 2641 1630 2681; x_wconf 67' lang='lat' dir='ltr'>gratia,</span> <span class='ocrx_word' id='word_1_1162' title='bbox 1646 2650 1723 2672; x_wconf 90' lang='lat' dir='ltr'>nunc</span> <span class='ocrx_word' id='word_1_1163' title='bbox 1737 2643 1815 2678; x_wconf 79' lang='lat' dir='ltr'>Regis</span> <span class='ocrx_word' id='word_1_1164' title='bbox 1828 2642 1994 2679; x_wconf 69' lang='lat' dir='ltr'>Nmarrae,</span> <span class='ocrx_word' id='word_1_1165' title='bbox 2012 2641 2070 2671; x_wconf 77' lang='lat' dir='ltr'>tam</span> <span class='ocrx_word' id='word_1_1166' title='bbox 2082 2649 2216 2679; x_wconf 83' lang='lat' dir='ltr'>tanquam</span> <span class='ocrx_word' id='word_1_1167' title='bbox 2238 2639 2389 2680; x_wconf 84' lang='lat' dir='ltr'>Primoge-</span> 
     </span>
     <span class='ocr_line' id='line_1_177' title="bbox 1321 2678 2389 2718; baseline -0.001 -7"><span class='ocrx_word' id='word_1_1168' title='bbox 1321 2683 1372 2711; x_wconf 87' lang='lat' dir='ltr'>niti</span> <span class='ocrx_word' id='word_1_1169' title='bbox 1394 2682 1427 2712; x_wconf 67' lang='grc' dir='ltr'>ὃς</span> <span class='ocrx_word' id='word_1_1170' title='bbox 1450 2680 1581 2711; x_wconf 78' lang='lat' dir='ltr'>Haeredis</span> <span class='ocrx_word' id='word_1_1171' title='bbox 1603 2679 1671 2710; x_wconf 68' lang='lat' dir='ltr'>dieti</span> <span class='ocrx_word' id='word_1_1172' title='bbox 1692 2688 1782 2717; x_wconf 88' lang='lat' dir='ltr'>nuper</span> <span class='ocrx_word' id='word_1_1173' title='bbox 1805 2678 1894 2718; x_wconf 86' lang='lat' dir='ltr'>Regis</span> <span class='ocrx_word' id='word_1_1174' title='bbox 1907 2679 2065 2718; x_wconf 87' lang='lat' dir='ltr'>Navarrae,</span> <span class='ocrx_word' id='word_1_1175' title='bbox 2083 2680 2169 2717; x_wconf 69' lang='lat' dir='ltr'>quam</span> <span class='ocrx_word' id='word_1_1176' title='bbox 2185 2688 2320 2718; x_wconf 81' lang='lat' dir='ltr'>praetextu</span> <span class='ocrx_word' id='word_1_1177' title='bbox 2337 2690 2389 2710; x_wconf 90' lang='lat' dir='ltr'>cu-</span> 
     </span>
     <span class='ocr_line' id='line_1_178' title="bbox 1317 2716 2390 2759; baseline -0.002 -9"><span class='ocrx_word' id='word_1_1178' title='bbox 1317 2720 1427 2759; x_wconf 81' lang='lat' dir='ltr'>jusdam</span> <span class='ocrx_word' id='word_1_1179' title='bbox 1455 2718 1594 2750; x_wconf 77' lang='lat' dir='ltr'>Clausulae</span> <span class='ocrx_word' id='word_1_1180' title='bbox 1608 2742 1618 2756; x_wconf 86' lang='lat'><strong>‚</strong></span> <span class='ocrx_word' id='word_1_1181' title='bbox 1650 2719 1679 2748; x_wconf 92' lang='lat' dir='ltr'>in</span> <span class='ocrx_word' id='word_1_1182' title='bbox 1699 2717 1888 2749; x_wconf 83' lang='lat' dir='ltr'>Testamento</span> <span class='ocrx_word' id='word_1_1183' title='bbox 1908 2716 2036 2758; x_wconf 69' lang='lat' dir='ltr'>praedicsti</span> <span class='ocrx_word' id='word_1_1184' title='bbox 2060 2716 2163 2749; x_wconf 88' lang='lat' dir='ltr'>Karoli</span> <span class='ocrx_word' id='word_1_1185' title='bbox 2183 2727 2273 2757; x_wconf 85' lang='lat' dir='ltr'>nuper</span> <span class='ocrx_word' id='word_1_1186' title='bbox 2295 2718 2390 2757; x_wconf 79' lang='lat' dir='ltr'>Regis</span> 
     </span>
     <span class='ocr_line' id='line_1_179' title="bbox 1323 2756 2109 2796; baseline -0.004 -6"><span class='ocrx_word' id='word_1_1187' title='bbox 1323 2759 1463 2790; x_wconf 87' lang='lat' dir='ltr'>Navarrae</span> <span class='ocrx_word' id='word_1_1188' title='bbox 1474 2766 1633 2795; x_wconf 77' lang='lat' dir='ltr'>contentae,</span> <span class='ocrx_word' id='word_1_1189' title='bbox 1651 2756 1702 2788; x_wconf 91' lang='lat' dir='ltr'>sub</span> <span class='ocrx_word' id='word_1_1190' title='bbox 1718 2766 1755 2787; x_wconf 90' lang='lat' dir='ltr'>eo</span> <span class='ocrx_word' id='word_1_1191' title='bbox 1771 2758 1820 2795; x_wconf 91' lang='lat' dir='ltr'>qui</span> <span class='ocrx_word' id='word_1_1192' title='bbox 1835 2756 1957 2795; x_wconf 88' lang='lat' dir='ltr'>sequitur</span> <span class='ocrx_word' id='word_1_1193' title='bbox 1972 2756 2109 2796; x_wconf 90' lang='lat' dir='ltr'>Tenore,</span> 
     </span>
    </p>
   </div>
   <div class='ocr_carea' id='block_1_58' title="bbox 1318 2816 2388 2914">
    <p class='ocr_par' dir='ltr' id='par_1_74' title="bbox 1318 2816 2388 2914">
     <span class='ocr_line' id='line_1_180' title="bbox 1359 2816 2387 2875; baseline -0.003 -9"><span class='ocrx_word' id='word_1_1194' title='bbox 1359 2835 1449 2866; x_wconf 74' lang='lat' dir='ltr'>ITEM</span> <span class='ocrx_word' id='word_1_1195' title='bbox 1486 2835 1678 2866; x_wconf 80' lang='lat' dir='ltr'>ORDENoNs</span> <span class='ocrx_word' id='word_1_1196' title='bbox 1693 2842 1738 2865; x_wconf 74' lang='lat' dir='ltr'>ET</span> <span class='ocrx_word' id='word_1_1197' title='bbox 1753 2833 1885 2865; x_wconf 67' lang='lat' dir='ltr'>VoLons</span> <span class='ocrx_word' id='word_1_1198' title='bbox 1897 2816 1966 2874; x_wconf 61' lang='lat' dir='ltr'>que,</span> <span class='ocrx_word' id='word_1_1199' title='bbox 1982 2845 2036 2864; x_wconf 83' lang='lat' dir='ltr'>noz</span> <span class='ocrx_word' id='word_1_1200' title='bbox 2053 2833 2175 2875; x_wconf 82' lang='lat' dir='ltr'>Coufim,</span> <span class='ocrx_word' id='word_1_1201' title='bbox 2193 2833 2219 2864; x_wconf 86' lang='lat' dir='ltr'>Ie</span> <span class='ocrx_word' id='word_1_1202' title='bbox 2227 2836 2282 2874; x_wconf 76' lang='lat' dir='ltr'>Ray</span> <span class='ocrx_word' id='word_1_1203' title='bbox 2295 2835 2387 2864; x_wconf 82' lang='lat' dir='ltr'>d&#39;En-</span> 
     </span>
     <span class='ocr_line' id='line_1_181' title="bbox 1318 2859 2388 2914; baseline -0.001 -11"><span class='ocrx_word' id='word_1_1204' title='bbox 1318 2874 1432 2911; x_wconf 82' lang='lat' dir='ltr'>gleterre</span> <span class='ocrx_word' id='word_1_1205' title='bbox 1445 2859 1484 2909; x_wconf 57' lang='lat' dir='ltr'>Z·-</span> <span class='ocrx_word' id='word_1_1206' title='bbox 1492 2874 1536 2914; x_wconf 73' lang='lat' dir='ltr'>fis</span> <span class='ocrx_word' id='word_1_1207' title='bbox 1549 2873 1662 2912; x_wconf 75' lang='lat' dir='ltr'>otides,</span> <span class='ocrx_word' id='word_1_1208' title='bbox 1679 2871 1718 2907; x_wconf 59' lang='grc' dir='ltr'><strong><em>ὠ</em></strong></span> <span class='ocrx_word' id='word_1_1209' title='bbox 1732 2871 1768 2902; x_wconf 82' lang='lat' dir='ltr'>les</span> <span class='ocrx_word' id='word_1_1210' title='bbox 1780 2880 1873 2902; x_wconf 79' lang='lat' dir='ltr'>autres</span> <span class='ocrx_word' id='word_1_1211' title='bbox 1889 2897 1898 2911; x_wconf 71' lang='lat'>,</span> <span class='ocrx_word' id='word_1_1212' title='bbox 1914 2884 1932 2901; x_wconf 90' lang='lat' dir='ltr'>a</span> <span class='ocrx_word' id='word_1_1213' title='bbox 1947 2883 2010 2902; x_wconf 81' lang='lat' dir='ltr'>nous</span> <span class='ocrx_word' id='word_1_1214' title='bbox 2023 2872 2138 2911; x_wconf 82' lang='lat' dir='ltr'>Obligez</span> <span class='ocrx_word' id='word_1_1215' title='bbox 2144 2880 2198 2911; x_wconf 81' lang='lat' dir='ltr'>pur</span> <span class='ocrx_word' id='word_1_1216' title='bbox 2216 2872 2246 2902; x_wconf 86' lang='lat' dir='ltr'>la</span> <span class='ocrx_word' id='word_1_1217' title='bbox 2266 2871 2388 2912; x_wconf 83' lang='lat' dir='ltr'>Restitu-</span> 
     </span>
    </p>
   </div>
   <div class='ocr_carea' id='block_1_59' title="bbox 1324 2910 2389 3069">
    <p class='ocr_par' dir='ltr' id='par_1_75' title="bbox 1324 2910 2389 3069">
     <span class='ocr_line' id='line_1_182' title="bbox 1325 2910 2389 2952; baseline -0.001 -11"><span class='ocrx_word' id='word_1_1218' title='bbox 1325 2917 1381 2943; x_wconf 86' lang='lat' dir='ltr'>tion</span> <span class='ocrx_word' id='word_1_1219' title='bbox 1394 2913 1426 2943; x_wconf 76' lang='lat' dir='ltr'>de</span> <span class='ocrx_word' id='word_1_1220' title='bbox 1440 2924 1495 2942; x_wconf 85' lang='lat' dir='ltr'>noz</span> <span class='ocrx_word' id='word_1_1221' title='bbox 1506 2911 1628 2952; x_wconf 82' lang='lat' dir='ltr'>chastell</span> <span class='ocrx_word' id='word_1_1222' title='bbox 1641 2911 1679 2947; x_wconf 65' lang='grc' dir='ltr'>ὠ·</span> <span class='ocrx_word' id='word_1_1223' title='bbox 1693 2914 1722 2941; x_wconf 91' lang='lat' dir='ltr'><em>V</em></span> <span class='ocrx_word' id='word_1_1224' title='bbox 1725 2910 1772 2941; x_wconf 83' lang='lat' dir='ltr'>ille</span> <span class='ocrx_word' id='word_1_1225' title='bbox 1783 2912 1814 2940; x_wconf 86' lang='lat' dir='ltr'>de</span> <span class='ocrx_word' id='word_1_1226' title='bbox 1830 2911 1996 2949; x_wconf 86' lang='lat' dir='ltr'>Chirburgh,</span> <span class='ocrx_word' id='word_1_1227' title='bbox 2008 2911 2098 2950; x_wconf 68' lang='lat' dir='ltr'>finient</span> <span class='ocrx_word' id='word_1_1228' title='bbox 2111 2918 2196 2941; x_wconf 84' lang='lat' dir='ltr'>tenuz</span> <span class='ocrx_word' id='word_1_1229' title='bbox 2216 2911 2248 2940; x_wconf 82' lang='lat' dir='ltr'>de</span> <span class='ocrx_word' id='word_1_1230' title='bbox 2268 2910 2389 2948; x_wconf 82' lang='lat' dir='ltr'>Rendre,</span> 
     </span>
     <span class='ocr_line' id='line_1_183' title="bbox 1326 2947 2388 2990; baseline -0.003 -9"><span class='ocrx_word' id='word_1_1231' title='bbox 1326 2951 1476 2990; x_wconf 61' lang='lat' dir='ltr'>Restituam,</span> <span class='ocrx_word' id='word_1_1232' title='bbox 1496 2951 1534 2986; x_wconf 59' lang='grc' dir='ltr'><strong><em>ὠ</em></strong></span> <span class='ocrx_word' id='word_1_1233' title='bbox 1549 2950 1695 2981; x_wconf 78' lang='lat' dir='ltr'>Deliverer</span> <span class='ocrx_word' id='word_1_1234' title='bbox 1707 2961 1762 2979; x_wconf 82' lang='lat' dir='ltr'>noz</span> <span class='ocrx_word' id='word_1_1235' title='bbox 1773 2950 1837 2979; x_wconf 80' lang='lat' dir='ltr'>ditz</span> <span class='ocrx_word' id='word_1_1236' title='bbox 1849 2949 1959 2989; x_wconf 82' lang='lat' dir='ltr'>chastel</span> <span class='ocrx_word' id='word_1_1237' title='bbox 1971 2948 2010 2984; x_wconf 84' lang='lat'><em>&amp;</em></span> <span class='ocrx_word' id='word_1_1238' title='bbox 2032 2953 2062 2978; x_wconf 91' lang='lat' dir='ltr'><em>V</em></span> <span class='ocrx_word' id='word_1_1239' title='bbox 2061 2947 2107 2979; x_wconf 85' lang='lat' dir='ltr'>ille</span> <span class='ocrx_word' id='word_1_1240' title='bbox 2127 2961 2146 2979; x_wconf 89' lang='lat' dir='ltr'>a</span> <span class='ocrx_word' id='word_1_1241' title='bbox 2166 2947 2280 2978; x_wconf 83' lang='lat' dir='ltr'>charles</span> <span class='ocrx_word' id='word_1_1242' title='bbox 2302 2947 2388 2988; x_wconf 84' lang='lat' dir='ltr'>nostre</span> 
     </span>
     <span class='ocr_line' id='line_1_184' title="bbox 1324 2984 2387 3056; baseline -0.002 -37"><span class='ocrx_word' id='word_1_1243' title='bbox 1324 2992 1436 3019; x_wconf 83' lang='lat' dir='ltr'>Heriter</span> <span class='ocrx_word' id='word_1_1244' title='bbox 1452 2990 1490 3025; x_wconf 62' lang='grc' dir='ltr'>(έν</span> <span class='ocrx_word' id='word_1_1245' title='bbox 1507 2993 1573 3019; x_wconf 81' lang='lat' dir='ltr'>Fitz</span> <span class='ocrx_word' id='word_1_1246' title='bbox 1587 2987 1698 3029; x_wconf 88' lang='lat' dir='ltr'>ainsne,</span> <span class='ocrx_word' id='word_1_1247' title='bbox 1716 2995 1803 3017; x_wconf 71' lang='lat' dir='ltr'>tontes</span> <span class='ocrx_word' id='word_1_1248' title='bbox 1816 2988 1853 3018; x_wconf 81' lang='lat' dir='ltr'>les</span> <span class='ocrx_word' id='word_1_1249' title='bbox 1853 2987 1943 3056; x_wconf 68' lang='lat' dir='ltr'>[fortz</span> <span class='ocrx_word' id='word_1_1250' title='bbox 1956 2998 2007 3028; x_wconf 80' lang='lat' dir='ltr'>que</span> <span class='ocrx_word' id='word_1_1251' title='bbox 2020 2987 2053 3018; x_wconf 84' lang='lat' dir='ltr'>de</span> <span class='ocrx_word' id='word_1_1252' title='bbox 2074 2998 2100 3017; x_wconf 85' lang='lat' dir='ltr'>ce</span> <span class='ocrx_word' id='word_1_1253' title='bbox 2105 2987 2216 3028; x_wconf 82' lang='lat' dir='ltr'>firront</span> <span class='ocrx_word' id='word_1_1254' title='bbox 2232 2984 2327 3027; x_wconf 74' lang='lat' dir='ltr'>firmez</span> <span class='ocrx_word' id='word_1_1255' title='bbox 2347 2985 2387 3021; x_wconf 60' lang='grc' dir='ltr'>ῤ’</span> 
     </span>
     <span class='ocr_line' id='line_1_185' title="bbox 1325 3026 1902 3069; baseline -0.003 -12"><span class='ocrx_word' id='word_1_1256' title='bbox 1325 3032 1413 3069; x_wconf 80' lang='lat' dir='ltr'>requis</span> <span class='ocrx_word' id='word_1_1257' title='bbox 1426 3029 1457 3058; x_wconf 86' lang='lat' dir='ltr'>de</span> <span class='ocrx_word' id='word_1_1258' title='bbox 1473 3028 1503 3059; x_wconf 82' lang='lat' dir='ltr'>Ia</span> <span class='ocrx_word' id='word_1_1259' title='bbox 1515 3032 1606 3068; x_wconf 82' lang='lat' dir='ltr'>partie</span> <span class='ocrx_word' id='word_1_1260' title='bbox 1621 3028 1654 3058; x_wconf 86' lang='lat' dir='ltr'>de</span> <span class='ocrx_word' id='word_1_1261' title='bbox 1667 3026 1753 3067; x_wconf 84' lang='lat' dir='ltr'>nostre</span> <span class='ocrx_word' id='word_1_1262' title='bbox 1766 3027 1809 3056; x_wconf 76' lang='lat' dir='ltr'>dit</span> <span class='ocrx_word' id='word_1_1263' title='bbox 1821 3030 1853 3056; x_wconf 83' lang='lat' dir='ltr'>Fi</span> <span class='ocrx_word' id='word_1_1264' title='bbox 1864 3038 1902 3065; x_wconf 83' lang='lat' dir='ltr'>z,</span> 
     </span>
    </p>
   </div>
   <div class='ocr_carea' id='block_1_60' title="bbox 1323 3099 2397 4030">
    <p class='ocr_par' dir='ltr' id='par_1_76' title="bbox 1323 3099 2393 3363">
     <span class='ocr_line' id='line_1_186' title="bbox 1361 3099 2391 3142; baseline -0.004 -7"><span class='ocrx_word' id='word_1_1265' title='bbox 1361 3104 1563 3135; x_wconf 63' lang='lat' dir='ltr'>Procuratores</span> <span class='ocrx_word' id='word_1_1266' title='bbox 1583 3104 1665 3142; x_wconf 87' lang='lat' dir='ltr'>ipfius</span> <span class='ocrx_word' id='word_1_1267' title='bbox 1685 3113 1763 3134; x_wconf 90' lang='lat' dir='ltr'>nunc</span> <span class='ocrx_word' id='word_1_1268' title='bbox 1785 3102 1873 3141; x_wconf 86' lang='lat' dir='ltr'>Regis</span> <span class='ocrx_word' id='word_1_1269' title='bbox 1887 3100 2042 3140; x_wconf 80' lang='lat' dir='ltr'>Navarrae,</span> <span class='ocrx_word' id='word_1_1270' title='bbox 2059 3100 2245 3132; x_wconf 83' lang='lat' dir='ltr'>sufficientem</span> <span class='ocrx_word' id='word_1_1271' title='bbox 2260 3099 2391 3132; x_wconf 87' lang='lat' dir='ltr'>Potesta-</span> 
     </span>
     <span class='ocr_line' id='line_1_187' title="bbox 1323 3140 2390 3180; baseline -0.004 -7"><span class='ocrx_word' id='word_1_1272' title='bbox 1323 3152 1384 3173; x_wconf 88' lang='lat' dir='ltr'>tem</span> <span class='ocrx_word' id='word_1_1273' title='bbox 1406 3144 1456 3173; x_wconf 86' lang='lat' dir='ltr'>sub</span> <span class='ocrx_word' id='word_1_1274' title='bbox 1476 3143 1591 3179; x_wconf 86' lang='lat' dir='ltr'>Magno</span> <span class='ocrx_word' id='word_1_1275' title='bbox 1611 3141 1709 3180; x_wconf 87' lang='lat' dir='ltr'>Sigillo</span> <span class='ocrx_word' id='word_1_1276' title='bbox 1731 3140 1851 3178; x_wconf 78' lang='lat' dir='ltr'>ejuidem</span> <span class='ocrx_word' id='word_1_1277' title='bbox 1874 3149 1950 3171; x_wconf 92' lang='lat' dir='ltr'>nunc</span> <span class='ocrx_word' id='word_1_1278' title='bbox 1975 3140 2066 3177; x_wconf 88' lang='lat' dir='ltr'>Regis</span> <span class='ocrx_word' id='word_1_1279' title='bbox 2085 3140 2225 3170; x_wconf 87' lang='lat' dir='ltr'>Navarrae</span> <span class='ocrx_word' id='word_1_1280' title='bbox 2240 3140 2390 3179; x_wconf 78' lang='lat' dir='ltr'>habentes,</span> 
     </span>
     <span class='ocr_line' id='line_1_188' title="bbox 1327 3177 2392 3217; baseline -0.003 -6"><span class='ocrx_word' id='word_1_1281' title='bbox 1327 3181 1410 3217; x_wconf 82' lang='lat' dir='ltr'>Nos,</span> <span class='ocrx_word' id='word_1_1282' title='bbox 1429 3182 1462 3211; x_wconf 65' lang='grc' dir='ltr'>ὃς</span> <span class='ocrx_word' id='word_1_1283' title='bbox 1476 3181 1571 3210; x_wconf 64' lang='lat' dir='ltr'>dictos</span> <span class='ocrx_word' id='word_1_1284' title='bbox 1583 3179 1749 3209; x_wconf 88' lang='lat' dir='ltr'>Avunculos</span> <span class='ocrx_word' id='word_1_1285' title='bbox 1763 3178 1892 3216; x_wconf 85' lang='lat' dir='ltr'>nostros,</span> <span class='ocrx_word' id='word_1_1286' title='bbox 1909 3188 1943 3209; x_wconf 90' lang='lat' dir='ltr'>ac</span> <span class='ocrx_word' id='word_1_1287' title='bbox 1963 3179 2031 3209; x_wconf 89' lang='lat' dir='ltr'>alios</span> <span class='ocrx_word' id='word_1_1288' title='bbox 2052 3178 2204 3217; x_wconf 84' lang='lat' dir='ltr'>Obligatos</span> <span class='ocrx_word' id='word_1_1289' title='bbox 2225 3177 2392 3216; x_wconf 66' lang='lat' dir='ltr'>praeditstos,</span> 
     </span>
     <span class='ocr_line' id='line_1_189' title="bbox 1325 3216 2393 3255; baseline -0.002 -7"><span class='ocrx_word' id='word_1_1290' title='bbox 1325 3219 1359 3248; x_wconf 87' lang='lat' dir='ltr'>ad</span> <span class='ocrx_word' id='word_1_1291' title='bbox 1375 3218 1598 3248; x_wconf 89' lang='lat' dir='ltr'>Restitutionem</span> <span class='ocrx_word' id='word_1_1292' title='bbox 1612 3216 1706 3248; x_wconf 87' lang='lat' dir='ltr'>Castri</span> <span class='ocrx_word' id='word_1_1293' title='bbox 1720 3218 1754 3248; x_wconf 91' lang='lat'>&amp;</span> <span class='ocrx_word' id='word_1_1294' title='bbox 1769 3216 1852 3248; x_wconf 83' lang='lat' dir='ltr'>Villae</span> <span class='ocrx_word' id='word_1_1295' title='bbox 1865 3217 2069 3255; x_wconf 66' lang='lat' dir='ltr'>praedictorum</span> <span class='ocrx_word' id='word_1_1296' title='bbox 2085 3217 2241 3248; x_wconf 84' lang='lat' dir='ltr'>faciendam</span> <span class='ocrx_word' id='word_1_1297' title='bbox 2261 3217 2393 3254; x_wconf 88' lang='lat' dir='ltr'>requisie-</span> 
     </span>
     <span class='ocr_line' id='line_1_190' title="bbox 1326 3254 2392 3295; baseline 0 -9"><span class='ocrx_word' id='word_1_1298' title='bbox 1326 3265 1406 3293; x_wconf 86' lang='lat' dir='ltr'>runt,</span> <span class='ocrx_word' id='word_1_1299' title='bbox 1422 3255 1573 3286; x_wconf 86' lang='lat' dir='ltr'>offerendo</span> <span class='ocrx_word' id='word_1_1300' title='bbox 1587 3256 1613 3287; x_wconf 89' lang='lat' dir='ltr'>se</span> <span class='ocrx_word' id='word_1_1301' title='bbox 1627 3264 1792 3295; x_wconf 85' lang='lat' dir='ltr'>promptOS,</span> <span class='ocrx_word' id='word_1_1302' title='bbox 1807 3256 1927 3286; x_wconf 90' lang='lat' dir='ltr'>nomine</span> <span class='ocrx_word' id='word_1_1303' title='bbox 1942 3256 2025 3293; x_wconf 87' lang='lat' dir='ltr'>ipsius</span> <span class='ocrx_word' id='word_1_1304' title='bbox 2042 3265 2119 3286; x_wconf 92' lang='lat' dir='ltr'>nunc</span> <span class='ocrx_word' id='word_1_1305' title='bbox 2132 3255 2221 3295; x_wconf 87' lang='lat' dir='ltr'>Regis</span> <span class='ocrx_word' id='word_1_1306' title='bbox 2234 3254 2392 3294; x_wconf 85' lang='lat' dir='ltr'>Navarrae,</span> 
     </span>
     <span class='ocr_line' id='line_1_191' title="bbox 1326 3294 2374 3363; baseline -0.001 -38"><span class='ocrx_word' id='word_1_1307' title='bbox 1326 3294 1516 3363; x_wconf 51' lang='lat' dir='ltr'>Coliilditiones</span> <span class='ocrx_word' id='word_1_1308' title='bbox 1531 3296 1559 3324; x_wconf 95' lang='lat' dir='ltr'>in</span> <span class='ocrx_word' id='word_1_1309' title='bbox 1573 3294 1653 3325; x_wconf 69' lang='lat' dir='ltr'>dieto</span> <span class='ocrx_word' id='word_1_1310' title='bbox 1666 3294 1804 3326; x_wconf 73' lang='lat' dir='ltr'>Traecatu</span> <span class='ocrx_word' id='word_1_1311' title='bbox 1817 3303 1966 3325; x_wconf 87' lang='lat' dir='ltr'>contentas</span> <span class='ocrx_word' id='word_1_1312' title='bbox 1978 3294 2147 3333; x_wconf 85' lang='lat' dir='ltr'>adimplere,</span> <span class='ocrx_word' id='word_1_1313' title='bbox 2368 3295 2374 3302; x_wconf 92' lang='grc'>’</span> 
     </span>
    </p>

    <p class='ocr_par' dir='ltr' id='par_1_77' title="bbox 1401 3343 1433 3363">
     <span class='ocr_line' id='line_1_192' title="bbox 1401 3343 1433 3363; baseline -0.031 0"><span class='ocrx_word' id='word_1_1314' title='bbox 1401 3343 1433 3363; x_wconf 92' lang='lat' dir='ltr'>os</span> 
     </span>
    </p>

    <p class='ocr_par' dir='ltr' id='par_1_78' title="bbox 1329 3357 2390 3449">
     <span class='ocr_line' id='line_1_193' title="bbox 1362 3357 2390 3410; baseline -0.002 -8"><span class='ocrx_word' id='word_1_1315' title='bbox 1362 3357 1577 3402; x_wconf 68' lang='lat' dir='ltr'>Consideranres</span> <span class='ocrx_word' id='word_1_1316' title='bbox 1591 3381 1726 3410; x_wconf 84' lang='lat' dir='ltr'>magnam</span> <span class='ocrx_word' id='word_1_1317' title='bbox 1740 3371 1935 3410; x_wconf 88' lang='lat' dir='ltr'>Fidelitatem,</span> <span class='ocrx_word' id='word_1_1318' title='bbox 1952 3380 2017 3410; x_wconf 86' lang='lat' dir='ltr'>quae</span> <span class='ocrx_word' id='word_1_1319' title='bbox 2028 3370 2137 3409; x_wconf 88' lang='lat' dir='ltr'>semper</span> <span class='ocrx_word' id='word_1_1320' title='bbox 2152 3370 2182 3400; x_wconf 91' lang='lat' dir='ltr'>iri</span> <span class='ocrx_word' id='word_1_1321' title='bbox 2195 3368 2390 3409; x_wconf 85' lang='lat' dir='ltr'>Progenitori-</span> 
     </span>
     <span class='ocr_line' id='line_1_194' title="bbox 1329 3410 1818 3449; baseline 0.002 -9"><span class='ocrx_word' id='word_1_1322' title='bbox 1329 3410 1381 3440; x_wconf 89' lang='lat' dir='ltr'>bus</span> <span class='ocrx_word' id='word_1_1323' title='bbox 1397 3410 1498 3440; x_wconf 88' lang='lat' dir='ltr'>nostris</span> <span class='ocrx_word' id='word_1_1324' title='bbox 1511 3411 1624 3441; x_wconf 88' lang='lat' dir='ltr'>inventa</span> <span class='ocrx_word' id='word_1_1325' title='bbox 1636 3411 1741 3449; x_wconf 88' lang='lat' dir='ltr'>fuerat,</span> <span class='ocrx_word' id='word_1_1326' title='bbox 1813 3416 1818 3419; x_wconf 90' lang='lat'>&#39;</span> 
     </span>
    </p>

    <p class='ocr_par' dir='ltr' id='par_1_79' title="bbox 1328 3445 2390 3525">
     <span class='ocr_line' id='line_1_195' title="bbox 1366 3445 2390 3487; baseline -0.003 -8"><span class='ocrx_word' id='word_1_1327' title='bbox 1366 3448 1405 3479; x_wconf 91' lang='lat' dir='ltr'>Et</span> <span class='ocrx_word' id='word_1_1328' title='bbox 1426 3449 1552 3479; x_wconf 85' lang='lat' dir='ltr'>volentes</span> <span class='ocrx_word' id='word_1_1329' title='bbox 1573 3457 1679 3479; x_wconf 90' lang='lat' dir='ltr'>tantam</span> <span class='ocrx_word' id='word_1_1330' title='bbox 1702 3448 1897 3487; x_wconf 82' lang='lat' dir='ltr'>Fidelitatem‚</span> <span class='ocrx_word' id='word_1_1331' title='bbox 1915 3456 1978 3487; x_wconf 89' lang='lat' dir='ltr'>erga</span> <span class='ocrx_word' id='word_1_1332' title='bbox 1992 3447 2209 3486; x_wconf 84' lang='lat' dir='ltr'>quoscumque,</span> <span class='ocrx_word' id='word_1_1333' title='bbox 2227 3447 2256 3477; x_wconf 92' lang='lat' dir='ltr'>in</span> <span class='ocrx_word' id='word_1_1334' title='bbox 2269 3445 2390 3477; x_wconf 76' lang='lat' dir='ltr'>Persona</span> 
     </span>
     <span class='ocr_line' id='line_1_196' title="bbox 1328 3487 1790 3525; baseline 0.002 -9"><span class='ocrx_word' id='word_1_1335' title='bbox 1328 3487 1423 3517; x_wconf 88' lang='lat' dir='ltr'>nostra</span> <span class='ocrx_word' id='word_1_1336' title='bbox 1429 3510 1438 3523; x_wconf 84' lang='lat'>,</span> <span class='ocrx_word' id='word_1_1337' title='bbox 1457 3487 1648 3518; x_wconf 85' lang='lat' dir='ltr'>conformiter</span> <span class='ocrx_word' id='word_1_1338' title='bbox 1660 3488 1790 3525; x_wconf 81' lang='lat' dir='ltr'>reperiri,</span> 
     </span>
    </p>

    <p class='ocr_par' dir='ltr' id='par_1_80' title="bbox 1330 3522 2390 3680">
     <span class='ocr_line' id='line_1_197' title="bbox 1369 3522 2390 3564; baseline -0.004 -9"><span class='ocrx_word' id='word_1_1339' title='bbox 1369 3526 1415 3555; x_wconf 84' lang='lat' dir='ltr'>Ad</span> <span class='ocrx_word' id='word_1_1340' title='bbox 1428 3526 1607 3564; x_wconf 87' lang='lat' dir='ltr'>frequentem</span> <span class='ocrx_word' id='word_1_1341' title='bbox 1619 3525 1778 3556; x_wconf 83' lang='lat' dir='ltr'>instantiam</span> <span class='ocrx_word' id='word_1_1342' title='bbox 1794 3524 1827 3555; x_wconf 71' lang='grc' dir='ltr'>δε</span> <span class='ocrx_word' id='word_1_1343' title='bbox 1839 3524 2068 3562; x_wconf 87' lang='lat' dir='ltr'>supplicationem</span> <span class='ocrx_word' id='word_1_1344' title='bbox 2088 3524 2232 3555; x_wconf 61' lang='lat' dir='ltr'>dictorum</span> <span class='ocrx_word' id='word_1_1345' title='bbox 2254 3522 2390 3553; x_wconf 86' lang='lat' dir='ltr'>Avuncu-</span> 
     </span>
     <span class='ocr_line' id='line_1_198' title="bbox 1330 3561 2389 3603; baseline -0.004 -10"><span class='ocrx_word' id='word_1_1346' title='bbox 1330 3564 1423 3594; x_wconf 89' lang='lat' dir='ltr'>lorum</span> <span class='ocrx_word' id='word_1_1347' title='bbox 1445 3564 1627 3603; x_wconf 85' lang='lat' dir='ltr'>nostrorum,</span> <span class='ocrx_word' id='word_1_1348' title='bbox 1652 3565 1686 3595; x_wconf 86' lang='lat'>&amp;</span> <span class='ocrx_word' id='word_1_1349' title='bbox 1709 3563 1919 3602; x_wconf 89' lang='lat' dir='ltr'>quamplurium</span> <span class='ocrx_word' id='word_1_1350' title='bbox 1939 3563 2144 3600; x_wconf 86' lang='lat' dir='ltr'>Obligatorum</span> <span class='ocrx_word' id='word_1_1351' title='bbox 2166 3561 2389 3600; x_wconf 65' lang='lat' dir='ltr'>praedictorum,</span> 
     </span>
     <span class='ocr_line' id='line_1_199' title="bbox 1330 3598 2390 3640; baseline -0.005 -8"><span class='ocrx_word' id='word_1_1352' title='bbox 1330 3603 1389 3633; x_wconf 71' lang='lat' dir='ltr'>tam</span> <span class='ocrx_word' id='word_1_1353' title='bbox 1403 3613 1455 3640; x_wconf 90' lang='lat' dir='ltr'>pro</span> <span class='ocrx_word' id='word_1_1354' title='bbox 1471 3603 1630 3633; x_wconf 86' lang='lat' dir='ltr'>Salvatione</span> <span class='ocrx_word' id='word_1_1355' title='bbox 1644 3601 1774 3632; x_wconf 85' lang='lat' dir='ltr'>Honoris</span> <span class='ocrx_word' id='word_1_1356' title='bbox 1789 3601 1894 3639; x_wconf 89' lang='lat' dir='ltr'>nostri,</span> <span class='ocrx_word' id='word_1_1357' title='bbox 1908 3602 1994 3639; x_wconf 76' lang='lat' dir='ltr'>quam</span> <span class='ocrx_word' id='word_1_1358' title='bbox 2010 3602 2156 3632; x_wconf 61' lang='lat' dir='ltr'>difforum</span> <span class='ocrx_word' id='word_1_1359' title='bbox 2170 3598 2390 3632; x_wconf 90' lang='lat' dir='ltr'>Avunculorum</span> 
     </span>
     <span class='ocr_line' id='line_1_200' title="bbox 1330 3640 2328 3680; baseline 0 -10"><span class='ocrx_word' id='word_1_1360' title='bbox 1330 3641 1515 3680; x_wconf 89' lang='lat' dir='ltr'>nostrorum,</span> <span class='ocrx_word' id='word_1_1361' title='bbox 1533 3643 1567 3672; x_wconf 88' lang='lat'>&amp;</span> <span class='ocrx_word' id='word_1_1362' title='bbox 1582 3640 1652 3670; x_wconf 91' lang='lat' dir='ltr'>Obli</span> <span class='ocrx_word' id='word_1_1363' title='bbox 1673 3649 1785 3671; x_wconf 89' lang='lat' dir='ltr'>atorum</span> <span class='ocrx_word' id='word_1_1364' title='bbox 1805 3640 2026 3678; x_wconf 59' lang='lat' dir='ltr'>praediftorum,</span> <span class='ocrx_word' id='word_1_1365' title='bbox 2322 3674 2328 3679; x_wconf 47' lang='grc'>,</span> 
     </span>
    </p>

    <p class='ocr_par' dir='ltr' id='par_1_81' title="bbox 1330 3672 2397 4030">
     <span class='ocr_line' id='line_1_201' title="bbox 1367 3672 2393 3716; baseline -0.007 -7"><span class='ocrx_word' id='word_1_1366' title='bbox 1367 3679 1568 3709; x_wconf 85' lang='lat' dir='ltr'>Conceffimus</span> <span class='ocrx_word' id='word_1_1367' title='bbox 1589 3680 1623 3709; x_wconf 65' lang='grc' dir='ltr'>ὃς</span> <span class='ocrx_word' id='word_1_1368' title='bbox 1672 3679 1847 3716; x_wconf 87' lang='lat' dir='ltr'>romisimus,</span> <span class='ocrx_word' id='word_1_1369' title='bbox 1866 3679 1915 3716; x_wconf 89' lang='lat'>&amp;,</span> <span class='ocrx_word' id='word_1_1370' title='bbox 1932 3688 1966 3708; x_wconf 81' lang='lat' dir='ltr'>ex</span> <span class='ocrx_word' id='word_1_1371' title='bbox 1989 3677 2177 3714; x_wconf 85' lang='lat' dir='ltr'>habundanti,</span> <span class='ocrx_word' id='word_1_1372' title='bbox 2197 3672 2393 3706; x_wconf 81' lang='lat' dir='ltr'>Concedimus</span> 
     </span>
     <span class='ocr_line' id='line_1_202' title="bbox 1333 3711 2395 3756; baseline -0.006 -8"><span class='ocrx_word' id='word_1_1373' title='bbox 1333 3719 1365 3748; x_wconf 83' lang='lat'>&amp;</span> <span class='ocrx_word' id='word_1_1374' title='bbox 1382 3717 1596 3754; x_wconf 82' lang='lat' dir='ltr'>Promittimus,</span> <span class='ocrx_word' id='word_1_1375' title='bbox 1614 3718 1695 3748; x_wconf 71' lang='lat' dir='ltr'>bona</span> <span class='ocrx_word' id='word_1_1376' title='bbox 1708 3717 1764 3748; x_wconf 83' lang='lat' dir='ltr'>fide</span> <span class='ocrx_word' id='word_1_1377' title='bbox 1778 3728 1810 3748; x_wconf 86' lang='lat' dir='ltr'>ac</span> <span class='ocrx_word' id='word_1_1378' title='bbox 1825 3718 1915 3747; x_wconf 89' lang='lat' dir='ltr'>verbo</span> <span class='ocrx_word' id='word_1_1379' title='bbox 1932 3718 2028 3756; x_wconf 75' lang='lat' dir='ltr'>regio,</span> <span class='ocrx_word' id='word_1_1380' title='bbox 2047 3716 2124 3755; x_wconf 91' lang='lat' dir='ltr'>quod</span> <span class='ocrx_word' id='word_1_1381' title='bbox 2141 3715 2217 3745; x_wconf 63' lang='lat' dir='ltr'>dieta</span> <span class='ocrx_word' id='word_1_1382' title='bbox 2240 3711 2338 3756; x_wconf 71' lang='lat' dir='ltr'>Castra</span> <span class='ocrx_word' id='word_1_1383' title='bbox 2361 3712 2395 3742; x_wconf 65' lang='grc' dir='ltr'>ὃς</span> 
     </span>
     <span class='ocr_line' id='line_1_203' title="bbox 1333 3750 2394 3794; baseline -0.006 -9"><span class='ocrx_word' id='word_1_1384' title='bbox 1333 3755 1423 3794; x_wconf 77' lang='lat' dir='ltr'>Villa,</span> <span class='ocrx_word' id='word_1_1385' title='bbox 1441 3756 1512 3786; x_wconf 88' lang='lat' dir='ltr'>infra</span> <span class='ocrx_word' id='word_1_1386' title='bbox 1531 3756 1606 3786; x_wconf 89' lang='lat' dir='ltr'>Tres</span> <span class='ocrx_word' id='word_1_1387' title='bbox 1629 3756 1821 3794; x_wconf 85' lang='lat' dir='ltr'>Septimanas,</span> <span class='ocrx_word' id='word_1_1388' title='bbox 1841 3755 1947 3786; x_wconf 82' lang='lat' dir='ltr'>Datam</span> <span class='ocrx_word' id='word_1_1389' title='bbox 1969 3755 2150 3785; x_wconf 87' lang='lat' dir='ltr'>Praesentium</span> <span class='ocrx_word' id='word_1_1390' title='bbox 2169 3750 2333 3782; x_wconf 79' lang='lat' dir='ltr'>immediate</span> <span class='ocrx_word' id='word_1_1391' title='bbox 2353 3751 2394 3780; x_wconf 91' lang='lat' dir='ltr'>se-</span> 
     </span>
     <span class='ocr_line' id='line_1_204' title="bbox 1334 3788 2397 3833; baseline -0.007 -9"><span class='ocrx_word' id='word_1_1392' title='bbox 1334 3804 1468 3832; x_wconf 64' lang='lat' dir='ltr'>quentes,</span> <span class='ocrx_word' id='word_1_1393' title='bbox 1487 3794 1588 3824; x_wconf 86' lang='lat' dir='ltr'>Karolo</span> <span class='ocrx_word' id='word_1_1394' title='bbox 1604 3795 1636 3824; x_wconf 86' lang='lat' dir='ltr'>de</span> <span class='ocrx_word' id='word_1_1395' title='bbox 1656 3798 1825 3833; x_wconf 85' lang='lat' dir='ltr'>Beaumont,</span> <span class='ocrx_word' id='word_1_1396' title='bbox 1843 3794 1968 3831; x_wconf 86' lang='lat' dir='ltr'>Alferiz,</span> <span class='ocrx_word' id='word_1_1397' title='bbox 1985 3794 2020 3825; x_wconf 89' lang='lat'>&amp;</span> <span class='ocrx_word' id='word_1_1398' title='bbox 2041 3795 2168 3823; x_wconf 82' lang='lat' dir='ltr'>Martino</span> <span class='ocrx_word' id='word_1_1399' title='bbox 2187 3790 2220 3819; x_wconf 83' lang='lat' dir='ltr'>de</span> <span class='ocrx_word' id='word_1_1400' title='bbox 2240 3788 2267 3818; x_wconf 85' lang='lat' dir='ltr'>la</span> <span class='ocrx_word' id='word_1_1401' title='bbox 2288 3791 2397 3832; x_wconf 67' lang='lat' dir='ltr'>Karrq,</span> 
     </span>
     <span class='ocr_line' id='line_1_205' title="bbox 1336 3826 2397 3871; baseline -0.006 -9"><span class='ocrx_word' id='word_1_1402' title='bbox 1336 3832 1504 3863; x_wconf 86' lang='lat' dir='ltr'>Marescallo</span> <span class='ocrx_word' id='word_1_1403' title='bbox 1526 3833 1682 3871; x_wconf 73' lang='lat' dir='ltr'>Navarrae,</span> <span class='ocrx_word' id='word_1_1404' title='bbox 1700 3843 1733 3863; x_wconf 90' lang='lat' dir='ltr'>ac</span> <span class='ocrx_word' id='word_1_1405' title='bbox 1755 3836 1836 3863; x_wconf 89' lang='lat' dir='ltr'>Petro</span> <span class='ocrx_word' id='word_1_1406' title='bbox 1857 3833 1889 3862; x_wconf 84' lang='lat' dir='ltr'>de</span> <span class='ocrx_word' id='word_1_1407' title='bbox 1903 3835 2012 3869; x_wconf 81' lang='lat' dir='ltr'>Garro,</span> <span class='ocrx_word' id='word_1_1408' title='bbox 2027 3830 2184 3866; x_wconf 78' lang='lat' dir='ltr'>Militibus,</span> <span class='ocrx_word' id='word_1_1409' title='bbox 2202 3826 2397 3858; x_wconf 87' lang='lat' dir='ltr'>Procuratori-</span> 
     </span>
     <span class='ocr_line' id='line_1_206' title="bbox 1333 3867 2395 3910; baseline -0.006 -10"><span class='ocrx_word' id='word_1_1410' title='bbox 1333 3871 1385 3900; x_wconf 92' lang='lat' dir='ltr'>bus</span> <span class='ocrx_word' id='word_1_1411' title='bbox 1407 3871 1488 3909; x_wconf 79' lang='lat' dir='ltr'>ipsius</span> <span class='ocrx_word' id='word_1_1412' title='bbox 1507 3881 1585 3901; x_wconf 89' lang='lat' dir='ltr'>nunc</span> <span class='ocrx_word' id='word_1_1413' title='bbox 1610 3871 1700 3910; x_wconf 85' lang='lat' dir='ltr'>Regis</span> <span class='ocrx_word' id='word_1_1414' title='bbox 1712 3871 1868 3909; x_wconf 86' lang='lat' dir='ltr'>Navarrae,</span> <span class='ocrx_word' id='word_1_1415' title='bbox 1882 3871 1928 3900; x_wconf 88' lang='lat' dir='ltr'>vel</span> <span class='ocrx_word' id='word_1_1416' title='bbox 1943 3879 2044 3900; x_wconf 89' lang='lat' dir='ltr'>eorum</span> <span class='ocrx_word' id='word_1_1417' title='bbox 2060 3867 2158 3904; x_wconf 88' lang='lat' dir='ltr'>alicui,</span> <span class='ocrx_word' id='word_1_1418' title='bbox 2177 3874 2229 3903; x_wconf 84' lang='lat' dir='ltr'>pto</span> <span class='ocrx_word' id='word_1_1419' title='bbox 2245 3868 2278 3896; x_wconf 88' lang='lat'><strong>&amp;</strong></span> <span class='ocrx_word' id='word_1_1420' title='bbox 2296 3867 2326 3896; x_wconf 90' lang='lat' dir='ltr'>in</span> <span class='ocrx_word' id='word_1_1421' title='bbox 2340 3875 2395 3895; x_wconf 90' lang='lat' dir='ltr'>no-</span> 
     </span>
     <span class='ocr_line' id='line_1_207' title="bbox 1335 3905 2394 3947; baseline -0.006 -9"><span class='ocrx_word' id='word_1_1422' title='bbox 1335 3911 1412 3939; x_wconf 89' lang='lat' dir='ltr'>mine</span> <span class='ocrx_word' id='word_1_1423' title='bbox 1427 3910 1508 3946; x_wconf 86' lang='lat' dir='ltr'>ipsius</span> <span class='ocrx_word' id='word_1_1424' title='bbox 1521 3909 1628 3947; x_wconf 83' lang='lat' dir='ltr'>Regis,</span> <span class='ocrx_word' id='word_1_1425' title='bbox 1645 3911 1686 3940; x_wconf 91' lang='lat' dir='ltr'>int</span> <span class='ocrx_word' id='word_1_1426' title='bbox 1723 3911 1753 3940; x_wconf 81' lang='lat' dir='ltr'>re</span> <span class='ocrx_word' id='word_1_1427' title='bbox 1767 3909 1932 3940; x_wconf 89' lang='lat' dir='ltr'>Reddantur</span> <span class='ocrx_word' id='word_1_1428' title='bbox 1956 3909 1989 3939; x_wconf 86' lang='lat'>&amp;</span> <span class='ocrx_word' id='word_1_1429' title='bbox 2012 3905 2222 3942; x_wconf 87' lang='lat' dir='ltr'>Restituantur,</span> <span class='ocrx_word' id='word_1_1430' title='bbox 2241 3913 2271 3934; x_wconf 88' lang='lat' dir='ltr'>in</span> <span class='ocrx_word' id='word_1_1431' title='bbox 2291 3913 2394 3934; x_wconf 85' lang='lat' dir='ltr'>eorum</span> 
     </span>
     <span class='ocr_line' id='line_1_208' title="bbox 1334 3942 2395 3990; baseline -0.004 -13"><span class='ocrx_word' id='word_1_1432' title='bbox 1334 3946 1426 3977; x_wconf 81' lang='lat' dir='ltr'>Manu</span> <span class='ocrx_word' id='word_1_1433' title='bbox 1441 3948 1474 3978; x_wconf 91' lang='lat'>&amp;</span> <span class='ocrx_word' id='word_1_1434' title='bbox 1489 3947 1647 3986; x_wconf 74' lang='lat' dir='ltr'>potestate,</span> <span class='ocrx_word' id='word_1_1435' title='bbox 1664 3949 1700 3980; x_wconf 87' lang='lat' dir='ltr'>ab</span> <span class='ocrx_word' id='word_1_1436' title='bbox 1711 3958 1767 3990; x_wconf 88' lang='lat' dir='ltr'>que</span> <span class='ocrx_word' id='word_1_1437' title='bbox 1779 3948 1870 3988; x_wconf 80' lang='lat' dir='ltr'>aliqua</span> <span class='ocrx_word' id='word_1_1438' title='bbox 1882 3943 2134 3983; x_wconf 58' lang='lat' dir='ltr'>ammistione,</span> <span class='ocrx_word' id='word_1_1439' title='bbox 2149 3943 2261 3981; x_wconf 78' lang='lat' dir='ltr'>fraude,</span> <span class='ocrx_word' id='word_1_1440' title='bbox 2276 3942 2322 3975; x_wconf 88' lang='lat' dir='ltr'>vel</span> <span class='ocrx_word' id='word_1_1441' title='bbox 2332 3951 2395 3972; x_wconf 86' lang='lat' dir='ltr'>rna-</span> 
     </span>
     <span class='ocr_line' id='line_1_209' title="bbox 1330 3985 1693 4030; baseline 0.011 -15"><span class='ocrx_word' id='word_1_1442' title='bbox 1330 3985 1360 4016; x_wconf 94' lang='lat' dir='ltr'>lo</span> <span class='ocrx_word' id='word_1_1443' title='bbox 1374 3988 1509 4030; x_wconf 80' lang='lat' dir='ltr'>ingenio,</span> <span class='ocrx_word' id='word_1_1444' title='bbox 1526 3987 1693 4019; x_wconf 80' lang='lat' dir='ltr'>remansura.</span> 
     </span>
    </p>
   </div>
   <div class='ocr_carea' id='block_1_61' title="bbox 1366 4023 2398 4088">
    <p class='ocr_par' dir='ltr' id='par_1_82' title="bbox 1366 4023 2398 4088">
     <span class='ocr_line' id='line_1_210' title="bbox 1366 4023 2398 4088; baseline -0.006 -32"><span class='ocrx_word' id='word_1_1445' title='bbox 1366 4023 1402 4056; x_wconf 75' lang='lat' dir='ltr'>in</span> <span class='ocrx_word' id='word_1_1446' title='bbox 1415 4033 1492 4063; x_wconf 77' lang='lat' dir='ltr'>cujus</span> <span class='ocrx_word' id='word_1_1447' title='bbox 1499 4047 1510 4064; x_wconf 85' lang='lat'>‚</span> <span class='ocrx_word' id='word_1_1448' title='bbox 1531 4025 1593 4057; x_wconf 91' lang='lat' dir='ltr'>&amp;c.</span> <span class='ocrx_word' id='word_1_1449' title='bbox 2306 4053 2398 4088; x_wconf 43' lang='lat' dir='ltr'>Teste</span> 
     </span>
    </p>
   </div>
  </div>
 </body>
</html>
