2561 4251
674 100 808 143 'ET
894 102 1165 143 ACTA
1249 103 1735 145 PUBLICA.

11 187 75 222 ann.
89 187 133 219 D.
145 190 178 220 tis
192 188 348 227 Dominis,
366 187 400 220 ὃς
414 197 513 218 eorum
529 185 685 226 Conciliis,
701 188 781 226 quod
797 187 832 218 ab
847 188 930 225 hinc,
945 188 1030 226 usque
1043 187 1078 218 ad
1093 188 1208 218 Festum

30 230 114 269 1381.
149 228 245 258 Sanffi
262 229 385 258 Andreae
399 226 529 264 Apostoli
539 250 547 264 ,
567 228 700 264 proximo
716 228 861 264 futurum,
880 236 965 264 prout
980 226 1020 257 est
1034 236 1111 257 antea
1127 227 1211 256 Con-

10 273 56 301 xic.
76 279 101 297 2.
149 266 316 304 cordatum,
335 267 370 297 &
389 265 507 303 abinde,
525 265 609 303 usque
630 266 664 295 ad
686 266 802 296 Festum
818 265 1023 296 Purificationis
1039 267 1127 295 beatae
1145 265 1210 295 Ma-

148 306 199 336 rife
221 305 363 342 Virginis,
379 311 484 335 extunc
505 314 552 341 per
576 304 726 334 Biennium
747 305 907 335 secuturum
931 303 1210 343 (videlicetlAnno

147 343 274 374 Domini
288 341 460 378 Millefimo,
479 342 723 381 Trescenteiimo,
742 342 951 379 oeuagefimo
965 343 1084 378 Tertio,
1106 343 1135 372 iit
1151 343 1210 379 spe—

147 383 223 412 cialis
236 381 390 417 Securitas,
408 380 513 411 habens
527 382 586 411 vim
602 384 635 412 ὃς
651 380 790 411 effeirum
808 392 879 419 quos
893 381 1050 410 habuerunt
1065 380 1209 410 Mamm

147 420 328 456 TREUGAE,
346 418 410 448 alias
424 420 501 449 initae
514 420 584 449 inter
601 420 720 456 Regna,
738 420 771 450 δε
788 420 892 449 habent
906 418 925 448 fi
941 428 1000 448 non
1023 418 1076 448 sint
1096 419 1211 455 fractas,

149 461 209 489 tam
231 467 280 496 per
302 456 424 487 Terram
440 481 450 495 ,
476 460 563 495 quam
585 466 635 495 per
656 457 739 488 Mare
755 480 764 495 ,
790 459 861 487 inter
883 455 1033 500 Reges&
1055 455 1156 495 Regna
1177 467 1210 487 ac

148 497 284 528 Subditos
305 496 444 533 utriusque
467 495 574 534 Regis;
591 497 628 526 ita
647 496 728 533 quod
749 493 1050 537 (duranterSecuritate
1064 496 1210 532 praedicta)

149 544 205 566 nec
219 534 334 572 Castra,
353 544 407 564 nec
421 534 519 571 Villae,
537 535 656 564 munitae
672 534 716 563 vel
730 543 790 563 non
815 540 950 570 munitas,
968 533 1012 562 seu
1029 535 1135 570 quaevis
1151 534 1213 564 Lo-

149 583 202 611 ca,
220 572 371 611 Personae,
389 573 435 604 vel
450 572 529 603 Bona
543 572 593 601 alia
607 581 656 611 per
669 580 779 609 partem
795 581 881 602 unam
897 571 943 602 vel
965 571 1079 602 alteram
1102 573 1216 610 capian-

148 620 194 643 tur

188 633 289 688 Qam
306 650 422 688 quidem
436 647 641 685 Securitatem,
657 647 762 685 prtefati
776 647 900 678 Domini
937 647 1007 679 Dux
1029 650 1063 680 &
1085 647 1215 687 Comes,

148 689 206 719 una
227 698 296 719 cum
321 686 496 718 Custodibus
519 686 715 721 Marchiarum
738 688 878 724 utriusque
901 671 1004 725 Partis,
1028 688 1215 731 promiserunt

148 726 268 757 firmiter
286 724 516 762 custodiendam,
531 726 566 756 &
589 724 646 756 fine
665 724 736 755 dolo
759 726 793 756 ὃς
816 724 915 756 fraude
927 725 1019 756 facere
1032 724 1150 755 fideliter
1164 735 1215 755 cu-

145 765 262 796 stodiri:

185 803 241 841 Et,
259 803 280 833 fi
294 810 344 839 per
358 801 496 832 Subditos
510 802 593 832 unius
607 801 696 832 Partis
708 801 754 832 vel
769 801 895 838 alterius,
912 809 1013 832 contra
1028 801 1214 832 Securitatem

146 839 307 880 hujusmodi
323 841 415 878 (quod
428 840 509 877 absit)
525 841 606 871 fuerit
620 847 834 877 attemptatum,
852 838 996 869 Custodes
1018 838 1214 870 Marchiarum

149 880 199 918 (de
213 888 336 918 quorum
349 888 428 918 parte
439 879 543 910 fuerint
553 878 712 917 hujusmodi
728 878 949 914 Attemptantes)
966 877 1037 907 infra
1060 877 1213 916 Mensem,

149 928 166 948 a
178 925 315 956 tempore
330 917 550 956 Requisitionis‚
567 917 598 946 in
612 916 646 946 ea
659 915 760 953 Parte,
779 916 809 945 in
830 915 924 946 forma
944 925 1010 953 quae
1029 916 1150 954 sequitur
1173 916 1216 946 fa-

149 956 262 987 ciendae
276 979 286 995 ,
318 956 489 994 Dampnum
518 954 605 985 Paffis
630 953 742 992 plenam
765 954 994 985 Satisfaetionem
1024 954 1150 990 impendi
1173 955 1215 985 fa-

151 996 243 1034 ciant,
260 995 306 1027 vel
321 994 453 1025 Personas
472 992 678 1031 Delinquentes
698 990 819 1024 Custodi
840 992 1036 1024 Marchiarum
1059 992 1149 1024 Partis·
1166 993 1216 1024 ad—

151 1034 240 1066 versae
275 1034 344 1064 loco
356 1032 574 1070 Satisfafflonis,
592 1032 767 1062 liberabunt:

190 1073 211 1093 ⁴¹²
230 1057 269 1103 ἐς
286 1070 506 1108 nichilominus,
523 1070 593 1101 loco
611 1070 731 1108 Poenae,
748 1070 955 1109 Capitaneum,
966 1069 1020 1101 >seu
1043 1070 1126 1101 aliam
1146 1069 1218 1101 Per-

151 1112 252 1143 sonam
273 1109 529 1146 Delinquentium,
547 1110 576 1139 in
597 1109 740 1139 electione
752 1109 821 1139 dieti
836 1108 922 1140 Partis
938 1109 1075 1147 adversae,
1094 1117 1178 1148 prout
1191 1110 1218 1140 ei

151 1147 319 1181 rationabile
340 1148 431 1179 visum
447 1148 547 1186 fuerit,
569 1147 762 1186 puniendum,
782 1148 900 1178 liberare
916 1149 950 1178 δε
975 1147 1082 1178 tradere
1102 1157 1218 1178 tenean-

152 1197 209 1220 tur.

177 1225 224 1256 *In
246 1225 427 1264 Attemptatis
445 1233 539 1256 autem
553 1247 563 1262 ,
594 1224 833 1256 concernentibus
855 1224 972 1255 Bundos
990 1223 1114 1256 Comitis
1136 1224 1219 1255 Mar-

153 1265 244 1302 chiae,
264 1264 310 1295 fiat
323 1263 481 1302 Requisitio
492 1274 544 1302 pro
561 1272 638 1301 parte
652 1264 844 1303 Anglicorum
858 1263 932 1302 apud
943 1263 1046 1303 Dum,
1065 1273 1117 1304 pro
1140 1272 1218 1302 parte

152 1304 309 1335 Scotorum
322 1303 396 1341 apud
412 1302 598 1338 Berewycum
608 1324 618 1339 ,
1176 1341 1180 1345 .

192 1341 227 1372 In
240 1341 490 1378 Concernentibus
504 1340 620 1371 Bundos
639 1342 750 1370 Comitis
768 1342 800 1371 de
817 1340 956 1379 Douglas,
972 1339 1020 1371 fiat
1040 1340 1218 1378 Requisitio,

151 1391 207 1419 pro
222 1390 301 1419 parte
315 1377 478 1418 An'glorum
490 1379 564 1418 apud
580 1378 709 1417 Meiros,
727 1389 781 1418 pro
797 1388 874 1418 parte
889 1379 1044 1410 Scotorum
1059 1379 1133 1417 apud
1155 1378 1220 1409 Ro—

153 1420 305 1451 kesburah.

189 1444 345 1489 Ubi'vert)
360 1456 452 1488 Bundi
468 1456 509 1488 sui
524 1464 703 1487 concernunt
714 1463 803 1493 partes
815 1455 1014 1486 Occidantales
1023 1479 1032 1494 ‚
1049 1455 1097 1486 fiat
1108 1455 1220 1494 Requi-

152 1497 217 1528 fitio
232 1497 421 1536 Anglicorum
436 1495 471 1526 ad
486 1495 620 1525 Domum
636 1493 777 1532 Johasmis
791 1493 855 1523 Filii
867 1494 973 1523 Thomae
988 1494 1061 1532 apud
1078 1494 1221 1532 Ardkane,

152 1536 311 1567 Scotorum
329 1537 402 1566 vero
423 1533 583 1573 Requiiitio
606 1532 653 1563 fiat
674 1532 801 1571 Anglicis
823 1531 858 1562 ad
880 1532 1042 1563 Prioratum
1062 1532 1099 1562 de
1120 1532 1220 1564 Cano-

152 1575 204 1605 nib

190 1583 497 1643 Itz'Concernentibus
518 1608 633 1639 Bundos
655 1607 780 1639 Domini
792 1608 960 1639 Archibaldi
970 1609 1003 1639 de
1017 1610 1156 1648 Douglas,
1171 1609 1219 1642 fiat

151 1650 330 1689 Requifitio,
344 1659 398 1689 pro
420 1657 498 1686 parte
516 1647 707 1687 Anglicorum
728 1647 801 1685 apud
823 1647 918 1678 villam
940 1648 976 1679 de
990 1648 1218 1688 Lochmabane,

151 1692 187 1722 &
202 1699 255 1727 pro
267 1696 344 1726 parte
359 1688 473 1718 illorum
487 1686 524 1717 de
538 1686 634 1717 Scotia
648 1685 721 1724 apud
738 1685 874 1716 Castrum
888 1687 1006 1717 ibidem.

157 1739 159 1741 ·
189 1727 299 1764 ITEM,
317 1726 538 1757 Concordatum
559 1724 601 1755 est
623 1725 721 1763 quod,
738 1724 772 1754 ad
787 1726 923 1762 majorem
936 1725 1218 1757 Cor-roborationem

151 1767 186 1797 ὅτ
208 1766 385 1796 Firmitarem
403 1763 634 1802 Praemiflorum,
662 1771 782 1801 uterque
801 1763 867 1793 Rex
890 1763 1051 1802 hujusmodi
1075 1765 1218 1796 Securita-

151 1812 230 1843 tem,
249 1814 298 1842 per
323 1804 429 1835 Literas
451 1812 569 1840 eorum,
586 1801 637 1838 sub
656 1798 771 1840 Magnis
791 1802 893 1840 Sigillis
904 1803 972 1841 suis,
990 1803 1064 1838 hanc
1080 1803 1215 1835 Indentu-

150 1852 234 1881 ram,
251 1844 289 1874 d'e
301 1842 401 1874 Verbo
416 1841 451 1872 ad
464 1840 828 1883 Verbum'continenteS,a
846 1841 969 1879 probent
984 1842 1017 1872 &z
1033 1841 1216 1881 confirment,

152 1882 188 1913 &
210 1885 272 1911 Rex
292 1879 406 1918 Angliae
429 1880 536 1910 Literas
554 1880 613 1909 suas
633 1878 792 1917 hujusmodi
805 1889 821 1909 a
846 1879 1067 1912 =Monasterium
1080 1880 1117 1911 de
1139 1881 1217 1912 Mel-

151 1929 217 1958 ros,
235 1923 296 1949 Rex
316 1921 387 1950 vero
407 1921 502 1948 Scotiae
523 1918 581 1948 suas
602 1918 710 1948 Literas
728 1916 763 1947 ad
786 1917 993 1949 Monasterium
1005 1918 1043 1949 de
1058 1918 1216 1951 Kelihowe

152 1959 244 1995 (citra
266 1957 383 1988 Festum
405 1957 502 1988 Sancti
522 1956 671 1987 Michaelis
695 1951 881 1996 Archangeli,
906 1958 1041 1995 proximo
1065 1957 1215 1996 futurum)

151 1996 254 2036 absque
266 1997 399 2028 ulteriore
412 1996 557 2034 dilatione,
575 1995 770 2026 transmittant.

2 1079 94 1109 ⁶V11.

2 1128 66 1156 3³4·

193 2035 317 2074 ITEM,
337 2034 555 2066 Concordaturn
575 2034 617 2064 est
637 2033 718 2072 quod
736 2042 797 2064 non
815 2033 896 2065 liceat
917 2034 966 2065 uni
977 2033 1052 2068 Parti
1063 2036 1111 2067 vel
1123 2036 1218 2075 alteri,
1261 2028 1266 2030 ⁷

154 2074 281 2105 durante
288 2074 443 2105 Securitate
455 2072 609 2113 praedicta,
628 2072 753 2103 Subditis
767 2072 855 2102 Partis
870 2072 991 2104 adversae
1005 2074 1108 2112 aliquas
1123 2074 1218 2106 Taxa-

155 2114 248 2144 tiones
260 2112 306 2144 vel
322 2112 546 2150 Redemptiones
559 2113 725 2149 imponere,
740 2110 786 2141 seu
801 2112 837 2141 ab
849 2113 888 2141 eis
903 2113 944 2142 ex'
965 2122 1026 2151 ere,
1043 2112 1076 2143 ea
1089 2114 1218 2145 occasio-

153 2149 252 2182 nevel
266 2150 350 2182 causa
360 2151 432 2182 utse
447 2150 602 2181 abstineant
615 2159 631 2180 a
645 2149 869 2182 Gravaminibus
881 2150 915 2181 δε

151 2189 275 2230 jufino'di
289 2189 403 2220 subditis
415 2188 572 2220 inferemdis.
791 2227 796 2233 .

194 2227 209 2258 I
216 2236 265 2258 TE
276 2236 303 2258 M
310 2251 320 2267 ‚
338 2228 462 2262 Partibus
483 2227 642 2266 praedietis,
658 2236 712 2265 pro
735 2227 842 2266 Quete
861 2227 1050 2259 Subditorum
1073 2230 1217 2268 utriusque

154 2265 273 2305 Regni,
298 2266 448 2298 videbatur·
469 2266 637 2304 expediens,
658 2267 692 2297 ὃς
714 2267 940 2311 consentierunt,
957 2267 1037 2305 quod
1053 2278 1127 2299 unus
1147 2269 1218 2300 Dies

153 2305 353 2336 Marchiarum
373 2305 447 2343 apud
469 2305 569 2335 Lilliot
587 2304 674 2335 Cross
689 2328 698 2342 ‚
720 2305 824 2342 absque
843 2304 1030 2336 Multitudine
1051 2307 1085 2337 &
1106 2305 1218 2346 Armis,

154 2353 223 2383 per,
240 2340 571 2383 praefatos'Magnificos
592 2344 625 2375 ὃ(
647 2343 759 2374 inclitos
773 2343 936 2383 Dominos,
954 2346 1058 2375 Ducem
1078 2346 1112 2377 &
1133 2350 1220 2378 Comi-

154 2389 211 2413 tem
582 2412 585 2415 ,

195 2405 651 2462 Αῗιεςνίωρεάῐωεηεο.1εὲἰτίῐῄο
672 2421 892 2460 interveniente,
910 2430 961 2459 per
984 2421 1132 2455 Secundos
1152 2423 1220 2456 Ma-

152 2459 230 2499 jores
243 2459 418 2497 Regnorum
431 2460 496 2498 post
508 2462 595 2500 ipsOS‚
612 2459 761 2490 sufficienti
775 2459 918 2491 Potestate
932 2460 1077 2501 suffultos,

196 2498 230 2529 In
245 2498 372 2530 Orfiabas
386 2499 461 2529 Festi
473 2498 638 2529 Nativitatis
651 2498 748 2529 saneti
758 2497 895 2537 Johannis
911 2499 1042 2537 Baptistae
1063 2501 1218 2540 (videlicet)

156 2537 261 2568 Primo
274 2537 322 2568 die
333 2537 400 2576 Julii
415 2538 503 2568 Anno
517 2537 642 2568 Domini
663 2536 810 2581 Milesimo
819 2561 828 2576 ‚
842 2538 1068 2577 Tricentefimo‚
1088 2540 1222 2578 Oitoge-

154 2576 231 2645 {fimo
245 2576 365 2616 Tertio,
383 2586 452 2608 cum
468 2576 698 2610 Continuatione,
712 2575 836 2611 Dierum
849 2576 1024 2615 sequentium
1033 2588 1135 2616 ,prout
1149 2590 1222 2618 opus

205 2624 217 2644 r
355 2624 400 2645 tur

155 2623 417 2723 Ξῖὶὲζῖιὲῗὲῗιέυηῖ
428 2652 637 2693 Cognitionetn
652 2653 833 2692 primitus&
847 2662 911 2685 ante
924 2655 1023 2686 omnia
1042 2655 1078 2686 de
1099 2656 1221 2694 supradi-

188 2701 208 2722 ο
250 2701 321 2723 rticu
332 2703 352 2723 o

116 2744 119 2746 ·
167 2746 178 2774 ‘.
195 2729 244 2760 An
262 2715 407 2778 MAGr’xgE
424 2730 614 2775 TREUGAE,
625 2730 690 2792 alias
712 2731 790 2761 initae
809 2731 880 2762 inter
895 2730 1013 2770 Regna,
1033 2732 1142 2764 Fraetae
1157 2733 1219 2765 fue-

156 2767 695 2851 rrnlgzrscffigggmcggigsssoffigffirrqui
715 2806 827 2837 interim
848 2808 920 2838 inter
942 2808 1097 2853 Reges&
1116 2820 1218 2841 eorum

155 2844 291 2879 Concilia
305 2845 446 2876 videbitur
459 2845 588 2883 debitus,
605 2845 651 2876 vel
663 2845 757 2889 saltem
772 2855 822 2883 per
842 2845 989 2890 Modum,
1008 2858 1057 2885 qm
1078 2857 1147 2879 tunc
1170 2859 1219 2887 per

156 2882 377 2916 Commiffarios
398 2885 433 2917 ὅτ.-
452 2893 555 2914 eorum
578 2882 715 2914 Conmha
732 2884 903 2921 reputabitur
924 2884 1050 2924 debitus,
1069 2887 1117 2918 vel
1134 2887 1218 2926 Juste

154 2922 417 2961 debebitreputari
431 2946 441 2961 ,
465 2922 516 2953 nifi
534 2923 647 2959 interim
666 2932 717 2960 per
736 2922 906 2954 Tractatum
920 2947 930 2962 ,
962 2923 1127 2956 habendum
1146 2927 1220 2958 inter

155 2959 269 2999 Partes,
288 2961 387 2992 melius
401 2961 524 2992 evenerit
535 2960 716 2999 ordinatum,
933 2993 936 2998 Δ
958 2996 965 3000 ,
1105 2995 1110 3000 ,

170 3016 174 3022 »
194 2999 364 3034 Etsffadtunc
376 2999 420 3035 ibi
433 2999 629 3039 Traeiandum
644 3009 697 3037 pro
712 2999 820 3038 Qiiete
833 3000 973 3040 utriusque
986 3001 1087 3041 Regni
1097 3003 1219 3042 ulterius,

154 3046 242 3076 prout
250 3039 327 3070 *inter
340 3046 430 3077 partes
445 3039 550 3075 poterit
564 3037 742 3072 concordari.
915 3059 916 3062 ,

134 3080 137 3084 “
186 3074 228 3107 'In
241 3077 513 3119 quorum-omnium
528 3076 746 3108 Testimonium
761 3086 845 3116 atque
859 3077 959 3110 Fidem
975 3078 1052 3113 Parti
1070 3079 1151 3119 hujus
1171 3081 1220 3112 ln-

154 3114 284 3145 dentume
301 3115 397 3152 (penes
411 3115 525 3146 Partem
540 3115 652 3154 Angliae
666 3117 833 3152 remanenti)
856 3118 986 3155 praefatus
1005 3118 1152 3153 Dominus
1171 3124 1220 3151 Co-

153 3163 210 3182 mes
224 3153 259 3185 de
272 3154 374 3193 Carryk
390 3153 513 3191 sigillum
521 3153 601 3185 suum
611 3177 620 3193 ‚
639 3153 717 3186 alteri
730 3157 802 3186 vero
817 3154 894 3187 Parti
909 3157 1004 3196 (penes
1016 3157 1132 3188 Partem
1145 3158 1220 3190 Sco-

153 3191 206 3221 tiae
224 3191 401 3259 rtemanenti).
416 3191 545 3228 praefatus
565 3195 697 3223 Domimu·
718 3196 790 3224 Dux
808 3194 939 3234 Sigillum
960 3195 1041 3228 sumn
1063 3196 1220 3229 alternatim

153 3237 363 3337 ἒξῧαὲεἳέιξᾶ
381 3266 542 3302 Abchastre
560 3263 676 3308 Anno,
688 3269 812 3309 Mense,
834 3271 910 3311 Die,
934 3265 975 3304 &¹
992 3273 1079 3306 Loco
1098 3273 1221 3313 supradi-

964 2152 1141 2184 exationibus
1163 2153 1217 2184 hu*

197 3316 218 3337 S.

152 3445 253 3494 Qod
266 3445 437 3494 Redemptio
453 3447 568 3482 David
573 3440 693 3496 ,suuper
708 3452 796 3497 Regis
815 3445 971 3486 Sootorum
979 3479 991 3496 ,
1002 3466 1060 3487 non
1076 3458 1220 3502 extgatur

516 3507 572 3543 per
591 3508 847 3546 certumtempus,

6 3590 85 3623 'Ann-
98 3591 142 3622 D·
184 3580 331 3618 ohannes,
354 3579 415 3611 Dei
436 3581 541 3621 gratia,
558 3585 623 3613 Rex
639 3583 761 3623 Castellae
778 3583 816 3620 ὁ·
836 3589 964 3625 Legionis
978 3612 988 3626 ,
1012 3587 1085 3619 Dux
1106 3588 1218 3622 Lanca-

28 3631 115 3670 1381-
202 3620 294 3657 striae,
315 3619 431 3664 Locum
451 3628 549 3651 tenens
573 3623 603 3652 in
618 3623 740 3661 partibus
755 3624 868 3663 Angliae
880 3626 973 3657 versus
988 3626 1130 3657 Marchias
1144 3629 1218 3659 Sco-

7 3673 60 3698 Aa·
76 3679 106 3706 4·
155 3656 222 3697 tiae,
237 3669 270 3689 ac
283 3658 502 3689 Commissarius
514 3659 652 3699 specialis,
669 3661 844 3693 Sereniffimi
852 3663 1012 3703 Principis,
1028 3665 1153 3696 Domini
1167 3670 1218 3696 Ri-

9 3711 38 3735 R.
56 3718 82 3736 Ζ.
156 3697 231 3726 cardi
252 3700 330 3734 Regis
351 3696 464 3734 Angliae
484 3697 609 3737 illustris,
627 3699 794 3739 Univerfis‚
810 3701 845 3733 ad
866 3712 939 3741 quos
950 3703 1099 3742 praesentes
1114 3704 1218 3736 Literae

9 3749 75 3774 &oh
93 3756 123 3782 4·
154 3737 347 3771 pervenerint,
365 3735 497 3766 Salutem.

9 3786 37 3811 R,
55 3794 80 3812 2·
96 3795 133 3813 m,
192 3773 320 3805 Noverit
335 3773 510 3806 Univerfitas
521 3774 613 3806 vestra
626 3776 724 3814 quod,

9 3830 36 3856 4·
155 3809 635 3886 usssgffdifiteiiuffiefflififfiigssffs
649 3815 802 3884 &ruffiffssffi
810 3815 1218 3889 ffrffffg‘iss‘ssatiiirfitrsiiiusriuffs'

153 3885 389 3927 Trecentesimo,
405 3889 609 3930 Oituageiimo
622 3875 742 3928 fertio,
1110 3869 1126 3888 e
1179 3869 1218 3898 ο,

195 3923 279 3960 Nos,
297 3925 332 3955 de
343 3927 525 3960 Avisamento
540 3929 665 3960 Concilii
681 3929 786 3969 nostri,
803 3930 1063 3972 Conceffimus,&
1078 3945 1128 3973 per
1143 3945 1217 3975 prae—

156 3962 245 3992 sentes
266 3962 480 4005 Concedimus,
495 3968 595 4006 quod,
613 3968 647 3998 ad
668 3968 734 3999 hinc
756 3969 843 4008 usque
857 3970 891 4000 ad
909 3970 1024 4003 Festum
1038 3972 1219 4005 Purificatio-

153 4001 506 4074 οίὲᾖῗῖἓέῖυῗ,1ῧῗ11α
524 4006 574 4040 fiet
589 4006 712 4047 petino,
737 4007 924 4049 Calummia,
946 4011 993 4044 vel
1012 4011 1135 4045 Exactio
1155 4012 1219 4046 Re·

2248 121 2322 161 123

1252 189 1425 226 demptionis
1439 189 1584 227 quondam
1601 189 1724 220 Domini
1736 193 1853 229 David,
1869 194 1947 229 Regis
1963 197 2096 222 Scotorum
2112 191 2240 229 illustris,
2261 203 2310 229 pet
2330 193 2404 222 ¹sinn>
2422 193 2463 224 [λ

1251 227 1365 258 Partem
1389 227 1516 267 Anghae,
1534 230 1571 258 ab
1591 229 1728 266 aliquibus
1751 231 1787 259 de
1809 230 1922 268 Scmia,
1947 240 2019 268 nec,
2043 240 2077 260 ex
2101 229 2144 260 ill-1
2166 232 2184 250 *²
2205 231 2311 269 Cauia,
2351 233 2436 270 1381.

1274 276 1303 296 er
1323 266 1456 303 Aliquem
1476 267 1521 297 vel
1543 267 1676 304 Aliquam
1700 267 1787 297 Partis
1810 268 1936 307 Angliae,
1955 268 2003 299 fiet
2027 270 2154 307 interim,
2172 269 2254 300 alicui
2276 271 2313 300 u'e
2330 275 2378 297 Rus.
2400 282 2424 299 2.

1254 276 1338 334 Parte
1351 304 1475 341 Scodae,
1493 306 1594 335 alicubi
1611 305 1746 335 Molestia
1759 307 1787 336 in
1803 305 1923 336 Persona
1937 308 1982 336 vel
1998 307 2104 337 Rebus.
2332 313 2345 323 *
2370 312 2438 337 vil,

1269 342 1324 410 'bIn
1348 343 1425 410 cdrjus
1444 342 1504 411 Re}
1521 343 1738 374 Testimonium
1760 344 1878 383 sigillum
1892 344 2021 379 nostrum
2039 348 2182 384 privatum
2195 345 2316 384 prsesen-
2337 356 2398 382 315.

1254 389 1275 411 [ι
1298 391 1328 410 us
1340 390 1356 410 e
1396 391 1486 418 appen
1499 391 1557 411 um.

1292 418 1361 449 Dat.
1378 419 1453 456 apud
1468 420 1626 450 Abchestre
1637 421 1691 449 xix.
1708 419 1753 450 die
1767 420 1875 450 Mensis
1886 420 1983 460 Junii,
2003 421 2088 453 Anno
2110 422 2235 453 Domini
2254 422 2317 453 Mi-

1254 457 1371 495 lelimo,
1388 458 1606 488 Trecentesimo
1616 480 1626 496 ,
1641 458 1830 498 Offitogefirno
1842 461 1947 497 primo.

1335 584 1386 616 De
1400 585 1608 630 Prorogatione
1629 584 1874 631 Alltgantiarum
1893 597 1962 618 cum
1978 590 2053 633 Rege
2073 588 2234 622 szarrae.

1261 666 1438 722 RIchard,
1456 667 1516 698 &c
1535 667 1630 698 Saluz.
2338 674 2466 709 AnnD‘

1359 704 1572 746 Savozrfaisons
1585 716 1657 744 que,
2365 718 2436 756 1381
2444 739 2451 746 .

1279 742 1355 786 'Pur
1377 754 1412 774 ce
1434 754 1490 788 que
1512 744 1600 776 Nous
1621 755 1658 775 ne
1676 755 1763 783 poens
1777 758 1812 779 au
1828 748 1935 786 present
1950 747 2095 780 Entendre
2107 758 2122 782 a
2134 750 2160 781 la
2177 749 2318 790 Proroga-
2334 758 2386 783 An.
2405 767 2436 792 4·

1258 790 1326 811 cion
1342 782 1391 812 des
1405 782 1562 821 Alhences,
1581 790 1656 813 autre
1671 785 1743 814 foitz
1756 786 1831 817 saites
1845 795 1970 826 parenne
1983 798 2039 817 Ποῖ
2061 789 2237 820 Procurours
2258 791 2317 820 d'u-
2334 798 2364 821 R.
2385 804 2411 822 2.

1258 828 1296 849 ne
1310 819 1375 850 Part
1388 821 1420 850 δε
1434 821 1472 850 les
1487 820 1661 851 Procurours
1672 823 1710 853 du
1725 824 1885 855 Tresnoble
1898 826 2000 856 Prince
2016 828 2179 863 Chari'essslx'o
2208 829 2240 858 de
2254 832 2316 858 Na-
2340 836 2450 867 Fran.4n

1259 867 1345 902 varro
1364 858 1401 888 de
1420 858 1532 903 l’autre,
1558 861 1651 904 aiantz
1665 861 1701 890 de
1715 861 1801 894 Nous
1815 865 1847 895 ὃς
1861 864 1970 902 d’icelly
1986 865 2046 895 Roi
2061 867 2098 895 de
2113 877 2146 896 ce
2166 840 2232 898 1·ζίιέ
2248 868 2321 905 plein
2340 875 2368 898 R.
2379 880 2404 899 2.
2415 880 2451 898 m.

1259 895 1360 935 Pozur,
1379 897 1404 927 la
1427 896 1608 928 Restitucion
1629 899 1677 929 des
1700 900 1773 931 Ville
1794 904 1827 933 ὃς
1848 901 1961 933 Chastel
1983 906 2019 934 de
2041 903 2249 943 Cliereburgh‚
2266 916 2320 944 que
2346 919 2369 938 1.

1260 934 1347 966 Nous
1361 935 1480 966 Tenons
1492 937 1524 968 ὃ(
1539 937 1647 967 devons
1669 938 1761 969 Tenir
1773 950 1822 977 par
1835 940 1949 980 l’espace
1963 941 1998 972 de
2012 943 2099 973 Trois
2113 941 2172 973 Ans
2187 946 2321 982 complis,

1259 983 1277 1041 ir
1288 972 1366 1004 l’aide
1380 974 1417 1004 de
1431 974 1527 1006 nostre
1543 973 1674 1015 Guerre,
1691 977 1788 1008 solone
1802 979 1826 1010 la
1840 979 1953 1010 fourme
1968 981 2001 1012 δε
2013 990 2094 1012 tenur
2106 981 2154 1011 des
2177 982 2246 1012 dites
2270 984 2321 1012 Al-

1270 1021 1381 1051 rances,

1301 1051 1401 1082 Avons
1413 1061 1460 1088 par
1474 1053 1594 1083 certeins
1611 1055 1719 1093 causes,
1738 1057 1785 1093 qui
1797 1056 1831 1087 ad
1845 1066 1878 1086 ce
1891 1057 1957 1087 faire
1970 1056 2058 1088 Nous
2074 1066 2228 1096 meuvent,
2247 1058 2320 1089 Pro-

1261 1099 1350 1128 rogez
1364 1091 1396 1120 &
1412 1090 1568 1129 Deferrez,
1582 1092 1670 1131 jesqes
1684 1103 1699 1123 a
1712 1094 1808 1125 nostre
1823 1105 1933 1132 premet
1948 1096 2125 1135 Parlement,
2144 1098 2173 1135 qi
2193 1098 2325 1136 prochei-

1262 1138 1379 1159 nement
1395 1129 1420 1159 se
1434 1130 1506 1160 ferra
1520 1140 1555 1160 en
1568 1130 1664 1161 nostre
1678 1132 1814 1163 Roialme
1828 1133 2036 1173 d’Engleterre‚

1298 1166 1442 1198 Vuillantz
1457 1170 1489 1199 ὅ(
1505 1168 1702 1201 Promettantz
1715 1181 1788 1210 que,

1300 1204 1378 1236 Non
1393 1206 1507 1236 obstant
1523 1217 1579 1245 que
1594 1208 1633 1237 les
1647 1208 1716 1239 dites
1734 1209 1806 1241 Ville
1820 1212 1853 1242 δε
1869 1209 1994 1241 Chastell
2009 1211 2045 1241 de
2065 1211 2254 1251 Chereburgh
2274 1213 2325 1244 de-

1263 1253 1397 1287 morront
1418 1254 1454 1274 en
1476 1245 1574 1276 nostre
1593 1247 1685 1286 main,
1703 1248 1772 1279 souz
1789 1249 1885 1280 nostre
1905 1249 2020 1288 Garde,
2037 1251 2129 1281 oultre
2147 1252 2180 1282 ἃ
2197 1253 2268 1289 pluis
2284 1252 2323 1284 du

1263 1283 1305 1312 dit
1317 1283 1430 1313 Terme
1443 1283 1478 1313 de
1490 1284 1579 1314 Trois
1597 1286 1672 1323 Ans,

1302 1320 1492 1352 Nientmoins
1504 1322 1542 1353 les
1555 1323 1757 1363 Obligacions‚
1776 1324 2012 1365 Serementz,*&
2027 1327 2204 1365 Promesses,

1302 1358 1379 1390 Tant
1398 1370 1446 1397 par
1466 1371 1524 1391 noz.
1543 1362 1603 1393 ditz
1621 1362 1814 1401 Procurours,
1840 1374 1928 1395 corne
1949 1376 1998 1403 par
2019 1375 2094 1403 noz,
2119 1368 2269 1397 trescheres
2289 1368 2323 1399 &

1265 1397 1418 1436 tresameZ,
1436 1398 1564 1437 Unde—s,
1582 1400 1710 1439 Contes,
1728 1403 1762 1432 &
1784 1411 1872 1432 autres
1892 1402 1996 1434 Barons
2010 1404 2045 1433 de
2061 1405 2156 1436 nostre
2169 1406 2209 1435 dit
2226 1406 2326 1441 Roial÷

1266 1444 1314 1465 me
1333 1436 1541 1477 d'Engleterre,
1559 1439 1602 1470 sur
1621 1440 1647 1470 la
1671 1440 1853 1471 Restitucion
1871 1441 1990 1472 d'iceulx
2012 1442 2086 1473 Ville
2098 1444 2130 1473 ὃς
2145 1443 2261 1474 Chastel
2275 1445 2326 1475 fai-

1266 1482 1323 1511 tes,

1303 1510 1483 1543 Demeurent
1496 1524 1531 1544 en
1546 1515 1610 1545 lour
1624 1524 1720 1554 verm,
1738 1518 1772 1548 &
1788 1527 1843 1555 que
1857 1518 1937 1556 ycelx
1952 1517 2066 1549 Chastel
2082 1521 2115 1551 ὃς
2136 1520 2211 1551 Ville
2233 1521 2326 1552 soions

1265 1559 1353 1582 tenuz
1369 1551 1485 1582 Render
1502 1554 1534 1583 &
1552 1553 1693 1584 Restituer
1708 1565 1742 1584 au
1756 1555 1796 1585 dit
1810 1558 1864 1595 Ray
1878 1557 1909 1586 de
1927 1559 2079 1596 Navarre,
2099 1568 2146 1596 par
2160 1559 2184 1589 la
2200 1569 2326 1599 manere,

1268 1592 1317 1628 qui
1332 1601 1368 1620 en
1389 1591 1426 1620 les
1440 1591 1509 1621 dites
1524 1591 1663 1622 Alliances
1677 1593 1718 1622 est
1740 1603 1880 1632 contenu,
1899 1603 1997 1626 toutez
2008 1597 2042 1627 &
2064 1607 2178 1634 quantes
2201 1598 2274 1629 foitz
2292 1599 2326 1629 ils

1265 1629 1384 1660 vouldra
1398 1629 1506 1660 Ravoir
1520 1631 1553 1661 &
1569 1631 1724 1661 Receivoir
1738 1632 1774 1662 de
1788 1643 1877 1670 nous3

1301 1667 1351 1707 Si,
1368 1677 1460 1700 toutes
1478 1670 1572 1706 voies,
1592 1678 1682 1699 autres
1705 1670 1824 1700 Traiete
1846 1680 1886 1701 ou
1901 1671 2017 1702 Acorde
2031 1682 2066 1702 ne
2079 1671 2106 1702 se
2121 1672 2209 1703 soient
2222 1673 2258 1703 de
2271 1684 2325 1704 no-

1263 1707 1308 1736 vel
1321 1715 1399 1737 entre
1414 1706 1502 1736 Nous
1518 1708 1551 1738 ὃς
1565 1708 1592 1737 le
1606 1707 1647 1737 dit
1661 1708 1755 1739 nostre
1773 1708 1888 1748 Cosyn‚
1908 1720 2007 1750 parmy
2023 1711 2061 1741 les
2084 1711 2188 1748 quelles
2207 1711 2245 1741 les
2266 1713 2326 1743 ditz

1263 1744 1346 1814 xime}
1359 1746 1392 1775 &
1416 1744 1532 1775 Chastel
1554 1746 1668 1778 devient
1689 1747 1761 1777 estre
1783 1748 1817 1778 &
1837 1747 1969 1779 demorer
1990 1759 2027 1779 en
2049 1749 2145 1779 nostre
2159 1749 2256 1781 Garde
2277 1759 2326 1789 par

1295 1794 1325 1813 us
1347 1793 1410 1821 ong
1423 1793 1523 1822 temps.

1261 1793 1283 1833 P
1301 1821 1345 1852 En
1357 1822 1590 1859 Tesmoignance
1602 1822 1638 1853 de
1652 1823 1734 1861 quele
1748 1824 1833 1856 chose
1846 1834 1860 1855 a
1876 1825 1962 1856 cestes
1981 1834 2039 1856 noz
2059 1826 2195 1864 presentes
2216 1827 2328 1859 Lettres

1261 1871 1335 1891 nous
1348 1870 1435 1891 avons
1450 1862 1497 1891 fait
1512 1870 1602 1891 mette
1619 1862 1716 1892 nostre
1731 1862 1824 1894 Grant
1838 1864 1909 1894 Seal.

1300 1898 1384 1930 Don.
1400 1910 1415 1931 a
1432 1899 1562 1931 Londres
1574 1900 1602 1930 le
1615 1909 1658 1930 xx.
1674 1900 1748 1940 Jour
1761 1902 1798 1932 de
1805 1901 1891 1940 Juyn.

1721 1979 1775 2009 Per
1790 1978 1872 2019 ipfirm
1892 1981 1989 2017 Regem
2006 1979 2043 2015 ὠ·
2060 1980 2216 2012 Concilium.

1262 2104 1357 2150 Super
1373 2103 1585 2150 lnstzrrefflone
1601 2100 1696 2135 Plebis
1710 2103 1875 2137 Antedifba
1885 2131 1894 2147 ,
1905 2104 1941 2138 de
1960 2102 2125 2148 Exceffibus
2136 2109 2325 2152 perpetratis,

1344 2189 1356 2193 „
1534 2156 1571 2191 eff
1588 2153 1782 2186 Actftoritate
1801 2156 1887 2200 Regis
1897 2155 2047 2200 praetenfiz.

1318 2235 1376 2268 EX
1398 2237 1503 2276 Majori
1518 2261 1527 2276 ‚
1551 2236 1662 2268 Ballivis
1677 2261 1687 2276 ,
1712 2237 1832 2270 Civibus
1846 2263 1856 2278 ‚
1883 2239 1980 2277 probis
1999 2239 2192 2279 Hominibus,
2216 2250 2251 2271 ac
2273 2241 2325 2272 toti
2349 2232 2477 2268 Ann·D·

1337 2275 1547 2308 Communitati
1561 2276 1690 2307 Civitatis
1704 2277 1758 2308 suae
1773 2276 1924 2316 Ebmum,
1944 2278 2077 2309 Salutem.
2368 2276 2453 2314 1381-

1300 2313 1370 2345 Satis
1385 2316 1467 2345 vobis
1483 2317 1516 2346 ὅ(
1530 2315 1587 2346 aliis
1602 2315 1699 2352 Ligeis
1715 2315 1816 2346 nostris
1830 2317 1971 2347 credimus
1993 2317 2050 2347 effe
2070 2319 2218 2356 cognitum
2229 2343 2242 2356 ,
2257 2328 2325 2357 qua-
2344 2318 2395 2342 An.
2411 2324 2441 2350 4-

1263 2350 1327 2383 liter
1349 2353 1526 2391 quamplures
1550 2352 1768 2390 Malefffiores,
1789 2356 1848 2393 jam
1869 2357 1999 2392 noviter,
2024 2365 2123 2386 contra
2146 2356 2252 2387 Pacem
2272 2368 2325 2388 no-
2344 2356 2372 2380 R.
2394 2363 2421 2380 2·

1264 2390 1369 2430 stram,
1387 2393 1416 2422 in
1430 2392 1541 2423 diversis
1558 2390 1751 2425 Comitatibus
1766 2392 1865 2430 Regni
1882 2393 2010 2433 Angliae‚
2029 2395 2059 2424 in
2072 2397 2223 2425 maximam
2245 2396 2323 2427 Tur·
2343 2395 2440 2426 Pat.4.

1264 2429 1412 2460 bationem
1434 2429 1571 2461 Fidelium
1593 2430 1755 2467 Ligeorum
1778 2431 1959 2470 nostrorum,
1978 2434 2007 2463 in
2027 2433 2139 2463 divers1s
2154 2433 2324 2473 Congrega-
2342 2433 2370 2457 R·
2382 2436 2439 2466 2-P·
2454 2436 2478 2457 ¹·

1265 2469 1390 2499 tionibus
1420 2469 1454 2500 δε
1476 2468 1697 2501 Conventiculis
1712 2470 1813 2501 illicitis
1826 2493 1837 2509 ,
1866 2471 1899 2501 ὅ(
1921 2472 1995 2509 quasi
2014 2471 2151 2503 hostiliter
2172 2473 2327 2504 insurrexe-
2344 2478 2380 2496 m.
2398 2467 2477 2505 35³⁴-

1264 2516 1331 2538 runt

1304 2530 1503 2577 Venerabilem
1523 2546 1654 2583 Patrem,
1679 2550 1812 2576 Simonem
1832 2557 1922 2585 nuper
1945 2549 2167 2588 Cantuarienfim
2183 2549 2329 2589 Archiepir

1258 2583 1382 2625 stapam,
1400 2586 1485 2616 totius
1499 2584 1612 2621 Angliae
1628 2584 1782 2616 Primatem
1792 2609 1802 2623 ,
1821 2584 2031 2617 Cancellarium
2044 2588 2193 2625 nostrum,
2211 2589 2244 2619 &
2265 2589 2329 2623 Fra,-

1267 2631 1341 2654 trem
1356 2623 1498 2653 Robertem
1511 2624 1543 2653 de
1557 2622 1662 2662 Hales,
1677 2634 1766 2661 nuper
1779 2624 1909 2654 Priorem
1930 2625 2084 2663 Hospitalis
2105 2626 2202 2657 Sancti
2218 2628 2234 2665 J
2239 2628 2329 2658 ohan-

1265 2661 1307 2691 nis
1326 2660 1479 2700 Jerusalem
1502 2662 1530 2691 in
1553 2661 1671 2700 Aurelia,
1689 2662 1906 2693 Thesaurarium
1927 2663 2076 2703 nostrum,
2094 2664 2253 2702 Johannem
2274 2670 2329 2696 ca-

1238 2724 1246 2730 .
1264 2698 1374 2738 vendish
1389 2723 1399 2738 ,
1422 2710 1514 2739 nuper
1536 2699 1694 2738 Capitalem
1716 2700 1899 2738 Justitiarium
1917 2702 2061 2741 nostrum,
2089 2713 2121 2733 ac
2149 2704 2329 2742 quamplures

1262 2739 1332 2769 alios
1348 2739 1453 2807 Ligeos
1467 2739 1625 2770 Servientes
1640 2740 1673 2769 ὃς
1688 2738 1798 2770 Fideles
1811 2739 1940 2779 nostros,
1957 2741 2059 2779 absque
2081 2741 2190 2780 Culpa,
2208 2743 2329 2773 crudeli-

1263 2785 1306 2807 ter
1319 2778 1385 2809 occi
1406 2778 1498 2817 endo,
1516 2776 1699 2816 Homicidia,
1718 2777 1869 2817 Incendia,
1886 2778 2092 2809 Prostrationes
2104 2781 2138 2811 &
2161 2782 2247 2811 varias
2266 2782 2330 2812 alias

1264 2815 1481 2847 Destruetiones
1502 2815 1690 2847 Ecclesiarum
1705 2839 1715 2855 ,
1742 2817 1960 2855 Maneriorum‚
1986 2818 2173 2856 Domorum,
2199 2818 2326 2858 Rerum,

1265 2854 1298 2885 ὅτ,
1310 2855 1425 2885 aliarum
1439 2854 1650 2886 Poffeffionum
1667 2855 1806 2885 Fidelium
1820 2855 1978 2894 Ligeorum
2001 2855 2183 2895 nostrorum,
2201 2860 2327 2889 enormi-

1264 2894 1307 2923 ter
1320 2893 1353 2924 &
1368 2896 1516 2934 perperam
1531 2893 1734 2931 perpetrando,

1303 2932 1381 2971 Qia
1393 2934 1465 2964 vero
1481 2932 1684 2962 Malefactores
1697 2931 1842 2969 praedicti,
1858 2931 1928 2963 falso
1943 2932 1977 2963 &
1999 2933 2187 2972 mendaciter,
2205 2934 2325 2965 afferue·

1264 2979 1329 3001 runt
1350 2971 1384 3002 ὃς
1404 2970 1580 3001 affirmarunt
1598 2970 1670 3008 ipsos
1688 2969 1782 3008 Mala,
1802 2970 1984 3009 Homicidia,
2011 2972 2044 3002 &
2071 2971 2207 3010 Dampna
2223 2975 2326 3011 praedi·

1263 3010 1332 3049 eta,
1349 3019 1385 3041 ex
1404 3009 1504 3040 nostris
1527 3009 1707 3040 Auffi’toritate
1730 3010 1763 3040 ὃς
1781 3009 1949 3049 Voluntate‚
1969 3010 2067 3040 feciffe
2085 3012 2118 3042 &
2139 3012 2326 3050 perpetrasse,

1265 3057 1295 3079 ut
1309 3049 1358 3087 ipsi
1375 3049 1412 3079 fic
1426 3048 1567 3079 Malitiam
1580 3047 1655 3078 suam
1670 3048 1837 3079 continuare
1850 3048 1975 3088 valeant,
1994 3050 2028 3080 &
2050 3049 2087 3080 de
2108 3048 2275 3089 Praemiffis‚
2294 3052 2327 3081 li-

1261 3087 1312 3118 *cet
1326 3087 1451 3127 indigni,
1469 3088 1550 3117 citius
1565 3086 1746 3124 excusentur,

1303 3125 1351 3156 Ad
1366 3126 1487 3158 vestram
1503 3126 1535 3156 δε
1550 3125 1667 3155 aliorum
1682 3125 1819 3156 Fidelium
1837 3125 1995 3166 Ligeorum
2009 3126 2173 3158 nostrorum
2188 3136 2327 3165 quorum-

1264 3174 1390 3203 cumque
1402 3164 1536 3196 volumus
1551 3165 1697 3201 pervenire
1715 3165 1843 3195 notitiam
1855 3187 1864 3203 ,
1880 3165 1959 3203 quod
1980 3164 2125 3195 Praemisia
2147 3165 2242 3202 Mala,
2260 3166 2328 3196 Ho-

1265 3204 1397 3243 micidia,
1415 3204 1448 3234 ὃς
1463 3202 1613 3241 Dampna,
1631 3212 1665 3232 ex
1679 3202 1856 3234 Auooritate
1869 3203 1913 3234 seu
1929 3204 2074 3234 voluntate
2095 3203 2211 3243 nostris,
2231 3205 2249 3223 ²*
2270 3205 2326 3235 mi-

1263 3242 1345 3273 nime
1362 3241 1570 3281 processerunt,
1589 3251 1682 3279 neque
1697 3240 1785 3279 fiunt,
1802 3242 1841 3272 set
1852 3250 1983 3280 exnunc,
2002 3242 2198 3273 vehementius
2216 3244 2324 3273 contri-

1265 3280 1345 3320 stati,
1363 3291 1412 3320 ea,
1431 3282 1458 3310 in
1479 3279 1608 3310 nostrum
1627 3281 1785 3310 maximum
1809 3279 1877 3311 Vitu
1899 3282 1992 3312 etium
2013 3282 2048 3313 ὃς
2068 3280 2197 3310 Coronae
2217 3280 2323 3312 nostrae

1265 3319 1467 3359 Praejudicium
1476 3342 1484 3356 ,
1503 3319 1536 3348 ἃ
1551 3319 1636 3348 totius
1650 3318 1744 3357 Regni
1758 3318 1849 3349 nostri

1265 3369 1327 3389 non
1340 3358 1456 3389 modica
1469 3356 1622 3387 redundare
1636 3357 1787 3396 sentimus,

1303 3397 1343 3428 Et
1354 3397 1421 3428 ideo
1436 3396 1542 3433 Vobis,
1560 3395 1640 3432 super
1654 3395 1722 3426 Fide
1734 3397 1768 3427 ὃς
1783 3395 1942 3435 Ligauni,
1963 3395 2064 3434 quibus
2076 3396 2157 3426 nobis
2169 3397 2324 3436 tenemini²

1264 3435 1383 3467 firmiter
1410 3433 1584 3474 injungendo
1597 3456 1607 3471 ,
1639 3433 1811 3464 Mandamus
1838 3434 1918 3472 quod
1941 3434 2058 3472 praesens
2077 3434 2248 3465 Mandatum
2269 3445 2325 3466 no-

1263 3474 1369 3513 strum,
1387 3476 1416 3504 in
1434 3473 1543 3512 fingulis
1565 3471 1668 3512 Locis,
1687 3473 1758 3503 infra
1778 3472 1931 3503 Civitatem
1951 3472 2116 3510 praedietam
2138 3474 2171 3503 δε
2194 3474 2324 3506 suburbia

1262 3513 1386 3551 ejusdem
1402 3536 1411 3551 ,
1434 3513 1482 3542 ubi
1501 3510 1602 3541 melius
1622 3511 1754 3549 expedire
1775 3510 1916 3548 videritis,
1941 3519 1975 3540 ex
1996 3518 2075 3548 parte
2092 3510 2188 3542 nostra
2206 3512 2324 3550 publice

1261 3552 1429 3590 proclamari
1443 3551 1475 3581 &
1491 3550 1604 3580 ulterius
1617 3550 1738 3580 inhiberi
1753 3550 1874 3586 faciatis,
2271 3573 2273 3575 a

1300 3590 1354 3621 Ne
1369 3591 1445 3628 Qui,
1463 3587 1664 3626 cujuscumque
1679 3585 1766 3619 status
1780 3588 1825 3617 seu
1844 3586 2029 3618 Conditionis
2044 3588 2166 3626 fuerint,
2185 3589 2255 3619 infra
2268 3589 2322 3620 Ci-

1262 3629 1379 3660 vitatem
1401 3627 1582 3666 praedieiam,
1607 3627 1652 3657 seu
1674 3627 1754 3664 alibi,
1779 3625 1923 3664 Insurgere
1941 3626 1986 3656 seu
2012 3625 2256 3665 Congregationes
2277 3629 2324 3659 vel

1262 3666 1470 3699 Conventicula
1491 3665 1650 3703 hujusmodi
1671 3665 1761 3696 facere
1782 3665 1826 3695 vel
1841 3665 1949 3702 levare,
1964 3664 2009 3694 seu
2025 3666 2179 3702 quicquam
2192 3666 2267 3696 aliud
2281 3676 2324 3698 at-

1261 3713 1400 3744 temptare
1414 3706 1459 3736 seu
1479 3712 1632 3742 procurare
1650 3703 1834 3740 praesumant,
1853 3703 1898 3733 seu
1918 3703 2065 3743 praesumat
2086 3704 2184 3741 aliquis
2203 3714 2323 3745 eorum,

1259 3754 1310 3782 per
1324 3744 1401 3783 quod
1416 3743 1472 3773 Pax
1496 3741 1591 3772 nostra
1614 3741 1719 3772 ibidem
1742 3741 1874 3779 infringi,
1891 3750 1937 3772 aut
1958 3741 2083 3779 Populus
2105 3741 2200 3772 noster
2213 3744 2325 3781 inquie-

1260 3784 1312 3813 tari
1333 3792 1380 3813 aut
1400 3781 1503 3812 turbari
1516 3805 1524 3819 ,
1552 3781 1676 3818 poterit,
1703 3781 1752 3810 sub
1772 3780 1945 3810 forisfaciura
1964 3779 2038 3810 Vitae
2059 3781 2092 3810 ὅ(
2116 3779 2324 3813 Membrorum

1259 3822 1295 3853 &
1309 3823 1441 3852 omnium
1455 3819 1592 3856 aliorum,
1611 3828 1674 3856 quae
1690 3819 1772 3848 nobis
1786 3818 1946 3849 forisfacere
1960 3826 2092 3856 poterunt
2106 3819 2134 3848 iu
2151 3819 2296 3859 futurum,

1299 3859 1412 3890 Damus
1438 3859 1522 3888 etiam
1542 3856 1633 3887 Vobis
1655 3858 1689 3888 ὃ(
1709 3857 1931 3895 quibuscumque
1952 3857 2008 3885 aliis
2031 3856 2174 3887 Fidelibus
2195 3858 2324 3899 nostris,=

1258 3898 1378 3929 Tenore
1400 3895 1599 3932 Praesentium,
1624 3894 1800 3925 Potestatem
1822 3896 1855 3926 &
1879 3894 2049 3925 Mandatum
2071 3895 2187 3933 speciale
2207 3898 2321 3935 quibus-

1260 3946 1387 3975 cumque
1405 3934 1653 3971 Malefacstoribus,
1670 3943 1768 3964 contra
1783 3933 1888 3963 Pacem
1903 3932 2028 3963 nostram
2043 3934 2076 3965 ὃς
2099 3935 2237 3973 Qrietem
2262 3935 2322 3966 Po-

1260 3975 1320 4013 puli
1333 3974 1420 4005 nostri
1435 3972 1595 4011 Insurgere,
1613 3972 1659 4003 seu
1671 3972 1832 4010 hujusmodi
1852 3970 2095 4010 congregationes
2108 3973 2140 4003 &
2161 3971 2323 4004 Conventi-

1260 4013 1325 4048 cula
1339 4013 1433 4045 illicita
1444 4012 1535 4043 facere
1547 4011 1733 4049 vdentibus,
1751 4009 1843 4040 modis
1856 4011 1989 4042 omnibus
2003 4011 2102 4050 quibus
2117 4011 2219 4044 melius
2241 4021 2324 4054 pote·-

1744 4048 1814 4089 (λε
2267 4050 2324 4079 ritis

2343 3201 2457 3230 ·v11.··

2345 3241 2408 3278 316!

1898 3328 2036 3358 ampnum
2050 3319 2083 3349 &
2099 3318 2325 3360 Turbationem,
