2561 4251
0 258 70 290 nnn.
83 252 125 285 D.

21 302 108 335 1401.

0 339 60 365 Hen-
75 342 109 371 4.

12 2747 30 2764 ⁰
54 2747 140 2774 v111.

37 2784 100 2813 181.

10 3544 92 3576 Arm.
105 3542 148 3574 D.

42 3591 128 3621 1401.

13 3625 68 3650 An.
86 3631 112 3647 2.

13 3664 49 3689 ΙΙ.
67 3667 97 3697 4.

13 3698 103 3734 Chius.

17 3740 124 3770 ².H.4.

17 3779 43 3810 p.
61 3783 85 3801 ι.
100 3783 134 3801 m.

15 3820 29 3849 3
36 3830 44 3839 .
59 3812 112 3841 dor.

140 167 219 220 198

674 140 1925 198 CONVENTIONE83L1TERAE,

137 252 223 284 1atjfis
245 249 280 283 &
303 245 410 281 darius·
424 244 495 277 infra
519 243 551 275 sit
577 242 700 279 mentio)
727 242 906 281 contingeret
926 238 1020 277 ipsum
1042 236 1211 270 Dominum
1246 245 1304 273 gna
1319 233 1401 264 Aula
1423 231 1675 274 Wstmonasterien
1687 241 1716 271 ι,
1731 229 1811 272 infra
1822 231 1961 271 quendam
1982 232 2085 260 Locum
2095 238 2146 270 pro
2160 230 2336 262 Cancellam‘a
2350 227 2483 262 Ann.D.

144 291 317 323 Ludovicum
333 289 369 319 ab
382 288 435 317 hac
450 285 508 316 vira
520 282 675 321 decedere,
692 281 753 320 ipsi
766 278 900 310 Domina
916 277 1056 309 Blanchid
1071 276 1215 315 superstite
1248 275 1423 311 ordinatum,
1442 275 1561 312 aperiri,
1577 269 1616 306 &
1628 270 1656 300 ab
1687 281 1732 301 um
1747 273 1885 308 Magnum
1898 268 2020 307 Sigillum
2035 269 2148 300 extrahi
2152 269 2218 340 ἧφι
2233 281 2292 300 cum
2305 281 2335 300 eo
2374 279 2461 308 1401.

145 329 243 370 (Prole
257 325 382 364 suscepta
395 323 442 355 vel
456 333 518 354 non
533 320 670 362 suscepta)
689 321 725 353 &

747 318 806 357 ipsa
825 317 959 349 Domina
978 316 1070 347 forsan
1092 315 1218 348 declina·
1250 316 1373 350 Cartas,
1396 314 1513 342 Literas
1541 312 1692 347 Parentes,
1719 307 1758 345 ἀι
1783 311 1910 348 Brevia,
1931 312 1960 339 in

2000 306 2127 348 raesentia
2186 309 2284 340 hornae
2300 309 2336 340 de
2356 313 2421 337 Hm-
2438 320 2467 346 4.

143 377 184 402 ηε
194 391 205 408 ,
222 369 268 399 seu
283 365 364 396 vellet
379 362 509 394 recedere
522 361 559 392 de
575 359 723 390 Dominio
737 357 821 397 ipfius
835 356 961 387 Domini
976 355 1134 397 Ludowici,
1149 364 1219 385 cau·
1252 351 1367 392 Stanley
1394 348 1513 390 custodis
1535 347 1697 379 Rotulorum
1713 346 1892 379 Cancellariae
1906 316 2068 387 praetssciae,
2092 358 2125 377 ac
2143 347 2257 378 aliorum
2276 347 2338 378 Cle·
2367 351 2370 353 ’

143 408 171 440 sa
187 407 232 438 vel
247 403 395 435 occasione
408 399 635 440 quibuscumque
644 421 654 436 ,

1251 394 1366 420 ricorum
1391 389 1508 428 ejusdem
1533 385 1732 427 Cancellariae,
1768 386 1891 425 tgillari,
1916 384 1955 422 &
1969 385 2063 426 posted
2083 385 2204 426 Sigillum
2221 386 2293 417 illud
2306 391 2336 417 in

184 442 242 477 Co
251 451 273 474 N
285 452 300 472 c
310 452 331 473 o
343 451 366 472 R
378 449 399 470 D
408 448 429 470 A
440 448 464 470 τ
473 448 497 470 υ
508 447 536 470 Μ
551 437 592 468 est
608 439 678 468 inter
692 435 761 467 Nos
775 433 902 473 expresse
917 432 999 472 quod
1013 431 1070 471 ipsa
1085 431 1220 463 Domina
1253 431 1362 474 Bagam
1377 428 1539 466 praediaam
1554 429 1666 466 reponi,
1681 423 1720 461 &
1732 427 1843 465 Bagam
1857 424 1936 456 illam
1950 423 2042 465 Sigillo
2057 424 2109 465 suo
2126 428 2235 465 proprio
2254 425 2339 468 consi-

144 482 280 516 Blanchia
300 480 388 511 libere
402 478 551 515 recedere,
569 477 602 508 &
620 476 739 507 Locum
754 483 863 505 mutare
879 473 997 511 poterit,
1010 481 1080 503 cum
1095 471 1149 502 suis
1164 469 1220 501 Pa-
1251 478 1334 507 gnari
1340 464 1425 507 fecit.

144 520 335 558 rafarnalibus,
349 518 508 558 jocalibus,
522 515 584 547 &c.
603 514 685 555 seque
700 513 839 545 divertere
853 521 913 550 quo
928 511 1041 542 libuerit
1053 518 1102 542 aut
1118 509 1220 540 volue-

145 563 200 599 rit,
218 559 319 598 absque
334 568 371 590 eo
387 555 468 596 quod
484 555 635 592 Nomine,
653 553 753 591 causa,
771 551 817 583 vel
840 560 874 582 ex
896 558 974 589 parte
996 549 1127 588 praedieti
1142 547 1220 583 1Do·'‚
1263 550 1265 552 ’

144 600 217 631 mini
237 600 350 638 Ruperti
372 599 468 634 Regis,
485 603 532 625 aut
556 593 640 632 ipsius
661 592 789 623 Domini
810 589 973 628 Ludowici,
999 588 1159 619 Haeredum
1183 587 1219 618 &

146 636 349 669 Succefforum
366 636 498 673 suorum,
517 633 550 664 &
567 631 679 664 causam
697 632 734 662 ab
751 632 794 661 eis
810 629 855 661 vel
874 629 969 667 aliquo
984 627 1156 659 eorumdem
1173 626 1223 657 ha-

145 677 295 715 bentium,
312 674 391 712 super
405 672 584 710 Receptione
598 672 629 701 iv
648 681 691 702 m.
725 668 884 701 Nobilium
900 667 948 699 seu
962 666 1133 711 fruetuum,
1149 665 1222 696 Pro-

146 724 303 754 ventuum,
330 713 562 749 Dominiorum‚
588 709 623 741 &
645 707 859 752 Poffeffionum
878 706 1011 752 suorum,
1027 706 1079 736 fibi
1096 714 1127 736 ut
1145 704 1222 775 supra

147 754 377 799 Affignatorum,
401 750 620 791 quomodolibet
645 756 796 788 propterea
819 745 991 786 impediatur
1017 745 1064 777 vel
1088 745 1167 775 mole
1193 753 1223 774 e-

181 804 203 824 Γ.

147 802 230 863 tuI·r·
241 840 259 862 E
270 839 298 862 M
313 853 323 869 ,
340 829 360 860 fi
380 827 471 871 (quod
491 826 571 865 absit)
591 826 646 865 ipsa
667 825 800 856 Domina
821 823 958 855 Blanchiae
972 821 1223 867 forte'decederet

146 871 183 903 ab
199 871 252 901 hac
267 870 333 900 Vita
342 891 352 908 ,
369 867 454 899 Prole
468 876 529 898 non
542 864 671 904 suscepta
680 888 690 903 ‚
703 873 768 896 ante
780 863 958 896 Terminum
972 862 1131 893 Solutionis
1145 860 1224 892 ordi-

147 917 244 942 natum
258 909 292 941 &
308 906 478 947 praefixum,=
494 905 587 936 forsan
604 905 686 943 partis
703 903 835 934 Summae
849 901 980 933 nondum
995 900 1110 939 solutae,
1123 899 1226 931 restan-

145 950 182 981 tis
201 958 255 986 pro
273 946 356 979 Date
372 945 418 977 sua
446 944 577 976 solvenda
592 944 612 975 fi
628 943 749 981 vixerit,
767 941 830 980 ipso
850 941 988 972 Domino
1008 939 1158 970 Ludowico
1180 937 1226 969 su—

169 997 184 1018 e
208 988 262 1017 tite

146 997 168 1028 P
185 990 246 1057 r(130
258 1009 282 1056 rs}
293 1034 310 1055 c
320 1035 340 1056 o
351 1033 375 1055 R
384 1032 406 1054 D
416 1031 468 1054 Ατ
478 1031 501 1053 U
512 1030 539 1053 Μ
564 1021 605 1052 est
627 1020 707 1060 quod
718 1044 727 1060 ,
751 1030 788 1051 eo
810 1018 873 1050 casu
882 1039 892 1057 ,
918 1018 1039 1050 Summa
1062 1015 1226 1062 hujusmodi

148 1063 239 1096 Partis
254 1063 389 1101 restantis,
406 1062 443 1092 de
458 1061 614 1100 saepedictis
635 1060 662 1090 xl
678 1070 718 1090 m.
732 1059 893 1090 Nobilibus
904 1081 915 1097 ‚
934 1057 1087 1089 vendicari
1101 1066 1161 1087 non
1175 1055 1226 1087 de-

152 1104 203 1135 bet
216 1103 262 1135 seu
279 1103 381 1141 requiri
395 1102 497 1140 quovis
513 1100 612 1131 modo.

187 1142 201 1173 I
211 1151 235 1173 τ
245 1151 263 1172 ε
273 1149 312 1180 Μ,
330 1141 350 1172 si
365 1141 512 1180 contingat
524 1139 648 1171 eundem
658 1137 826 1182 Dominum
836 1135 1016 1179 Ludowiaqm
1037 1133 1127 1173 (quod
1142 1132 1223 1181 absit)

150 1177 784 1258 gffiffrhffiasgffnmagiff.3333&
797 1173 959 1245 {¹332}ss
972 1171 1226 1257 siligoffssnssssffi

150 1259 222 1290 dum
246 1257 378 1295 advenit,
402 1265 450 1288 aut
469 1255 675 1293 Subterfugio,
699 1253 865 1291 Dilarione‚
892 1251 1090 1294 Negligentia,
1111 1249 1224 1295 Culpa,

151 1298 197 1327 vel
214 1296 327 1365 Dlefidla
342 1295 468 1326 Domini
485 1295 571 1335 Regis
586 1293 719 1332 Angliae‚
737 1291 783 1324 vel
804 1291 886 1330 alias,
904 1289 995 1322 Partis
1014 1291 1096 1328 ipnus
1118 1289 1228 1320 Domi·

152 1345 198 1367 nae
207 1338 232 1364 Β
244 1346 294 1365 anc
302 1338 349 1364 :tiae

189 1374 248 1405 Co
261 1383 283 1404 π
293 1383 339 1404 co
350 1358 373 1404 ἦ
385 1382 406 1403 D
417 1381 468 1403 AT
478 1381 500 1404 u
512 1380 540 1404 M
566 1370 608 1402 est
631 1369 712 1410 quod
735 1371 766 1401 in
789 1369 912 1401 Summi
936 1368 1071 1407 Qaruor
1103 1366 1225 1398 Milium

150 1413 328 1451 Nobilium,
351 1411 519 1442 Donatione
533 1419 646 1450 propter
661 1409 795 1448 Nuptias»
807 1409 858 1440 sibi
880 1406 1030 1447 affignatfi,
1048 1415 1159 1438 tantum
1175 1406 1226 1438 de-

151 1452 244 1483 falcati
258 1451 380 1490 poterit,
397 1459 534 1489 quantum
550 1450 632 1481 restat
647 1447 816 1480 solvendum
839 1447 874 1478 de
897 1446 1046 1485 saepedieta
1061 1445 1183 1477 Summa
1198 1444 1226 1475 xl

153 1501 192 1522 m.
216 1490 373 1521 Nobilium
413 1491 508 1520 habito
523 1489 650 1527 respectu
679 1487 760 1528 quod
777 1496 831 1525 pro
848 1486 960 1517 Decem
974 1484 1136 1516 Nobilibus
1150 1484 1225 1515 sum*

152 1540 209 1561 mae
229 1529 353 1561 restantis
370 1513 455 1559 Dotis
475 1538 562 1572 unum
581 1527 690 1558 Nobile
705 1525 862 1558 defalcetur
875 1525 1038 1563 annuatim,
1057 1523 1136 1555 causa
1159 1523 1224 1554 Do-

152 1570 273 1601 nationis
288 1576 403 1607 propter
413 1566 536 1606 Nuptias
560 1567 623 1598 &c.

189 1607 233 1638 Ιτ
245 1617 263 1638 E
274 1616 300 1638 ,η
310 1631 319 1646 ,
339 1607 392 1644 Et,
411 1606 430 1636 sl
452 1605 507 1646 ipsa
521 1589 652 1636 Domina
668 1602 804 1633 Blanchia
829 1602 946 1634 Locum
962 1601 1085 1633 voluerit
1100 1609 1227 1639 mutare,

154 1647 240 1677 libera
256 1647 323 1684 erit,
343 1655 412 1676 cum
425 1646 558 1676 omnibus
575 1643 629 1675 suis
644 1642 747 1681 Bonis,
765 1641 1003 1679 Parasarnalibus,
1022 1642 1056 1676 ὃς
1070 1639 1228 1680 jocalibus,

156 1687 211 1715 una
223 1695 291 1716 cum
308 1685 491 1723 perceptione
506 1682 680 1714 Donationis
696 1689 813 1720 propter
832 1680 957 1719 Nuptias
973 1679 1156 1718 hujusmodi,
1174 1680 1227 1710 fibi

152 1725 347 1762 competenti,
367 1723 420 1754 abs
435 1733 467 1754 ue
489 1722 698 1760 impedimento
719 1719 766 1751 seu
783 1719 979 1750 molestatione
1000 1717 1225 1758 cujuscumque,

153 1763 188 1793 de
204 1762 332 1793 Partibus
345 1762 398 1792 illis
415 1733 564 1792 Recedere
581 1769 611 1790 ut
626 1759 906 1803 supramemoratum

192 1801 266 1832 Ιτε
278 1810 305 1832 M
315 1824 324 1840 ,
342 1801 406 1841 quia
427 1798 558 1830 nondum
582 1798 816 1830 Dererminatum
840 1797 873 1829 δε
891 1795 1109 1828 Concordatum
1132 1796 1172 1827 est
1191 1796 1228 1828 de

154 1840 245 1871 modo
261 1839 414 1870 solutionis
433 1838 565 1869 Summae
581 1836 775 1876 Quadraginta
789 1835 907 1867 Milium
922 1835 1083 1868 Nobilium
1105 1836 1228 1874 praedic-

152 1887 266 1917 torum,
293 1877 437 1916 potilsime
459 1877 541 1916 quod
561 1886 615 1916 pro
631 1875 715 1907 Parte
732 1875 859 1907 Domini
873 1878 951 1913 Regis
972 1874 1087 1913 Angliae
1101 1877 1135 1907 ὃ(
1150 1874 1228 1905 Filiae

153 1917 210 1948 suae
224 1918 318 1948 oblata
333 1917 395 1948 sunt
410 1917 438 1947 in
454 1916 562 1947 Tribus
575 1915 672 1946 futuris
684 1914 830 1946 Terminis
847 1916 881 1947 &
898 1915 1097 1953 Temporibus
1117 1914 1229 1946 solven-

155 1955 192 1987 da
210 1956 365 1992 (videlicet)
387 1957 416 1986 in
431 1955 613 1986 Adduffione
637 1954 725 1985 dietae
747 1953 827 1984 Filiae
850 1955 898 1984 xvi
921 1952 965 1983 M.
985 1952 1146 1984 Nobilium
1167 1976 1177 1992 ,
1194 1953 1228 1984 &

155 2003 190 2025 ex
207 1994 269 2033 post
285 1995 370 2025 Anno
385 1995 516 2032 proxime
532 1993 629 2024 futuro
643 1993 681 2023 xii
699 1991 744 2022 M.
760 1993 793 2024 ὃ(
807 2001 910 2024 extunc
922 1992 948 2023 se
970 1992 1142 2024 uentiAnno
1157 2002 1230 2024 con-

158 2034 237 2073 tiguo
252 2033 418 2064 immediato
435 2034 472 2062 xii
489 2032 533 2062 M.
553 2032 720 2070 Nobilium,
737 2032 770 2063 &
786 2042 836 2070 pro
854 2040 928 2070 parte
978 2032 1071 2061 omini
1083 2034 1162 2069 Regis
1177 2034 1231 2061 Ro-

157 2082 296 2102 manorum
312 2074 345 2105 δε
362 2071 425 2102 Filii
438 2072 476 2103 sui
490 2071 617 2103 Petitum
632 2071 673 2102 est
687 2080 751 2102 eam
767 2071 919 2102 Summam
936 2070 1006 2102 solvi
1023 2072 1052 2101 in
1069 2070 1233 2102 Addue'tio-

158 2121 195 2143 ne
212 2110 290 2142 Filiae
305 2111 468 2150 praedictae,

194 2150 404 2182 votunus
421 2150 454 2181 &
474 2148 768 2181 CoNcoRDA’rt
787 2156 923 2179 sumus
942 2147 1149 2187 quodquilibet
1165 2147 1230 2179 Do-

155 2190 304 2220 minorum
318 2189 479 2220 nostrorum
495 2188 610 2228 Regum
623 2187 842 2226 praedictorum,
861 2188 921 2218 tim
939 2187 1086 2217 Dominus
1099 2190 1158 2218 Rex
1175 2190 1228 2217 Ro—

155 2238 296 2258 manorum
310 2229 344 2260 &
359 2228 451 2259 dictus
468 2227 552 2257 Filius
560 2225 638 2266 finer,
659 2228 746 2266 quam
766 2226 913 2257 Dominus
929 2229 990 2255 Rex
1004 2225 1119 2263 Angliae
1136 2237 1189 2264 pro
1204 2226 1231 2258 se

155 2267 191 2298 ἃ
211 2266 281 2297 Filia
292 2268 347 2305 sita
370 2267 528 2305 primiciis,
554 2267 645 2296 mittat
669 2266 702 2296 ad
728 2265 911 2296 Dordracum
930 2265 1004 2296 Tres
1028 2266 1073 2295 vel
1098 2266 1230 2304 Quatuor

155 2303 376 2344 Procuratores,
392 2316 462 2337 curn
482 2305 605 2344 plenaria
622 2304 764 2336 Potestate
782 2304 815 2335 ad
841 2304 870 2334 C
879 2315 899 2335 o
914 2313 934 2335 Ν
946 2314 963 2335 c
972 2315 992 2335 o
1005 2314 1028 2335 R
1039 2314 1060 2334 ι)
1070 2315 1090 2335 Α
1102 2314 1124 2335 N
1136 2314 1156 2335 D
1165 2314 1186 2335 U
1200 2313 1227 2336 M

151 2342 188 2374 de
203 2345 292 2376 modo
312 2345 467 2376 solutionis
502 2345 635 2375 Summe
653 2345 681 2375 xl
698 2343 747 2375 M.
763 2343 922 2374 Nobilium
941 2343 1147 2381 praedistorurn
1192 2345 1225 2376 &

157 2383 186 2413 in
203 2383 287 2414 Festo
303 2383 483 2415 Pentecostes
498 2384 630 2421 proxime
643 2382 758 2421 futuro,
777 2383 821 2412 vel
838 2383 867 2411 in
884 2381 1034 2420 Crastino,
1052 2382 1130 2413 salvis
1154 2366 1231 2413 Prae-

158 2422 245 2453 miffis
266 2422 544 2454 Concounus
563 2422 596 2453 &
615 2421 974 2464 Votuumrinus
992 2420 1103 2460 nostris,
1119 2431 1185 2460 quas
1202 2423 1232 2452 in

156 2459 208 2492 suo
221 2462 324 2493 robore
341 2462 473 2492 volumus
486 2471 651 2499 permanere
663 2461 696 2492 &
713 2461 866 2491 efficaciter
885 2459 994 2490 servari.

195 2500 378 2541 Quinymmo
398 2500 423 2531 A
435 2508 475 2539 DJ
486 2509 559 2531 cci·
570 2509 593 2530 υ
604 2508 632 2530 M
651 2499 708 2537 est,
727 2501 761 2531 &
773 2508 807 2530 cx
818 2498 898 2528 nesse
918 2497 940 2528 P
951 2502 1004 2530 R'o
1015 2507 1042 2529 M
1054 2507 1140 2529 issu
1153 2500 1229 2531 M&

157 2537 216 2569 Co
230 2548 252 2570 N
263 2549 278 2568 c
288 2550 308 2570 o
319 2549 341 2570 R
354 2549 375 2569 D
386 2548 467 2570 ATU
480 2547 505 2569 tvl
524 2538 580 2575 est,
599 2538 678 2577 quod
699 2539 774 2569 circa
822 2539 985 2571 ariationem
996 2560 1004 2576 ,
1023 2537 1228 2577 Mutationem,

155 2576 391 2616 Suspenfionem,
413 2578 457 2608 vel
483 2577 689 2608 infractionem
709 2576 851 2615 saepeditsti
872 2578 1009 2615 concepti
1031 2576 1231 2617 Matrimonii,

157 2616 247 2647 nichil
266 2617 378 2647 interim
397 2616 497 2647 debeat
517 2617 660 2653 inmutari,
680 2618 811 2654 quozltue
831 2615 1012 2646 Familiarims
1032 2616 1065 2646 δε
1084 2615 1231 2656 Amicitia,

158 2656 231 2685 inter
255 2654 422 2693 saepedictos
446 2654 544 2692 Reges
562 2665 611 2692 per
630 2654 719 2692 ipsum
745 2626 968 2685 Matrimonium
986 2655 1046 2693 jam
1068 2656 1232 2695 contracta,

157 2694 188 2724 in
207 2693 285 2725 nullo
300 2694 399 2724 debeat
417 2694 514 2725 medio
532 2702 662 2731 tempore
681 2693 776 2723 violari
797 2693 840 2723 seu
859 2693 990 2731 diminui,
1008 2692 1053 2723 sed
1074 2695 1167 2731 potius
1181 2705 1230 2725 au-

155 2734 234 2772 geri,
251 2732 326 2762 silvo
344 2732 451 2770 semper
469 2732 548 2772 quod
567 2733 595 2761 in
617 2734 632 2748 ⁸
655 2731 823 2769 Domi-aco,
851 2731 886 2761 de
903 2732 961 2769 ipso
988 2733 1079 2762 modo
1105 2731 1230 2763 Solutio-

159 2772 202 2801 nis
239 2772 320 2811 ipiius
346 2772 473 2802 Surrniae
500 2771 526 2801 xl
553 2769 601 2800 M.
617 2769 785 2801 Noblilium
807 2780 856 2807 per
883 2771 955 2807 ipsos
974 2770 1172 2801 Procuratores
1201 2773 1230 2802 in

159 2818 222 2841 toto
253 2810 496 2841 Conconne
509 2818 617 2848 TUR,
651 2810 684 2840 δε
712 2819 763 2848 ea,
794 2810 831 2839 de
856 2810 956 2847 quibus
979 2809 1087 2838 ibidem
1114 2809 1229 2840 Con-

157 2858 174 2879 c
185 2859 204 2879 o
216 2858 240 2881 R.
250 2857 299 2880 DA
308 2858 331 2880 τ
342 2858 364 2879 υ
376 2857 401 2878 Μ
419 2849 451 2880 &
471 2847 500 2879 C
510 2859 530 2879 o
542 2857 565 2878 N
575 2857 620 2878 ve
631 2857 653 2878 N
665 2857 688 2877 τ
699 2857 722 2877 U
734 2857 758 2877 §.1
777 2847 873 2886 fucrit,
893 2847 1100 2886 ligzillabunzur,
1118 2848 1227 2879 nedum

158 2888 392 2926 procuratorum,
411 2887 446 2917 ab
465 2895 579 2925 utraque
595 2895 669 2924 parte
689 2886 753 2917 illuc
775 2885 989 2925 mittendorum,
1009 2886 1053 2916 led
1072 2897 1121 2924 per
1142 2887 1230 2917 utros-

179 2936 213 2957 ue
232 2925 316 2956 Duos
336 2926 429 2965 Reges
448 2926 480 2956 &
502 2925 658 2963 Dominos,
666 2924 699 2955 ad
718 2925 776 2955 hoc
794 2926 880 2955 ctiam
900 2925 935 2955 dc
955 2925 1092 2964 utriusque
1110 2925 1229 2963 Regum

192 2965 269 3004 egnis
289 2965 452 3001 eligendos,
473 2964 576 3004 Sigillis
587 2986 596 3002 ,
622 2965 656 2995 &
681 2963 797 3002 Moffls,
823 2963 1032 3003 Firmitatibus,
1059 2965 1102 2995 vel
1132 2964 1231 2996 Poenis

159 3004 314 3042 congruis,
332 3004 365 3034 &
381 3004 488 3034 ibidem
511 3002 710 3040 exprimendis.

196 3041 230 3072 In
245 3052 367 3081 quorum
384 3044 518 3072 omnium
541 3043 574 3072 &
595 3041 767 3080 singulorum
784 3041 997 3079 testimonium,
1017 3041 1110 3081 Sigilla
1135 3042 1230 3073 nostra

157 3080 203 3111 scu
221 3081 370 3119 cujussibet
385 3079 517 3112 nostrum
532 3079 717 3111 Praesentibus
732 3080 862 3110 duximus
875 3080 1057 3120 appendenda
1076 3081 1108 3111 δε
1124 3091 1230 3120 appen-

158 3119 252 3149 dimus
265 3118 380 3150 eisdem.

234 3156 299 3187 Dat.
319 3158 486 3196 Londoniae,
514 3156 603 3190 Anno
625 3157 661 3187 ab
684 3155 884 3188 Incarnatione
908 3157 1052 3197 Domini,
1078 3157 1231 3189 secundum

158 3196 262 3226 Stilum
284 3196 419 3227 Ecclesiae
441 3195 627 3233 Anvlicanae,
659 3195 830 3234 millesimo,
858 3197 1148 3235 Quadringentelimo
1172 3197 1234 3229 Pri-

160 3243 230 3273 mo,
248 3234 354 3266 Mensis
373 3234 471 3266 Martii
488 3220 534 3265 die
552 3233 678 3272 septims.

480 3310 664 3351 confirmatur
686 3319 722 3342 12
741 3311 783 3340 die
806 3310 933 3351 Augusti.

160 3441 178 3453 k

417 3458 467 3490 De
493 3454 712 3489 Delibat-atione
734 3459 852 3503 Adagni
874 3457 985 3503 Stgilli.

250 3543 276 3575 E
289 3552 315 3575 Μ
326 3555 346 3574 0
356 3553 378 3573 R
390 3553 408 3573 Α
418 3550 440 3571 Ν
452 3550 472 3571 D
482 3549 504 3571 U
515 3550 542 3572 M
561 3541 650 3582 quad,
669 3543 750 3571 Nono
770 3541 812 3570 dte
835 3545 959 3580 Martii,
980 3545 1068 3572 Anno
1089 3543 1235 3582 praefi’nti,

169 3551 240 3613 M
256 3583 400 3622 Johannes
413 3579 448 3610 de
464 3579 558 3610 Scarle
571 3579 704 3617 Clericus,
723 3588 785 3609 tum
802 3580 983 3610 cancellarius
995 3581 1120 3620 Angliae,
1135 3586 1164 3612 in
1178 3583 1236 3621 ple-

170 3632 203 3650 no
218 3621 418 3657 Parliamento,
438 3621 571 3653 Magnum
586 3618 709 3655 Sigillum
723 3617 800 3658 ipfius
821 3622 934 3648 Domini
955 3622 1031 3657 Regis
1041 3643 1049 3657 ,
1065 3624 1094 3649 in
1115 3621 1234 3661 quadam

168 3659 248 3696 Baga‘
269 3661 300 3688 de
318 3663 411 3696 Corio,
429 3656 518 3693 Sigillo
528 3658 654 3694 praea'iHi
672 3656 815 3695 Johannir
832 3657 980 3696 Sigillatd,
1001 3658 1148 3698 imlufitm,
1164 3668 1236 3698 prae-

151 3696 226 3765 {ato
239 3701 354 3764 Dymno
367 3699 443 3734 Regi,
459 3695 491 3724 de
504 3696 636 3726 mandato
642 3697 705 3735 suo,
722 3699 793 3725 circa
805 3695 900 3725 horam
914 3696 1043 3726 decimam
1059 3705 1126 3728 ante
1142 3701 1234 3729 Pran-

182 3739 235 3765 ium
278 3737 415 3765 iberavit:

204 3758 264 3810 ,9Ᾰί
278 3775 383 3815 quidem
396 3778 525 3804 Dominus
543 3776 602 3803 Rex
621 3771 741 3810 Sigillum
754 3773 915 3810 praedic‘lum
934 3772 969 3802 ab
995 3774 1083 3803 eodem
1099 3774 1233 3813 Johanne

166 3815 278 3849 recepit,
304 3812 341 3846 &t
360 3813 442 3851 illud,
485 3824 512 3842 er
529 3822 624 3841 manus
641 3812 708 3849 suas
722 3814 845 3849 proprias·
865 3811 1017 3842 Venerabili
1043 3815 1146 3851 Patri,
1171 3813 1233 3845 Ed-

167 3849 277 3881 rnundo
295 3850 440 3889 Episcopo
459 3821 580 3881 igi-onice
598 3853 776 3879 incontinenti
793 3851 926 3885 traditam·
945 3850 983 3884 ὠ
999 3853 1056 3889 ejus
1075 3854 1234 3882 Sacramen-

167 3896 227 3919 tum
244 3889 276 3917 de
296 3888 389 3927 Officio
408 3889 569 3919 Cancellarii
587 3888 651 3918 bene
669 3886 706 3922 ῥ’
715 3886 839 3927 fideliter
854 3886 986 3927 faciendo
1005 3893 1033 3919 in
1046 3888 1143 3929 forma
1160 3891 1233 3921 debi-

168 3935 200 3957 ta
216 3938 242 3956 ce
258 3934 297 3955 it:

204 3936 297 4003 Etpfic
315 3974 344 3992 er
366 3964 411 3993 hoc
425 3965 493 3994 idem
508 3963 646 4008 Epiftopur
669 3965 770 3994 dic‘i‘um
785 3963 922 4003 Sigillum,
936 3973 983 4002 per
1005 3963 1087 4004 iincm
1096 3965 1135 4006 fic
1150 3975 1235 4007 recep-

169 4011 246 4042 tum,
263 3972 314 4041 usp
313 4013 343 4032 ue
362 4003 402 4031 ad
415 4005 459 4032 Ho
470 4007 567 4041 pitium
586 4005 663 4041 [uum
677 4007 706 4032 in
720 4002 850 4032 Subur-bio
865 4004 1013 4032 Londoniae
1029 4003 1121 4043 secum
1136 4005 1237 4044 deferri

167 4042 254 4080 fecit,
275 4013 313 4077 &qa
339 4044 369 4070 in
388 4044 442 4070 Cra
467 4045 527 4078 ino,
552 4049 615 4071 tunc
625 4040 748 4080 proximo
760 4039 906 4079 sequenti,
929 4043 1032 4071 didam
1051 4046 1175 4082 Bagam,
1194 4048 1237 4074 Si-

163 4080 230 4119 gillo
241 4080 369 4120 praedic‘li
388 4078 430 4118 Jo
438 4083 529 4109 ‚vannis
540 4079 580 4119 fic
590 4079 758 4119 sigillatam,
775 4083 845 4110 circa
861 4079 955 4110 horam
963 4084 1099 4119 primam,
1116 4085 1145 4111 in
1168 4085 1237 4112 Mn-

1490 601 1542 635 De
1564 597 1712 636 veniendo
1736 598 1783 633 ad
1797 599 1986 647 prefintiam
2009 600 2110 646 Regis.

1325 685 1412 726 EX,
1430 686 1539 718 dilecto
1561 685 1613 717 fibi
1636 687 1665 716 in
1687 684 1826 724 Christo,
1846 684 1935 716 Fratri
1959 683 2082 715 Wltero
2102 685 2231 718 Grendon
2250 684 2344 718 Priori
2359 680 2433 714 Ann-
2447 681 2494 715 D.
2540 724 2549 733 δ

1343 725 1497 766 Hospitalis
1519 724 1617 756 saneti
1639 725 1778 764 johannis
1795 723 1947 765 Jerusalem
1969 724 2000 754 in
2023 722 2144 764 Anglia,
2167 726 2199 756 in
2219 727 2344 765 partibus
2385 730 2472 760 1401.

1259 765 1470 796 Transmarinis
1483 763 1628 802 existenti,
1649 764 1784 795 Salutem.
2355 763 2408 788 An.
2428 771 2455 789 2.

1300 803 1481 843 Quibusdam
1497 804 1579 834 certis
1591 803 1627 833 de
1641 802 1757 841 Cauiis,
1776 812 1829 833 nos
1843 800 1996 840 specialiter
2011 801 2194 833 moventibus
2213 803 2292 843 (quas
2309 805 2340 837 in
2359 804 2392 827 H.
2415 810 2445 835 4-

1261 841 1396 874 Adventu
1411 842 1507 873 vestro
1520 843 1602 872 vobis
1618 842 1777 880 exprimere
1793 840 1977 878 intendimus)
1998 841 2092 879 vobis,
2111 842 2139 872 in
2154 841 2224 874 Fide
2240 845 2274 876 &
2290 843 2344 876 Li·
2357 842 2417 866 ΡΜ·
2427 849 2453 866 2·

1265 882 1378 920 geantia
1392 882 1494 920 quibus
1508 882 1590 912 nobis
1606 880 1762 918 tenemini,
1780 879 1937 910 districtius
1981 889 2017 910 uo
2033 879 2192 920 poll'umus,
2215 881 2344 923 Injungi-
2359 881 2393 904 H·
2409 887 2437 913 4-
2446 883 2470 914 p.

1264 931 1329 952 mus
1348 922 1382 952 &
1399 920 1570 952 Mandamus
1593 919 1690 958 quod,
1710 918 1935 959 quibuscumque
1958 890 2190 950 {recusationibus
2211 920 2344 954 ceffinti.
2364 925 2435 948 ¹.m·
2447 925 2488 944 ¹2-

1263 961 1331 999 bus,
1351 961 1385 992 &
1407 960 1542 990 omnibus
1562 958 1620 989 aliis
1642 956 1855 996 Praetermiffis,
1873 956 2027 988 nobiscum
2039 980 2049 996 ,
2065 959 2095 989 in
2114 957 2220 998 Regno
2241 961 2342 993 nostro

1263 998 1398 1037 Angiiae,
1421 1008 1491 1029 cum
1513 998 1595 1028 omni
1618 996 1795 1028 festinatione
1815 994 1941 1034 poffibili
1984 996 2164 1036 personaliter
2190 999 2342 1039 interfitis3

1262 1037 1381 1068 scientes
1395 1037 1476 1075 quod
1492 1036 1660 1067 Adventum
1674 1034 1820 1073 vestrum,
1838 1034 1908 1065 ultra
1931 1018 2032 1066 Dietas
2054 1036 2231 1069 rationabiles
2252 1038 2342 1071 Itine-

1263 1077 1316 1116 ris,
1333 1075 1461 1108 exculare
1476 1075 1608 1106 nolumus
1621 1075 1724 1115 quovis
1744 1073 1846 1104 modo.

1341 1115 1432 1147 Teste
1450 1113 1535 1154 Rege
1553 1113 1627 1153 apud
1646 1112 1923 1153 Wstmonasterium‚
1940 1111 2062 1144 decimo
2079 1111 2127 1144 die
2147 1111 2257 1145 Mami.

2030 1191 2084 1220 Per
2100 1189 2185 1230 ipsm
2202 1193 2308 1231 Regem.

1548 1315 1597 1352 De
1619 1316 1839 1351 Pardonatione
1863 1313 2064 1360 Wallcnstum.

1267 1403 1392 1460 REX
1408 1404 1546 1435 omnibus
1563 1403 1674 1436 Ballivis
1691 1404 1726 1435 &
1745 1402 1888 1435 Fidelibus
1907 1402 1978 1443 suiS,
1995 1403 2031 1435 ad
2049 1413 2139 1444 qum,
2157 1404 2220 1436 &c.
2257 1405 2341 1438 Salu-
2359 1407 2437 1440 Anti.
2450 1408 2494 1444 D.

1343 1452 1414 1488 tem.
1468 1482 1476 1489 ξ
2380 1457 2471 1487 1401.

1304 1481 1406 1514 Sciatis
1423 1480 1523 1527 quod,
2357 1491 2412 1515 Aa.
2429 1499 2457 1517 2.

1304 1519 1355 1552 De
1368 1520 1472 1565 Gratia
1487 1519 1585 1565 nostri
1600 1520 1728 1560 speciali,
1744 1520 1785 1564 &t
1801 1519 1836 1551 ad
1854 1519 2102 1564 Supplicationem
2125 1520 2260 1554 cariffimi
2280 1521 2343 1554 Pri·
2361 1530 2398 1555 H.
2412 1538 2443 1563 4·

1266 1561 1413 1597 mogeniti
1424 1559 1513 1590 nostri
1527 1562 1643 1590 Henrici
1658 1559 1800 1603 Principis
1815 1558 1857 1589 W
1860 1559 1931 1590 alliae
1940 1581 1951 1597 ‚
2362 1569 2422 1594 Pac.
2449 1576 2477 1595 2.

1303 1598 1544 1637 Pardonavimus,
1563 1607 1702 1637 quantum
1718 1608 1747 1628 m
1762 1598 1846 1628 nobis
1867 1597 1927 1636 est,
1945 1598 2084 1629 omnibus
2100 1599 2135 1631 δε
2157 1598 2271 1638 fingulis
2294 1601 2347 1632 Li-
2361 1607 2497 1643 H.4.p.2.

1267 1638 1329 1675 geis
1345 1638 1378 1669 &
1393 1637 1520 1669 Subditis
1533 1637 1635 1668 nostris
1651 1636 1854 1668 Comitatuum
1869 1634 2065 1676 Caernervan,
2084 1637 2254 1679 Angleseye,
2273 1639 2345 1672 Me·
2358 1653 2394 1671 m.
2406 1652 2449 1674 ιο.

1266 1677 1407 1717 rynneth,
1426 1678 1461 1709 &
1475 1676 1512 1708 de
1530 1675 1678 1716 Dynbegh
1702 1677 1732 1706 in
1751 1675 1963 1719 Northwallifi,
1978 1674 2096 1707 Sectam
2120 1675 2202 1708 Pacis
2221 1677 2346 1719 nostrae,

1266 1726 1331 1754 quae
1342 1716 1382 1761 ‘ad
1399 1715 1576 1761 Nos-yersus
1590 1715 1664 1754 ipsos
1677 1716 1711 1747 ὃς
1728 1724 1830 1758 eorum
1840 1713 2002 1758 *quemlibet
2026 1715 2162 1759 pertinet,
2180 1725 2234 1755 pro
2247 1719 2347 1749 omni-

1268 1752 2182 1832 ¹333&gffifflb‘2⁵33„222132‘03320ffffignffi'gflrgggssggg
2208 1755 2331 1827 Fel⁰i¹¹i⁵
2338 1780 2349 1796 ²

1268 1841 1315 1863 aut
1335 1842 1436 1864 eorum
1460 1817 1598 1871 aliquem.
1619 1844 1634 1863 a
1653 1832 1738 1863 Festo
1761 1817 1860 1862 Sancti
1879 1830 2009 1870 Hillarii,
2029 1831 2117 1862 Anno
2139 1805 2247 1871 Regi-iie
2255 1805 2348 1866 ngstssis

1268 1870 1387 1910 Primo,
1407 1871 1491 1911 usque
1510 1872 1528 1891 ²*
1546 1871 1580 1903 ad
1600 1871 1718 1903 Festum
1733 1870 1903 1909 Epiphaniae
1919 1869 2042 1901 Domini
2058 1872 2196 1908 proximo
2219 1876 2347 1911 praeteri-
2362 1865 2380 1885 *
2410 1867 2494 1896 Vln·

1268 1918 1351 1949 tum,
1369 1919 1470 1942 contra
1486 1911 1613 1942 nostram
1632 1910 1753 1950 Regiam
1771 1908 1980 1949 magestatem,
1998 1909 2031 1940 &
2054 1909 2230 1949 Ligeantiam
2252 1912 2328 1944 suam
2382 1905 2444 1934 ¹8²·

1292 1948 1512 2019 ualitercumqsu?
1532 1949 1614 1982 factis
1633 1951 1667 1983 &
1691 1950 1869 1989 perpetratis,
1884 1948 1959 1979 unde
1983 1947 2132 1988 Indic‘tati,
2150 1949 2286 1992 Rectati,
2304 1963 2340 1984 ve

1302 1988 1630 2066 llxpgfleiitilir‘iimUtillztg'arite
1639 2051 1648 2067 ‚
1668 2027 1687 2059 fi
1704 2037 1768 2066 quae
1783 2027 1812 2057 in
1826 2025 1900 2065 ipsos
1913 2034 1960 2057 aut
1974 2036 2076 2058 eorum
2090 2026 2216 2067 aliquem
2231 2028 2285 2060 hiis
2299 2040 2352 2062 oc-

1271 2066 1428 2098 casionibus
1446 2067 1548 2099 fuerint
1563 2067 1770 2106 promulgatae,

1272 2105 1480 2175 digltssfirmam
1499 2105 1605 2137 Pacem
1624 2106 1750 2137 nostram
1765 2107 1804 2136 eis
1819 2106 1854 2137 &
1878 2103 1995 2135 cuilibet
2017 2114 2119 2136 eorum
2144 2105 2212 2138 inde
2231 2106 2352 2140 Conce⁴

1307 2168 1489 2214 Durntamen
1503 2193 1569 2221 erga
1583 2183 1690 2215 Nos&
1708 2182 1887 2221 Ligeantiam
1903 2181 1981 2214 suam
1995 2183 2070 2213 ben'e
2085 2184 2119 2215 δε
2133 2182 2249 2216 fideliter
2261 2185 2288 2218 se
2302 2195 2351 2227 ge-

1271 2231 1332 2253 rant
1348 2223 1381 2254 &
1397 2223 1517 2254 habeant
1535 2225 1563 2253 in
1580 2223 1723 2253 futurum:

1308 2261 1349 2292 Ita
1370 2271 1464 2292 tamen
1484 2263 1564 2300 quod
1583 2262 1657 2292 stent
1677 2260 1776 2292 Resto
1794 2261 1824 2290 in
1845 2259 1935 2291 Curii
1951 2259 2066 2298 nostra,
2083 2259 2104 2291 fi
2120 2262 2180 2301 qui,
2198 2263 2294 2294 versus
2305 2275 2354 2296 eos

1270 2300 1437 2370 ἕξΙΠὲῗὲιγιῃῐῑῗ
1455 2301 1592 2340 aliquem,
1610 2301 1693 2340 loqui
1713 2300 1858 2331 voluerint
1875 2299 1912 2330 de
1929 2297 2083 2330 Praemissis
2101 2301 2147 2332 vel
2163 2301 2260 2341 aliquo
2279 2304 2357 2336 Prae-

1309 2377 1369 2409 Sub
1394 2363 1447 2409 hac
1467 2386 1562 2409 autem
1587 2376 1932 2412 Pardonationisdnostrae
1956 2376 2074 2416 Gratia,
2093 2389 2148 2410 nec
2166 2382 2304 2420 Owynum
2322 2383 2353 2412 de

1270 2416 1458 2457 Glendourdy,
1473 2421 1548 2447 Reez
1563 2425 1597 2462 ap
1613 2417 1737 2461 Tuaour,
1754 2414 1934 2461 Willielmum
1948 2424 1982 2455 ap
1997 2418 2119 2456 Tudour,
2139 2428 2194 2450 nec
2215 2419 2278 2450 illos
2300 2431 2355 2451 vo-

1271 2456 1364 2487 lumus
1379 2457 1585 2495 comprehendi
1596 2478 1605 2494 ,
1623 2466 1683 2497 qui,
1704 2453 1918 2486 Praemifforum
1933 2455 2096 2494 occasione,
2113 2457 2159 2489 seu
2171 2457 2288 2496 alicujus
2301 2470 2354 2491 eo-

1272 2505 1338 2525 rum
1348 2518 1357 2533 ,
1376 2496 1453 2540 capti
1468 2495 1571 2526 fuerint
1587 2496 1621 2528 &
1638 2494 1742 2538 modo⁴
1750 2495 1779 2524 in
1802 2492 1942 2539 Custodia
1963 2493 2144 2535 detinentur,
2160 2504 2208 2528 aut
2222 2497 2287 2529 illos
2303 2498 2352 2538 qui

1269 2534 1444 2603 hafienusm
1464 2533 1637 2604 {rebellione
1655 2532 1817 2571 hu1u1m0d1
1832 2532 2021 2572 perlistebant.

1323 2583 1442 2642 nTcgffits
1450 2583 1540 2651 ’Regcc
1557 2610 1630 2652 apud
1650 2609 1928 2652 Wstmonasterium,
1943 2609 2061 2641 decimo
2076 2609 2123 2641 die
2139 2610 2248 2644 Martii.

1812 2690 1868 2718 Per
1883 2686 1967 2727 ipficm
1984 2690 2083 2726 Regem
2104 2687 2144 2724 ὠ
2159 2689 2314 2722 Concilium.

1307 2770 1478 2802 Consimiles
1497 2770 1607 2801 Lireras
1622 2768 1714 2807 Regis
1731 2768 1767 2800 de
1781 2768 1989 2801 Pardonatione
2004 2768 2108 2800 habent
2124 2768 2160 2800 Li
2183 2772 2209 2801 ei
2226 2772 2260 2803 &
2276 2772 2353 2805 Sub-

1269 2810 1322 2841 diti
1339 2810 1429 2851 Regis
1446 2808 1613 2852 Comitatus
1632 2808 1668 2839 de
1686 2808 1770 2848 Flynt
1781 2809 1811 2838 in
1826 2807 1953 2847 Wauifi,
1971 2808 2023 2839 sub
2043 2807 2144 2839 eadem
2191 2810 2246 2842 ata.

1807 2887 1861 2914 Per
1879 2884 1961 2926 ipsimi
1977 2887 2074 2924 Regem
2094 2883 2132 2920 ό·
2152 2886 2308 2920 Οοηὶίίὶιινι.

1308 2963 1480 2996 Consimiles
1496 2964 1601 2995 Literas
1616 2962 1709 3001 Regis
1722 2961 1758 2993 de
1775 2962 1985 2993 Pardonatione
2001 2962 2107 2994 habent
2124 2962 2214 3002 Ligei
2227 2965 2261 2996 &
2276 2965 2352 2998 Sub-

1269 3003 1320 3033 diti
1338 3003 1382 3032 Re
1406 3005 1443 3041 is,
1464 3003 1500 3034 de
1516 3003 1664 3034 Dominio
1680 3001 1789 3032 Thomae
1807 3005 1919 3033 Comitis
1934 3000 2109 3040 Arundellae‚
2126 3002 2163 3033 de
2177 3001 2297 3042 Chirke‚
2315 3006 2350 3038 ὅ(

1272 3041 1382 3073 Chii-ke
1393 3042 1464 3073 ande
1478 3043 1507 3072 in
1522 3041 1640 3072 Wallia.

1345 3080 1432 3112 Teste
1445 3080 1532 3120 Rege
1545 3079 1620 3119 apud
1637 3077 1914 3119 Wstmonasterium‚
1933 3078 2011 3110 sexto
2024 3076 2072 3108 die
2086 3076 2172 3110 Maii.

1824 3157 1879 3186 Per
1895 3154 1980 3196 ipficm
1994 3157 2091 3194 Regem
2105 3154 2144 3192 ὠν
2160 3156 2315 3191 Concilium.

1312 3233 1485 3265 Consimiles
1501 3233 1607 3265 Literas
1622 3232 1715 3271 Regis
1729 3233 1765 3263 de
1779 3232 1990 3264 Pardonatione
2010 3232 2115 3264 habent
2129 3232 2215 3272 Ligei
2229 3235 2263 3267 &
2278 3235 2354 3268 Sub·-

1275 3274 1327 3304 diti
1350 3273 1457 3311 Regis,
1475 3273 1510 3303 de
1531 3273 1692 3310 Dominio,
1716 3272 1814 3303 dilecti
1837 3273 1871 3303 &
1894 3270 1980 3302 fidelis
2003 3270 2219 3309 Consanguinei
2241 3273 2355 3314 Regis,

1274 3312 1384 3356 Thorizae
1401 3315 1511 3358 Comitis
1525 3311 1710 3350 Arunaellae,
1729 3311 1766 3341 dc
1783 3310 1947 3349 Bromfeld,
1961 3308 2050 3349 Yale‚
2065 3312 2099 3342 δε
2115 3310 2353 3346 oswestrehund·

1276 3351 1326 3382 red
1343 3351 1448 3420 ²321,ss
1448 3350 1538 3427 Iliaege
1549 3388 1622 3428 apud
1641 3386 1917 3428 Wcstmonasterium,
1935 3387 2054 3420 decimo
2069 3388 2114 3419 die
2131 3387 2218 3420 Maii.

1814 3466 1867 3495 Per
1880 3464 1968 3509 gpfiaem
1990 3466 2087 3504 Regem
2102 3463 2140 3500 ὠ·
2153 3465 2308 3499 Concilium.

1311 3543 1483 3574 Confimiles
1516 3539 1622 3574 Literas
1649 3541 1743 3579 Regis
1768 3540 1804 3572 de
1830 3541 2039 3573 Pardonatione
2069 3542 2174 3574 habent
2206 3543 2290 3584 Ligei
2314 3547 2349 3578 ὃς

1274 3583 1387 3614 Subditi
1413 3581 1500 3612 Reois
1522 3583 1558 3612 de
1585 3581 1733 3612 Dominio
1765 3581 1844 3625 quod
1868 3581 1923 3612 fuit
1943 3581 2088 3621 Johannis
2118 3592 2156 3612 nu
2177 3592 2207 3612 er
2233 3586 2353 3614 Domini-

1273 3621 1423 3666 Lestrqrzge
1447 3607 1482 3652 dne
1509 3620 1639 3660 Knokyn
1665 3619 1813 3659 defunthi,
1838 3620 1874 3651 de
1903 3619 2063 3651 Hundredo
2087 3619 2123 3651 de
2167 3620 2295 3654 llesmere
2313 3624 2344 3653 in

1275 3661 1435 3730 walllgeste
1454 3697 1540 3736 Rege
1559 3697 1633 3736 apud
1654 3695 1933 3737 Wstmonasterium,
1957 3695 2077 3728 decimo
2098 3697 2178 3730 sexto
2196 3697 2243 3730 die
2261 3697 2345 3730 Maii.

1806 3775 1861 3804 Per
1878 3772 1962 3814 ipficm
1979 3776 2078 3813 Regem
2092 3772 2132 3810 ῤ’
2146 3773 2307 3807 Concilium.

1307 3851 1477 3883 Consimiles
1492 3850 1600 3882 Literas
1615 3849 1708 3888 Regis
1722 3850 1759 3882 de
1774 3850 1983 3882 Pardonatione
1998 3851 2104 3882 habent
2124 3848 2158 3881 L·
2179 3851 2205 3881 ei
2219 3853 2253 3884 δε
2269 3853 2345 3884 Sub-

1272 3891 1325 3922 diti
1339 3890 1449 3928 Regis,
1468 3889 1504 3920 de
1520 3889 1666 3920 Dominio
1681 3889 1803 3920 Fulconis
1818 3892 1886 3919 Fitz
1902 3891 2008 3929 Waryn
2021 3889 2138 3928 Militis,
2175 3899 2192 3921 e
2207 3890 2349 3924 Hundre-

1272 3930 1312 3961 do
1327 3928 1377 3960 suo
1392 3930 1428 3958 de
1446 3928 1643 3970 Whityngton
1657 3929 1686 3958 in
1702 3927 1818 3959 Wallia.

1346 3966 1436 3999 Teste
1447 3967 1532 4005 Rege
1546 3966 1621 4005 apud
1638 3965 1915 4007 W’stmonasterium,
1933 3964 2072 3996 vicefimo
2084 3966 2186 4006 quinto
2199 3966 2247 3998 die
2257 3967 2349 4008 Junii.

1810 4044 1866 4073 Per
1885 4040 1970 4082 ipfiam
1988 4044 2086 4084 Regem
2102 4040 2142 4079 ὀ·
2159 4042 2316 4076 Concilium.

2270 4123 2354 4161 Syper

2552 1903 2561 1945 i
