2561 4251
668 118 1916 173 CONVENTIONE85L1TERAE;

48 1101 86 1119 m.
101 1101 145 1127 27.

47 2356 124 2386 Ann.
141 2353 181 2385 D.

70 2403 153 2432 ¹377·

46 2437 100 2462 An.
120 2443 142 2460 ι.

45 2477 76 2500 R.
98 2482 122 2500 2.

46 2511 133 2547 Claus.
156 2521 180 2540 ι,

47 2553 76 2576 R.
95 2559 164 2577 2.m.

48 2589 138 2623 31.d.

50 3544 66 3560 ¹⁸
89 3546 155 3572 Vll.

53 3591 115 3617 ¹77·

211 145 233 185 7
241 143 267 174 Ο

59 215 187 249 Arri.D.
208 218 349 256 dimenta,
375 215 408 246 ad
429 213 520 258 diCtos
545 210 636 242 Diem
656 212 689 243 &
712 212 828 243 Locum
849 209 1006 247 Marchiae‚
1030 206 1124 238 abesse
1143 207 1272 245 contige-
2353 209 2355 211 ·
2393 200 2536 246 AnssD-‚g

79 264 164 295 1377.
210 258 263 294 rit,
282 265 366 291 tunc,
382 251 535 294 carissimus
558 250 725 288 Avunculus
747 250 859 286 noster,
878 247 1037 292 qumundus
1059 250 1147 276 Comes
1169 249 1271 275 Cante-
2412 259 2497 290 ¹377-

57 296 110 322 Ric.
127 304 157 325 2·
209 296 302 332 brigiae
317 293 349 324 ad
364 292 454 321 &510⁸
466 289 556 319 Dffim
572 289 755 335 &LQC‘1m2
773 287 807 318 ad
822 286 960 332 Pl'aemlssa
975 294 1010 331 ‘3³‘
1024 294 1101 323 parte
1113 284 1208 329 nostra
1229 283 1270 314 fa·
1409 292 1458 324 De
1475 288 1726 333 Proteslionibus,
1743 300 1800 337 pro
1819 292 1974 324 Comitiva
1992 291 2089 326 Ducis
2104 296 2273 330 Britanniae.
2387 291 2444 319 Μ’·
2464 302 2490 321 ²·
2520 291 2537 319 ’ὅ

210 334 309 364 cienda
328 333 360 363 δε
383 328 534 366 explenda,
556 327 642 358 Loco
663 327 744 365 ipsius
761 325 902 365 Johanms
924 327 1002 362 Regu
1026 322 1166 363 Castellae,
1183 329 1270 352 inter-

208 373 352 454 ‘fitlbantes
375 406 467 436 eidem
492 408 588 435 Comiti
610 403 788 440 Cantebrigiae
809 401 928 447 eandem
949 400 1123 445 Potestatem
1138 425 1148 438 ,
1180 409 1267 437 quam
1305 375 1469 448 Jofkgffi?
1479 375 1866 453 {ggg’qyoffissgfecssffiff
1873 375 1967 445 ἓξὲξ
1961 376 2369 460 nitig,csgffriatile31{r{agsssgg.i
2383 386 2486 451 ἔπ’-’5

206 448 280 478 idem
291 445 514 489 Johanneisee
523 442 663 485 Castellge,
682 451 716 472 ex
733 450 808 480 parte
821 441 935 479 nostra,
950 451 980 470 iri
996 441 1050 471 hac
1068 447 1162 478 parte,
1180 439 1268 469 habe—
1309 453 1405 483 &urus
1426 452 1467 483 est
1481 477 1491 491 ²
1515 454 1600 483 habet
1623 453 1728 484 Lioeras
1749 452 1838 492 Regis
1857 453 1894 484 de
1913 453 2099 485 Proteetione
2111 478 2122 492 ,
2150 466 2219 489 cum
2239 459 2369 492 clausula
2385 464 2460 489 Fran.
2477 469 2503 493 ¹:

207 493 263 523 rei,
276 483 495 560 ἕὲῗῑῖἓῗὸΰῑῑέῖῖῡεῑ
507 481 656 512 interesset.
1310 495 1339 522 V
1341 493 1555 529 OLUMUS,
1573 490 1659 530 usque
1679 491 1714 522 ad
1733 491 1837 523 festum
1857 491 1972 524 Paschae
1996 493 2130 532 proximo
2145 494 2270 531 futurum
2287 500 2369 532 dura·
2385 501 2416 527 R.
2436 509 2461 529 2.
2479 508 2516 533 mg

237 560 326 591 Teste
340 546 425 600 Reg’e
434 559 508 599 apud
520 556 825 596 lVestmonafflrium,
844 557 982 590 vicesimo
992 556 1111 594 septimo
1128 555 1175 586 die
1196 553 1267 593 Sep·
1310 539 1432 598 turaspr·
1450 569 1511 600 ἃς.
2306 579 2310 583 .
2385 547 2433 574 ²5·

204 601 329 633 tembris.
942 637 995 665 Per
1007 633 1160 664 Concilium.
1345 607 1437 640 Teste
1450 607 1534 647 Rege
1546 607 1620 647 apud
1631 607 1923 640 Westmonasterium
1931 633 1941 648 ,
1959 609 2077 642 decimo
2088 611 2134 642 die
2148 611 2298 646 Oetobris:

688 715 702 718 ⁶
1065 712 1177 715 VVVVVV
1180 710 1263 714 ‘-
1802 687 1856 714 Per
1870 684 1974 715 Billam
1989 686 2022 716 de
2036 689 2157 718 Privato
2169 689 2268 727 Sigillo.

53 786 67 800 ,,
92 784 159 811 VH.
266 763 293 790 >k
319 765 369 797 De
386 761 566 810 Alligantiis
580 759 726 795 Flandriae
743 758 956 794 Continuana'is
974 761 1010 797 (ῥ’
1026 755 1212 791 Fir-mandis.
1347 763 1517 807 Confimiles
1541 763 1647 808 Literas
1661 762 1767 808 'Regis'
1783 761 1819 807 de
1834 761 2036 807 Protectione,
2054 773 2122 808 cum
2138 764 2266 799 Clausula
2280 767 2375 801 Volua

55 833 64 850 ι
73 824 115 848 ,6,
1311 812 1390 848 mus,
1405 803 1510 847 habent
1524 802 1684 840 subscripti,
1699 812 1747 840 qui
1761 811 1789 831 in
1802 801 1879 846 idem
1891 800 2076 846 obsequium,
2096 812 2126 832 in
2141 803 2286 839 Comitiva
2299 817 2373 846 prae-

49 845 127 892 A'nn,
139 858 180 889 D⁸
203 847 322 905 REX
338 848 499 886 Omnibus,
517 848 551 879 ad
567 857 662 891 quos,
674 847 735 878 διε.
754 846 888 892 Salutem.
1309 842 1357 872 fati
1380 841 1489 879 Ducis,
1507 841 1585 879 supra
1607 839 1868 895 Mare-profestum
1881 839 1961 878 sunt,
1978 850 2029 879 per
2044 840 2121 872 idem
2135 849 2245 882 tempus
2257 844 2370 879 duratu-

71 906 158 937 1377,
300 887 347 918 Ad
355 887 554 932 Tenendum,
573 885 828 929 Continuandum,
845 883 1045 927 firmandum,
1064 882 1097 913 &
1112 881 1265 914 Corrobo-
1309 890 1369 919 raS,
1386 880 1436 911 sub
1451 879 1526 911 Data
1540 879 1705 917 subscripta,
1724 878 1872 916 videlicet,

50 943 102 967 An.
123 947 146 965 1,
199 926 337 965 randum,
353 935 425 957 inter
448 926 516 957 Nos
535 927 568 957 &
588 924 723 956 Subditos
742 923 870 961 nostros,
890 924 923 954 &z
935 921 1119 966 Carissimum
1134 920 1265 952 Consan-
1378 960 1383 965 ἡ

49 982 78 1005 R.
100 986 126 1003 2,
199 966 335 1034 {niueum
348 965 477 1018 nostrum
492 967 619 995 Comitem
633 962 785 1001 Flandriae,
803 963 836 994 &
850 963 939 992 bonas
954 960 1039 991 Villas
1052 960 1108 990 suas
1121 959 1266 1005 Gandaui',
1347 957 1499 987 thhardus
1516 959 1684 996 Baryngton.

48 1020 124 1042 Fran.
141 1025 163 1042 ι,
226 1013 341 1049 rugges,
360 1005 393 1035 ὃ(
414 1003 492 1042 Ipie,
513 1005 547 1035 ὃ(
568 1002 678 1032 Gentes
700 1002 757 1032 suas
779 1000 814 1031 de
836 1001 963 1038 Franco,
988 1000 1022 1030 &
1044 1007 1160 1029 caeteros
1181 1000 1264 1036 ipsius

48 1058 80 1081 R.
90 1060 145 1090 2-P·
160 1063 184 1081 1,
202 1042 330 1074 Comitis
345 1042 492 1080 Subditos,
514 1042 677 1080 Amicitias,
695 1039 875 1079 Alligantias,
888 1037 1124 1076 Conventiones,
1138 1037 1265 1070 &Con-

202 1083 312 1112 cordias
1076 1103 1080 1108 ·

239 1105 322 1152 Inter²
332 1143 342 1157 ,
372 1119 632 1150 excellentissimum
653 1117 818 1156 Principem
835 1140 843 1154 ,
877 1115 1042 1147 Dominum
1065 1115 1242 1146 Edwardum
1255 1138 1266 1154 ,

201 1170 291 1198 nuper
303 1161 398 1196 Regem
415 1161 537 1188 Franciae
553 1157 591 1193 &
606 1156 736 1194 Angliae,
757 1156 854 1186 Avum
869 1154 998 1197 nost-rum
1008 1177 1018 1192 ,
1031 1163 1084 1191 pro
1098 1154 1124 1184 se
1139 1155 1173 1185 &
1190 1154 1265 1185 Sub-

199 1199 264 1229 ditis
284 1197 334 1228 suis
353 1206 388 1227 ex
412 1206 466 1227 una
488 1197 586 1233 Parte,
604 1197 638 1227 ὃς
662 1194 832 1234 praeditstum
849 1192 1102 1232 Conlanguineum
1115 1192 1264 1231 nostrum,

202 1239 237 1268 ὃς
258 1237 332 1266 Tres
351 1237 408 1266 suas
429 1236 516 1266 bonas
532 1235 618 1265 Villas
631 1234 667 1264 de
683 1232 841 1270 Gandauo,
860 1232 980 1271 Bruges,
997 1233 1030 1263 ὅ(
1045 1230 1126 1269 Ipre,
1145 1232 1179 1262 &
1193 1232 1265 1272 ipsos

200 1276 236 1306 de
252 1276 381 1314 Franco,
400 1275 433 1305 &
450 1275 519 1304 alios
534 1273 669 1304 Subditos
681 1272 763 1310 ipsius
775 1271 900 1302 Comitis
915 1280 947 1301 ex
963 1271 1046 1301 altera
1063 1270 1145 1301 Parte
1165 1271 1263 1301 badic-

201 1324 254 1344 nus
276 1314 377 1351 fastais,
400 1314 495 1350 initas,
521 1313 555 1343 &
575 1311 679 1342 diutius
702 1310 874 1348 observatas,
899 1317 984 1348 prout
1006 1310 1035 1338 in
1057 1308 1176 1347 Literis,
1194 1309 1265 1340 dieti

202 1354 261 1383 Avi
281 1352 367 1383 nostri
389 1353 422 1383 &
443 1351 570 1382 Comitis
588 1350 752 1388 memorati,
770 1358 870 1379 eorum
894 1348 1003 1384 magnis
1019 1348 1047 1378 Si
1069 1347 1119 1377 illis
1133 1347 1265 1386 sigillatis,

202 1391 248 1429 (ad
261 1402 327 1430 quas
341 1391 409 1421 Nos
424 1390 582 1427 referimus,
602 1389 635 1420 &
651 1389 697 1419 hic
713 1398 767 1427 pro
788 1387 893 1418 insertis
912 1387 1009 1417 haberi
1060 1386 1184 1425 olumus)
1206 1387 1266 1425 ple-

197 1441 263 1460 nius
279 1439 441 1461 continetur

238 1468 374 1500 Dileetos
391 1470 425 1500 δε
446 1453 555 1498 'Fideles
568 1465 698 1504 nostros,
714 1465 860 1496 Robertum
875 1468 944 1495 Roux
963 1464 1102 1502 Militem,
1121 1465 1154 1496 ὃς
1171 1464 1208 1495 Μ
1225 1467 1266 1496 oi-

199 1507 289 1539 strum
305 1507 465 1547 Johannem
478 1505 615 1544 Godeford
628 1506 742 1544 Legum
758 1505 922 1535 Doeiorem
938 1503 1179 1534 Archidiaconum
1190 1505 1207 1534 N
1235 1505 1266 1535 il-

199 1547 274 1577 tesiae
298 1547 346 1584 (de
368 1556 492 1584 quorum
514 1544 652 1575 industria
675 1545 708 1575 &
732 1543 876 1574 Fidelitate
889 1542 1011 1581 plenarie
1024 1542 1205 1579 confidimus)
1229 1544 1265 1574 de

201 1585 346 1615 Consensu
367 1587 400 1616 ὃς
422 1584 605 1615 Avisamento
625 1582 754 1613 Concilii
775 1581 881 1618 nostri,
901 1581 1011 1611 nostros
1033 1581 1159 1612 veros&
1174 1582 1264 1620 legiti-

200 1634 265 1654 mos
287 1623 505 1661 Procuratores,
523 1632 555 1652 ac
575 1621 710 1652 Nuncios
732 1621 876 1659 speciales,
895 1619 1119 1657 Censtituimus,
1139 1620 1263 1652 Ordina-

200 1673 280 1700 mus,
299 1664 331 1693 &
347 1663 477 1692 Facimus
495 1671 543 1699 per
559 1660 723 1698 praesentes;

239 1701 348 1731 Dantes
370 1701 402 1731 ὃ(
422 1699 624 1730 Concedentes
643 1699 763 1736 eisdem,
782 1698 898 1727 Roberto
923 1699 956 1729 &
971 1697 1116 1736 Johanni,
1136 1697 1264 1729 Potesta-

200 1748 260 1770 tem
281 1740 314 1769 &
335 1739 545 1769 Auiton‘taiem
567 1738 710 1775 speciales,
728 1747 760 1768 ac
776 1736 948 1767 Mandatum
962 1737 1107 1775 generale,
1125 1747 1178 1774 pro
1193 1738 1227 1768 N
1230 1748 1264 1769 o-

200 1779 244 1808 bis
258 1780 291 1810 &
306 1778 418 1808 subditis
431 1776 545 1813 nostris,
564 1776 703 1813 praeiniffa
717 1785 816 1805 omnia
829 1776 861 1805 ὃς
877 1775 980 1814 singula
994 1775 1146 1813 trac‘tandi,
1160 1776 1265 1807 facien-

200 1817 246 1855 di,
266 1819 299 1848 &
313 1815 477 1854 expediendi
487 1838 496 1853 ,
512 1825 544 1845 ac
558 1816 653 1845 omnia
667 1814 717 1844 alia
731 1814 899 1844 excercendi
913 1824 978 1851 quae
992 1815 1068 1844 circa
1082 1823 1113 1843 ea
1134 1814 1266 1846 duntaxat

199 1855 350 1887 necessaria
364 1855 467 1886 fuerint
483 1853 528 1885 vel
543 1862 700 1891 oportuna,
719 1854 803 1882 etiam
818 1852 837 1882 si
852 1851 1024 1883 Mandatum
1043 1853 1154 1891 exigant
1177 1856 1266 1894 magis

200 1895 218 1925 s
231 1895 330 1924 eciale·
1104 1922 1106 1925 ,

212 1905 363 1971 pRatur'n,
382 1931 525 1969 Gratum,
540 1931 574 1961 &
596 1930 726 1961 Firmum
746 1930 868 1960 habituri
889 1929 1024 1968 quicquid
1039 1929 1143 1968 iidem,
1161 1930 1265 1961 Rober-

201 1979 245 2002 tur
260 1973 292 2003 Sc
308 1971 470 2010 Johannes,
493 1971 611 2000 nomine
627 1968 725 1999 nostro
735 1992 743 2006 ,
759 1969 877 1999 fecerint
891 1970 919 1998 in
934 1968 1089 2006 praemiffis.

238 2010 331 2047 Data,
350 2009 401 2040 sub
421 2008 606 2040 Testimonio
630 2007 735 2045 Magni
756 2007 845 2044 Sigilli
865 2007 972 2046 nostri,
991 2009 1021 2038 in
1045 2007 1153 2038 Palatio
1167 2008 1268 2040 nostro

201 2048 469 2086 Westmonasterii,
488 2047 582 2079 xxviii.
601 2046 647 2077 die
663 2046 844 2086 Septembris.

680 2127 734 2154 Per
746 2124 828 2164 ipfiaem
840 2128 935 2164 Regem
952 2125 990 2161 ὠ·
1004 2125 1155 2158 Concilium.

333 2256 383 2287 De
400 2254 484 2287 Clero
504 2251 710 2296 convocando,
735 2262 772 2292 O·
791 2251 924 2297 Subsi'a'io
939 2253 1125 2288 concedendo.

198 2339 329 2397 REX,
346 2339 509 2370 Venerabili
530 2340 558 2369 in
579 2338 698 2369 Christo
718 2337 810 2377 Patri,
828 2342 855 2368 S.
873 2339 971 2370 eadem
995 2339 1100 2378 gratia,
1119 2338 1265 2376 Archiepi-

264 2380 339 2419 scopo
353 2377 560 2417 Cantuariensi,
579 2378 664 2407 totius
681 2377 791 2416 Angliae
804 2377 940 2416 Primati,
961 2378 1093 2408 Salutem.

235 2417 316 2448 Cum
332 2417 445 2448 Inimici
458 2415 564 2454 nostri,
582 2417 656 2446 inter
671 2415 698 2446 se
711 2417 831 2454 alligati,
848 2417 882 2447 ὃς
900 2416 1025 2454 undique
1038 2416 1178 2447 hostiliter
1194 2426 1265 2447 con-

199 2458 320 2496 gregati,
338 2455 476 2495 Regnum
499 2454 629 2485 nostrum
652 2454 779 2493 Angliae,
797 2456 826 2484 in
849 2454 974 2492 pluribus
996 2455 1099 2493 Locis,
1118 2465 1168 2493 per
1187 2456 1264 2485 Ter-

199 2505 260 2525 ram
282 2495 314 2525 &
336 2505 384 2532 per
409 2494 493 2524 Mare
513 2493 612 2532 saepius
625 2493 800 2531 invaserunt,
820 2493 898 2523 Mala
912 2494 1117 2532 quamplurima
1131 2494 1164 2525 δε
1179 2494 1265 2524 intol-

201 2533 322 2564 lerabilia
340 2533 437 2562 Nobis
457 2533 490 2563 &
514 2532 607 2571 Ligeis
627 2530 728 2561 nostris
750 2531 955 2570 perpetrando,
973 2533 1023 2569 &‚
1041 2542 1102 2562 non
1116 2532 1208 2563 solum
1229 2532 1265 2563 de

199 2572 257 2602 hoc
279 2571 423 2608 contenti,
440 2570 551 2600 dietum
576 2569 713 2609 Regnum
734 2569 882 2608 nostrum,
898 2580 931 2600 ac
953 2570 1109 2601 Ecclesiam
1124 2571 1265 2610 sanctam,

198 2611 324 2648 nosque,
343 2619 376 2639 ac
391 2608 534 2647 Populum
548 2607 678 2638 nostrum
694 2608 826 2645 Anglizie,
845 2608 880 2638 de
896 2609 942 2638 die
957 2611 987 2639 in
1002 2609 1098 2648 diem,
1117 2610 1144 2640 se
1168 2619 1266 2648 parent

198 2651 264 2680 totis
280 2649 382 2679 viribus
396 2647 554 2677 subvertere
569 2647 601 2676 ὃς
616 2645 776 2685 destruere,
794 2646 845 2676 nisi
859 2657 960 2677 eorum
974 2647 1114 2687 Malitiae,
1131 2649 1266 2688 adjuvan-

199 2696 227 2719 te
241 2687 328 2723 Deo,
347 2686 447 2716 fortius
463 2684 617 2722 resistatur,

236 2725 330 2757 Unde
345 2748 354 2763 ,
379 2726 407 2754 in
427 2724 608 2754 salvationem
629 2722 724 2753 Status
748 2723 883 2754 Ecclesiae
908 2723 1036 2763 sanese,
1059 2735 1093 2755 ac
1112 2725 1207 2764 Regni
1229 2726 1263 2756 &

198 2764 301 2803 Populi
317 2763 520 2801 praedieiorum
535 2761 716 2792 necessariam
732 2761 957 2800 Defenlionem,
975 2763 1118 2801 sumptuS,
1136 2774 1169 2794 ac
1184 2763 1263 2793 Cen-

198 2804 255 2841 sus,
274 2805 307 2835 &
322 2801 460 2839 iix-pensas
473 2799 699 2843 inaestimabilcs,
717 2801 750 2831 ὃς
766 2801 862 2838 aliquo
877 2810 1008 2838 tempore
1022 2802 1165 2838 praeterito
1179 2803 1266 2841 magis

199 2843 282 2872 solito
295 2841 473 2879 grandiores,
491 2839 638 2869 effundere
651 2850 703 2869 nos
717 2848 848 2877 oportet,

238 2880 348 2910 Verum
364 2881 427 2916 quia
443 2880 478 2909 de
492 2877 585 2915 Copia
599 2878 736 2908 Thesauri
753 2878 797 2908 vel
812 2877 980 2916 Bonorum,
996 2878 1024 2907 in
1041 2878 1199 2916 primordiis
1212 2889 1265 2908 no-

199 2918 247 2948 stri
268 2918 444 2957 Reginiinis,
463 2927 516 2947 nec
539 2918 662 2954 mirum,
682 2917 790 2954 penitus
808 2917 907 2954 alieni,
929 2917 962 2946 ad
983 2916 1108 2953 ipsorum
1130 2917 1265 2947 Onerum

197 2958 231 2987 &
248 2956 421 2994 Sumptuurn
435 2956 690 2993 supportationem,
708 2955 812 2993 absque
821 2956 969 2993 juvamine
992 2954 1133 2985 Fidelium
1154 2955 1265 2986 nostro-

198 3005 279 3032 rum,
299 3005 356 3024 non
371 2994 542 3031 sufficimus,
561 2993 628 3024 sicut
642 2993 729 3031 scitis,

238 3033 264 3062 V
267 3034 344 3070 obis,
364 3034 392 3062 in
410 3032 478 3063 Fide
492 3034 524 3063 ὃ(
542 3031 705 3070 Ligeantia,
722 3033 823 3070 quibus
836 3033 919 3063 nobis
941 3033 1098 3071 tenemini,
1116 3032 1263 3073 rogando,

201 3071 372 3102 Mandamus
387 3073 532 3109 quatinus,

236 3110 423 3141 Coniideratis
439 3110 497 3139 tam
513 3109 645 3145 arduitate
658 3111 837 3149 negotiorum
852 3110 1167 3148 praedistorum,quam
1181 3119 1264 3148 gran—

198 3150 279 3179 dibus
292 3148 420 3187 periculis
429 3171 438 3187 ,
452 3158 517 3186 quae
531 3147 665 3178 Ecclesiae
679 3150 711 3179 &
730 3148 835 3187 Regno
852 3149 993 3186 praedietis
1004 3147 1116 3179 oculata
1129 3148 1184 3178 fide
1198 3150 1264 3178 imi-

198 3198 265 3218 nere
281 3187 460 3226 conspicitis,
478 3188 603 3224 attentis,
622 3187 655 3217 δε
671 3186 765 3217 debite
778 3187 975 3225 consideratis,

236 3226 434 3266 Suffraganeos
448 3224 573 3262 vestros,
593 3225 745 3263 Decanos,
765 3226 797 3256 &
814 3225 926 3256 Priores
947 3225 1133 3257 Ecclesiarum
1155 3224 1264 3255 Cathe-

198 3265 334 3303 dralium,
355 3265 478 3295 Abbates
494 3264 526 3294 δε
542 3263 669 3301 Priores,
688 3264 721 3293 ὅ(
735 3263 801 3293 alios
815 3264 977 3302 Eleffivos,
992 3264 1149 3301 Exemptos
1162 3264 1263 3294 &non

197 3303 372 3342 Exempms,
391 3312 507 3333 necnon
533 3301 776 3340 Archidiaconos,
795 3301 942 3341 Capitula,
960 3303 1146 3339 Conventus,
1165 3301 1265 3332 Colle-

197 3344 257 3380 gia,
281 3351 432 3379 totumque
453 3340 587 3378 Clerum,
613 3339 759 3377 cujussibet
780 3339 935 3378 Dioecesis,
961 3341 1047 3372 dietae
1070 3339 1170 3370 vestrae
1193 3339 1266 3370 Pro-

198 3381 319 3418 vinciae,
338 3380 372 3410 ad
386 3379 628 3418 comparendum,
644 3388 743 3408 coram
756 3379 857 3417 vobis,
876 3380 904 3408 in
921 3379 1046 3411 Ecclesia
1068 3378 1164 3409 Sanc‘ii
1185 3378 1264 3408 Pauli

198 3418 380 3456 Londonie,
398 3418 444 3448 vel
460 3418 541 3455 alibi,
557 3427 642 3455 prout
656 3416 787 3454 expedire
801 3417 940 3457 videritis,
958 3419 993 3449 ad
1009 3418 1171 3450 breviorem
1186 3416 1263 3447 diem

200 3467 288 3495 quem
304 3458 448 3495 poteritis,
466 3466 547 3486 more
558 3456 638 3486 solito
654 3456 810 3485 convocari
824 3455 944 3494 faciatis,

235 3495 291 3534 Et,
309 3497 348 3525 eis
362 3495 443 3525 diciis
458 3495 592 3534 Negotiis
613 3494 645 3524 ἃ
666 3493 800 3524 Peticulis
820 3494 925 3523 ibidem
948 3494 1058 3533 plenius
1079 3493 1208 3531 expositis
1227 3494 1262 3525 &

197 3534 358 3571 declaratis,
378 3534 397 3552 ³*
413 3533 484 3569 ipsos
497 3533 532 3563 ad
548 3532 726 3570 Subsidium,
744 3534 772 3562 in
785 3532 844 3562 hoc
860 3531 951 3570 Casu,
970 3541 1136 3570 competens
1161 3532 1194 3562 &
1213 3542 1263 3562 ne-

197 3573 362 3609 ceffarium,
383 3573 411 3601 in
426 3572 676 3609 Supportationem
689 3571 832 3601 dierorum
857 3571 990 3600 Onerum
1015 3573 1049 3602 δι
1070 3570 1263 3608 Sumptuum,

196 3610 296 3641 Nobis
315 3610 551 3647 concedendum,
571 3619 607 3639 eo
626 3609 768 3645 specialius
789 3610 823 3639 &
843 3619 911 3639 cum
938 3609 1082 3646 efficacia,
1100 3608 1156 3645 qua
1177 3610 1262 3647 magis

199 3649 330 3679 sciveritis
342 3649 386 3679 vel
402 3649 542 3686 poteritis,
560 3647 636 3677 tanta
649 3647 808 3677 necessitate
824 3647 965 3686 causante,
979 3647 1133 3684 inducatis,
1146 3646 1179 3676 &
1194 3646 1263 3677 Par-

200 3695 238 3715 tes
251 3687 351 3717 vestras
366 3687 400 3716 ad
414 3687 470 3716 hoc
487 3685 670 3716 effeetualiter
685 3687 844 3723 apponatis:

237 3724 321 3763 Nos,
340 3727 367 3755 in
381 3725 555 3755 Cancellaria
570 3723 681 3760 nostra,
701 3724 737 3753 de
750 3725 901 3762 quantitate
923 3723 1043 3755 Subsidii
1064 3723 1154 3760 illius,
1172 3732 1205 3753 ac
1229 3722 1265 3753 de

198 3760 344 3792 Tcrniinis
357 3764 500 3793 solutionis
514 3761 634 3801 ejusdem
643 3784 652 3798 ,
672 3762 865 3792 certificantes:

238 3798 275 3828 Et
289 3800 363 3837 hoe,
382 3802 450 3831 sicut
462 3801 548 3838 Nos,
566 3800 599 3830 ὃς
619 3799 774 3829 Honorem
798 3800 944 3839 nostrum,
959 3810 993 3832 ac
1015 3799 1209 3831 Salvationem
1230 3801 1265 3831 &

200 3836 406 3882 Defensionem
425 3839 558 3870 Eccleliae
578 3839 612 3869 &
634 3837 728 3876 Regni
751 3838 972 3878 praedictorum,
989 3838 1120 3876 diligitis,
1148 3837 1266 3868 nullate-

199 3885 253 3905 nus
266 3884 406 3906 omittatis.

238 3912 328 3943 Teste
343 3914 449 3952 meipso
465 3915 538 3953 apud
552 3913 856 3952 Westmonasterium,
875 3917 949 3946 xxix.
967 3915 1013 3946 die
1027 3914 1209 3953 Septembris.

675 3995 729 4022 Per
743 3991 825 4031 ipfitm
839 3993 936 4030 Regem
949 3990 987 4027 &⁶
1001 3990 1152 4023 Concilium.

1347 1033 1437 1065 Teste
1450 1034 1534 1074 Rege
1548 1033 1623 1072 apud
1637 1032 1928 1065 westmonasterium
1937 1057 1947 1073 ,
1961 1035 2020 1067 xiv.
2038 1034 2085 1067 die
2098 1035 2248 1069 octobris:

1905 1112 1958 1140 Per
1971 1112 2082 1142 eandem
2097 1111 2209 1142 Billam.

1346 1188 1480 1218 Ricardus
1495 1187 1656 1218 Northlond
1670 1187 1771 1226 Miles,

1346 1264 1437 1296 Teste
1453 1274 1483 1296 ut
1496 1265 1583 1303 supra.

1963 1305 2018 1334 Per
2031 1304 2142 1335 eandem
2153 1304 2269 1336 Billam.⁴

1480 1432 1528 1463 De
1548 1428 1801 1477 Affignationibus
1814 1440 1870 1476 pro
1891 1432 2027 1463 Summis
2044 1432 2216 1465 Mutuatis.

2390 1513 2467 1553 Anu.
2476 1521 2517 1553 D.

1344 1592 1424 1624 Cum
1469 1593 1587 1624 dilectus
1609 1593 1706 1631 nobis,
1730 1593 1877 1623 Amandus
1896 1591 2005 1633 Fitlyng
2018 1616 2028 1632 ,
2053 1592 2219 1626 Canonicus
2236 1593 2374 1626 Ecclesiae
2389 1570 2497 1629 ΑΙηΞζΊ

1310 1630 1406 1662 Saneti
1423 1617 1500 1662 i³auii
1522 1631 1700 1670 Londoniae,
1719 1632 1802 1675 nobis
1823 1630 1952 1663 Centum
1974 1631 2101 1670 Marcas,
2120 1643 2174 1672 pro
2195 1634 2374 1672 expeditione
2387 1644 2417 1668 R.
2439 1648 2467 1667 2.

1308 1670 1499 1708 quorumdam
1526 1670 1680 1701 arduorum
1701 1678 1882 1708 negotiorum
1903 1669 2066 1701 nostrorum
2089 1672 2123 1703 &
2147 1671 2251 1703 statum
2275 1671 2372 1712 Regni
2387 1682 2487 1707 Pat.1.

1308 1709 1398 1740 nostri
1414 1709 1527 1749 Anglice
1540 1709 1731 1747 tangentium,
1749 1709 1779 1738 'iri
1802 1717 1904 1747 magna
1924 1708 2083 1739 necessitate
2102 1709 2213 1749 nostra,
2230 1710 2317 1741 libere
2338 1711 2371 1742 &
2388 1721 2451 1744 R.2.
2457 1723 2482 1754 p.
2496 1718 2521 1744 i:

1308 1747 1593 1817 gontedmutuaverit
1609 1746 1764 1784 (videlicet)
1779 1756 1833 1784 pro
1846 1745 1973 1785 quodam
1995 1746 2095 1786 Viagio
2111 1749 2172 1786 jam
2189 1749 2267 1787 supra
2288 1749 2374 1780 Mare
2391 1765 2426 1785 m.
2441 1756 2471 1785 6.

1337 1797 1399 1818 cien
1420 1797 1440 1818 o

1350 1826 1429 1865 Qias
1443 1810 1493 1864 per
1506 1824 1628 1864 Manus,
1647 1823 1819 1855 Venerabilis
1831 1825 1860 1854 in
1875 1823 1995 1855 Christo
2009 1823 2112 1862 Patris,
2130 1824 2235 1855 Thomae
2257 1827 2376 1866 Epifiopz‘

1311 1865 1487 1933 ξκοηὶεηβς,
1505 1864 1680 1895 Thesaurarii
1689 1863 1794 1902 nostri,
1810 1863 1844 1895 &
1861 1862 2092 1895 Camerariorum
2105 1863 2142 1894 de
2155 1863 2305 1896 scaccario
2320 1875 2376 1897 no-

1311 1906 1369 1934 iro
1403 1903 1560 1941 recepimus

1348 1927 1418 1973 Nos
1452 1941 1549 1972 raefato
1561 1926 1709 1979 'Amandffi
1724 1941 1760 1971 de
1774 1940 1855 1972 dietis
1873 1939 2002 1972 Centum
2023 1940 2145 1980 Marcis,
2162 1941 2232 1973 infra
2254 1942 2376 1974 Annum

1311 1981 1413 2052 zfiidData
1427 1953 1629 2019 Praesentium,
1647 1980 1827 2011 Solutionem
1842 1990 1892 2019 per
1910 1979 1979 2010 Nos
1999 1979 2059 2011 fieri
2075 1980 2277 2012 Promittimus
2296 1981 2374 2013 bona

1354 2031 1369 2052 e

1349 2046 1403 2099 Εἰ,
1420 2067 1451 2090 ut
1472 2059 1566 2090 eidem
1587 2057 1718 2088 amando
1754 2057 1791 2088 de
1813 2058 1931 2089 Summa
1951 2058 2085 2096 praedieia
2127 2059 2286 2099 promptius
2304 2058 2378 2090 satis*

1313 2099 1376 2138 fiat,
1394 2097 1612 2136 Conceffimus,
1629 2107 1682 2135 pro
1695 2080 1795 2127 N³obis
1808 2098 1842 2128 &
1857 2096 2028 2128 Haeredibus
2042 2083 2143 2128 nostris
2177 2098 2257 2136 quod
2278 2097 2378 2136 praefa4

1313 2147 1355 2169 tus
1377 2138 1574 2168 Thesaurarius
1594 2135 1706 2174 noster,
1728 2136 1773 2166 vel
1794 2135 1860 2166 alius
1879 2135 2080 2167 Thesaurarius
2099 2121 2197 2167 noster
2216 2160 2227 2175 ,
2251 2137 2302 2175 qui
2321 2146 2376 2174 pro

1311 2186 1443 2214 ternpore
1463 2176 1563 2214 fuerit,
1580 2181 1795 2215 competentem
1819 2173 1879 2205 Affi
1900 2175 2061 2213 nationem,
2095 2185 2127 2205 ro
2151 2174 2300 2206 Solutione
2317 2175 2376 2206 sive

1312 2215 1508 2246 Satisfaffione
1526 2213 1649 2252 ejusdem
1670 2213 1814 2252 Summae,
1831 2214 1861 2243 in
1892 2213 1952 2243 ocis
1970 2213 2020 2243 ubi
2036 2223 2082 2244 me
2093 2214 2137 2244 ius
2151 2213 2282 2254 expedire
2294 2212 2375 2246 vide-

1313 2255 1364 2292 rit,
1381 2253 1499 2291 praefato
1512 2252 1643 2282 Amando
1655 2251 1755 2282 faciat:

1349 2292 1486 2324 Volentes
1506 2292 1540 2322 &
1561 2291 1763 2329 Praecipierites
1803 2289 1863 2321 uod
1883 2290 2042 2330 hujusmodi
2062 2290 2235 2330 Affignati0‚
2261 2300 2312 2328 per
2332 2289 2376 2320 di-

1311 2332 1393 2363 &um
1405 2330 1622 2362 Thesaurarium
1637 2330 1675 2359 sic
1688 2329 1778 2360 facien
1799 2339 1831 2367 a,
1850 2330 1881 2359 in
1893 2329 1941 2360 suo
1957 2329 2061 2360 robore
2083 2330 2254 2367 perseveret,
2271 2329 2305 2360 δε
2328 2327 2377 2358 fir-

1310 2380 1394 2402 mum
1414 2370 1512 2400 locum
1536 2369 1636 2399 habeat
1652 2367 1755 2406 absque
1776 2366 1976 2399 Revocatione
1995 2368 2040 2399 seu
2054 2367 2308 2404 Contradifflone,
2325 2376 2376 2405 pet

1311 2409 1395 2447 Nos,
1413 2408 1458 2440 vel
1480 2407 1619 2438 Haeredes
1640 2405 1769 2444 nostr05‚
1785 2414 1831 2437 aut
1849 2406 1957 2445 aliquos
1977 2405 2141 2439 Officiarios
2163 2407 2210 2437 seu
2225 2403 2376 2437 Ministros

1310 2447 1441 2485 nostros,
1459 2448 1488 2476 in
1502 2446 1629 2477 futurum
1643 2445 1795 2484 aliqualiter
1813 2444 1954 2476 faciendis.

1350 2486 1477 2554 In'IC'elilles
1486 2486 1573 2562 Rffgce
1584 2522 1658 2562 apud
1672 2521 1980 2562 westmonasterium,
1998 2532 2045 2555 xv.
2063 2522 2110 2554 die
2124 2522 2273 2554 Oitobris.

1429 2603 1482 2631 Per
1496 2603 1589 2630 Breve
1600 2600 1632 2630 de
1647 2602 1766 2630 Privato
1778 2598 1867 2638 sigillo
1876 2621 1886 2637 ,
1904 2597 1942 2634 &¹
1951 2605 2001 2636 per
2018 2596 2123 2627 Billam
2137 2597 2338 2637 Thesaurariaess

1307 1515 1422 1574 REX
1437 1516 1602 1563 Omnibus,
1615 1515 1650 1546 ad
1668 1525 1757 1555 quos,
1774 1515 1835 1547 &c.
1853 1514 1988 1547 Salutem.

1399 1555 1496 1586 Sciatis
1511 1554 1609 1593 quod,

1312 2677 1484 2710 Confimiles
1498 2677 1605 2710 Literas
1621 2678 1707 2718 Regis
1720 2675 1982 2746 habegtlsubg'cripti
1995 2674 2031 2706 de
2045 2673 2170 2706 Summis
2191 2673 2374 2712 Subscriptis3

1765 2726 1795 2748 vi
1815 2724 1886 2745 eice
1905 2737 1916 2754 ,

1348 2794 1450 2824 Abbas
1463 2794 1494 2824 de
1509 2793 1537 2824 Ia
1551 2794 1642 2833 Hide,
1660 2793 1697 2824 de
1710 2793 1846 2831 Qinqua
1868 2793 1922 2822 'nta
1938 2791 2049 2828 Libris,
2333 2825 2339 2832 ,

1347 2833 1498 2878 chloarfius
1509 2837 1614 2872 spicer,
1632 2832 1779 2863 Mercator
1791 2832 1827 2862 de
1864 2830 1951 2862 ristoll
1960 2853 1970 2868 ,
1987 2829 2023 2862 de
2036 2829 2228 2870 Qadraginta
2241 2828 2275 2859 &
2291 2835 2374 2866 quin-

1309 2872 1662 2978 ⁹⁰320¹÷2²25i³⁵3m2¹22⁷5ffl
1695 2909 1732 2977 ἐξ
1749 2907 2054 2977 gesseris...

1425 2960 1437 2977 C
1458 2959 1490 2977 dr
1509 2959 1538 2977 ur
1570 2960 1583 2978 e
1681 2959 1695 2976 Γ
1770 2957 1787 2977 e
2056 2966 2062 2971 ·

1344 2989 1424 3016 Prior
1438 2987 1469 3016 de
1485 2986 1651 3026 Ippesduyth,
1667 2986 1703 3017 de
1718 2972 1909 3025 Qadraginta
1923 2982 2024 3012 Libris.
2073 3019 2078 3026 Ι
2173 3020 2178 3025 ι
2218 3020 2224 3025 .

1346 3025 1491 3063 Johannes
1503 3028 1619 3063 Ropere,
1637 3025 1673 3055 de
1688 3022 1867 3059 Canterbris,
1884 3021 1919 3051 de
1933 3019 2127 3064 Qad'ragint'a
2143 3019 2247 3064 Libris.

1346 3064 1463 3093 Thomas
1477 3063 1562 3102 Elys,
1579 3063 1615 3093 de
1626 3062 1811 3098 Sandewico,
1830 3060 1865 3090 de
1881 3059 2072 3102 Qadraginta
2084 3057 2188 3101 Libris.
2217 3096 2223 3102 ‚

1346 3106 1436 3132 Simon
1459 3100 1659 3141 Cantuarienfir
1677 3097 1909 3138 Archiepiftopus,
1934 3105 2019 3128 totius
2040 3096 2154 3136 Angliae
2176 3095 2287 3126 Primas
2301 3117 2311 3134 ,
2335 3094 2372 3125 de

1313 3141 1488 3179 Qingentis
1502 3139 1626 3175 Marcis,

1348 3178 1448 3208 Abbas
1462 3179 1494 3207 de
1507 3176 1686 3217 Keynesham,
1703 3177 1740 3208 de
1753 3176 1861 3214 Viginti
1877 3174 1993 3205 Marcis.

1348 3216 1449 3245 Abbas
1460 3217 1492 3246 de
1505 3215 1687 3255 Glastenbris,
1703 3216 1740 3246 de
1754 3214 1884 3246 Centum
1902 3214 2005 3244 Libris.

1348 3254 1512 3285 lVillielmus
1529 3254 1675 3293 Dyghton,
1695 3253 1883 3292 Clericus,de
1898 3251 2027 3283 Centum
2043 3250 2165 3288 Marcis,

1347 3293 1491 3332 Johannes
1506 3293 1538 3323 de
1552 3293 1671 3323 Beverle
1686 3293 1837 3332 Armiger,
1855 3292 1891 3322 de
1905 3291 2033 3321 Centum
2048 3289 2175 3327 Marcis,
2325 3326 2331 3331 ·
2367 3326 2372 3331 ⁵

1349 3332 1445 3370 Major
1460 3331 1498 3367 (θ’
1513 3336 1695 3362 communitas
1709 3335 1736 3361 V
1738 3331 1793 3361 illae
1807 3329 1953 3370 Bristolliae
1962 3353 1972 3367 ,
1990 3328 2026 3359 de
2049 3328 2202 3371 Sexcentisu
2215 3326 2249 3358 &
2267 3325 2374 3366 Viginti

1308 3371 1343 3403 &
1361 3370 1430 3401 Una
1446 3370 1556 3409 Libris,
1570 3370 1739 3401 Tresdecim
1754 3369 1873 3407 Solidis,
1890 3370 1924 3400 δε
1939 3368 2072 3406 Quatuor
2087 3365 2224 3409 Denarus,

1347 3409 1450 3439 Abbas
1460 3410 1493 3438 de
1508 3410 1606 3439 Sanllo
1620 3409 1764 3439 Edmundo
1777 3409 1810 3438 de
1823 3411 1898 3446 Bury
1907 3429 1917 3444 ,
1933 3406 1970 3436 de
1983 3404 2114 3435 Centum
2130 3403 2246 3434 Marcis.

1349 3449 1393 3478 W
1391 3446 1514 3477 illielmus
1525 3449 1558 3478 de
1573 3450 1739 3488 Latymere,
1759 3447 1796 3477 de
1811 3445 1988 3483 Quingentis
2003 3442 2129 3487 Marcis..
2223 3480 2228 3486 ¹
2267 3481 2272 3484 Ι
2306 3483 2312 3488 ⁵

1347 3489 1427 3516 Prior
1439 3487 1547 3517 Sanelae
1562 3489 1710 3516 Trinitatis
1723 3485 1754 3515 de
1767 3487 1914 3521 Norwico,
1934 3483 1971 3513 de
1987 3481 2179 3525 Qadragmta
2193 3480 2289 3510 Libris
2302 3501 2313 3516 ,
2361 3508 2363 3510 ,

1347 3524 1492 3563 Johannes
1507 3525 1538 3554 de
1550 3524 1701 3554 Cobbeham
1715 3524 1752 3554 de
1766 3523 1865 3560 Kent,
1883 3521 1919 3552 de
1933 3520 2064 3552 Centum
2072 3519 2180 3563 Libris.
2356 3539 2358 3542 ψ

1346 3563 1449 3592 Abbas
1461 3564 1492 3593 de
1509 3562 1700 3599 Malmesbirs,
1719 3561 1755 3591 de
1769 3561 1983 3600 Qinquaginta
1998 3558 2101 3603 Libris.

1346 3602 1479 3631 Robertus
1493 3602 1524 3631 de
1540 3604 1670 3638 Morton,
1685 3600 1722 3630 de
1738 3600 1931 3639 Quadraginta
1942 3598 2046 3628 Libris.

1347 3640 1449 3670 Abbas
1461 3641 1493 3670 de
1507 3637 1663 3677 Evefham,
1681 3638 1717 3669 de
1731 3639 1949 3677 Qiinquaginta
1967 3634 2085 3666 Marcis.

1346 3679 1448 3709 Abbas
1462 3678 1493 3707 de
1508 3677 1664 3716 Rameseye,
1681 3677 1718 3707 de
1734 3676 1864 3707 Centum
1879 3675 1998 3718 Marcis.

1347 3717 1493 3755 Johannes
1509 3717 1541 3746 de
1556 3716 1674 3755 Nevill,
1693 3715 1729 3746 de
1742 3714 1883 3746 Ducentis
1897 3713 2014 3744 Marcis.

2385 2943 2405 2962 ²¹¹
2421 2945 2489 2974 VII.

2391 2982 2453 3018 178.

2391 3799 2522 3832 Ann.D.‘

2358 3846 2362 3849 ⁵
2418 3848 2505 3880 1377·

1315 3925 1433 3983 REX
1443 3951 1454 3964 ,
1470 3926 1659 3970 Tbel‘aurario
1668 3949 1678 3963 ,
1691 3927 1726 3957 &
1739 3923 1897 3965 Baronibus
1904 3922 1957 3964 suis
1969 3918 2006 3948 de
2019 3917 2185 3956 Scaccario,
2203 3917 2337 3947 Salutem.
2389 3882 2491 3945 gaab
2518 3954 2526 3962 ς

1412 3965 1587 4008 Supplicavit
1610 3964 1710 3994 Nobis
1723 3985 1734 4002 ,
1758 3959 1930 3993 Venerabilis
1947 3957 2047 3994 Pater,
2071 3956 2236 3986 Alexander
2256 3954 2376 3984 Eborum
2390 3955 2477 3992 claus.
2501 3963 2528 3981 i.

1314 4002 1530 4040 Archiepiseopus
1543 4010 1591 4040 ut,
2394 3997 2423 4020 R.
2434 4003 2460 4019 2.
2469 4001 2505 4021 m.

1351 4039 1430 4071 Cum
1447 4041 1504 4078 ipse
1518 4040 1622 4071 habere
1633 4038 1750 4076 debeat,
1768 4037 1801 4068 &
1814 4044 1914 4066 omnes
1927 4033 2150 4066 Praedecessores
2162 4032 2216 4070 sui,
2234 4041 2250 4063 a
2268 4038 2382 4097 tempog
2397 4040 2440 4067 25·

1429 3845 1488 3876 Pro
1507 3840 1730 3887 Archiepiftopo
1746 3838 1883 3873 Eborum
1897 3865 1907 3881 ‚
1933 3837 1969 3870 de
1986 3836 2090 3868 Cumis
2105 3829 2257 3864 habendis.
