2561 4251
0 274 93 334 ‚Am
108 290 150 328 n.

23 415 152 443 *V1.11.

23 457 68 481 An.
88 461 133 488 31·

0 519 1 523 ,
23 495 48 519 Ε.
69 499 94 526 3.

0 571 146 636 ἷξζῖᾴῗε.

25 1235 92 1269 Arm.
109 1235 151 1266 D.

0 1285 14 1316 a
43 1283 127 1316 ¹357·

0 1325 14 1369 Ρ
27 1318 68 1364 fn.
83 1323 127 1352 3¹·

0 1375 15 1422 ’,1
28 1361 147 1428 ingny.

28 1433 44 1456 ἲ.
55 1438 80 1466 3.
92 1439 130 1460 m.

3 1468 6 1510 t
34 1475 63 1504 5·

13 3831 16 3863 ἰ
53 3835 119 3869 Ann.
131 3834 175 3868 D.

14 3923 16 3934 »
55 3884 156 3952 ἆῗςξε.

55 3956 110 3990 !.3.

55 3993 116 4020 ἰεοῗ..
127 4001 171 4029 31.

56 4031 78 4056 Ε.
95 4038 119 4067 3.
136 4040 173 4060 m.

57 4074 93 4094 ri.

713 164 822 208 ET
934 161 1198 208 ACTA

209 351 230 372 *
255 353 302 384 De
325 346 418 380 Salvo
441 342 594 379 conduma
611 353 666 390 pro
699 312 846 389 Qinque
870 340 970 374 Galeis
993 340 1029 374 de
1053 343 1185 375 Vbnetia,

169 434 252 491 RE

262 433 295 465 X
310 430 442 464 universis
456 430 489 461 &
504 429 618 468 fingulis
630 426 807 465 Admirallis‚
823 427 885 458 &c.
923 425 1057 458 Salutem.

263 473 361 503 Sciatis
374 469 454 507 quod
470 468 554 506 Nos,

122 547 129 554 ‚
180 552 185 557 ⁸
201 510 247 543 Ad
266 509 472 548 requisitionem
489 506 638 546 specialem
655 504 758 536 nobilis
775 504 844 542 viri,
865 503 1003 542 Johannis
1027 503 1120 535 Ducis
1136 502 1231 534 Vene-

165 559 376 625 uagascepimus
392 585 529 624 Qinque
544 582 660 620 Galeas,
676 579 786 612 onustas
801 579 1018 618 Mercimoniis,
1037 591 1107 611 cum
1121 580 1230 611 Homi-

163 628 246 659 nibus
259 628 293 658 &
310 623 509 656 Mercimoniis
531 619 711 657 earumdem,
730 629 793 657 quae
805 619 841 649 de
855 620 978 657 partibus
997 620 1125 651 Venetiae
1139 618 1230 649 versus

200 674 252 696 rtes
273 663 424 700 Flandriae,
442 661 511 691 ficut
532 659 652 696 dicitur,
671 657 731 688 sunt
750 665 893 697 venturae,
909 659 937 687 in
958 657 1172 688 Protectionem
1195 656 1229 685 &

164 676 373 735 ssefensionem
387 699 489 731 nostras
502 696 629 736 speciales
638 719 648 734 ,
667 705 781 727 necnon
794 697 823 726 iri
837 695 943 728 salvum
956 697 989 728 &
1003 696 1130 727 securum
1147 693 1230 724 Con-

166 742 285 774 durfifflm
300 740 434 771 nostrum.
809 775 813 780 ⁵
882 776 886 780 -
1037 777 1040 780 Δ

201 780 240 812 Et
254 780 321 811 ideo
336 778 419 810 vobis
434 774 614 811 mandamus,
635 771 696 808 &a
712 778 791 811 prout
803 784 832 803 m
847 775 951 803 Literis
966 771 998 800 de
1011 771 1154 800 eandum.

203 818 237 851 In
250 819 343 856 cujus,
361 817 422 847 &o
440 814 524 853 usque
539 812 653 844 Festum
668 811 766 842 Saneti
780 810 930 841 Michaelis
948 809 1082 847 proximo
1105 809 1238 839 futurum*

164 855 390 933 duglggustrssskege
403 891 475 930 apud
489 888 790 924 Westmonasterium,
807 885 942 918 vicefimo
958 886 1040 916 tertio
1059 885 1107 916 die
1122 884 1234 921 Martii,

899 964 953 992 Per
973 961 1126 992 concilium.-

168 1101 218 1138 De
241 1097 406 1138 Navibus,
425 1089 480 1141 pro
503 1091 636 1140 Paffizgio
659 1091 830 1182 ῗοηὲῃιινη
850 1083 977 1135 Philippi
1003 1084 1039 1120 de
1060 1089 1230 1132 Navarra,

612 1151 664 1173 are
688 1150 728 1172 an
749 1149 785 1170 Η.

233 1233 298 1267 EX
331 1232 438 1264 dileeto
456 1230 524 1268 fibi,
538 1228 666 1259 Thomae
680 1219 802 1264 Dautry,
817 1223 953 1255 Servienti
967 1223 1063 1254 nostro
1077 1224 1111 1255 ad
1130 1225 1219 1256 Arma

169 1242 231 1306 R
250 1275 285 1305 ad
303 1257 402 1303 Naves
414 1272 448 1301 δί
470 1268 604 1305 Bargeas,
623 1274 676 1302 pro
696 1261 827 1298 Passagio
851 1262 991 1292 Fidelium
1013 1262 1175 1293 nostrorum
1195 1275 1210 1294 a

164 1313 259 1344 Partes
272 1311 420 1343 Britanniae
435 1308 468 1339 &
483 1303 688 1340 Normanniae,
706 1302 735 1331 in
750 1300 929 1338 Obsequium
944 1300 1071 1331 nostrum
1085 1302 1232 1345 profestu-

162 1361 279 1389 rorum,
296 1348 370 1388 apud
385 1344 645 1382 Suthamptoniam,
664 1342 697 1372 ὃς
711 1339 777 1370 alibi
791 1340 880 1371 versus
892 1338 995 1375 *Partes
1016 1339 1232 1379 Occidentales,

165 1389 363 1425 arestandum,
386 1384 516 1427 Salutem.
541 1421 546 1427 Π
605 1420 610 1425 ,
636 1420 642 1425 ⁵

202 1426 389 1467 Praecipimus
404 1420 589 1459 tibi,firmiter
603 1426 792 1457 inJUngenteS‚
806 1416 885 1454 quod
900 1415 978 1446 Duas
991 1415 1230 1455 Bargeas,Unam

165 1465 320 1502 (videlicet)
338 1462 373 1492 de
387 1461 413 1491 la
427 1459 498 1490 Pole
507 1482 516 1498 ,
534 1459 567 1489 δε
580 1457 693 1488 alteram
706 1457 742 1486 de
754 1455 896 1485 Warham
935 1464 1001 1484 curn
1016 1456 1098 1499 bonq
1108 1456 1141 1486 δε
1156 1455 1232 1486 suffi-

165 1507 252 1537 cienti
265 1503 486 1539 Eskippamento
501 1497 639 1541 munitaS,
656 1494 740 1532 usque
760 1492 881 1523 Portum
900 1476 1142 1532 §uthamptoniQ
1162 1504 1232 1525 cum

167 1545 251 1576 omni
265 1541 420 1576 celeritate,
437 1537 503 1567 duci
518 1536 616 1579 facias·
723 1572 738 1577 ..
775 1570 781 1576 .
897 1571 902 1576 .
975 1569 985 1578 Α
1212 1572 1217 1578 .

201 1581 242 1613 Ita
257 1578 337 1618 quod
353 1578 403 1608 sint
418 1574 525 1605 ibidem
539 1573 586 1603 die
602 1557 758 1608 Mercurii,
774 1580 802 1600 in
826 1569 988 1607 Septimana
1008 1570 1123 1601 Paschae
1138 1579 1234 1608 proxi-

164 1622 216 1652 mo
231 1617 336 1654 futura,
356 1615 391 1646 ad
403 1613 554 1648 ultimum,
569 1609 604 1640 ad
618 1607 851 1647 proficiscendum
866 1608 967 1651 eirinde
976 1631 985 1646 ,
1003 1609 1037 1639 ad
1055 1618 1141 1646 partes
1151 1610 1234 1640 Nor-

164 1658 287 1691 manniae
322 1663 390 1685 cum
404 1650 601 1686 Hominibus,
615 1647 714 1677 dilecti
734 1645 944 1682 Cous-anguinei
959 1648 992 1677 &
1008 1647 1107 1678 Fidelis
1129 1648 1232 1688 nostri,

165 1679 346 1733 Philippi’de
369 1690 516 1727 Navarra,
539 1686 690 1723 Capitanei
709 1685 742 1715 &
774 1684 892 1714 Locum
913 1685 1041 1715 nostrum
1063 1688 1182 1717 tenentis
1202 1689 1234 1717 iri

165 1736 281 1767 Ducatu
296 1730 392 1762 nostro
414 1726 624 1763 Normanniae,
641 1724 675 1755 &
696 1723 730 1753 ad
754 1722 965 1753 deserviendum
981 1724 1015 1754 ὃς
1031 1725 1234 1756 intendendum

165 1775 259 1805 eidem
273 1770 431 1808 Capitaneo
441 1789 450 1805 ,
466 1775 517 1804 pro
529 1761 666 1802 obsequio
678 1760 791 1799 nostro,
809 1769 892 1798 prout
905 1761 984 1792 idem
998 1761 1169 1801 Capitaneus
1181 1774 1237 1794 noa

165 1814 243 1844 mine
256 1809 357 1841 nostro
372 1804 545 1837 ordinaverit
559 1803 595 1833 de
609 1800 731 1844 eisdem,

202 1850 241 1881 Et
258 1848 334 1879 idem
351 1845 520 1882 Capitaneus
538 1840 628 1872 Vadia
645 1839 678 1870 &
695 1838 763 1876 alia,
780 1848 833 1876 pro
850 1838 994 1870 Custubus
1012 1838 1183 1878 Bargearum
1202 1843 1236 1874 &

167 1888 391 1920 Marinariorum
407 1880 585 1917 earumdem,
609 1889 623 1909 a
641 1886 767 1914 tempore
783 1887 841 1915 quo
866 1877 901 1907 de
917 1877 1057 1909 Portubus
1081 1879 1133 1910 suis
1150 1881 1238 1912 recess

166 1929 269 1965 serint,
294 1925 328 1957 &
353 1923 425 1954 dum
449 1920 486 1951 fic
513 1919 563 1950 sibi
586 1915 763 1948 intendentes
788 1915 892 1947 fuerint
908 1937 919 1954 ,
948 1915 1039 1948 solvet
1063 1918 1097 1949 &
1120 1918 1237 1958 suppor-

172 1967 358 2036 ῖξᾶὶῖἰιξοῐῃηεε
375 2000 450 2037 illos,
469 2008 539 2038 quos
553 1997 582 2026 in
597 1995 773 2027 Executione
791 1993 1000 2032 praemifforum
1024 1998 1179 2027 contrarios
1195 1998 1239 2028 in-

168 2043 278 2074 veneris
298 2040 343 2071 seu
364 2038 496 2076 rebelles,
510 2037 600 2074 capias
620 2035 653 2065 &
675 2032 790 2076 aresteS,
809 2033 846 2079 &A
862 2032 946 2071 usque
960 2032 1094 2064 Castrum
1109 2035 1239 2069 nostrum

168 2077 340 2121 Wyntoniae
352 2077 418 2108 duci
432 2076 535 2113 facias,
554 2073 662 2103 ibidem
687 2072 716 2101 in
737 2070 850 2101 Prisona
863 2078 1025 2114 *moraturos
1045 2070 1186 2111 qucusque
1204 2074 1239 2105 de

168 2119 323 2152 Punitione
341 2114 509 2146 eorumdem
534 2113 609 2143 aliter
628 2110 788 2154 duxerimus
809 2108 1014 2149 ordinandum3
1036 2111 1069 2142 ὃς
1096 2111 1170 2151 hoc,
1190 2113 1240 2145 sub

169 2159 253 2196 gravi
268 2153 457 2191 forisfactura,
474 2150 624 2182 nullatenus
639 2155 759 2179 omittas.
804 2187 810 2193 ι

247 2194 336 2226 Teste
365 2191 451 2230 Rege
475 2188 549 2227 apud
573 2184 880 2225 westmonasterium,
906 2187 1042 2220 vicesimo
1068 2191 1170 2228 quinto
1194 2190 1242 2222 die

935 2269 990 2299 Per
1006 2269 1088 2309 ipfiem
1105 2272 1209 2308 Regem.

441 2401 489 2432 De
512 2396 693 2430 Intendendo
713 2386 810 2430 eidem
833 2388 976 2439 Philippo.

178 2486 303 2541 REX
321 2485 451 2517 universis
463 2484 497 2515 &
510 2482 622 2520 smgulis
638 2480 762 2512 Subditis
776 2481 809 2511 ὃς
823 2479 950 2512 fidelibus
964 2482 1066 2514 nostris
1079 2484 1110 2515 in
1123 2480 1243 2517 Duc'atii

253 2524 353 2555 nostro
368 2523 577 2559 Normanniae,
594 2521 628 2551 ad
643 2530 728 2558 qum,
744 2520 805 2549 &c.
845 2519 986 2550 Salutem„

213 2563 311 2601 Cum,
336 2573 386 2603 per
412 2562 514 2592 Literas
537 2559 642 2590 nostras
669 2558 811 2594 Parentes,
838 2557 1080 2601 constituerimus,
1105 2559 1243 2592 diledmm

175 2602 422 2642 Consanguineuin
438 2600 471 2630 &
490 2597 617 2629 Fidelem
634 2596 773 2634 nostrum,
792 2595 955 2640 Philippum
974 2597 1011 2628 de
1029 2598 1171 2637 Navarra,
1186 2599 1245 2630 Ca-

175 2643 318 2680 pitaneurn
343 2641 377 2671 &
405 2639 519 2669 Locum
545 2635 673 2667 nostrum
697 2643 841 2666 tenentem
865 2645 896 2665 in
917 2644 978 2667 toto
1005 2635 1121 2668 Ducam
1148 2638 1245 2669 nostro

199 2679 317 2711 raediCto
1089 2694 1093 2698 -

178 2689 197 2719 P
214 2702 370 2756 Vobis,'&
386 2715 511 2748 vestrum
523 2714 654 2753 cuilibet,
672 2713 722 2745 sub
733 2712 907 2745 forisfastuta
922 2714 1058 2746 omnium
1081 2726 1146 2757 quae
1161 2717 1246 2747 nobis

176 2756 335 2787 forisfacere
357 2757 499 2793 poteritis,
524 2753 713 2791 Mandamus,
738 2751 855 2783 firmiter
878 2753 1070 2792 injungentes,
1102 2755 1182 2794 quod
1210 2755 1246 2786 de

175 2795 308 2825 omnibus
326 2794 428 2824 Placeis
441 2794 474 2824 &
492 2793 593 2830 Locis,
631 2801 674 2821 uae
690 2792 719 2821 in
732 2790 847 2821 Ducatu
861 2791 1001 2830 praedieto
1022 2793 1120 2822 tenetis
1136 2793 1180 2823 vel
1193 2804 1246 2823 oc-

178 2833 286 2870 cupatis
300 2833 328 2862 in
345 2832 486 2869 presenti,
501 2830 546 2860 vel
560 2838 625 2860 tene
648 2830 691 2859 itis
704 2829 748 2860 vel
763 2830 938 2867 occupabitis
953 2830 981 2859 in
994 2831 1138 2869 futurum,
1151 2831 1244 2862 eidem

179 2870 337 2909 Capitaneo
354 2871 388 2901 &
407 2869 522 2900 Locum
540 2867 666 2898 nostrum
683 2869 808 2906 tenenti,
826 2868 856 2897 in
874 2868 1027 2906 omnibus,
1044 2879 1108 2907 quae
1133 2870 1168 2900 ad
1188 2870 1247 2902 Ca-

178 2910 321 2948 pitaneum
340 2909 373 2939 &
389 2908 503 2938 Locum
520 2906 646 2936 nostrum
664 2913 808 2936 tenentem
826 2907 856 2935 in
874 2906 991 2936 Ducatu
1007 2907 1144 2944 praediCto
1163 2911 1247 2947 perti-

180 2956 264 2987 nent,
287 2948 402 2985 pareatis
427 2947 459 2976 &
484 2944 649 2983 intendatis,
677 2953 759 2981 prout
784 2944 863 2974 idem
888 2943 1054 2982 Capitaneus
1078 2948 1111 2977 &
1130 2947 1246 2979 Locum

178 2986 307 3018 nostrum
331 2994 427 3017 tenens
451 2984 547 3022 vobis,
573 2983 618 3014 vel
641 2982 723 3014 alicui
747 2981 890 3021 vestrum,
921 2985 1087 3023 praeceperit
1112 2995 1146 3017 ex
1169 2996 1248 3025 parte

178 3025 274 3056 nostra

217 3048 383 3094 Intei'itionis
400 3069 494 3093 tamen
509 3059 611 3091 nostrae
631 3070 688 3090 non
709 3059 818 3097 existit,
836 3059 915 3098 quod
933 3061 1030 3100 aliquis
1053 3063 1191 3101 Anglicus
1211 3065 1246 3095 de

176 3100 283 3134 Placeis
299 3103 332 3133 ὃς
354 3102 458 3138 Locis,
474 3110 524 3138 pei·
542 3099 630 3136 ipsum
642 3101 727 3143 'super
746 3097 884 3129 Inimicos
903 3099 1013 3140 nostros
1030 3101 1060 3131 in
1081 3102 1160 3134 dic‘to
1180 3103 1247 3134 Du⁴

178 3149 242 3172 catu
265 3140 404 3179 adquisitis
429 3140 462 3170 &
488 3137 682 3176 adquirendis,
712 3137 808 3167 colore
833 3138 1031 3177 praesentium,
1060 3143 1247 3182 amoveatur,

179 3179 342 3210 dumtarnen
360 3178 453 3209 eidem
469 3176 627 3214 capitaneo
646 3185 736 3214 pareat
754 3176 787 3206 &
806 3176 930 3207 intendat
951 3186 1032 3217 prout
1050 3179 1142 3212 decet.

221 3218 237 3237 “²
257 3217 311 3256 Et,
326 3218 355 3247 in
374 3217 436 3247 casu
454 3226 511 3254 quo
528 3215 623 3254 aliquis
642 3214 732 3252 (quod
748 3214 829 3250 absit)
847 3214 970 3246 Rebellis
985 3216 1080 3257 fuerit,
1096 3220 1130 3250 &
1144 3220 1244 3258 praefa-

179 3264 212 3288 to
226 3255 382 3294 Capitaneo
395 3255 513 3285 obedire
525 3253 660 3290 noluerit,
677 3261 707 3296 ut
722 3253 875 3291 praefertur,
893 3254 993 3286 damus
1007 3258 1139 3289 omnibus
1152 3260 1246 3290 &sin-

176 3294 251 3333 gulis
271 3293 391 3325 Subditis
426 3292 586 3330 BenevoliS,
605 3291 638 3321 &
661 3291 802 3322 Fidelibus
825 3292 922 3323 nostris
945 3295 975 3324 in
991 3295 1093 3326 eodem
1111 3297 1226 3330 Ducatu

177 3330 376 3371 cujuscumque
390 3317 574 3363 &ondinonis
595 3329 726 3373 existant,
743 3338 839 3374 tenore
859 3332 1037 3367 praesentium
1073 3336 1102 3365 in
1123 3323 1245 3369 Mandass

178 3372 213 3402 tis
226 3371 305 3409 qu-*od
318 3371 412 3402 eidem
428 3369 584 3413 Capitaneo
593 3391 602 3407 ,
622 3368 655 3398 ad
669 3368 830 3406 hujusmodi
844 3368 978 3402 Rebelles
1000 3357 1196 3411 castigandum
1209 3378 1243 3408 &

180 3409 373 3450 puniendum,
390 3409 454 3439 totis
466 3408 571 3439 viribus
583 3405 720 3444 affistant,
738 3416 863 3451 pareant,
882 3410 916 3440 &
935 3410 1095 3450 intendant,
1111 3424 1194 3451 prout
1202 3426 1244 3446 ra-

179 3446 354 3480 tionabiliter.
364 3449 398 3479 ὃς
420 3456 472 3485 pro
486 3445 585 3477 nostro
599 3444 721 3475 Honore
737 3446 770 3476 &
790 3445 861 3476 dieti
875 3445 1018 3483 Capitanei
1035 3451 1119 3482 fuerit
1140 3453 1244 3484 facien-

181 3487 272 3523 dum,
287 3486 324 3515 ita
340 3485 419 3522 quod
432 3484 587 3523 Castigatio
599 3484 631 3514 &
646 3483 763 3514 Punitio
778 3484 937 3521 hujusmodi
948 3486 1006 3517 aliis
1014 3489 1116 3522 ced-ant
1127 3481 1165 3522 ¹in
1174 3493 1242 3524 Me·

181 3534 244 3557 tum
257 3525 291 3554 &
305 3522 459 3553 Terrorem
474 3522 674 3554 Rebellionem
688 3522 865 3553 consimilem
880 3527 1065 3562 perpetrandi.

220 3562 256 3594 In
271 3561 369 3600 cujus,
387 3561 448 3591 &c.

256 3599 344 3646 ¹Peste
369 3598 454 3637 Rege
473 3599 548 3638 apud
566 3598 868 3640 westmonasterium,
903 3603 1038 3635 vicesimo
1068 3607 1169 3645 quinto
1199 3609 1247 3642 die

935 3683 989 3711 Per
1005 3683 1088 3722 ipsum
1106 3687 1212 3724 Regem.

190 3818 377 3852 innovantur
402 3820 508 3851 Literae
531 3816 567 3850 de
592 3816 743 3849 Condunu
757 3828 816 3864 ⁴pro
840 3819 969 3852 Nunciis
991 3818 1027 3852 de
1049 3824 1171 3867 Scotia,
1188 3825 1246 3869 fh-

175 3896 182 3898 a
313 3876 367 3911 per
390 3864 610 3901 Deliberatione
632 3864 745 3898 David
765 3865 801 3898 de
826 3868 918 3915 Bruys
940 3868 1126 3903 traffaturis.

186 3949 470 4029 Estssifflsfiugii,
485 3950 592 3990 gratia,
611 3950 696 3990 Rex,
713 3951 774 3982 &c-
812 3950 947 3983 Salutem,

230 4027 328 4063 Cum,
345 4026 524 4060 Venerabiles
544 4028 653 4066 Patres,
673 4028 845 4059 Willielmus
866 4027 963 4060 Saneti
979 4030 1119 4072 Andreae,
1137 4033 1170 4065 ὅτ
1193 4033 1250 4066 Ρη.-

195 4067 293 4100 tricius
307 4065 343 4095 de
357 4064 507 4107 Breghyn‚
522 4067 673 4109 Episcopi,
691 4077 724 4100 ac
742 4067 913 4100 willielmus
926 4068 964 4100 de
984 4069 1199 4112 Lemyngston,
1216 4074 1250 4106 ὃς

224 4108 299 4137 Tam.
317 4105 376 4135 ΙΙΙ.
393 4105 426 4134 Ρ.
446 4107 474 4134 Ι.

1280 158 1314 205 l?
1352 161 1397 206 ἶ]
1438 164 1470 205 13
1501 159 1533 205 I)
1570 162 1591 206 I
1627 164 1665 206 (3
1701 163 1749 207 ll.
2262 174 2344 227 '332⁷

1274 250 1419 281 Robertus
1441 250 1477 280 de
1502 250 1627 291 Erskyn,
1650 250 1760 281 Milites
1782 251 1817 282 de
1842 252 1955 291 Scotifi,
1980 247 2029 285 sub
2048 254 2203 286 Coniuc‘tu
2222 256 2339 295 nostre,
2363 256 2435 290 Ami.
2454 254 2493 292 D.

1273 290 1357 327 usque
1377 289 1413 333 ’ad
1436 289 1514 319 diem
1533 289 1741 327 Dominicam,
1768 290 1797 320 in
1818 291 1914 321 medio
1936 293 2185 359 (ssadragefiinae,
2203 297 2338 338 prosimu
2380 307 2464 336 1357.

1271 335 1437 396 ssraeteritae,
1448 327 1600 384 ⁴durat-uro,
1617 328 1650 372 ad
1670 328 1847 372 tractandum
1865 329 1942 366 super
1990 331 2178 376 eliberarione.
2192 332 2288 363 Dawd
2304 334 2340 364 de
2360 339 2428 366 Edv.
2444 348 2469 374 3,

1287 375 1374 410 ruys,
1393 364 1540 397 Prilonarii
1556 365 1660 404 nostri,
1678 376 1707 396 in
1725 365 1864 404 Regnum
1884 367 2010 398 nostrum
2033 370 2146 407 Angliae
2167 380 2228 409 jam
2253 381 2340 403 vene-

1270 413 1326 434 rint

1269 427 2339 523 beffffOZissr‘ffiesntlffffoffffiessssssatlikisu‘ssuffffiffssffiffiu‘illilfflssff‘l‘ssstfiffeR‘ZZi

1270 518 1455 556 Quindenam
1486 517 1600 548 Paschae
1627 520 1761 555 proximo
1789 519 1910 550 futuram
1944 521 2071 551 duximus
2098 524 2337 563 prorogandum,

1269 557 1445 595 suscipientes
1471 557 1560 595 ipsos,
1585 565 1618 586 ac
1644 556 1786 587 Homines
1804 558 1840 600 de
1857 568 1956 589 eorum
1974 559 2089 589 Familia
2112 560 2145 590 ὃς
2169 560 2338 601 (Ξοῑηίῑίνὲι,

1269 595 1352 633 usque
1382 595 1416 625 ad
1446 594 1611 631 Numerum
1645 595 1859 637 Qiinquaginta
1891 596 2076 627 Personaium
2092 620 2101 635 ,
2136 599 2336 638 cujuscumque

1270 632 1452 664 Conditionis
1481 633 1601 670 fuerint,
1626 632 1659 663 &
1679 643 1780 662 eorum
1800 634 1933 673 singulos,
1954 635 2128 673 Pecuniam,
2146 636 2242 675 Bona,
2261 638 2337 668 Gar⁴

1268 671 1515 739 glionegi’telriissluos’
1531 670 1664 701 Hernesia
1681 671 1714 701 &
1731 669 1807 708 Res,
1822 670 1882 705 &n
1896 680 1976 710 prout
1994 677 2023 703 in
2032 673 2164 713 fimili'bus
2183 675 2215 704 de
2232 677 2337 706 Condu-

1273 720 1314 814 ΒΞ
1346 733 1561 791 ’ζείὶεήῑείρῑο
1585 746 1659 786 apud
1683 745 1984 789 Westmonasterium,
2007 751 2143 783 vicesimo
2165 751 2272 783 ostavo
2294 753 2341 785 die

1314 794 1383 816 arm.
2034 829 2086 857 Per
2104 828 2186 868 ipſs'cm
2198 832 2304 867 Regem.

1573 954 1631 985 Pro
1655 950 1784 998 Isabella
1809 956 1921 986 Matre
1944 955 2044 999 Regis.

1270 1033 1394 1091 REX
1412 1036 1578 1076 Universis,
1597 1038 1658 1069 &c.
1695 1037 1832 1069 Salutem.

2364 1032 2489 1070 RnnD.

1364 1075 1462 1106 Sciatis
1480 1075 1558 1114 quod
1566 1099 1576 1114 ,

1306 1111 1389 1156 Cum
1404 1114 1577 1158 willielmus
1590 1114 1626 1158 de
1641 1114 1713 1145 Leth
1722 1138 1732 1153 ,
1746 1114 1785 1159 'de
1800 1116 1921 1153 partibus
1936 1114 2057 1155 Scotiae,
2078 1117 2125 1155 qui
2142 1124 2235 1160 ¹nuper
2258 1119 2280 1161 a
2297 1116 2341 1160 di·
2363 1086 2477 1153 Αἷιῗςξι..

1271 1150 1325 1181 &is
1346 1153 1468 1189 partibus
1487 1153 1591 1182 Scotiae
1613 1163 1642 1182 in
1663 1153 1801 1191 Angliam
1817 1154 1899 1193 usque
1924 1155 2120 1193 Londoniam,
2140 1166 2168 1184 in
2192 1155 2343 1185 Comitiva
2364 1159 2393 1182 E.
2411 1166 2437 1191 3·

1271 1190 1463 1226 quorumdam
1478 1190 1667 1221 Nunciorum
1683 1192 1718 1222 de
1735 1192 1847 1231 Scotia,
1866 1193 1916 1223 sub
1941 1193 2096 1224 Conductu
2119 1193 2219 1223 nostro
2243 1195 2343 1231 venit,
2401 1194 2465 1222 lbid.

1266 1228 1325 1264 jam
1340 1228 1371 1258 fit
1385 1229 1419 1259 ad
1435 1228 1567 1259 Castrum
1580 1229 1616 1259 de
1632 1229 1763 1270 Rysyng,
1781 1231 1815 1261 ad
1826 1231 1994 1262 carissimam
2008 1231 2133 1262 Matrem
2148 1232 2273 1262 nostram
2289 1232 2343 1262 Isa-
2365 1242 2400 1260 m.
2413 1243 2454 1259 io.

1270 1265 1392 1305 bellam,
1409 1267 1552 1304 Reginam
1569 1268 1695 1307 Angliae,
1713 1278 1765 1306 pro
1778 1269 1941 1307 quibusdam
1954 1269 2090 1308 Negotiis
2106 1270 2293 1309 profecturus,
2307 1271 2340 1301 ὃς

1271 1304 1374 1334 exinde
1390 1305 1424 1335 ad
1439 1306 1529 1336 dietas
1541 1315 1629 1344 partes
1643 1306 1750 1337 Scotiae
1767 1308 1919 1346 rediturus,

1310 1342 1377 1372 Nos
1398 1344 1534 1381 (volentes
1546 1345 1694 1375 Securitati
1707 1346 1787 1383 ipsius
1800 1347 1953 1377 willielmi
1969 1348 2000 1377 in
2013 1347 2067 1378 hac
2090 1356 2164 1385 parte
2182 1347 2343 1385 providere)

1270 1378 1437 1419 suscepimus
1452 1383 1541 1419 ipsum
1561 1383 1771 1422 Willielmum,
1789 1394 1902 1416 necnon
1926 1385 1979 1415 Sex
1996 1385 2112 1424 Equites
2133 1386 2168 1416 de
2194 1385 2343 1416 Comitiva

1270 1418 1335 1456 sua,
1352 1419 1385 1449 ad
1408 1420 1521 1451 dietum
1543 1421 1675 1453 Castrum
1698 1422 1734 1452 de
1758 1423 1872 1463 Rysyne,
1902 1423 2120 1462 proficiscendo,
2138 1426 2171 1455 &
2188 1424 2290 1454 exinde
2306 1424 2341 1454 ad

1271 1456 1359 1487 dietas
1371 1463 1459 1495 partes
1473 1458 1595 1497 Scotiae,
1615 1460 1644 1489 in
1665 1459 1760 1491 forma
1782 1461 1934 1499 praedicta,
1952 1462 2112 1501 redeundo,
2131 1461 2192 1497 &c.
2213 1469 2294 1501 prout
2315 1466 2346 1492 in

1265 1494 1399 1536 similibus
1412 1499 1515 1526 Literis
1529 1497 1561 1526 de
1575 1498 1720 1527 Condutft'u.

1273 1572 1292 1603 d
1308 1534 1342 1564 In
1358 1536 1450 1573 cujus,
1468 1536 1530 1566 &c.
1553 1535 1638 1573 usque
1659 1536 1693 1566 ad
1715 1536 1904 1576 Quindenam
1922 1537 2038 1569 Paschae
2061 1540 2195 1576 proximo
2218 1539 2339 1570 futuram

1295 1582 1424 1604 uraturaS.

1345 1611 1432 1643 Teste
1446 1611 1532 1651 Rege
1545 1612 1619 1651 apud
1631 1612 1936 1654 westmonasterium,
1956 1623 2055 1654 quarto
2072 1615 2118 1645 die
2135 1615 2244 1653 Api-ilis.

2077 1694 2130 1721 Per
2145 1690 2297 1721 Concilium.

1358 1812 1418 1848 Pro
1444 1814 1600 1849 Edwardo
1625 1816 1661 1849 de
1685 1815 1832 1860 Balliolo,
1858 1817 1894 1850 de
1920 1819 2092 1850 Annuitase
2108 1815 2269 1862 sblvendas

1281 1899 1425 1954 REX,
1444 1900 1655 1933 Colleemribus
1676 1901 1877 1934 Custumarum
1897 1902 2005 1934 suarum
2027 1903 2055 1933 in
2076 1902 2165 1934 Portu
2188 1902 2224 1933 de
2248 1902 2355 1934 San&o
2374 1905 2450 1935 Ann.
2464 1901 2506 1936 D.

1360 1938 1538 1979 Botholp'ho,
1558 1941 1692 1979 Salutem,
2395 1953 2479 1984 1357.

1315 1975 1412 2017 Cum,
1427 1979 1504 2016 juxta
1524 1978 1764 2028 Conventiones,
2376 1987 2428 2010 Aa.
2442 1993 2486 2020 3¹·

1317 2014 1393 2046 Inter
1418 2017 1486 2047 Nos
1507 2019 1558 2056 ὃς,
1577 2017 1714 2049 ἀϋεᾶυω
1736 2018 1988 2057 Lonstmguineum
2011 2020 2044 2050 &
2060 2019 2183 2050 Fidelem
2206 2019 2354 2058 nostrum,
2378 2026 2406 2048 E.
2425 2031 2450 2057 3.

1280 2052 1455 2085 Edwardum
1470 2056 1505 2086 de
1521 2056 1653 2095 Baniolo,
1671 2066 1708 2086 nu
1730 2067 1759 2086 er
1775 2056 1891 2095 Regem
1908 2058 2034 2096 Scotiae,
2053 2059 2132 2096 super
2148 2059 2302 2089 donatione
2321 2060 2355 2090 &
2376 2060 2466 2095 Claus.

1280 2092 1463 2124 concessione
1476 2094 1512 2125 de
1530 2094 1635 2132 Regno
1650 2094 1684 2125 &
1728 2096 1818 2126 orona
1833 2096 1957 2134 Scotiae,
1975 2107 2008 2127 ac
2024 2097 2061 2127 de
2086 2106 2148 2127 toto
2166 2098 2227 2135 jure
2249 2098 2282 2128 ὃς
2300 2098 2358 2128 cla-
2378 2108 2421 2134 31-
2438 2103 2466 2124 Ε.
2480 2108 2505 2134 3.

1282 2132 1363 2170 mio,
1402 2143 1446 2163 uae
1468 2134 1497 2163 iri
1520 2133 1625 2164 eisdem
1646 2132 1755 2171 Regno
1779 2135 1812 2165 δε
1835 2133 1956 2166 Corona
1970 2136 2085 2174 habuit,
2104 2136 2185 2166 nobis
2201 2146 2250 2173 per
2263 2135 2356 2173 ipsum
2377 2145 2472 2169 mnf.

1281 2169 1383 2201 Edwar
1406 2181 1454 2201 um
1469 2171 1565 2210 factis,
1580 2172 1677 2210 initas,

1282 2255 1304 2285 4
1319 2208 1423 2278 {idam
1438 2209 1582 2243 Edwardo
1595 2220 1646 2250 pro
1662 2209 1867 2242 Sustentatione
1879 2210 1943 2251 sua,
1961 2210 2022 2246 &c.
2035 2220 2118 2251 prout
2128 2213 2214 2253 fhpra
2233 2214 2264 2243 de
2281 2216 2354 2243 Dat.

1358 2286 1447 2318 Teste
1463 2287 1549 2327 Rege
1567 2288 1642 2328 apud
1661 2288 1967 2328 Westmonasterium,
1985 2288 2161 2320 duodecimo
2179 2288 2225 2320 die
2242 2289 2354 2328 Aprilis.

1433 2416 1455 2438 '⁶
1481 2418 1530 2451 De
1546 2416 1716 2464 fhslinendo
1741 2418 1848 2452 Vitam
1862 2417 1928 2460 stne
1952 2419 2030 2450 Pom
2053 2421 2089 2453 ὠ·
2116 2412 2199 2448 Cibo.
2369 2428 2388 2452 ε
2402 2432 2511 2468 v1,13,

1282 2502 1403 2558 REX
1418 2503 1583 2552 Omnibus,
1602 2504 1663 2535 ὅτε.
1700 2503 1836 2535 831υῑειῑι.
2379 2517 2454 2548 Am,
2469 2516 2509 2546 D,

1377 2542 1475 2573 Sciatis
1492 2543 1571 2580 quod
1580 2566 1589 2580 ,
2402 2566 2413 2586 1
2423 2565 2453 2593 ³5
2460 2565 2486 2592 7.

1324 2579 1406 2611 Cum
1424 2581 1532 2612 Cecilia
1554 2582 1628 2619 (quae
1643 2580 1694 2611 fuit
1708 2580 1796 2611 Uxor
1807 2579 1943 2618 Johannis
1965 2581 2002 2611 de
2021 2579 2179 2620 Rygeway)
2201 2589 2288 2618 nuper
2310 2579 2358 2609 In·
2378 2599 2431 2622 Aa.
2452 2605 2495 2631 3¹·

1283 2619 1387 2649 dietata
1401 2619 1437 2650 de
1457 2628 1550 2650 morte
1568 2620 1648 2657 ipsius
1659 2618 1815 2657 Johannis,
1836 2618 1897 2648 Viri
1911 2619 1961 2656 sui,
1979 2620 2013 2650 &
2028 2619 2063 2649 de
2080 2618 2177 2649 Morte
2193 2619 2237 2649 ill-:1
2253 2629 2361 2655 corani,
2380 2638 2400 2661 E
2434 2644 2458 2670 3·

1284 2657 1405 2688 Dileetis
1419 2658 1452 2688 &
1467 2656 1606 2688 Fidelibus
1620 2657 1738 2694 nostris,
1756 2657 1889 2688 Henrico
1905 2656 2006 2687 Grene
2020 2660 2052 2688 ὃς
2067 2656 2158 2687 Sociis
2173 2657 2224 2687 suis
2235 2657 2363 2695 justicia·
2382 2656 2425 2699 izit
2452 2682 2460 2691 ,
2470 2682 2494 2699 ῐ.

1285 2697 1330 2726 riis
1343 2695 1461 2764 nOstrll⁷
1480 2696 1514 2726 ad
1528 2696 1653 2727 Goalam
1668 2696 1794 2726 nostram
1815 2695 2045 2735 Notynghamiae
2068 2695 2289 2726 Deliberandam
2304 2696 2364 2726 assi·
2385 2715 2411 2737 E.
2439 2692 2463 2746 3{
2486 2716 2511 2746 p-

1309 2743 1377 2764 natis
1409 2745 1424 2764 a
1445 2744 1530 2766 ocuta

1285 2744 1306 2772 g
1325 2758 1434 2803 Pr0⁷eo
1452 2774 1528 2814 quod
1539 2759 1574 2804 ²se
1589 2773 1677 2803 tenuit
1700 2771 1833 2809 Mutam,
1851 2771 1886 2802 ad
1902 2771 2022 2802 Poenam
2046 2772 2120 2802 suam
2135 2773 2224 2803 extitit
2242 2772 2363 2812 Adjudi-

1290 2820 1367 2849 cata,
1384 2820 1414 2842 ut
1429 2812 1549 2850 dicitur,
1568 2813 1597 2842 in
1617 2811 1670 2850 qua
1689 2812 1744 2841 sine
1764 2810 1844 2841 Cibo
1862 2811 1895 2840 &
1914 2810 2003 2849 Potu,
2020 2811 2048 2840 in
2068 2810 2138 2841 Arri
2155 2810 2288 2850 Priiona,
2312 2822 2361 2849 per

1291 2850 1491 2889 Qadraginta
1516 2850 1601 2888 Dies,
1631 2851 1720 2880 vitam
1747 2849 1872 2880 sustinuit
1895 2848 1942 2879 via
1977 2850 2106 2879 miraculi
2130 2850 2162 2879 &
2190 2850 2264 2887 quali
2289 2861 2361 2880 con-

1288 2896 1329 2920 tta
1354 2889 1498 2920 Naturam
1523 2890 1699 2927 humanam,
1733 2887 1802 2919 sicut
1832 2896 1865 2917 ex
1892 2886 2076 2918 Testimonio
2108 2897 2270 2924 accepimus
2293 2888 2362 2919 fide-

1306 2938 1313 2957 i
1338 2938 1356 2957 n
1375 2937 1377 2939 ·

1284 2927 1407 3005 dgNgs',
1431 2966 1464 2997 ea
1486 2966 1523 2997 de
1543 2966 1643 3004 causa,
1690 2966 1770 2995 ietate
1793 2964 1883 3007 moti,
1910 2963 1943 2993 ad
1966 2963 2078 2994 laudem
2102 2962 2159 2993 Dei
2181 2965 2215 2995 ὃς
2235 2965 2363 3003 gloriose

1287 3004 1337 3035 Vir
1358 3006 1409 3035 inis
1429 3005 1531 3035 Mariae
1546 3004 1645 3036 Matris
1660 2975 1734 3042 fflae,
1753 3002 1829 3033 unde
1843 3002 1954 3032 diCtum
1971 3001 2148 3032 Miraculum
2166 3005 2312 3043 procedit,
2332 3015 2362 3037 ut

1289 3053 1337 3073 cre
1358 3045 1427 3082 itur,
1450 3043 1486 3073 de
1507 3044 1597 3080 grati&
1617 3042 1711 3073 nostra
1730 3041 1856 3079 speciali,
1883 3041 2100 3078 pardonavimus
2120 3040 2212 3071 eidem
2244 3042 2362 3074 Ceciliae

1287 3081 1496 3112 Executionern
1508 3082 1614 3122 judicii
1630 3081 1774 3119 praedicti,

1324 3120 1459 3151 Volentes
1476 3120 1555 3158 quod
1573 3120 1672 3150 eadem
1685 3118 1793 3149 Cecilia
1813 3130 1828 3149 a
1846 3117 1961 3148 Prisona
1977 3117 2112 3160 praedig‘la
2129 3118 2311 3157 deliberetur,
2327 3121 2360 3150 δε

1286 3158 1323 3189 de
1339 3158 1472 3197 Corpore
1499 3159 1546 3190 suo
1570 3159 1684 3190 ulterius
1709 3168 1767 3188 non
1791 3157 1823 3188 sit
1840 3157 1970 3196 impetita
1987 3159 2133 3187 occasione
2145 3157 2253 3195 judicii
2273 3158 2363 3195 supra-¹

1285 3197 1366 3228 dieti.

1324 3234 1358 3267 In
1377 3236 1476 3274 cujus,
1497 3236 1559 3266 &c.

1320 3313 1348 3344 ss.
1358 3275 1447 3306 Teste
1465 3274 1550 3313 Rege
1568 3274 1641 3313 apud
1655 3273 1959 3313 westmonasterium,
1977 3274 2113 3305 vicesimo
2135 3273 2234 3313 quinto
2252 3273 2297 3303 die
2318 3271 2359 3309 A,

1286 3323 1319 3352 pr
1341 3323 1373 3346 is.

2388 2758 2509 2778 1.m.11.

1864 3349 1918 3382 Per
1936 3354 2027 3381 Breve
2046 3351 2076 3380 de
2092 3353 2212 3380 Privato
2229 3347 2330 3386 sigillo.

1283 3478 1333 3510 De
1359 3475 1514 3512 recedendo
1537 3474 1575 3509 ab
1605 3474 1758 3518 Obsidione
1786 3476 1867 3509 Villae
1892 3474 1928 3507 de
1959 3477 2062 3522 Reynes
2082 3475 2180 3519 juxta
2207 3475 2354 3506 Formam

1343 3529 1554 3574 Tangam,
1579 3536 1648 3556 cum
1670 3524 1859 3570 Adversszrio
1876 3526 2008 3556 Francia·
2025 3533 2115 3567 nuper
2135 3525 2295 3556 initarum.

1286 3612 1373 3668 LE
1396 3612 1454 3642 Roi'
1475 3622 1508 3650 a,
1526 3609 1620 3641 nostre
1641 3610 1797 3641 Treschere
1819 3608 1926 3638 Cousin
1949 3608 1982 3638 δε
2005 3607 2100 3645 Foial,
2122 3607 2214 3639 Henri
2235 3608 2302 3638 Duc
2320 3607 2355 3638 de
2378 3623 2442 3654 Am
2465 3625 2496 3655 D

1360 3650 1528 3687 Lancastie,
1554 3649 1686 3687 Capitein
1711 3652 1744 3681 ὃς
1770 3647 1862 3678 nostre
1888 3647 2054 3677 Lieutenant
2074 3656 2110 3677 en
2136 3647 2161 3677 la
2180 3647 2300 3677 Duciiee
2318 3646 2354 3677 de
2399 3672 2431 3692 1⁵
2438 3651 2473 3703 5⁴7
2502 3652 2508 3657 ·

1286 3690 1454 3728 Bretaigne,
1471 3689 1560 3719 Saluz,
1659 3726 1663 3731 Ι
1819 3724 1823 3728 .
2280 3724 2285 3729 ι
2375 3684 2431 3730 Aa.)
2446 3714 2455 3722 ,
2467 3688 2488 3730 ¹·-

1323 3728 1434 3760 Comes
1461 3728 1548 3757 bones
1570 3725 1603 3756 &
1627 3725 1718 3755 lomles
1744 3722 1928 3754 Abstinences
1955 3723 1988 3754 &
2005 3723 2141 3762 Trewes,
2157 3733 2192 3753 en
2212 3722 2299 3760 espOir
2313 3724 2349 3755 de
2378 3745 2395 3765 f
2427 3726 2455 3773 ³³

1284 3768 1344 3798 bon
1363 3766 1464 3797 Acord
1480 3767 1512 3796 ὃς
1530 3763 1687 3802 perpetuele
1704 3762 1791 3801 Pecs,
1814 3761 1901 3793 soient
1915 3762 2014 3800 prises,
2034 3771 2194 3801 acceptees,
2219 3762 2253 3792 &
2270 3772 2352 3793 acor·
2370 3761 2412 3807 ΡΤ
2427 3775 2430 3777 ’
2440 3763 2451 3816 3'
2461 3789 2483 3808 Ι·

1284 3806 1392 3883 deePSzi'r,
1410 3842 1503 3873 nostre
1516 3840 1653 3871 treschere
1672 3838 1734 3869 Filz
1752 3838 1844 3878 Eisne,
1863 3838 1985 3870 Edward
2006 3838 2104 3868 Prince
2121 3837 2157 3868 de
2176 3837 2280 3878 Gales,
2292 3839 2351 3871 Ca—

1285 3884 1375 3921 pitein
1391 3883 1423 3913 &
1443 3882 1535 3912 nostre
1555 3879 1739 3909 Leiuetenant
1767 3888 1802 3908 en
1830 3878 1927 3907 nostre
1952 3878 2074 3908 Duchce
2098 3876 2134 3906 de
2157 3876 2294 3918 Guyene,
2316 3881 2350 3911 ὃς

1285 3930 1374 3952 autres
1392 3921 1428 3950 de
1447 3919 1543 3950 nostre
1561 3917 1640 3955 Part,
1658 3918 1692 3948 &
1712 3916 1808 3946 nostre
1826 3916 2005 3953 Adversali'e,
2027 3917 2061 3946 &
2080 3914 2203 3952 plusours
2221 3917 2351 3956 Seigiiurs

1286 3960 1322 3990 de
1342 3960 1465 3996 France,
1481 3958 1575 3987 eiantz
1593 3966 1608 3986 a
1625 3965 1659 3986 ce
1678 3954 1793 3992 especial
1813 3955 1846 3985 &
1866 3955 1940 3992 plein
1962 3954 2056 3991 Poair,
2073 3954 2177 3984 d'autre
2194 3954 2275 3993 Part,

1326 3998 1456 4028 Parentre
1477 3995 1562 4026 Nous
1581 3995 1613 4025 &
1628 3993 1723 4024 nostre
1739 3993 1780 4024 dit
1797 3993 1974 4030 Adversaire,
1990 3993 2024 4022 &
2044 4000 2122 4022 entre
2144 4001 2214 4023 touz
2227 3994 2263 4023 les
2278 3994 2353 4024 Sub-

1285 4038 1354 4076 giz,
1380 4035 1488 4072 Alliez,
1513 4033 1652 4071 Eidantz,
1670 4033 1703 4063 ὃς
1727 4032 1909 4068 Adherentz,
1928 4030 2011 4060 d'une
2031 4030 2092 4060 Part
2113 4032 2147 4061 δὲ
2170 4032 2289 4069 d'autre,
2314 4031 2349 4061 de

1288 4085 1361 4116 queu
1377 4082 1435 4113 part
1452 4072 1511 4112 q'ils
1525 4072 1633 4111 soient,
1646 4072 1679 4104 «Sc
1693 4081 1721 4102 es
1732 4079 1823 4140 [ἔωθε
1836 4071 1873 4100 les
1888 4068 2009 4107 Terres,
2028 4069 2119 4108 Paiis,
2134 4070 2167 4102 &
2183 4070 2287 4108 Lieux,
2305 4076 2356 4106 apa

2372 3822 2401 3844 E,
2421 3826 2499 3854 3.m.

2375 3865 2416 3891 ¹4·

2291 4115 2357 4144 9³1⁴
