2561 4251
236 130 262 165 ⁶·
678 101 1937 164 CONVENTIONES,L'1TERAE‚

88 206 218 241 AnnD.
275 210 387 241 Damus
406 216 500 239 autem
521 205 681 244 Capitaneis
702 204 869 236 Castrorum
882 230 892 243 ,
911 205 1140 242 Fortalitiorum,
1159 203 1193 234 ὃ(
1207 199 1294 246 Villa-

107 257 195 287 1373·
238 259 320 287 rum,
340 245 497 286 Majoribus
510 267 520 282 ,
538 245 647 275 Ballivis
663 267 673 283 ,
700 244 838 274 Ministris
852 268 861 282 ,
879 246 913 275 &
929 245 1064 274 omnibus
1083 243 1141 273 aliis
1156 239 1296 286 Fidelibus

87 288 153 315 Ἐάν.
175 296 201 324 3·
239 286 341 318 nostris
362 287 389 315 in
411 285 532 324 partibus
552 283 748 314 Marchiarum
767 283 897 320 illarum,
915 282 1034 312 Tenore
1046 281 1295 322 Praesentiumffln

241 325 382 356 Mandatis
397 348 405 361 ,
432 321 512 360 quod
536 321 628 352 Vobis
641 346 650 360 ,
677 323 705 352 in
719 319 870 350 Praemiffis
885 319 1016 350 faciendis
1030 320 1064 350 ὅ(
1078 319 1235 357 explendiS,
1252 325 1296 346 m-

238 363 381 394 tendentes
399 361 450 391 sint
464 383 473 398 ,
496 359 681 391 Consulentes
695 384 705 396 ,
730 359 902 390 Auxiliantes
926 360 958 388 &
975 358 1204 396 Respondentes,
1222 365 1297 394 quo-

240 404 308 433 tiens
320 402 352 431 ὃς
370 408 452 436 prout
468 399 522 437 eis,
538 399 583 429 vel
596 408 697 430 eorum
711 397 794 428 alicui
808 397 879 427 scire
892 397 1013 428 feceritis
1027 406 1061 427 ex
1075 406 1152 435 parte
1165 394 1270 425 nostra.

274 438 307 469 In
324 439 415 476 cujus,
437 438 498 468 &c.
517 437 602 475 usque
615 437 649 466 ad
662 436 749 466 finem
763 435 926 466 Medietatis
943 437 1024 466 unius
1039 436 1115 466 Anni
1129 434 1278 465 duraturas.

274 476 364 507 Teste
379 475 461 516 Rege
476 475 551 514 apud
567 473 872 512 Westmonasterium‚
889 473 1009 512 septimo
1024 473 1070 505 die
1084 473 1165 504 Maii.

703 551 756 582 Per
769 550 851 591 ipsum
864 553 960 589 Regem
975 550 1013 587 &
1031 549 1184 581 Concilium.

316 682 375 715 Pro
393 675 538 725 Johanne
556 680 632 724 Rege
649 676 790 722 castellis,
817 677 852 712 de
871 676 990 712 Debitis
1004 675 1219 724 acquietandis.

87 758 163 789 Arm·
176 756 217 788 D·
241 763 374 821 REX
393 764 527 795 omnibus
538 786 547 802 ,
565 762 600 794 ad
615 772 702 802 quos,
720 763 782 796 &c.
800 763 932 795 Salutem.

108 805 193 836 1373·
339 803 436 834 Sciatis
451 802 550 841 quod,

84 840 136 864 Aa.
154 845 201 872 47·
277 841 379 881 Cum,
394 842 498 872 Tertio
511 840 625 871 decimo
640 839 687 871 die
701 840 858 880 Februarii,
875 840 964 872 Anno
978 840 1073 880 Regni
1088 837 1174 870 nostri
1188 838 1298 879 Angliae

85 879 115 902 E.
139 884 164 910 3·
242 880 466 921 Qadragefimo
487 881 571 910 tertio
585 903 595 917 ,
619 878 849 910 Concesserimus
863 903 872 918 ‚
900 890 954 918 pro
976 880 1058 910 nobis
1079 880 1111 910 &
1125 879 1298 910 Haeredibus

83 916 200 948 Par.47.
241 919 358 957 nostris,
378 918 519 950 carissimo
534 918 606 948 Filio
623 918 739 957 nostro,
753 918 884 957 Johanni
900 920 965 955 Regi
980 915 1103 955 Castellae
1119 916 1158 953 ὠ
1174 920 1299 955 Legionis

83 955 181 988 Ῑ·3·Ρ·
194 961 218 979 ¹·
240 958 274 989 &
302 958 381 989 Duci
404 956 573 988 Lancastriae
586 980 596 994 ,
626 956 677 987 sub
702 958 820 987 nomine
837 955 979 995 Johannis
997 959 1079 986 Ducis
1099 955 1271 996 Lancastriae
1287 980 1298 994 ,

83 998 120 1018 m·
137 997 182 1025 ¹4·
263 997 341 1035 uod,
360 996 539 1027 Venerabilis
552 994 647 1025 Patres
659 1017 668 1033 ‚
688 995 851 1025 Willielmus
864 994 1002 1034 Episcopus
1019 994 1190 1034 Wyntoniae,
1208 998 1297 1025 Simon

265 1039 295 1074 pi
308 1036 380 1074 c'opus
401 1035 564 1072 Londoniae,
583 1035 733 1064 Richardus
754 1038 842 1063 Comes
864 1031 1027 1063 Arundellae
1040 1056 1050 1072 ,
1075 1032 1242 1072 Humfrea'us
1264 1034 1297 1063 de

239 1076 281 1104 Bo
301 1085 337 1104 un
359 1081 422 1104 tunc
444 1077 533 1102 Comes
545 1071 731 1112 Herefordiae,
749 1072 878 1102 Robertus
892 1071 923 1101 de
937 1070 1121 1112 Swilyngton,
1139 1071 1297 1111 Godefridus

237 1112 391 1142 Foliaumbe
401 1136 410 1151 ,
431 1111 594 1141 Willielmus
610 1111 727 1150 CroiJer,
746 1111 889 1149 Johannes
903 1111 934 1140 de
950 1113 1028 1149 Ipre,
1048 1109 1174 1148 Milites,
1191 1110 1299 1141 Walte-

237 1162 284 1180 rus
307 1152 339 1181 de
358 1150 505 1189 Campeden
527 1148 654 1180 Clericus
668 1172 677 1187 ‚
704 1148 867 1180 Willielmus
880 1149 911 1178 de
926 1148 1087 1187 Bukbrugge
1100 1148 1246 1187 ClericuS,
1263 1150 1297 1181 &

237 1189 382 1228 Johannes
406 1188 576 1220 Neumarche
627 1189 760 1219 haberent
807 1187 871 1226 post
897 1186 1028 1218 Mortem
1053 1188 1177 1225 praedicti
1192 1188 1297 1226 Regis,

238 1227 408 1258 Custodiam
422 1228 556 1258 omnium
572 1211 986 1269 &astrorum,l’xlaneriorum,
1002 1226 1175 1264 Terrarum,
1193 1226 1297 1258 &Te-

236 1275 455 1303 nememowm,
473 1276 537 1304 quse
551 1265 626 1294 idern
641 1265 706 1295 Rex
723 1273 791 1295 tunc
805 1273 914 1302 tenuit,
931 1265 976 1295 vel
989 1264 1034 1294 die
1043 1264 1152 1295 Obitus
1166 1265 1204 1296 sui
1216 1274 1298 1296 tene-

236 1314 296 1344 ret,
315 1307 343 1336 in
366 1305 470 1342 Anglia
484 1327 494 1342 ‚
520 1303 623 1334 Wallia
640 1326 649 1342 ,
675 1304 708 1334 ὃς
727 1303 792 1333 alibi
807 1326 817 1341 ‚
833 1303 894 1334 tam
909 1303 978 1334 citra
992 1303 1091 1342 Mare,
1110 1303 1198 1342 quiam
1212 1305 1297 1342 ultra,

236 1354 288 1382 per
307 1353 396 1375 unum
418 1344 538 1374 Annum
553 1343 695 1382 integrum
709 1364 719 1379 ‚
737 1342 814 1373 diem
828 1341 935 1373 Obitus
948 1342 989 1373 sui
1003 1342 1167 1374 immediate
1180 1342 1297 1383 sequen-

236 1392 296 1415 tem

277 1407 354 1453 *Ἐῑ
376 1417 455 1460 quod
475 1420 562 1452 iidem
575 1443 585 1459 ‚
611 1419 729 1459 Episc'opi
744 1442 754 1459 ,
777 1422 890 1450 Comites
903 1444 912 1459 ,
938 1419 1069 1451 Robertur
1082 1444 1092 1459 ‚
1119 1419 1298 1462 Godefridus,

240 1460 403 1491 Willielmufe
418 1484 428 1498 ,
453 1460 598 1499 Johannes
611 1484 622 1498 ,
647 1458 801 1499 Walterus,
821 1458 1000 1498 Willielmus,
1018 1461 1051 1491 &
1065 1460 1227 1500 Johannes,
1246 1460 1299 1491 sta-

239 1501 294 1532 tim
308 1499 373 1538 post
387 1498 545 1530 Decessum
559 1497 680 1536 ejusdem
695 1497 800 1537 Regis,
817 1500 914 1528 omnia
925 1498 1038 1535 Castra,
1059 1498 1186 1529 Maneria
1195 1522 1204 1537 ,
1220 1500 1299 1529 Ter-

238 1549 297 1578 raS,
313 1539 346 1570 ὃς
366 1538 546 1568 Tenementa
568 1537 701 1575 praedieta
721 1536 798 1567 licite
817 1537 924 1576 ingredi
945 1537 1073 1575 poffem,
1092 1539 1125 1568 ὃ(
1139 1547 1235 1568 tenere
1250 1548 1299 1576 per

237 1578 348 1608 dietum
372 1577 490 1607 Annum
510 1577 650 1614 integrum
695 1574 761 1614 post
783 1574 914 1606 Mortem
937 1575 1060 1614 ejusdem
1090 1576 1196 1615 Regis,
1214 1578 1247 1607 δε
1263 1577 1300 1608 de

238 1616 342 1648 eisdem
358 1614 480 1653 Castris,
497 1613 631 1644 Maneriis
641 1637 650 1653 ,
665 1598 779 1656 ΞΓειτίε,
798 1614 831 1644 &
845 1614 1050 1652 Tenementis,
1069 1624 1137 1644 cum
1151 1614 1300 1646 Pertinen-

239 1657 304 1694 tiis,
321 1654 409 1684 libere
425 1653 585 1691 disponere,
604 1653 636 1683 ὅ(
653 1651 750 1682 Exitus
765 1652 831 1682 inde
845 1654 1005 1691 percipere,
1024 1653 1056 1683 ὃς
1071 1653 1180 1690 plenam
1197 1654 1300 1685 Admi-

238 1693 436 1724 nistrationem
456 1693 492 1722 de
509 1692 612 1722 eisdem
632 1691 735 1720 habere
754 1691 863 1727 possent
878 1713 888 1729 ,
906 1691 941 1721 ad
955 1691 1062 1721 Debita
1076 1692 1197 1723 e'usdem
1214 1693 1300 1733 Regis

242 1731 436 1770 Acquietanda
451 1755 461 1767 ,
487 1731 520 1761 &
542 1730 606 1767 alia,
626 1739 689 1766 quae
705 1728 807 1759 eisdem
822 1730 968 1769 Episc'opis,
984 1733 1080 1759 Comit1
1100 1741 1148 1769 us,
1167 1731 1299 1771 Roberto,

240 1769 403 1809 Godefrido,
423 1768 584 1805 Willrelmo,
601 1766 746 1805 Johanm',
767 1767 905 1805 lValtero,
925 1767 1086 1806 Wllielmo,
1105 1769 1139 1799 ὃς
1154 1769 1299 1808 Johanm‘,

240 1819 290 1847 per
310 1809 419 1838 didium
439 1807 552 1846 Regem
573 1808 753 1845 injungentur
768 1830 777 1843 ,
803 1806 995 1845 Faciendum,
1014 1806 1247 1848 Oomplendum,
1267 1810 1301 1840 &

241 1846 465 1885 Exequendum,
484 1845 587 1882 absque
599 1844 751 1881 Compoto
764 1844 809 1874 seu
822 1844 916 1883 aliquo
929 1845 983 1875 alio
998 1845 1097 1876 Nobis
1113 1846 1157 1876 vel
1170 1847 1302 1878 Haeredi-

242 1886 295 1916 bus
309 1884 411 1915 nostris
426 1894 478 1922 pro
491 1884 594 1914 eisdem
612 1882 789 1920 Reddend0‚
807 1892 892 1920 prout
903 1885 931 1914 in
947 1883 1046 1915 Literis
1061 1884 1162 1916 nostris
1178 1885 1301 1918 Patenti-

243 1924 311 1961 bus,
330 1923 396 1954 inde
411 1921 567 1959 confectis,
585 1921 692 1959 plenius
707 1922 885 1959 continetur,

279 1963 366 2000 Nos,
384 1961 420 1991 de
440 1960 526 2001 gratia
547 1959 642 1990 nostra
658 1960 784 1997 speciali,
801 1960 834 1990 &
851 1970 904 1998 pro
918 1971 955 1992 eo
971 1961 1051 2000 quod
1069 1962 1218 2000 praedistus
1233 1963 1299 1995 Rex

242 2000 330 2032 dieras
343 2001 449 2033 Literas
463 1999 569 2030 nostras
584 1998 682 2029 Nobis
696 2000 724 2027 in
736 1997 909 2029 Cancellaria
923 2000 1017 2031 nostra
1033 2000 1165 2033 Restituit
1180 2002 1302 2034 Cancel-

243 2039 335 2071 landas
350 2063 359 2078 ‚
384 2037 584 2069 Concessirnus
605 2039 630 2068 ei
646 2047 698 2075 pro
715 2036 832 2075 Nobis,
850 2039 884 2069 ὃς
899 2037 1070 2070 Haeredibus
1080 2040 1201 2080 nostris,
1219 2043 1300 2080 quod

267 2079 377 2110 raedicj‘ci
396 2078 514 2116 Episcopi
529 2100 538 2114 ,
564 2079 652 2105 Comes
665 2075 845 2114 Arundellae‚
862 2076 1012 2117 Robertus,
1031 2078 1208 2119 Godefridus,
1227 2081 1302 2111 Wil-

243 2088 347 2147 Zelmus
358 2142 368 2155 ,
390 2115 550 2155 Johannn,
569 2113 745 2152 Wllielmus,
764 2114 796 2145 &
809 2115 956 2154 Johannes
969 2139 980 2155 ,
1005 2127 1055 2156 ac,
1073 2118 1169 2149 dilecti
1184 2120 1217 2150 &
1232 2119 1301 2151 fide-

243 2156 282 2186 les
305 2155 392 2186 nostri
407 2178 417 2193 ‚
447 2156 488 2184 W
487 2153 610 2183 illielmus
631 2154 663 2182 de
684 2156 745 2182 Lat
761 2165 816 2183 mer
830 2177 841 2193 ,
857 2155 890 2186 δε
905 2156 991 2185 Guido
1004 2156 1037 2185 de
1050 2158 1158 2196 Brian,
1175 2157 1283 2189 Milites

242 2194 380 2231 habeant,
399 2192 602 2237 postMortem
638 2192 725 2222 raefati
739 2164 844 2231 segis,
862 2192 1031 2224 Custodiam
1045 2197 1178 2226 omnium
1186 2182 1303 2228 Castro³

242 2243 308 2264 rum
324 2257 334 2272 ,
359 2231 576 2270 Manetiorum,
633 2240 774 2268 erratum,
799 2231 833 2261 &
854 2231 1120 2273 Tenementorum,

84 1420 218 1458 *v11.9.

1167 2245 1210 2265 ute
1224 2236 1301 2267 idem

244 2269 312 2302 Rex
323 2273 381 2311 jam
395 2279 485 2307 tenet,
504 2270 550 2300 vel
561 2270 606 2301 die
618 2268 725 2300 Obiifis
740 2268 777 2300 sui
792 2270 922 2308 tenebit,
948 2272 977 2301 in
993 2272 1109 2311 Anglia,
1128 2245 1248 2312 Villallia,
1267 2276 1301 2307 &

245 2310 329 2349 alibi,
347 2311 406 2341 tam
420 2311 489 2340 citra
503 2308 587 2338 Mare
601 2330 611 2346 ,
626 2309 713 2347 quam
729 2308 799 2339 ultra
814 2331 823 2347 ,
839 2318 888 2346 per
903 2319 992 2341 unum
1006 2311 1126 2342 Annum
1141 2312 1302 2353 integrum,

245 2348 323 2379 diem
337 2347 444 2378 Obitus
458 2347 495 2378 sui
511 2347 673 2377 immediate
687 2347 865 2385 sequentem,

283 2387 320 2419 Et
343 2386 423 2425 quod
444 2385 528 2416 iidem
548 2384 682 2424 Epifiopi,
701 2388 788 2414 Comes
801 2385 991 2425 Arundelliae,
1009 2387 1159 2427 nehmiae,
1177 2391 1249 2420 Gode
1264 2395 1303 2420 ri-

243 2426 311 2464 dus,
330 2423 493 2456 Willielmus
503 2447 513 2463 ,
529 2423 693 2462 Johannes‚
712 2423 869 2453 Wllielmus
903 2424 1066 2465 Johannes,
1085 2427 1252 2458 Willielmur
1265 2431 1299 2461 &

247 2465 350 2503 Guido,
371 2463 462 2494 statim
477 2463 541 2502 post
555 2461 715 2492 Deceslum
731 2447 971 2506 ejusdemkegis‚
988 2467 1085 2495 omnia
1099 2464 1213 2505 Castra,
1234 2468 1302 2498 Ma-

245 2505 321 2533 neria
337 2526 347 2541 ,
370 2501 474 2532 Terras
489 2524 498 2539 ,
524 2502 557 2532 ὃς
571 2501 752 2531 Tenementa
773 2501 908 2539 praedicta
921 2502 996 2533 licite
1009 2504 1115 2542 ingredi
1129 2505 1249 2544 possint,
1268 2508 1302 2538 &

245 2549 341 2572 tenere
355 2551 405 2578 pei·
418 2540 526 2570 dielum
543 2540 660 2570 Annum
678 2540 819 2577 integrum
834 2539 898 2576 post
915 2539 1045 2571 Mortem
1059 2543 1181 2580 ejusdem
1196 2543 1302 2584 Regis,

246 2580 281 2610 &
303 2578 338 2609 de
356 2579 458 2608 eisdem
481 2577 586 2608 Castris
598 2600 608 2616 ,
637 2577 770 2608 Maneriis
785 2602 795 2615 ,
819 2577 916 2608 Terris
932 2603 942 2616 ,
965 2580 998 2610 &
1015 2580 1217 2620 Tenementis,
1233 2594 1303 2614 cum

248 2616 427 2647 Pertinentiis
439 2639 449 2654 ,
473 2616 561 2646 libere
583 2616 731 2653 disponere
780 2618 813 2647 ἃ
828 2616 925 2647 Exitus
939 2618 1005 2647 inde
1018 2621 1161 2658 percipere
1193 2622 1227 2652 &
1244 2622 1303 2660 ple-

248 2665 315 2686 nam
338 2653 617 2698 Administrationem
639 2654 675 2684 de
698 2640 798 2698 eisdem
814 2655 915 2685 habere
929 2656 1049 2698 possint,
1064 2659 1098 2688 ad
1112 2644 1216 2690 Debita
1232 2662 1304 2699 ejus-

249 2693 318 2724 dem
340 2694 426 2731 Regis
446 2694 643 2730 acquietanda,
661 2693 693 2723 δε
709 2693 742 2721 ad
757 2693 823 2729 alia,
842 2702 906 2730 quae
921 2695 1023 2724 eisdem
1038 2696 1186 2735 Episcopis‚
1205 2702 1303 2728 comiti

247 2731 421 2762 Arundelliae
436 2754 445 2768 ,
464 2730 595 2769 Roberto,
613 2729 771 2771 Godefrido,
790 2733 831 2759 W
832 2730 954 2769 ilhelmo,
973 2732 1118 2774 Johanm',
1139 2736 1284 2767 Willielmo
1294 2760 1304 2777 ,

247 2770 396 2840 {ohannss
415 2768 582 2806 Willielmo,
599 2771 632 2800 ὅ(
647 2769 777 2807 Guidoni,
796 2778 846 2806 per
860 2769 971 2799 dietum
988 2771 1097 2811 Regem
1112 2775 1302 2815 injungentur,

261 2809 419 2840 ⁴:iciendum
465 2807 681 2845 Complendum
698 2830 707 2845 ,
731 2808 764 2838 ὅ(
783 2807 990 2846 exequendum
1005 2832 1015 2847 ,
1040 2811 1141 2849 absque
1153 2813 1304 2852 Compoto

248 2848 294 2879 seu
309 2849 405 2886 aliquo
419 2831 473 2877 alio
489 2846 587 2877 Nobis
600 2846 644 2877 vel
658 2845 827 2889 Haeredibus
841 2846 940 2877 nostris
955 2847 992 2877 de
1007 2848 1108 2879 eisdem
1125 2850 1302 2891 Reddendo,

251 2885 321 2917 sicut
347 2885 515 2925 praedictum
536 2886 576 2914 est
591 2908 600 2923 ,
624 2885 681 2914 sine
702 2887 852 2915 occalione
870 2884 915 2915 vel
937 2886 1139 2923 impedimento
1155 2889 1243 2920 nostri
1259 2893 1304 2922 vel

250 2923 409 2954 Haeredum
421 2923 586 2954 nostrorum
600 2923 840 2961 justiciariorum,
859 2923 1058 2963 Escaetorum,
1076 2926 1303 2969 vicecomitum,

251 2971 299 2992 aut
318 2962 436 2992 aliorum
459 2961 629 2992 Ballivorum
644 2962 689 2992 scu
704 2960 904 2993 Ministrorum
917 2963 1080 2994 nostrorum
1096 2975 1304 3003 quorumcum-

248 3010 313 3038 que.

290 3038 324 3068 In
342 3038 437 3076 cujus,
452 3039 511 3069 &c.

287 3076 379 3107 Teste
394 3077 474 3116 Rege
487 3075 559 3115 apud
575 3076 863 3109 Westmonasterium
872 3101 883 3118 ,
900 3079 1055 3111 undecimo
1067 3079 1112 3111 die
1127 3080 1208 3111 Maii.

933 3159 987 3186 Per
1001 3155 1081 3196 ipſscm
1095 3159 1198 3195 Regem.

345 3295 393 3327 De
413 3294 560 3339 Injuriis,
584 3301 686 3324 contra
702 3294 852 3339 Treugam
871 3296 969 3327 Scotiae
980 3321 989 3336 ‚
1014 3294 1202 3342 corrigendis.

96 3382 172 3413 Arm,
186 3381 227 3414 D,
250 3378 336 3437 RE
346 3378 394 3415 X,
413 3376 627 3409 Venerabilibus
641 3376 783 3414 PatribuS,
797 3377 847 3406 Th.
863 3378 954 3416 Episco
971 3390 985 3409 ο
997 3378 1183 3418 Dunolmenfi,
1205 3380 1238 3411 ὃς
1253 3380 1303 3410 Th.

118 3429 202 3460 ¹373·
328 3415 450 3456 Epifiopo
460 3414 637 3459 Karlioleegfi,
656 3426 707 3453 ac,
724 3416 830 3446 dilectis
845 3418 877 3447 δε
893 3416 947 3447 fide
958 3419 1019 3448 ibus
1033 3417 1099 3455 suis,
1117 3418 1259 3447 Edmtmdo
1272 3420 1304 3448 de

96 3463 152 3488 An.
165 3470 211 3496 47.
254 3457 366 3485 Mortuo
386 3456 465 3484 Mari
485 3454 596 3484 Comiti
620 3453 759 3484 Marchiae
773 3478 782 3491 ‚
805 3456 904 3491 Rogero
923 3456 955 3484 de
972 3454 1101 3493 cltffind,
1116 3456 1258 3494 Ranulpho
1271 3458 1303 3486 de

96 3501 127 3525 Ζ.
149 3507 174 3534 3.
255 3497 347 3524 Dacre
358 3518 367 3531 ,
391 3493 523 3522 Richardo
538 3494 569 3521 de
583 3491 719 3530 Staffbrd‚
738 3494 855 3521 Henrico
869 3492 892 3521 le
904 3496 995 3532 Scrop,
1013 3494 1117 3523 Thomae
1129 3495 1161 3523 a'e
1176 3496 1302 3533 filusgra-

98 3540 166 3563 scot.
179 3546 227 3571 47.
255 3543 291 3562 ve
326 3532 359 3562 &
375 3530 515 3570 Magistro
527 3530 655 3569 Julianm·
666 3532 698 3561 de
712 3530 834 3569 Appelby
849 3529 970 3562 Decano
984 3532 1119 3563 Eccleiiae
1126 3532 1303 3564 Sanetil’au-

99 3576 131 3601 Ε.
149 3582 174 3610 3.
186 3585 222 3602 m.
253 3571 272 3601 li
290 3556 468 3607 [ondoniae,
487 3570 618 3599 Salutem.

100 3619 129 3649 3.
287 3609 386 3640 Sciatis
401 3607 480 3646 quod
496 3607 579 3644 Nos,

294 3647 344 3677 De
360 3646 490 3676 fidelitate
503 3647 537 3676 &
553 3645 804 3684 circumspectione
818 3645 916 3675 vestris
930 3645 1036 3683 plenius
1048 3645 1236 3685 confidentes,

292 3685 498 3724 Affignavimus
513 3682 590 3721 Vos,
609 3683 709 3721 Ono,
725 3684 860 3721 Septem,
875 3685 909 3715 &
927 3685 981 3714 Sex
996 3685 1140 3722 vestrum,
1155 3685 1189 3714 ad
1205 3685 1306 3716 Corri-

255 3723 395 3761 gendum,
414 3722 659 3759 Reformandum‚
677 3722 710 3752 δε
724 3723 751 3751 in
765 3723 873 3752 Statum
886 3722 1013 3753 debiturn
1023 3722 1231 3753 Reducendurn
1239 3734 1306 3754 om-

258 3762 302 3789 nia
321 3761 353 3791 &
375 3761 477 3791 sinvula
496 3760 667 3795 Atteinptata
680 3761 724 3790 seu
747 3760 848 3797 Facta,
865 3770 914 3800 per
925 3762 1120 3799 quoscumque
1136 3760 1243 3791 incolas
1257 3772 1305 3793 aut

258 3797 390 3828 Subditos
414 3784 508 3841 Regni
523 3797 611 3827 nostri
624 3820 633 3835 ,
651 3807 750 3841 contra
764 3799 883 3841 sormam
898 3797 1135 3830 Conventionum
1150 3799 1193 3841 seii
1210 3800 1304 3830 Treu-

258 3844 358 3870 garum
372 3858 381 3873 ,
405 3837 509 3866 ultimo
530 3836 667 3866 faciurum
684 3836 717 3866 &
736 3845 868 3866 initarum
882 3838 955 3867 inter
971 3837 1038 3867 Nos
1053 3837 1237 3874 Subditolque
1252 3849 1306 3868 nc—

258 3872 328 3901 stros
351 3882 383 3902 ex
405 3874 459 3903 unii
473 3898 482 3911 ,
506 3875 539 3904 ὃς
554 3898 564 3911 ,
589 3874 672 3904 clarae
693 3872 846 3904 Memoriae
861 3897 871 3913 ,
890 3874 985 3906 David
1000 3876 1036 3906 de
1051 3875 1134 3914 Bruys
1147 3875 1183 3904 de
1194 3876 1306 3915 Scotia‚

281 3911 403 3940 uondam
419 3911 540 3942 Fratrem
556 3911 701 3948 nostrum,
722 3912 774 3941 'am
788 3912 955 3943 defunctum
971 3937 979 3951 ,
998 3915 1108 3952 ejusque
1122 3913 1255 3943 Vaflalios
1270 3918 1303 3945 ὅ(

281 3948 390 3978 ubditos
405 3950 633 3991 qualescumque,
651 3959 685 3980 ex
697 3921 779 3980 aftera
794 3960 886 3988 parte,

293 3984 348 4023 Et,
365 3986 530 4028 specialiter,
548 3989 582 4017 ad
597 3988 731 4027 Qerelas
744 3990 876 4018 omnium
891 3989 923 4019 &
939 3989 1129 4026 singulorum,
1147 3990 1194 4027 qui
1213 3989 1248 4019 de
1256 3989 1303 4019 In-

251 4024 345 4064 juriis,
364 4033 402 4053 eis
416 4033 514 4054 contra
527 4025 649 4056 formam
662 4026 800 4057 dictarum
814 4026 995 4065 Treugirum
1009 4051 1019 4066 ,
1037 4029 1066 4058 in
1081 4028 1209 4059 Partibus
1220 4027 1302 4058 Mar-

1334 196 1463 241 chiarum
1482 197 1585 242 *Regni
1608 199 1698 243 nostri
1714 198 1842 243 Angliaz,
1859 199 1894 230 &
1908 198 2094 243 in'Domini‘o
2108 198 2209 231 nostro
2221 198 2349 238 Scotiae,
2365 199 2398 230 in
2417 194 2496 227 Ann.
2507 196 2548 230 D.

1334 236 1458 273 partibus
1480 236 1531 266 illis
1549 237 1628 267 facitis
1641 260 1652 276 ,
1676 247 1817 275 conqueri
1840 237 2000 277 voluerint,
2016 238 2216 277 Audiendum,
2233 239 2268 270 ὅσ
2282 237 2396 276 plenam
2438 244 2522 274 1373·

1335 274 1369 305 &
1384 274 1507 305 celetem
1518 273 1660 313 Justitiam
1675 274 1743 305 inde
1756 274 1934 314 faciendum,
2417 275 2481 304 Ἐάν.
2503 287 2531 313 3·

1373 312 1411 344 Et
1429 312 1465 344 ad
1490 315 1588 344 omnia
1598 315 1631 345 &
1647 313 1771 351 singula,
1788 323 1854 352 quae
1865 317 1965 344 contra
1977 313 2103 346 formam
2113 315 2253 347 distarum
2266 314 2398 355 Treuga-

1335 352 1953 421 {1⁰3¹sssubissemistriae
1966 352 2091 421 sris·
2103 355 2164 385 ²²³¹
2178 363 2308 423 fre-”0
2323 363 2397 423 ¹²5²*

1337 430 1433 468 guinei
1447 400 1712 467 ηὲίὶῑῗάἓυὸἓεοῑὶῖξ,
1729 400 2122 473 ffibfiiesseformandumpf'
2168 403 2182 423 ο
2201 400 2252 423 em
2297 402 2337 423 on
2348 402 2397 423 an-

1375 466 1414 498 Et
1434 467 1469 497 ad
1490 477 1591 499 omnes
1608 469 1642 499 &
1664 468 1784 507 singulos
1797 491 1807 505 ,
1823 477 1852 497 in
1865 467 1917 498 hac
1931 475 2007 506 parte
2020 466 2246 508 Delmquentes,
2262 469 2397 501 Arestan-

1337 503 1407 535 dum
1423 527 1433 543 ,
1458 504 1638 546 Capiendum
1654 529 1665 545 ,
1682 508 1717 539 ὅτ,
1730 506 1982 545 1ncarcerandum,
2000 506 2034 537 &
2045 506 2122 545 juxta
2136 516 2236 538 eorum
2249 507 2398 540 Demerita

1337 542 1434 574 debite
1449 542 1631 576 Puniendum
1640 567 1650 583 ‚

1375 582 1394 601 ⁴*
1413 581 1451 613 Et
1471 581 1506 612 ad
1535 582 1714 614 consimilem
1734 583 1984 615 Reformationem
2004 584 2038 615 &
2058 583 2245 614 Punitionem
2260 584 2297 616 de
2315 586 2396 618 dieto
2415 593 2495 628 *vu
2510 607 2540 627 ,ο

1338 618 1559 664 Consanguineo
1571 621 1672 652 nostro
1684 623 1718 652 &
1732 620 1909 652 Hominibus
1930 623 1981 654 suis
2000 622 2037 653 de
2057 623 2169 660 Scotia,
2185 622 2264 660 super
2284 623 2396 655 Attem-
2498 617 2505 628 ⁴
2542 619 2550 628 ”

1339 667 1420 697 pratis
1431 669 1480 697 per
1494 659 1599 698 eos,&
1611 661 1649 690 eis
1663 659 1846 690 Adhaerentes
1879 669 1981 691 contra
1995 660 2130 692 Subditos
2144 660 2276 700 nostros,
2293 660 2396 694 Peten-

1339 697 1426 737 dum,
1444 697 1695 736 Prosequendum,
1715 699 1749 729 ὃ(
1762 697 1820 728 fieri
1837 684 2029 737 finiendum,

1377 735 1416 768 Et
1429 737 1464 767 ad
1477 737 1575 767 omnia
1588 737 1639 767 alia
1655 737 1689 768 &
1704 736 1809 774 singula
1845 746 1910 774 quae
1923 738 1953 767 in
1966 737 2019 768 hac
2034 745 2112 775 parte
2131 738 2281 770 necessaria
2296 738 2399 772 fuerint

1338 774 1384 805 vel
1397 783 1554 813 oportuna,
1572 774 1748 806 Faciendum
1761 775 1795 806 &
1811 759 2033 813 fixequendum·

1376 812 1416 844 Et
1435 813 1501 845 ideo
1523 814 1607 845 vobis
1623 813 1789 844 mandamus
1809 814 1888 852 quod
1912 813 1972 844 Vos
2019 799 2117 853 ὸᾶο,
2134 815 2267 855 Septem,
2285 817 2331 849 vel
2342 816 2397 848 Sext

1337 850 1467 883 vestrum
1482 875 1492 891 ‚
1517 851 1563 882 die
1579 853 1688 891 Lunae,
1705 853 1840 893 proximo
1852 851 1916 896 post
1931 852 1954 882 F
1956 837 2049 883 edum
2063 853 2159 884 Sancti
2169 854 2286 891 Joannis
2300 856 2396 893 Bapti-

1339 889 1406 929 stae,
1424 892 1558 929 proximo
1580 893 1706 923 futurum
1720 914 1729 929 ,
1753 891 1827 929 apud
1845 890 1938 930 Lilyet
1952 891 2056 922 Croffe
2069 892 2259 930 conveniatis,
2276 894 2309 925 δε
2321 894 2398 925 Prae-

1339 929 1421 960 missa
1435 931 1532 960 omnia
1552 929 1586 960 &
1599 930 1723 968 fingula,
1741 939 1808 960 cum
1823 929 2030 969 Prorogatione
2042 929 2172 968 dierum,
2190 939 2275 968 prout
2287 932 2399 964 neceffe

1339 966 1440 1007 fuerit,
1458 968 1564 1000 faciatis
1578 969 1612 999 &
1623 969 1800 1006 exequamini
1813 968 1843 998 in
1855 968 1949 999 forma
1963 968 2110 1008 praedicta:

1376 1006 1466 1045 Super
1480 1006 1626 1045 praemiffis
1639 1016 1732 1038 autem
1744 1007 1877 1037 omnibus
1892 1006 1926 1038 ὅ(
1939 1007 2050 1047 singulis
2069 1006 2201 1038 faciendis
2214 1008 2248 1039 &
2264 1007 2400 1040 effectua-

1340 1043 1403 1075 liter
1414 1045 1599 1083 adimplendis
1608 1045 1718 1075 Damus
1734 1046 1767 1077 δε
1775 1044 1994 1076 Committimus
2007 1045 2104 1084 vobis,
2113 1045 2195 1076 Οᾶο
2203 1068 2212 1083 ,
2220 1043 2280 1080 &a
2289 1055 2320 1077 ut
2328 1057 2400 1085 prae-

1339 1083 1460 1151 mfititur
1475 1109 1485 1122 ,
1508 1084 1618 1122 plenam
1639 1085 1672 1116 &
1687 1084 1804 1114 liberam
1819 1083 1871 1114 hac
1887 1084 1950 1115 vice
1964 1106 1975 1121 ,
1988 1083 2108 1115 Tenore
2121 1084 2321 1124 praesentium,
2340 1085 2401 1116 Po-

1341 1128 1370 1151 te
1397 1130 1480 1152 atem.

1376 1158 1523 1191 Univerfis
1543 1160 1576 1191 &
1600 1160 1711 1198 singulis
1731 1160 1957 1192 Vicecomitibus
1973 1183 1982 1198 ,
1998 1159 2216 1192 Constabulariis
2228 1161 2398 1193 Castrorum

1337 1197 1371 1228 &
1387 1198 1540 1235 villarum,
1560 1198 1737 1237 Maioribus,
1756 1199 1883 1237 BalliviS,
1900 1198 2054 1238 Ministris,
2072 1200 2104 1230 &
2117 1199 2174 1229 aliis
2187 1200 2327 1232 Fidelibus
2339 1211 2395 1232 no-

1337 1236 1398 1266 stris
1411 1261 1420 1274 ,
1445 1238 1474 1267 in
1494 1236 1619 1268 Partibus
1638 1238 1672 1269 &
1693 1237 1837 1268 Dominio
1876 1237 2015 1275 raedictis,
2040 1238 2101 1268 tam
2121 1237 2192 1267 infra
2214 1238 2369 1270 Libertates
2383 1262 2395 1279 ,

1359 1275 1423 1305 uam
1437 1285 1512 1307 eXtra
1520 1299 1530 1314 ,
1547 1275 1659 1314 dantes,
1676 1285 1776 1307 tenore
1788 1276 1851 1307 Prae
1862 1277 2025 1313 entium,in
2039 1274 2181 1306 Mandatis
2196 1276 2275 1313 quod
2291 1277 2399 1317 Vobis,

1372 1314 1421 1344 &o
1430 1337 1439 1352 ‚
1455 1313 1515 1350 &c.
1532 1315 1561 1344 in
1578 1314 1728 1345 Praemiffis
1741 1314 1875 1345 faciendis
1888 1315 1922 1345 &
1935 1314 2119 1352 exequendis,
2137 1313 2316 1345 Intendentes
2330 1315 2398 1355 sint,

1339 1352 1544 1391 Consulentes‚
1563 1353 1790 1391 &Auxiliantes,
1809 1354 1938 1392 quotiens
1951 1354 1986 1385 ὃς
2000 1361 2086 1392 prout
2099 1352 2155 1391 εἰς,
2172 1353 2218 1384 seu
2232 1363 2335 1384 eorum
2349 1354 2407 1386 ali-r

1339 1391 1404 1459 cml,
1421 1391 1490 1435 scire
1505 1392 1624 1461 fetgecritis
1640 1401 1673 1423 ex
1688 1401 1764 1430 parte
1778 1392 1881 1423 nostra.

1393 1439 1411 1459 n
1427 1439 1519 1468 cujus,
1572 1440 1597 1460 c.

1413 1467 1502 1499 Teste
1517 1468 1599 1509 Rege
1612 1469 1687 1508 apud
1700 1467 1991 1500 westmonasterium
2000 1492 2010 1508 ,
2027 1469 2164 1500 vicesimo
2175 1469 2253 1500 serito
2265 1468 2310 1500 die
2317 1468 2400 1501 Maii.

1599 1597 1692 1641 Super
1710 1592 1838 1628 rumulo
1858 1590 1972 1626 David
1987 1590 2024 1626 de
2043 1595 2147 1641 Bruys.

1343 1677 1512 1739 ANdreas
1526 1680 1660 1715 Peyntour
1669 1700 1678 1716 ,
1700 1676 1862 1707 Willielmut
1875 1675 1972 1715 Clerk,
1992 1675 2177 1715 &Johannes
2191 1678 2224 1708 de
2235 1677 2402 1717 Eafynburgh
2426 1685 2503 1718 Arm,
2512 1687 2551 1718 D,

1419 1718 1454 1748 de
1477 1717 1575 1748 Scotia
1589 1741 1599 1755 ‚
1624 1717 1729 1748 habent
1751 1715 1855 1745 Literas
1875 1715 1904 1745 R
1941 1717 1960 1745 is
1981 1714 2017 1745 de
2037 1714 2113 1746 salvo
2134 1715 2291 1748 Conduistu
2304 1739 2314 1756 ,
2332 1727 2402 1748 curn
2446 1734 2518 1766 1373

1343 1754 1476 1793 Qiatuor
1495 1756 1586 1787 Sociis
1610 1755 1662 1786 suis
1678 1778 1688 1793 ,
1711 1754 1803 1785 versus
1822 1724 2065 1791 partesegFlandriae
2080 1777 2090 1791 ,
2136 1765 2165 1784 ei·
2178 1754 2352 1786 Dominiuin
2368 1756 2402 1787 &
2423 1769 2475 1793 An.
2490 1748 2540 1802 47‘,

1342 1791 1514 1825 Potestatem
1536 1794 1582 1825 Re
1603 1795 1643 1831 is,
1662 1795 1720 1824 tarn
1733 1803 1782 1830 per
1795 1793 1934 1830 Terram,
1953 1793 2040 1830 quam
2054 1800 2105 1829 per
2160 1802 2224 1831 are,
2242 1803 2295 1832 pro
2307 1793 2403 1825 diver·
2422 1808 2452 1831 E.
2475 1812 2501 1840 3,

1342 1830 1374 1861 sis
1387 1832 1540 1870 Lapidibus
1591 1834 1674 1871 igris,
1693 1841 1746 1871 pro
1762 1830 1895 1862 Tumulo
1908 1831 2012 1860 David
2023 1830 2055 1858 de
2068 1832 2157 1869 Bruys
2171 1831 2208 1862 de
2219 1831 2359 1871 Scotia,F
2360 1843 2402 1863 ra-
2423 1847 2489 1870 sm,
2503 1851 2549 1878 47,

1340 1871 1387 1900 tris
1410 1871 1498 1911 Regis
1513 1871 1639 1902 defunffi
1653 1894 1663 1910 ,
1689 1869 1796 1900 ibidem
1820 1868 1955 1900 Emendis
1973 1868 2006 1899 &
2022 1867 2224 1907 Providendis,
2243 1870 2403 1902 Transeuu-
2425 1884 2454 1909 Ε,
2476 1890 2501 1919 3,
2519 1890 2553 1910 m,

1340 1907 1397 1946 do,
1418 1911 1452 1941 ὃς
1468 1912 1497 1940 in
1512 1910 1649 1948 Regnum
1663 1909 1770 1940 Scotiae
1784 1918 1851 1939 cum
1865 1907 1970 1939 eisdem
1987 1906 2141 1947 Lapidibus
2158 1908 2335 1948 Redeundo,
2354 1919 2403 1948 per
2428 1928 2453 1957 3,
2550 1914 2553 1917 '

1342 1946 1492 1979 Biennium
1507 1949 1656 1979 duraturas.

1377 1986 1467 2018 Teste
1481 1986 1566 2027 Rege
1578 1986 1652 2026 apud
1665 1983 1954 2018 Westmonasterium
1963 2009 1972 2023 ,
1990 1984 2128 2017 vicesimo
2142 1985 2248 2017 odlavo
2261 1985 2306 2017 die
2320 1985 2402 2017 Maii.

2078 2065 2132 2094 Per
2147 2067 2182 2094 Co
2186 2063 2301 2094 milium.

1377 2195 1472 2239 Super
1488 2193 1576 2226 Duce
1592 2193 1768 2234 Britannia,
1793 2193 1830 2229 (ῥ’
1851 2192 2004 2223 Comitiva
2013 2190 2093 2236 sica,
2118 2188 2371 2238 HerbergeandIs.

1345 2276 1437 2334 RE
1447 2277 1493 2316 X,
1512 2276 1620 2307 dilectis
1642 2276 1693 2307 fibi
1709 2300 1720 2314 ,
1749 2275 1870 2306 Waltero
1883 2276 1914 2305 de
1929 2274 2020 2305 Haule
2034 2275 2173 2307 Servienti
2187 2275 2235 2307 suo
2248 2276 2281 2307 ad
2296 2276 2403 2314 Arma,
2427 2280 2501 2312 Αῃῃ,
2514 2281 2553 2315 D,

1422 2317 1455 2346 &
1470 2316 1547 2346 Adae
1564 2314 1723 2345 Blakemore
1740 2314 1924 2352 Marescallo,
1945 2313 2076 2345 cariffimi
2090 2314 2151 2345 Filii
2167 2314 2272 2355 nostri,
2289 2314 2401 2354 Johan-
2444 2330 2529 2362 ¹373·

1343 2357 1385 2384 nir
1398 2357 1483 2384 Ducis
1498 2357 1674 2392 Britanniae,
1693 2353 1826 2384 Salutem.
2421 2363 2474 2388 An.
2492 2370 2538 2396 47.

1380 2393 1478 2424 Sciatis
1498 2393 1578 2431 quod
1599 2392 1806 2431 Affignavimus
1829 2401 1905 2430 vos,
1932 2391 2110 2430 conjuneiim
2124 2415 2133 2430 ,
2160 2392 2193 2423 &
2214 2391 2324 2422 divisim
2339 2415 2350 2431 ,
2366 2392 2401 2423 ad
2422 2402 2452 2426 Ε,
2476 2408 2499 2435 3.

1342 2430 1597 2472 Herbergeandum
1620 2431 1728 2461 dictum
1751 2430 1853 2460 Filium
1876 2429 2006 2460 nostrum
2050 2441 2083 2461 ac
2097 2441 2199 2461 omnes
2211 2430 2355 2461 Homines
2369 2430 2404 2461 ad
2425 2441 2499 2465 Franc
2508 2446 2552 2472 47.

1345 2469 1452 2508 Arma,
1471 2471 1621 2507 Armatos,
1640 2470 1673 2500 ὃς
1690 2469 1866 2509 Sagittarios,
1884 2479 1956 2507 quos
1969 2470 1998 2499 in
2010 2453 2189 2508 &bsequium
2210 2469 2357 2508 nostrum,
2375 2470 2404 2500 in
2426 2480 2454 2502 Ε.
2474 2484 2498 2511 3.
2515 2484 2548 2503 m.

1343 2507 1493 2539 Comitiva
1510 2509 1616 2546 praefati
1639 2508 1729 2538 Ducis
1744 2530 1753 2546 ,
1779 2507 1813 2538 ad
1829 2515 1919 2545 partes
1935 2506 2084 2538 Britanniae
2100 2507 2238 2545 proficisci
2251 2508 2405 2539 Ordinavi-
2429 2523 2473 2541 20.

1344 2555 1406 2577 mus
1420 2571 1430 2584 ,
1455 2556 1569 2577 necnon
1595 2556 1697 2577 eorum
1721 2545 1820 2584 Equos
1833 2569 1842 2583 ,
1860 2545 2012 2584 Hernesia‚
2031 2545 2123 2583 Bona,
2142 2547 2175 2577 &
2190 2545 2249 2576 Res
2267 2548 2312 2576 sua
2327 2556 2405 2584 quae-

1345 2595 1470 2623 cumque
1492 2587 1520 2614 in
1541 2584 1621 2614 Villis
1640 2585 1677 2614 de
1699 2584 1867 2623 Plymmuth
1881 2606 1891 2621 ,
1916 2583 2059 2614 Derrnuth
2075 2607 2085 2620 ,
2111 2585 2143 2615 &
2163 2585 2191 2613 in
2205 2584 2262 2614 aliis
2278 2584 2356 2614 Villis
2371 2585 2405 2616 &

1346 2623 1451 2660 Locis,
1470 2624 1499 2653 in
1516 2622 1666 2653 Comitatu
1682 2622 1844 2660 Devoniae,
1862 2622 1911 2652 ubi
1925 2622 2023 2651 melius
2037 2623 2167 2660 expedire
2181 2622 2316 2661 videritis,

1382 2661 1418 2693 Et
1436 2661 1470 2691 ad
1490 2660 1629 2692 Vii-Ttualia
1644 2685 1653 2699 ,
1679 2671 1731 2699 pro
1746 2659 1878 2698 Expensis
1892 2660 1997 2698 praefati
2013 2660 2074 2690 Filii
2086 2660 2189 2698 nostri,
2208 2671 2322 2691 necnon
2338 2660 2405 2691 Ho—

1345 2702 1456 2730 minum
1477 2699 1512 2730 ad
1535 2700 1621 2729 Arma
1636 2723 1646 2737 ,
1670 2700 1856 2729 Armatorum
1870 2721 1880 2736 ,
1905 2699 1938 2728 &
1961 2698 2170 2736 Sagittariorum
2184 2699 2404 2737 praedidflorum,

1345 2749 1377 2769 ac
1399 2738 1548 2777 Equorum
1568 2738 1698 2775 suorum,
1716 2738 1745 2767 in
1759 2736 1861 2767 eodem
1877 2735 2042 2774 Comitatu‚
2062 2747 2113 2774 pro
2129 2737 2257 2767 Denariis
2272 2738 2322 2769 suis
2335 2738 2401 2769 inde

1345 2779 1479 2815 prompte
1493 2776 1631 2807 solvendis
1640 2800 1649 2815 ‚
1664 2776 1734 2806 infra
1750 2776 1905 2807 Libertates
1915 2777 1948 2806 &
1962 2784 2038 2806 exrra
2047 2776 2084 2814 (F
2085 2775 2159 2806 eodo
2171 2776 2304 2807 Ecclesiae
2320 2777 2404 2807 dum-

1345 2825 1419 2847 taxat
1433 2815 1564 2854 excepto)
1581 2814 1745 2845 Emendum
1759 2816 1793 2845 ὅτ.
1810 2813 2039 2852 Providendum3
2249 2818 2254 2825 ·

1382 2854 1419 2885 Et
1441 2854 1506 2885 ideo
1526 2854 1608 2884 vobis
1623 2853 1788 2884 mandamus
1808 2852 1887 2891 quod
1903 2853 1979 2883 circa
1992 2852 2133 2883 Praemiffa
2148 2852 2294 2892 diligenter
2308 2853 2402 2883 inten-

1345 2892 1430 2930 datis,
1447 2894 1479 2923 &
1494 2903 1527 2922 ea
1540 2892 1642 2923 faciatis
1655 2893 1689 2923 &
1704 2892 1880 2929 exequamiiii
1894 2892 1923 2920 in
1936 2891 2028 2921 forma
2044 2892 2183 2929 praedifita.

1386 2930 1496 2960 Damus
1512 2939 1606 2960 autem
1620 2930 1749 2961 univerfis
1764 2930 1797 2960 &
1812 2929 1937 2967 singulis,
1956 2929 1979 2959 F
1981 2929 2095 2959 idelibus
2111 2929 2144 2959 &
2156 2928 2277 2958 Subditis
2291 2928 2404 2967 nostris,

1345 2969 1464 2999 Tenore
1481 2968 1663 2999 Praesentium
1678 2991 1687 3006 ,
1706 2969 1735 2997 in
1750 2967 1883 2997 mandatis
1899 2967 1977 3005 quod
1991 2966 2099 3004 Vobis,
2116 2967 2148 2996 ὅ(
2163 2966 2239 2996 alteri
2254 2966 2400 3005 vestrum,

1344 3009 1373 3038 in
1387 3007 1535 3037 Praemiffis
1546 3006 1678 3038 faciendis
1691 3007 1725 3036 &
1740 3004 1924 3044 exequendiS,
1942 3014 2070 3042 pareant,
2086 3004 2218 3035 obediant
2234 3028 2243 3043 ,
2262 3006 2295 3037 &
2310 3006 2401 3036 inten-

1344 3046 1420 3076 dant.

1382 3083 1414 3114 In
1429 3085 1524 3122 cujus,
1542 3084 1602 3115 &c.

1378 3123 1468 3153 Teste
1481 3123 1567 3159 Rege
1578 3120 1650 3161 apud
1664 3118 1973 3157 Westmonasterium,
1992 3119 2127 3151 vicesimo
2141 3119 2247 3151 octavo
2268 3119 2314 3151 die
2325 3119 2406 3153 Maii.

1345 3252 1372 3279 ’ἦ
1397 3255 1444 3286 De
1462 3250 1600 3299 potestate
1623 3250 1790 3285 Truffiandi
1805 3278 1815 3293 ,
1846 3263 1914 3283 cum
1932 3253 2007 3298 Rege
2021 3253 2057 3290 οἵ*
2077 3253 2190 3298 Regina
2211 3252 2398 3299 Portugaliae.
2418 3270 2435 3288 e
2461 3270 2524 3299 vn,

1343 3337 1429 3396 RE
1440 3337 1471 3367 X
1498 3337 1622 3368 Franciae
1638 3337 1670 3368 &
1687 3336 1816 3376 Angliae,
1834 3336 1867 3368 δε
1880 3335 2025 3366 Dominus
2039 3335 2204 3375 Hiberniae,
2222 3335 2341 3368 Notum
2357 3337 2398 3369 fa-
2417 3317 2494 3377 Xan
2508 3342 2547 3376 D,

1416 3378 1506 3407 ciinus
1523 3375 1669 3407 Univerfis
1684 3376 1762 3413 quod
1776 3375 1860 3412 Nos,
2440 3391 2523 3424 1373,

1381 3414 1430 3445 De
1445 3415 1589 3453 fidelitate,
1603 3413 1871 3453 circumspefflone,
1891 3412 1924 3443 &
1939 3411 2084 3450 industria,
2098 3412 2266 3443 dilectorum
2282 3413 2314 3445 &
2329 3413 2397 3444 fide-
2419 3427 2472 3451 Aa,
2485 3431 2530 3458 47,

1342 3453 1411 3483 lium
1434 3452 1596 3483 nostrorum
1613 3476 1622 3491 ,
1648 3452 1790 3482 Willielmi
1803 3454 1916 3480 Domini
1929 3451 1960 3479 de
1974 3452 2106 3489 Latymer
2120 3450 2277 3482 Confiliarii
2292 3452 2395 3490 nostri,
2417 3465 2445 3490 E.
2466 3470 2492 3498 3,

1344 3493 1377 3522 &
1400 3491 1530 3528 Magistri
1551 3492 1656 3520 Thomae
1668 3491 1791 3530 Juvenis
1805 3489 1944 3519 Officialis
1958 3488 2054 3519 Curiae
2069 3488 2290 3529 Cantuarienlis,
2307 3490 2394 3528 pluri·
2415 3500 2547 3534 Fram,47,·

1343 3531 1426 3560 mum
1443 3529 1633 3568 confidentes,
1976 3565 1987 3569 ,
2414 3540 2444 3564 g,
2456 3545 2480 3572 3,
2488 3545 2522 3564 m,

1382 3568 1456 3605 Ipsos
1472 3592 1480 3606 ,
1499 3568 1688 3598 Willielmum
1710 3568 1743 3597 &
1757 3565 1921 3603 Thomam,
1940 3565 2065 3603 iniimul‚
2084 3565 2117 3596 &
2132 3575 2230 3596 eorum
2243 3564 2397 3604 quemlibet
2421 3576 2463 3603 16,

1345 3608 1373 3636 in
1387 3607 1505 3637 solidum
1522 3608 1570 3644 (ita
1583 3605 1663 3643 quod
1679 3604 1855 3642 Occupantis
1869 3605 1999 3642 primitiis
2012 3605 2158 3642 negotium
2179 3613 2238 3633 non
2256 3603 2286 3633 fit
2304 3604 2400 3640 potior

1346 3645 1485 3675 Conditio
1498 3669 1508 3683 ,
1532 3645 1570 3674 set
1585 3643 1676 3682 Qiod
1689 3652 1758 3673 unus
1773 3652 1873 3673 eorum
1888 3643 2037 3680 inceperit,
2053 3643 2119 3672 alter
2132 3641 2259 3679 prosequi
2274 3641 2397 3684 mediare

1345 3684 1433 3714 valeat
1454 3686 1487 3713 &
1509 3681 1599 3719 finire)
1624 3682 1752 3711 Facimus
1765 3703 1775 3718 ,
1808 3680 2015 3711 Constituirnus
2029 3703 2039 3718 ,
2062 3689 2094 3710 ac
2117 3681 2202 3710 etiam
2224 3678 2398 3711 Ordinamus

1346 3721 1547 3751 Procuratores
1561 3719 1689 3757 nostros,
1706 3720 1945 3757 negoriorumque
1960 3718 2111 3755 Gestorec,
2154 3755 2158 3760 Ι
2271 3753 2274 3757 .

1385 3759 1491 3791 Dantes
1512 3760 1545 3789 ὅτ.
1560 3758 1762 3789 Concedentes
1773 3757 1856 3788 dietis
1869 3756 1970 3787 nostris
1984 3754 2229 3792 procuratoribus,
2247 3754 2281 3784 &
2290 3765 2396 3792 eorum

1346 3799 1461 3828 cuilibet
1510 3797 1621 3834 plenam
1642 3797 1675 3827 &
1695 3797 1814 3826 liberam
1836 3794 2005 3825 Potestatem
2019 3792 2172 3823 Tractandi
2185 3793 2218 3822 ὅ(
2234 3791 2395 3825 paciscendi

1345 3846 1430 3873 cum,
1451 3820 1610 3872 Magnifico
1626 3835 1659 3866 ὃς
1673 3833 1773 3864 Illustri
1788 3831 2074 3870 Principe,Domino
2085 3831 2242 3873 Feruamlo,
2261 3830 2319 3862 Dei
2353 3843 2396 3863 ra-

1345 3874 1399 3911 tis,
1418 3873 1582 3910 Portugaliae
1598 3871 1637 3906 όν
1652 3871 1785 3910 Algarbii
1798 3875 1866 3908 Rege
1898 3874 1931 3901 ὃς
1945 3878 2029 3905 curn,
2047 3867 2148 3897 Illustri
2162 3867 2309 3911 Domina,
2360 3881 2395 3901 o-

1345 3912 1423 3942 mina
1436 3911 1572 3940 Elianora'
1585 3911 1688 3947 Regimi
1697 3933 1706 3948 ,
1720 3911 1777 3947 ejus
1794 3909 1861 3939 Con
1873 3917 1934 3938 orte
1970 3907 2002 3936 ὅ(
2014 3906 2226 3949 Succefforibus
2238 3907 2289 3938 suis
2303 3910 2332 3938 in
2345 3918 2396 3939 eo-

1345 3960 1408 3979 rum
1429 3950 1538 3988 Regnis
1551 3972 1560 3987 ,
1578 3949 1674 3978 Terris
1687 3971 1697 3986 ,
1720 3949 1753 3978 &
1773 3946 1917 3977 Dominiis
1939 3929 2104 3987 l’ortugaliae
2124 3945 2157 3974 ὃ(
2177 3945 2300 3983 Algarbii
2313 3969 2323 3984 ,
2347 3954 2393 3977 aut

1344 3997 1411 4017 cum
1430 3987 1553 4025 ipsorum
1576 3985 1807 4016 Procuratoribus
1821 4008 1831 4020 ,
1848 3980 2113 4018 Ambaffiatoribus,
2133 3983 2165 4012 ὃς
2179 3982 2212 4012 N
2217 3984 2320 4022 unciis,
2339 3984 2394 4013 bo-

1343 4036 1390 4055 nas
1405 4027 1436 4056 ὃ(
1451 4025 1557 4056 debitas
1571 4024 1748 4062 Alligantias,
1766 4021 1974 4057 Adunationes‚
1993 4020 2026 4050 ὃς
2043 4017 2309 4052 Gonfoederationes
2321 4030 2393 4051 con-

2353 4067 2395 4090 tra
