2561 4251
214 171 273 210 40

66 240 146 272 Asin.
159 240 200 272 D.
218 242 329 282 singulis
343 241 460 276 Verbis,
479 240 506 268 in
519 234 601 268 <siffis
618 237 719 269 Literis
736 237 845 268 Bullatis
857 235 1010 272 contentis,
1029 235 1113 265 nobis
1127 234 1173 264 seu
1180 231 1278 262 Coro-

89 288 172 318 1375-
218 292 262 312 nae
278 281 380 310 nostr-ae
398 277 645 318 piaeiudicialibus,
663 277 763 313 sponte
777 301 787 313 ‚
805 276 896 317 palam
912 296 923 313 ,
942 275 976 306 &
990 274 1113 311 expresse
1129 273 1277 303 renuncia-

67 320 132 346 Edv.
155 331 182 356 3.
217 321 276 357 vit,
291 320 323 349 ὃς
339 317 448 347 Gratiae
464 314 570 345 nostr-,e
583 316 726 345 humiliter
739 315 765 344 se
780 314 922 350 submilit,

254 358 280 387 V
283 357 388 387 olentes
401 354 492 384 eidem
510 353 652 392 Episcopo
669 352 798 383 Gratiam
817 352 909 382 facere
928 348 1076 388 specialem
1093 373 1103 389 ,
1120 347 1182 385 &02
1195 355 1277 388 prout

207 397 294 464 suffit
308 395 339 423 de
353 396 426 423 Dat,
444 402 463 423 2
478 396 543 423 Dec.
995 429 999 433 ι
1184 427 1189 432 .

280 431 336 463 este
353 431 436 469 Rege
449 431 522 469 apud
536 429 658 463 Hatton.
678 427 828 468 Graunge,
848 427 961 468 Qiarto
972 427 1018 458 die
1032 426 1212 458 Decembris.

906 507 959 535 Per
973 504 1055 545 ipſsem
1067 507 1173 542 Regem.

211 585 380 619 consimilia
399 585 497 617 Brevia
516 583 675 621 diriguntur
697 582 893 614 Escaetoribus
914 581 1069 620 subscriptis
1086 604 1095 620 ,
1113 581 1164 613 sub
1176 580 1277 613 eadem

616 622 708 661 Data,
728 622 877 659 videlicet,

247 701 382 733 Richardo
395 699 496 739 Royal,
515 699 653 730 Escaetori
670 700 699 729 in
715 698 864 729 Comitatu
879 696 1060 737 VVygorniae.

250 739 398 787 Willielmo
422 737 557 777 Walshale
572 761 582 777 ‚
608 737 751 768 Escaetori
765 738 795 766 in
811 736 1004 767 Comitatibus
1018 736 1140 775 Salopiae
1153 736 1187 768 &
1203 735 1277 767 staf-

212 779 379 862 fogfflffanni
392 816 511 860 Marde,
530 814 636 853 Majori
652 812 781 845 Civitatis
794 813 958 845 Londoniae
978 813 1012 845 δε
1033 813 1175 845 Escaetori
1188 812 1278 853 Regis

211 853 585 931 ωέίῗτξὲῗοῖὲνὲῗιξῶαω,
603 891 745 923 Escaetori
759 890 849 929 Regis
862 892 891 921 in
906 890 1056 922 Comitatu
1068 891 1112 922 W
1114 890 1215 923 iltefiae.

271 974 301 1003 Τ
326 968 494 1002 Mandatum
514 969 555 1000 est
576 968 733 1007 Militibus,
750 968 858 999 Liberis
880 967 1073 1006 Hominibus,
1091 969 1124 1000 ὅτ.
1139 968 1274 999 omnibus

288 1011 345 1041 aliis
361 1034 370 1050 ,
396 1009 573 1041 Tenentibus
594 1009 629 1038 de
650 1007 820 1046 Episcopatu
840 1006 1040 1037 Herefordenli
1056 1029 1066 1044 ,
1083 1005 1164 1044 quod
1180 1006 1274 1037 eidem

209 1049 354 1089 Johanm',
370 1057 502 1086 tanquam
525 1046 670 1087 Episcopo
688 1047 721 1077 δε
746 1046 880 1076 Domino
902 1046 952 1076 suo
967 1069 976 1083 ,
995 1046 1023 1074 in
1038 1046 1189 1083 omnibus,
1207 1055 1275 1083 quae

210 1089 245 1119 ad
262 1089 464 1126 Episcopatum
476 1086 646 1124 praedietum
660 1086 815 1124 pertinent,
834 1083 1013 1115 Intendentet
1029 1083 1080 1114 sint
1095 1083 1129 1114 ὃ(
1144 1083 1275 1123 Respon-

210 1127 316 1159 dentes.

248 1166 280 1196 ln
298 1166 394 1202 cujus,
410 1164 471 1194 &c.

283 1203 373 1234 Teste
387 1212 417 1233 ut
431 1202 517 1241 supra.

386 1329 497 1361 Contra
517 1325 667 1369 Turch05‚
692 1325 728 1359 de
745 1323 876 1368 Subsidio
893 1322 1067 1358 exhibendo.

62 1401 138 1433 Ann.
154 1397 195 1429 D.

90 1447 173 1478 1375.

59 1482 112 1508 An.
132 1488 183 1514 49·

217 1413 494 1477 GRsooaiu
507 1422 519 1443 s
540 1411 784 1450 Episcopus,
804 1411 905 1443 Servus
921 1410 1076 1441 Servorum
1092 1409 1166 1448 Dei,
1183 1409 1278 1441 Caris—

303 1454 373 1483 iimo
395 1453 424 1482 in
446 1451 562 1482 Christo
592 1451 684 1488 Filio,
709 1450 922 1482 EDWARDo
951 1448 1060 1479 Rsoi
1087 1448 1277 1481 Anseris

215 1491 331 1528 illustri,
346 1490 515 1521 Salutem&
533 1489 730 1533 Apostolicaiii
745 1489 995 1521 BenediCtionem.

250 1530 294 1568 Ex
309 1563 314 1566 ,
336 1530 383 1560 scit
407 1529 473 1566 (Fili
485 1530 634 1565 cariliime)
657 1528 786 1559 debitum
802 1527 904 1558 Officii
919 1526 1008 1556 nostri
1023 1525 1275 1565 Pontificatu35ut

211 1567 293 1601 Chril
311 1571 317 1598 i
333 1568 398 1598 Fide
411 1578 437 1598 es
476 1568 629 1606 presertim
646 1567 743 1604 Reges
756 1568 790 1598 ὅ(
806 1566 901 1596 Pri-rici
923 1575 950 1595 cs
965 1589 974 1603 ,
993 1565 1112 1604 aliosque
1127 1565 1277 1603 Potentes,

211 1619 282 1647 quos
305 1607 383 1637 Deus
397 1630 406 1645 ,
437 1590 499 1636 izei<
522 1606 636 1646 Regum
652 1630 662 1643 ,
687 1608 720 1637 ὅτ,
738 1605 883 1636 Dominus
931 1604 1140 1641 ominantium,
1159 1604 1276 1635 Divitiis

210 1650 244 1679 ὃς
268 1646 397 1678 Potentia
418 1645 548 1675 stabilivit
564 1667 574 1682 ,
597 1645 630 1674 ad
653 1655 701 1682 ea,
719 1655 784 1682 quae
799 1643 899 1674 cedant
915 1642 949 1673 ad
964 1643 1086 1672 Salutem
1102 1642 1275 1673 Animarum

209 1686 321 1717 suarum
334 1709 343 1723 ,
368 1686 403 1716 &
421 1685 608 1714 devononem
632 1682 790 1713 Catholicae
814 1682 891 1712 Fidei
905 1705 914 1719 ,
940 1691 987 1719 per
1013 1682 1129 1718 Qiam,
1148 1682 1182 1712 &
1198 1681 1274 1712 Bona

210 1724 306 1762 Opera
358 1733 426 1753 cnm
453 1722 549 1753 divina
570 1723 679 1758 gratia,
707 1720 885 1752 AEternitatis
908 1719 1035 1757 adepturi
1048 1719 1109 1750 sunt
1124 1720 1277 1759 Gloriam,

213 1748 578 1794 noihisfiixhortationibus
594 1769 750 1790 incitemus.

59 1539 100 1585 E}
115 1539 172 1584 jiu—
203 1566 205 1568 ·

58 1601 122 1632 togr.

251 1800 331 1831 Cum
353 1802 446 1837 itaque
469 1800 500 1830 ln
515 1800 553 1836 pii
574 1798 685 1829 Turchi
702 1822 712 1836 ,
739 1799 805 1828 saevi
826 1795 933 1827 Hostes
948 1795 1090 1827 Nominis
1106 1795 1277 1836 Christiani,

210 1850 269 1870 non
289 1838 396 1870 cessent
418 1837 594 1868 Christianos
613 1836 782 1867 diversarum
807 1835 931 1866 Partium
952 1835 1057 1866 assidue
1087 1837 1224 1873 impetere
1242 1838 1275 1868 δε

209 1877 334 1909 subicere
351 1876 405 1908 suae
419 1875 627 1907 Crudelissimae
642 1874 772 1913 Ditioni,
790 1873 954 1906 Christiana
970 1873 1039 1905 Fide
1075 1873 1132 1905 sine
1165 1875 1201 1906 ua
1216 1885 1275 1906 non

209 1916 250 1949 est
263 1916 358 1955 Salus,
377 1916 475 1954 saepius
490 1912 641 1953 abnegata:
663 1915 694 1945 δε
713 1913 820 1945 Civitas
835 1899 1144 1952 Constantinopolitanen
1156 1924 1178 1942 is
1193 1914 1275 1944 distis

208 1956 331 1987 Turchis
349 1978 358 1992 ,
378 1955 436 1993 jam
459 1954 624 1984 Tributaria
646 1953 717 1983 faeta
730 1977 739 1990 ,
763 1952 795 1982 iit
810 1975 820 1990 ,
844 1960 928 1989 prout
942 1962 957 1981 a
971 1952 1096 1989 pluribus
1109 1951 1276 1991 fidedignis,

207 1995 292 2025 etiam
309 2004 324 2024 a
337 1993 438 2023 nostris
453 1992 578 2024 Nunciis
588 2014 597 2028 ,
615 2001 688 2029 quos
702 1991 812 2022 dudum
828 1990 862 2020 ad
878 1999 940 2020 eam
955 1991 988 2021 ὃ(
1004 1992 1061 2030 ejas
1085 1992 1275 2030 Imperatorem

208 2032 361 2064 direximus
377 2056 386 2071 ,
410 2033 443 2063 δε
466 2032 577 2062 noviter
591 2029 690 2060 reversi
706 2030 784 2068 sunt,
803 2031 832 2060 in
846 2038 952 2068 magno
966 2029 1135 2060 Perditionis
1151 2031 1277 2067 periculo

208 2071 378 2102 constituta:
399 2069 456 2108 qua
470 2069 578 2108 perdita
592 2078 784 2107 reputarentur
799 2067 914 2106 perditae
927 2077 1029 2098 omnes
1043 2069 1103 2099 aliae
1118 2077 1210 2106 partes
1232 2069 1278 2099 Fi·

209 2109 323 2179 {eguit}j
338 2109 463 2179 Ofiielzntis
475 2131 484 2148 ,
493 2117 561 2139 cum
574 2107 609 2138 de
624 2107 813 2139 succurrendo
825 2106 907 2138 dietis
922 2108 1042 2145 partibus
1057 2116 1118 2138 non
1126 2107 1157 2138 lit
1165 2108 1277 2139 ulterius

233 2159 246 2178 a
270 2159 303 2178 en
325 2158 340 2178 a
388 2157 473 2178 ratio·

248 2187 296 2219 Ad
318 2172 530 2226 impediendum
544 2185 707 2216 Transitum
730 2183 918 2216 Turchorum
931 2207 942 2223 ,
964 2183 1000 2215 de
1015 2184 1143 2215 Turchia
1160 2185 1189 2214 in
1211 2184 1277 2216 Ro-

208 2228 335 2258 maniam
385 2227 404 2245 ³
424 2225 570 2256 nonnullas
594 2223 704 2255 Gentes
726 2223 884 2263 Armigeres
906 2223 943 2254 de
964 2223 1104 2255 Fratribus
1125 2222 1277 2262 Hospitalis

211 2266 305 2298 Sancti
315 2248 453 2307 Jo’hannis
462 2263 701 2307 jerusolimitani,
719 2264 752 2295 &
766 2262 804 2294 de
817 2263 875 2294 aliis
890 2262 914 2294 F
915 2262 1032 2293 idelibus
1044 2285 1056 2306 ,
1080 2262 1114 2294 &
1127 2262 1277 2301 quamplu-

211 2314 254 2336 res
283 2303 386 2335 Galeas
400 2327 409 2342 ,
437 2306 456 2334 11
476 2312 558 2334 tuum
581 2302 612 2332 &
634 2302 756 2332 aliorum
787 2300 943 2332 Potentum
963 2300 1102 2334 Fidelium
1123 2301 1277 2332 tribuantur

210 2343 320 2376 Auxilia
328 2366 338 2381 ,
357 2341 526 2374 intendimus
541 2339 678 2371 destinare
686 2364 695 2376 ,

248 2382 356 2421 Hirque
376 2390 477 2412 omnes
493 2402 503 2419 ,
528 2389 598 2410 cum
612 2380 699 2417 gratia
715 2376 790 2417 Dei,
809 2378 843 2410 &
858 2388 927 2410 curn
939 2377 1047 2417 aliquali
1061 2377 1195 2410 Potentia
1207 2377 1276 2409 dicti

210 2420 391 2460 Imperatoris
406 2444 416 2459 ,
444 2419 563 2449 aliorum
586 2427 622 2448 ue
643 2417 780 2448 Fide-lium
803 2418 1047 2448 ultramarinorum
1067 2418 1101 2449 &
1123 2417 1277 2448 citramari-

211 2469 317 2492 tiorum
334 2483 342 2496 ,
359 2459 394 2491 &
413 2468 482 2490 cum
501 2457 575 2489 bene
596 2457 643 2487 cio
661 2454 852 2493 Indulgentiae
867 2454 991 2494 Crucis,
1009 2457 1038 2486 in
1053 2454 1129 2487 Italia
1144 2455 1276 2487 duntaxat

212 2498 401 2538 praedicandae
417 2520 427 2536 ,
449 2495 603 2528 secundum
628 2494 788 2533 opiniones
801 2494 871 2524 diCti
883 2493 1083 2533 Imperatoris,
1097 2495 1277 2534 aliorumque

204 2537 366 2577 ’peritorum
380 2537 407 2565 in
422 2535 536 2569 talibus,
555 2534 695 2574 sperantur
709 2532 848 2564 successus
864 2533 1012 2571 prosperos
1026 2532 1165 2573 adepturi,

249 2574 286 2606 Et
308 2574 388 2613 quod
408 2575 445 2604 ita
468 2573 640 2611 prosperetur
663 2571 736 2602 istud
758 2571 815 2603 Dei
831 2571 1012 2611 Negotium,
1027 2572 1108 2609 quod
1125 2581 1173 2609 per
1187 2570 1276 2608 ipsum

209 2613 349 2655 parabitur
363 2611 416 2642 Via
430 2612 463 2642 ad
477 2611 578 2642 Terrae
593 2610 705 2641 Sanstae
718 2608 875 2648 passagium
891 2610 1034 2649 generale,
1053 2610 1104 2648 δε,
1121 2610 1201 2648 quod
1215 2619 1275 2640 non

214 2653 308 2685 minus
330 2650 422 2688 effer,
447 2659 493 2688 per
517 2648 675 2687 hujusmodi
690 2648 864 2691 'Succursum
888 2649 1111 2685 impendendum
1127 2673 1137 2687 ,
1164 2648 1278 2679 Graecis

214 2690 384 2722 Scilmaticis
397 2690 456 2727 spes
470 2688 587 2718 habetur
599 2686 712 2717 indubia
727 2686 764 2716 de
779 2687 902 2724 ipsorum
911 2685 1107 2718 Conversione
1120 2687 1153 2717 ad
1163 2687 1276 2718 Sandhe

211 2728 376 2761 Catholicae
397 2730 429 2760 &
449 2725 624 2764 Apostolicae
637 2724 773 2756 Ecclenae
790 2724 940 2756 Unitatem
956 2747 966 2763 ‚
987 2726 1020 2756 &
1035 2726 1110 2756 aliter
1124 2725 1178 2763 ipsa
1192 2724 1278 2756 Cori-

210 2768 302 2799 verlio
312 2792 320 2803 ,
341 2775 422 2805 prout
435 2765 507 2803 saepe
522 2765 673 2802 probatum
687 2762 746 2800 est,
763 2763 888 2794 obtineri
903 2773 962 2792 non
979 2763 1070 2801 potest
1080 2774 1182 2802 ,quam
1198 2775 1274 2794 non-

211 2807 287 2838 nulla
301 2805 405 2841 Regna
419 2804 665 2840 scismaticorum,
684 2810 714 2832 ut
728 2800 864 2833 Membra
878 2824 889 2841 ,
914 2800 1007 2841 Caput
1024 2801 1163 2841 sperantur
1179 2803 1275 2834 verili-

203 2846 319 2878 militer
331 2843 455 2875 secutura
465 2853 472 2874 :

253 2884 351 2923 Qare
369 2882 504 2913 devotam
525 2881 708 2912 Serenitatcm
730 2888 807 2911 tuam
828 2881 943 2919 paterne
959 2880 1127 2918 requirimus
1147 2880 1180 2911 &
1193 2889 1274 2918 roga—

204 2932 279 2954 ‚mus
293 2923 419 2960 quatinus
434 2929 533 2951 contra
546 2919 680 2950 Turchos
695 2919 808 2950 eosdem
818 2941 828 2957 ,
848 2918 993 2949 existentes
1007 2919 1073 2949 citra
1089 2918 1174 2949 Mare
1191 2920 1220 2949 in
1234 2920 1277 2950 di-

218 2961 272 2992 &is
293 2961 414 2998 partibus
436 2959 587 2989 Romaniae
600 2983 609 2996 ,
634 2958 680 2988 vel
698 2958 754 2988 aliis
770 2957 876 2989 Vicinis
897 2957 1017 2995 eisdem,
1036 2966 1089 2996 pro
1105 2956 1277 2988 Reverentia

204 2998 294 3036 Dei,
308 2998 449 3036 dici-:eque
464 2997 553 3034 Fidei,
571 2997 742 3034 Animaeque
757 3005 814 3027 tuae
828 2996 922 3027 Salute
932 3019 942 3035 ,
954 2996 1079 3032 digneris
1100 3004 1180 3026 tuum
1197 2997 1276 3034 pium

216 3035 378 3068 Subsidium
394 3059 403 3075 ,
427 3036 651 3074 quaelecumque
675 3036 705 3065 lit
720 3059 729 3071 ,
753 3034 789 3065 de
801 3034 944 3066 Gentibus
959 3034 1004 3065 vel
1024 3034 1155 3065 Pecuniis
1169 3034 1278 3072 dispen-

220 3075 306 3107 sandis
323 3085 376 3113 pro
389 3084 439 3105 tuo
452 3075 533 3104 libito
548 3074 698 3110 exhibere,
716 3081 850 3111 tuamque
865 3073 944 3111 super
958 3073 1016 3104 hoc
1029 3073 1221 3104 Intentionem
1230 3083 1280 3103 ve-

218 3114 252 3145 lis
273 3115 355 3144 nobis
377 3114 438 3144 cito
459 3113 625 3150 rescribere,
643 3121 673 3142 ut
688 3112 805 3142 sciamus
819 3112 894 3149 Qae
908 3113 942 3144 &
958 3112 1073 3150 Qanta
1093 3111 1216 3142 Subiidia
1232 3112 1278 3142 Fi-

218 3152 324 3184 deliurn
349 3161 401 3189 pro
422 3151 582 3190 hujusmodi
602 3150 736 3191 Negotio
756 3151 808 3180 lint
827 3152 919 3181 oblata
933 3173 943 3189 ,
967 3152 1001 3182 &
1018 3149 1085 3189 quid
1101 3150 1180 3188 super
1195 3151 1278 3182 coiit

210 3192 320 3231 *utiliter
335 3189 551 3228 disponendum.

257 3229 326 3259 Dat.
354 3229 489 3261 Avinion.
516 3229 554 3260 vi.
579 3226 619 3259 Id.
645 3226 817 3259 Decembris
832 3250 842 3265 ,
866 3226 1052 3259 Pontificatfis
1078 3225 1167 3257 nostri
1189 3225 1279 3257 Anno

220 3268 344 3306 Qinto.

60 2235 195 2272 0V11>97.

984 3301 1196 3334 Bartholomeus.

955 3380 1075 3419 Sigillum
1093 3379 1170 3420 deest.

434 3521 482 3551 Dc
503 3518 581 3550 Bello
600 3527 701 3550 contra
719 3513 852 3548 Tarchos
868 3513 1076 3560 promovendo.

77 3604 195 3635 AnnD
227 3602 327 3664 GR
340 3610 531 3633 EGoRtus
556 3601 799 3638 Emscorus,
825 3600 927 3630 Servus
947 3600 1102 3630 Servorum
1126 3595 1184 3627 Dei
1198 3621 1207 3634 ,
1226 3595 1283 3627 Ca-

99 3651 183 3682 1375.
311 3642 417 3671 ril'simo
431 3642 458 3669 in
473 3639 590 3670 Christo
614 3640 685 3669 Filio
711 3639 937 3675 Enwanno,
958 3637 986 3668 R
998 3647 1048 3668 EG
1062 3647 1074 3667 1
1098 3636 1157 3668 AN
1169 3644 1284 3666 GLIAE

78 3685 131 3709 An.
145 3692 191 3715 49-
226 3678 344 3717 Illustri,
362 3679 485 3709 Salutem
501 3680 533 3709 ὃς
549 3678 745 3715 Apostolicani
763 3678 1002 3707 ssenedieiionem.

80 3724 111 3747 E.
130 3729 155 3755 3.
265 3716 318 3746 Per
330 3718 390 3747 alias
407 3716 512 3746 nostras
530 3716 648 3746 Litteras
663 3726 739 3746 tuam
755 3716 938 3745 Serenitateni
955 3715 1114 3753 rogavimus
1135 3711 1216 3750 quod
1230 3711 1285 3742 Ar-

80 3758 119 3784 Ex
130 3760 185 3784 Au·
228 3754 331 3784 restum
353 3755 550 3785 nonnullarum
571 3754 757 3784 Pecuniarutii
774 3776 784 3790 ,
810 3764 858 3790 per
874 3777 883 3790 .,
909 3754 1029 3782 dilectos
1045 3752 1146 3788 Filios,
1165 3752 1283 3779 Priorem

73 3803 143 3831 vogr.
230 3792 341 3828 Angliae
359 3792 505 3830 Hospitalis
528 3794 621 3821 sancii
643 3791 784 3830 Jahannis
802 3791 1037 3828 Jerusolimitani,
1053 3787 1207 3821 secundum
1222 3798 1285 3817 mo-

135 3836 140 3841 ·
230 3839 292 3858 rem
307 3831 425 3866 ejusdem
440 3832 497 3861 l-lol
508 3832 586 3860 ’italis
596 3853 604 3867 ‚
622 3832 654 3860 &
672 3830 779 3859 Fratres
791 3830 829 3858 sui
839 3828 996 3866 prioratus,
1015 3830 1074 3859 tam
1090 3837 1141 3866 pro
1152 3825 1284 3863 Respon-

218 3867 323 3902 ’Ῑιοηε7
343 3878 424 3903 quam
439 3870 486 3904 ipli
528 3870 583 3898 rior
598 3870 630 3899 &
648 3868 770 3904 Fratres,
789 3867 893 3897 dileffls
906 3867 996 3906 Filiis,
1101 3863 1233 3902 Magzstro
1246 3863 1285 3897 ὠ

228 3906 464 3935 ConventuiRodi
479 3906 630 3943 Hospitalis
646 3905 767 3944 ejusdem
782 3914 911 3935 tenentur
925 3907 1016 3935 facere
1031 3903 1285 3939 annuatitii,quam

228 3951 282 3981 pro
301 3952 377 3971 serto
392 3944 518 3974 Subsidio
533 3944 609 3981 quod
624 3954 723 3973 omnes
739 3942 847 3972 Priores
860 3944 892 3974 &
906 3944 1010 3974 Fratres
1026 3944 1080 3976 iarn
1095 3941 1163 3971 dieii
1177 3939 1283 3975 Hospi-

228 3981 304 4017 talis,
323 3990 375 4017 pro
391 3982 513 4016 quodam
529 3982 643 4012 notabili
659 3981 785 4019 Passagio
800 3982 1002 4011 nonnullorum
1017 3990 1051 4010 ex
1065 3979 1211 4019 praelibatis
1218 3978 1283 4007 Fra-

230 4020 317 4049 tribus
334 4018 476 4056 iaciendo,
495 4029 545 4055 pro
560 4020 722 4049 deseiilione
736 4019 950 4049 Christianitatis
971 4021 998 4048 in
1013 4019 1135 4056 partibus
1150 4015 1285 4052 Orientis,

224 4066 359 4089 tenentur
375 4057 467 4088 facere
481 4058 561 4087 certis
574 4057 680 4095 Annis,
700 4068 748 4096 per
761 4066 838 4088 tuam
851 4057 1055 4088 Cellitudinein
1068 4056 1176 4088 factum
1190 4078 1199 4093 ,
1223 4054 1284 4093 dig-

661 140 1473 196 CONVENTION'ES,
1530 118 1920 199 LITER'AE,

1314 230 1386 260 neris
1403 229 1493 260 facere
1507 231 1649 268 amoveri,
1667 238 1751 267 prout
1766 231 1795 274 in
1808 230 1912 261 eisdem
1929 231 2042 263 Litteris
2055 232 2162 271 plenius
2177 235 2347 268 continetur.
2387 227 2464 261 Am·
2478 229 2521 268 D.-

1350 267 1430 298 Cum
1453 278 1544 298 autem
1561 291 1571 307 ,
1598 269 1718 299 dileetus
1741 269 1823 299 Filius
1837 293 1846 306 ,
1873 269 1998 299 Michael
2017 273 2181 303 Marthiniz
2195 275 2228 305 de
2241 279 2355 307 Camera
2418 276 2501 307 1375.

1315 306 1480 345 Praeceptor
1494 306 1614 350 Domus
1628 307 1726 338 Sanffi
1739 306 1817 338 Petri
1827 307 1865 338 de
1880 306 2005 338 Calanda
2017 307 2165 348 Hospitalis
2178 313 2299 351 ejusdem
2307 300 2375 346 Cae3
2392 309 2458 336 Eat-u.
2477 317 2505 345 3·

1314 345 1556 386 saraugustanenlis
1571 345 1730 383 Dioecesis,
1748 346 1841 377 Dator
1854 345 2055 386 Praesenrium,
2108 359 2120 378 r
2160 350 2278 384 &ledros
2290 353 2376 386 Fffl0s

1328 423 1333 428 ι
1428 384 1694 429 Locuniteneritetn
1706 384 1851 416 diciorum
1867 383 1998 424 Magistri
2061 357 2232 422 &nimias
2244 414 2255 431 ,
2272 393 2300 422 in
2315 403 2377 432 par.

1314 422 1388 453 tibus
1408 424 1560 453 cismarinis
1572 446 1582 463 ,
1606 424 1639 455 δε
1661 423 1728 454 alios
1741 422 1846 454 Fratres
1861 424 2011 454 memorati
2027 422 2195 466 Hospitalis,
2213 427 2375 469 hujusmfidj

1315 460 1544 499 Responsionum
1561 472 1594 493 ac
1615 462 1735 493 Sublidii
1756 462 1790 493 &
1811 461 1932 498 Paffagii
1954 461 2086 499 Negotia
2106 465 2301 505 prosequentes
2339 472 2376 502 2d

1315 498 1454 544 Regnum
1468 509 1550 545 tuum
1559 525 1568 538 ,
1587 500 1620 531 ad
1635 500 1868 540 Prosequendum
1882 501 2073 532 Amotionem
2087 501 2258 545 hujufinodi,
2274 519 2307 540 ac
2313 493 2376 541 ke.

1313 538 1477 576 cipiendum
1498 539 1584 569 dietas
1606 538 1743 570 Pecunias
1757 564 1767 577 ,
1791 540 1891 578 easque
1905 539 2077 571 mittendum
2091 539 2234 578 Magistro
2246 546 2280 576 &
2292 547 2375 579 Con-

1314 578 1413 645 ventsui
1433 577 1580 608 antedictis
1599 579 1633 609 &
1657 578 1866 616 Receptoribus
1886 577 2006 609 Subsidii
2027 578 2162 618 praeiibau·
2174 603 2185 620 ,
2203 583 2324 616 mittatur
2338 587 2373 619 ad

1335 625 1373 646 rae
1384 625 1432 646 cns
2363 630 2366 634 ·

1314 625 1334 654 p
1350 638 1538 698 serenitatem
1564 653 1682 684 eandem
1704 663 1837 698 rogamus
1855 656 1986 687 attentius
2002 657 2130 696 quatinus
2146 681 2157 698 ,
2177 669 2231 697 pro
2249 658 2375 695 Honore

1313 692 1432 732 Regio,
1448 703 1482 724 ac
1500 693 1601 724 favore
1620 692 1778 732 Religionis
1788 716 1798 731 ,
1822 692 1973 732 Hospitalis
1987 717 1997 733 ,
2015 705 2048 725 ac
2064 694 2181 737 Paffigii
2197 698 2366 737 hujusmodi'

1313 731 1494 801 Eraefataeque
1510 730 1723 762 Christianitatis
1737 730 1905 768 Orientalis,
1924 734 1954 763 in
1970 734 2099 764 maximis
2113 733 2326 770 Calamitatibus
2339 725 2376 771 δῖ

1339 769 1448 802 ericulis
1463 770 1643 810 constitutae,
1659 770 1771 801 diCtum
1784 769 1966 811 Sequestrum
1987 772 2055 802 veiis
2075 772 2166 805 facere
2186 779 2314 809 amoveri
2327 787 2374 809 to-

1313 809 1426 853 taliter,
1445 819 1479 841 ac
1502 810 1665 852 permittere
1685 809 1718 840 δε
1739 809 1872 840 mandare
1891 809 2001 841 easdem
2023 809 2159 842 Pecunias
2170 812 2297 851 affignari
2313 820 2375 847 Mi.

1312 847 1399 878 chael}
1406 858 1465 887 jam
1480 848 1560 879 dicto
1573 871 1582 886 ,
1609 848 1716 887 libiqiie
1737 848 1863 886 praebere
1879 847 2038 880 Licentiam
2054 849 2120 887 ipsas
2132 848 2267 885 Pecunias
2281 855 2318 886 de
2331 856 2375 887 di.

1311 886 1361 956 ¹{io
1385 886 1491 927 Regno
1509 886 1597 918 libere
1615 886 1777 919 extrahendi
1789 909 1801 925 ,
1826 887 1895 918 sicut
1907 889 1936 918 in
1950 887 2085 919 fimilibus
2101 887 2142 919 est
2157 889 2289 924 haetenus
2301 904 2375 926 con-

1324 935 1430 957 uerum.

1333 963 1388 1008 ‘Et-
1400 964 1511 1009 insuper
1525 974 1612 1003 cum,
1629 973 1746 1003 proprer
1761 963 1911 996 instantem
1920 963 2130 996 Neceffitatem
2144 966 2231 999 dictae
2239 967 2375 1003 Christia-

1311 1011 1401 1034 nitatis
1423 1003 1575 1034 Orientalis
1587 1027 1597 1041 ,
1621 1013 1681 1034 non
1703 1003 1736 1034 sit
1757 1003 1787 1033 in
1807 1003 1858 1034 hiis
1872 1004 2079 1035 committenda
2098 1005 2194 1037 dilatio
2209 1031 2219 1045 ,
2237 1007 2258 1038 si
2272 1008 2347 1040 forte
2359 1021 2376 1042 a

1312 1041 1453 1073 Fratribus
1465 1041 1535 1073 dieti
1551 1040 1694 1072 Prioratsis
1711 1040 1800 1072 effent
1811 1052 1864 1080 pro
1880 1042 1932 1072 hiis
1946 1042 2046 1080 aliquae
2062 1042 2198 1076 Pecuniae
2212 1047 2357 1086 exigendae

1315 1079 1436 1119 digneris
1449 1080 1529 1111 dieto
1540 1079 1634 1111 Priori
1647 1081 1697 1118 &,
1716 1079 1834 1111 Dilecto
1847 1079 1937 1119 nito,
1954 1080 2088 1112 Richardo
2101 1083 2271 1124 vicopleno,
2290 1072 2375 1117 con?

1311 1118 1414 1149 ventiis
1429 1119 1554 1157 praefari,
1569 1119 1725 1158 Receptori
1746 1118 1943 1156 praeditstarum
1965 1118 2152 1152 Pecuniarum
2165 1147 2175 1160 ,
2201 1124 2231 1153 in
2253 1125 2373 1163 ipsarum

1309 1157 1462 1226 ἕκεᾷὶοηε
1482 1158 1566 1189 citius
1585 1159 1618 1190 &
1638 1158 1727 1190 levius
1747 1157 1899 1197 facienda,
1923 1156 2051 1198 Regium
2066 1160 2193 1198 praebere
2207 1162 2335 1196 favorem
2351 1164 2373 1195 si

1323 1205 1392 1228 uerit
1404 1206 1590 1235 oportunum.

1348 1234 1515 1279 Caeteriim,
1532 1246 1600 1267 cum
1621 1245 1655 1266 ex
1673 1236 1817 1275 praemissis
1830 1261 1839 1274 ,
1855 1236 1889 1268 ὃ(
1906 1236 2048 1268 nonnullis
2066 1236 2125 1268 aliis
2146 1239 2258 1272 utilibus
2271 1241 2306 1272 &
2319 1251 2371 1274 ne-

1311 1274 1431 1304 cellariis
1449 1275 1535 1306 caulis
1547 1299 1556 1313 ,
1582 1277 1600 1294 ²¹*
1617 1277 1690 1306 circa
1711 1276 1790 1306 istam
1807 1276 1951 1306 materiam
1984 1286 2050 1314 quas
2064 1276 2216 1309 consultius
2228 1281 2368 1316 praesenti-

1312 1312 1364 1342 bus
1379 1312 1547 1345 subticemus
1561 1336 1571 1352 ‚
1597 1314 1704 1345 matura
1725 1315 1925 1345 deliberatione
1943 1298 1972 1345 di
1991 1314 2076 1353 estis,
2102 1316 2136 1346 ad
2152 1315 2281 1349 Laudem
2295 1318 2353 1351 Dei

1311 1349 1505 1383 defensionem
1514 1353 1547 1383 &
1563 1352 1754 1397 dilatationem
1768 1353 1854 1384 dicite
1861 1353 1949 1391 Fidei,
1957 1323 2090 1384 &loriam
2104 1355 2137 1385 δε
2147 1355 2300 1388 Honorem
2309 1346 2373 1390 Ro:

1313 1400 1404 1435 man-te
1425 1390 1559 1422 Eccleliae
1574 1416 1583 1430 ,
1608 1392 1779 1423 Animarum
1800 1392 1923 1430 ipsorum
1943 1391 2072 1423 Fratrum
2094 1393 2225 1434 salutem,
2243 1396 2278 1426 ὅτ
2292 1396 2374 1428 Reli-

1311 1431 1402 1468 gioiiis
1421 1430 1475 1461 suae
1500 1430 1748 1461 Reformationem
1769 1440 1802 1461 ac
1826 1431 2026 1469 Augmentum
2039 1454 2049 1470 ,
2079 1433 2107 1462 in
2125 1432 2318 1471 Spiritualibus
2338 1437 2373 1468 δε

1311 1468 1341 1498 Γ
1342 1469 1548 1512 emporahbus,
1565 1470 1647 1500 dante
1662 1468 1812 1507 Domino,
1829 1479 2017 1509 proventura,
2035 1470 2214 1503 Auctoritate
2227 1473 2375 1510 Apostoli-

1312 1517 1346 1552 ca
1360 1506 1520 1539 duxerimus
1532 1508 1723 1539 ordinandum
1740 1517 1769 1539 ut
1785 1509 1944 1548 Quingenti
1957 1507 2065 1540 Fratres
2090 1508 2196 1542 Milites
2207 1510 2276 1543 dicti
2293 1512 2374 1544 Hos-¹

1312 1546 1420 1584 pualis,
1438 1555 1471 1577 ac
1486 1547 1604 1577 totidem
1619 1556 1722 1577 eorum
1736 1547 1883 1586 Scutiferi,
1899 1556 2029 1585 tempore
2040 1547 2121 1579 Veris
2133 1571 2143 1587 ,
2162 1549 2238 1580 Anni
2257 1549 2373 1583 Nativi-

1313 1586 1373 1616 tatis
1393 1584 1519 1615 Domini
1540 1585 1685 1630 Millelimi
1699 1609 1709 1624 ,
1733 1584 2174 1630 TrecentesimiQSeptuagefimi
2186 1588 2303 1628 Septimi
2338 1590 2375 1622 ad

1313 1622 1943 1706 ssssrtasiziss„sarasar5
1954 1634 1989 1694 a
2002 1624 2106 1703 {iss
2120 1613 2374 1699 sinaiis}

1313 1709 1411 1732 contra
1426 1701 1561 1732 Turchos
1576 1701 1683 1731 Hostes
1696 1700 1789 1740 Fidei,
1808 1710 1892 1739 prout
1905 1711 1956 1739 per
1975 1702 2145 1741 supradictos
2157 1703 2320 1743 Magistrum
2332 1704 2372 1741 &-

1312 1744 1484 1771 Con-ventum
1497 1741 1565 1770 Redi
1600 1741 1633 1772 &
1649 1740 1716 1771 alios
1731 1739 1915 1771 Praelidentes
1928 1741 1962 1772 ὃ(
1978 1739 2162 1772 Consiliarios
2171 1766 2182 1780 ,
2200 1744 2235 1773 ad
2249 1743 2306 1775 hoc
2322 1744 2373 1776 de—

1313 1779 1452 1824 putandos
1464 1802 1474 1818 ,
1498 1788 1545 1810 aut
1567 1762 1710 1818 Legatum
1731 1778 1857 1817 praefatae
1878 1777 1958 1809 Sedis
1972 1802 1982 1818 ,
2007 1779 2028 1809 fi
2049 1788 2116 1810 eum
2129 1779 2165 1811 ad
2178 1780 2267 1813 dietas
2280 1792 2373 1822 partes

1313 1818 1485 1856 miserimus,
1504 1817 1682 1855 disponetur:

1352 1857 1400 1888 De
1424 1858 1524 1895 quibus
1545 1857 1662 1895 quidem
1687 1855 1828 1887 Militibus
1847 1857 1881 1890 &
1894 1856 2041 1888 Scutiferis
2055 1867 2122 1896 per,
2139 1857 2256 1889 dilectos
2269 1858 2373 1900 Filios,

1311 1895 1472 1934 Johannem
1492 1896 1655 1925 Ferdinandi
1707 1894 1899 1927 Castellanum
1916 1894 2067 1934 Empostae
2079 1919 2090 1934 ,
2114 1896 2377 1931 Locumtenentem

1312 1935 1456 1979 di&oruni
1472 1933 1602 1974 Magistri
1615 1934 1648 1965 &
1663 1918 1834 1966 Conventus
1848 1958 1859 1973 ,
1883 1943 1998 1965 necnon
2013 1937 2151 1965 Bertandi
2163 1938 2270 1975 Frotae,
2289 1937 2378 1978 Mag-

1314 1983 1342 2003 ni
1365 1972 1551 2012 Praeceptoris
1568 1997 1577 2012 ,
1603 1983 1635 2004 ac
1652 1971 1781 2004 Franciae
1801 1975 1835 2006 &
1851 1972 2017 2012 Campaniae
2028 1975 2062 2006 &
2076 1973 2172 2005 Sancti
2183 1973 2276 2014 Egidii
2290 1976 2377 2007 Prie-

1313 2022 1379 2043 rum
1396 2036 1405 2051 ,
1429 2014 1461 2044 &
1484 2012 1688 2043 nonnullorum
1710 2011 1925 2051 Praeceptorum
1948 2012 2136 2050 providorum
2151 2037 2162 2052 ‚
2187 2015 2236 2051 qui
2257 2013 2291 2044 ad
2316 2015 2376 2046 hoe

1314 2053 1467 2083 convocari
1487 2050 1646 2082 commode
1666 2059 1819 2088 potuerunt
1832 2074 1843 2089 ,
1866 2050 1940 2082 fideli
1961 2050 2141 2083 Discuffione
2160 2052 2193 2083 &
2215 2052 2376 2084 Taxatione

1313 2089 1393 2121 siffis
1403 2114 1412 2129 ,
1429 2090 1559 2129 Triginta
1572 2090 1644 2121 οέὶο
1660 2090 1754 2120 fratres
1769 2088 1892 2126 Milites,
1910 2099 1978 2120 curn
1993 2089 2114 2121 totidem
2121 2090 2278 2129 Scutiferis‚
2291 2090 2375 2123 Prio-

1313 2138 1375 2159 rem
1396 2129 1566 2167 praedictum
1588 2129 1620 2160 &
1638 2128 1756 2159 dilectos
1776 2127 1861 2159 Filios
1882 2128 2076 2166 Praeceptores
2097 2130 2209 2166 Angliae
2223 2129 2376 2169 Hospitalis

1313 2167 1461 2206 pmdisti,
1480 2167 1635 2199 secundum
1650 2176 1764 2198 morem
1779 2166 1931 2204 Hospitalis
1944 2167 2065 2207 praesati,
2081 2170 2266 2207 contingant,

1352 2205 1440 2245 Super
1454 2207 1557 2246 quibus
1570 2206 1702 2246 eligendis
1716 2206 1749 2237 &
1762 2206 1905 2244 parandis,
1925 2205 2045 2236 demum
2057 2206 2092 2236 ad
2108 2206 2194 2237 dietas
2208 2217 2297 2247 partes
2313 2205 2376 2240 Ul-

1314 2246 1490 2284 tramarinas,
1507 2255 1538 2277 ut
1552 2246 1729 2284 praemittitur
1745 2268 1754 2283 ,
1778 2244 1928 2276 accessuris
1943 2268 1953 2282 ,
1971 2245 2075 2276 eisdem
2087 2244 2228 2278 Priori&
2243 2245 2378 2287 praecepa

1314 2285 1423 2315 toribus
1439 2285 1623 2315 mandatorias
1638 2283 1758 2314 Litteras
1771 2282 1878 2314 nostras
1896 2283 2058 2322 dirigimus,

1352 2321 1524 2362 Hujusmodi
1538 2323 1665 2362 precibus
1684 2321 1787 2353 nostris
1800 2321 1938 2354 adicimus
1951 2321 2048 2361 quod,
2067 2332 2121 2360 pro
2133 2319 2303 2354 Reverentia
2316 2321 2376 2355 Dei

1314 2361 1426 2401 suaeque
1439 2362 1538 2402 Fidei,
1556 2372 1586 2394 ut
1599 2361 1731 2392 nostrum
1749 2360 1920 2392 Mandatum
1934 2359 2092 2398 hujusmodi
2105 2360 2249 2393 efficacius
2261 2362 2377 2400 implea-

1315 2410 1376 2438 tur,
1393 2401 1487 2432 dictos
1495 2401 1628 2441 Triginta
1641 2401 1713 2431 octo
1728 2399 1853 2438 Fratres,
1867 2400 1901 2431 δε
1915 2400 2035 2430 totidem
2049 2399 2220 2438 Semiferos,
2240 2411 2310 2432 cum
2325 2410 2377 2431 eo-

1315 2449 1380 2470 rum
1394 2439 1483 2479 Equis
1494 2463 1504 2478 ,
1522 2440 1636 2477 Armis,
1654 2438 1802 2476 pecuniis,
1819 2448 1852 2469 ac
1869 2439 1926 2469 aliis
1944 2437 2059 2477 Rebus,
2075 2449 2136 2469 non
2150 2439 2243 2470 tolum
2257 2439 2284 2470 di
2325 2440 2378 2470 eris

1316 2480 1479 2516 permittere
1491 2479 1580 2510 libere
1592 2479 1628 2508 de
1642 2487 1694 2509 tuo
1709 2477 1818 2515 Regno
1834 2477 1965 2508 recedere
1986 2478 2020 2510 &
2039 2487 2157 2518 pergere
2169 2477 2204 2508 ad
2214 2478 2282 2515 huju
2295 2477 2375 2509 modi

1315 2516 1467 2548 Servitium
1486 2517 1561 2557 Jeliu
1583 2515 1713 2555 Christi,
1737 2515 1783 2547 sed
1803 2517 1842 2546 eis
1855 2517 1978 2556 benigne
1996 2518 2099 2547 tribuas
2112 2516 2259 2548 Auxilium
2273 2517 2307 2548 &
2322 2515 2376 2546 Fa-

1315 2566 1428 2587 vorem.

1354 2593 1420 2625 Dat.
1441 2593 1576 2627 Avinion.
1594 2593 1672 2626 sexto
1692 2592 1734 2624 Id.
1754 2592 1928 2625 Decembris
1944 2615 1954 2631 ,
1979 2590 2168 2624 Pontificatsis
2187 2591 2277 2623 nostri
2289 2591 2378 2624 Anno

1317 2633 1443 2674 Qinto.

2090 2668 2222 2709 Valascus.

2383 1293 2522 1331 *VI1.98.

1955 2746 2009 2778 Sub
2015 2746 2077 2788 filis
2091 2746 2274 2778 cannabaceir.

1376 2874 1426 2906 De
1443 2871 1666 2919 Temporalibus
1683 2871 1960 2919 Archiept‘sc'opatus
1980 2867 2128 2904 Dubliniae
2144 2867 2317 2902 liberandis.
2363 2859 2368 2862 ⁶

1318 2957 1647 3027 REffii’devene}tiili
1661 2959 1691 2988 in
1704 2957 1823 2989 Christo
1836 2956 1927 2995 Patri,
1945 2959 1972 2986 S.
1989 2955 2088 2986 eadem
2100 2951 2188 2993 gratia
2201 2976 2211 2990 ,
2229 2951 2375 2991 Episcopo
2393 2954 2524 3024 Ann,6]),

1353 2996 1729 3067 CtimIDdigi'nusaglutrenanin
1746 3033 1875 3078 Pontifex
1888 3042 1996 3078 nuper,
2208 3065 2262 3100 bo:
2391 3004 2448 3062 Ati}
2454 3004 2506 3070 750..

1318 3074 1450 3151 ,ῃὲῖῗέῗ
1452 3073 1562 3143 ῗξὶἓ
1565 3070 1951 3150 253151-2523‘32322235'122?
1957 3080 2033 3139 iii}
2034 3077 2193 3146 ,¹¹¹⁰“em'
2251 3077 2303 3152 Μ’,
2313 3077 2376 3152 ‘'f'e‘
2393 3078 2506 3144 15435'0.

1353 3151 1457 3182 Eidem
1471 3150 1605 3182 Ecclesiae
1618 3150 1670 3188 de,
1689 3150 1845 3180 reverendo
1862 3147 1950 3186 Viro,
1968 3148 2084 3178 Roberto
2097 3146 2192 3190 ΕΙειξΞῐυι
2213 3144 2379 3184 Dublmrae,
2396 3153 2423 3177 Ε,
2436 3158 2461 3187 3.
2471 3154 2521 3186 ps.

1316 3199 1404 3227 nuper
1419 3189 1634 3233 Archidiacono
1648 3187 1826 3232 Wintoniae,
1845 3187 2064 3229 provideritffi&
2081 3186 2213 3253 iPsunLl'n
2233 3184 2381 3254 Afcssffiff]
2394 3197 2431 3217 m.
2449 3195 2493 3224 ῃ.

1316 3229 1365 3335 ἐξ
1367 3239 1385 3297 ¹1³
1382 3227 1595 3305 3133&ssss
1607 3226 2299 3307 {22255352515553333322‘3’iiffszissaassessiss
2311 3271 2384 3292 con-

1343 3314 1386 3343 at,

1381 3344 1392 3363 Τ

1356 3344 1426 3414 griis
1435 3367 1472 3413 ’eo
1494 3382 1574 3421 quod
1595 3382 1671 3412 idem
1693 3381 1802 3412 Electus
1825 3381 1961 3412 omnibus
1974 3381 2007 3411 &
2023 3377 2133 3423 singulis
2148 3376 2267 3421 Verbis,
2282 3368 2380 3407 Nobis

1318 3422 1352 3452 &
1368 3421 1496 3453 Coronae
1510 3420 1614 3451 nostrae
1627 3420 1874 3460 praejtidicialibus,
1887 3421 1916 3449 in
1931 3419 2013 3449 dietis
2027 3417 2126 3448 Literis
2141 3415 2251 3460 Bullatis
2262 3423 2380 3452 conten-

1318 3463 1366 3505 tis,
1385 3471 1482 3491 coram
1497 3461 1583 3504 nobis
1592 3459 1708 3504 sponte,
1728 3459 1839 3503 palam,
1856 3459 1889 3489 &
1905 3457 2031 3497 expresse
2044 3464 2236 3493 renunciavit,
2253 3454 2288 3485 &
2308 3452 2391 3484 Gra-

1320 3500 1493 3569 [ιῆἓῖἓέζὲ
1505 3496 1853 3572 Liiigirgigitglegezosigffaiisstffi
1867 3534 1960 3566 ficere
1971 3532 2146 3576 specialem,-
2265 3568 2272 3573 ·
2312 3567 2317 3572 ¹

1356 3577 1496 3615 Cepimus
1510 3575 1685 3606 Fidelitatem
1700 3575 1782 3612 ipsius
1796 3572 1903 3611 Elech,
1922 3575 1955 3604 δι’.
1977 3572 2007 3602 Τ
2011 3571 2164 3611 emporalia
2184 3566 2381 3613 Arcbiepis'co—

1318 3614 1400 3653 pariis
1421 3615 1508 3651 illius,
1533 3622 1602 3644 cum
1623 3613 1810 3650 pertinentiis,
1835 3621 1921 3650 prout
1941 3612 2027 3641 moris
2048 3608 2107 3647 est,
2134 3606 2319 3638 Restituitnus
2340 3614 2380 3636 ei-

1318 3656 1476 3736 derfflr’ideo
1492 3690 1576 3736 vobis
1590 3688 1756 3734 mandamus
1769 3688 1850 3728 quod
1863 3687 1956 3732 eidem
1974 3685 2064 3730 Εζεὲἵο
2084 3684 2181 3715 omnia
2198 3680 2382 3749 stemffbalia

1321 3723 2385 3807 ss{?¹{3{2{⁶?3{2‘¹3⁵1÷3¹i?5251‡s,{i‘tgszzsssiisssgnffsgssf‘cirisi,552}

1321 3808 1440 3851 dicitur,
1459 3808 1516 3836 una
1530 3814 1598 3849 cum
1613 3803 1758 3849 Exitibus,
1776 3804 1844 3834 ind'e
1857 3814 1872 3834 a
1888 3801 1965 3833 Data
1983 3800 2158 3839 praesenuum
2176 3804 2332 3836 perceptis,
2347 3797 2379 3833 li-

1323 3847 1448 3916 be'sfgist}
1459 3843 1934 3921 {ggssssssfifwssffissmstfflum
1947 3873 2088 3909 tricesimo
2101 3870 2146 3902 die
2156 3871 2289 3910 januarii,

2015 3950 2068 3978 Per
2077 3948 2159 3988 iintm
2173 3950 2276 3988 Regem.
2502 3973 2518 3989 ι

2291 4076 2309 4113 f
2328 4078 2381 4108 Pro
