2561 4251
257 128 336 177 136

720 109 1523 158 CONVENTIONE83

1581 110 1975 159 LITERAE,

91 189 169 224 Am·
183 192 225 224 D·
251 214 280 237 te
295 207 473 244 Londoniae,
489 204 535 235 vel
548 204 622 242 apud
636 203 734 241 Cales⁷
750 202 879 233 Centum
894 201 986 232 Millia
999 201 1184 232 Florenorum
1199 199 1235 229 de
1249 198 1317 228 Flo-
1357 204 1445 226 come
1462 195 1488 226 le
1506 195 1558 225 Fie
1572 196 1710 235 requiem,
1733 196 1768 228 &
1785 207 1872 228 come
1891 197 1913 227 il
1935 195 1977 228 est
1995 196 2158 230 acustumee
2178 206 2215 229 en
2228 195 2364 229 Roialme
2378 196 2417 230 ΗΒ
2433 199 2561 235 Ann.D.

121 231 204 270 1367.

91 272 145 299 An.
162 280 206 307 39.

253 247 359 284 rentia,
385 245 460 275 unde
481 244 662 274 submiserunt
678 243 748 273 dieti
770 241 881 270 Nuncii
903 239 1105 283 Ordinationi,
1130 238 1256 281 Gratiae,
1281 236 1315 266 δε

254 283 438 323 Dispoiitiom
458 283 581 318 ejusdem
604 282 729 313 Domini
751 280 840 309 nostri
855 278 957 317 Regis,
973 278 1143 321 solutionem
1163 276 1315 320 anqua7

250 323 330 360 ginta
353 321 478 351 Milliurn
500 320 688 351 florenorum
705 343 715 358 ,
738 318 784 347 vel
804 325 942 356 quantum
965 316 1060 346 eidem
1084 315 1219 346 Domino
1238 313 1314 353 Regi

201 366 207 370 '
247 362 392 401 percipere
404 359 536 402 placuerit
549 359 584 389 de
593 360 712 389 ²eisdem.

287 398 408 434 ITEM,
427 407 455 426 in
471 397 584 427 dietum
600 397 744 428 Eventum
767 395 896 434 praefatus
917 393 1066 424 Dominus
1090 389 1311 436 Mediolanensis

248 445 371 468 teneatur
389 435 534 474 piaedietae
551 435 692 466 Dominae
708 434 850 472 Violanti,
870 433 949 463 Filiae
964 433 1033 470 suae,
1050 442 1146 462 omnia
1163 432 1196 462 &
1217 430 1310 468 fingu-

246 476 271 506 la
286 474 464 510 Peramenta,
483 475 540 504 tam
554 483 606 513 pro
621 472 763 511 Camers,
782 483 866 511 quam
883 470 1083 515 pro-Corpore
1100 470 1164 506 suo,
1183 468 1309 515 necessa-

246 514 285 543 ria
300 513 333 544 ὅ(
348 513 490 549 decentia,
510 512 666 542 honorifice
683 514 716 543 ὃς
730 512 862 542 nobiliter
879 509 1033 540 ministrare
1047 517 1130 547 prout
1152 508 1233 552 decet
1247 516 1306 553 tarn

244 550 424 588 Dominum,
444 553 490 581 cui
507 551 760 588 matrimonialiter,
779 561 809 581 ut
825 547 1309 590 praemittitur,copulabitur,quarn

245 588 425 627 Dominam,
443 599 456 618 a
472 591 528 618 tam
541 589 646 619 Nobili
664 590 697 620 ὃς
711 588 859 619 Generosa
873 586 1002 627 Proiapia
1023 594 1193 624 procreatos.
1263 623 1268 627 Ι

284 627 412 666 ITEM,
432 629 459 657 in
475 627 588 658 Eventu
613 627 786 658 Contractus
809 626 954 666 supradicti
968 649 978 663 ,
1003 625 1022 655 si
1044 624 1156 664 praefata
1177 623 1307 666 Domina

244 666 362 696 decedat.
376 667 432 696 sine
444 665 587 705 Haerede,
604 668 676 696 inter
692 666 777 706 ipsam
793 667 826 697 &
843 665 990 703 praefatum
1012 663 1132 694 Ducem
1153 662 1307 692 Clarentiae

243 713 410 744 procreem,
429 704 573 735 Dominus
589 705 683 735 noster
697 705 776 743 Rex,
792 714 846 734 nec
859 704 917 741 ejus
932 702 1017 739 Filius
1033 701 1103 732 Dux
1118 701 1258 739 praefatus,
1270 700 1305 730 ad

243 743 490 781 Satisfaetionem,
511 743 730 781 Redditionem,
749 744 793 773 seu
808 742 1054 773 Restaurationem
1074 749 1307 780 quarumcunque

245 781 446 818 Summarum,
463 791 510 821 per
525 782 612 820 ipsos,
629 784 737 812 ratione
750 781 819 812 dieti
844 780 989 817 Maritagii
1004 802 1015 817 ,
1040 788 1215 818 receptarum
1234 802 1244 817 ,
1262 785 1309 807 aut

243 820 354 851 Valoris
371 819 533 858 Bonorum,
558 831 609 858 pro
628 820 800 851 Peramentis
821 818 952 849 Camerae
973 817 1058 848 dict-ae
1084 818 1242 855 Dominae,
1260 815 1307 847 vel

242 859 301 896 ejus
318 857 456 896 Corporis
472 859 612 898 Apparatu
623 881 633 898 ,
651 859 880 896 liberandorum,
897 857 1016 887 minime
1032 864 1186 887 teneantur.

282 896 324 927 IT
335 907 352 927 is
362 905 407 935 M,
423 898 453 926 in
467 898 576 928 didtum
590 897 753 936 Eventum,
771 897 790 927 si
803 896 839 926 de
853 895 970 934 praefato
983 894 1118 925 Domino
1140 894 1226 925 Duce
1239 892 1308 924 Cla-

245 937 340 966 rentiae
356 936 450 976 (quod
465 936 548 973 abfit)
569 937 714 976 contingat
728 934 906 973 humanitus,
923 933 1068 971 superstite
1081 932 1158 963 dieta
1175 931 1306 963 Domina

244 974 393 1012 Violante‚
454 974 476 1005 st
492 974 653 1006 Decessum
664 974 787 1013 ejusdem
801 973 893 1005 Ducis
906 995 917 1010 ,
930 972 1039 1013 'omnia
1054 970 1163 1009 Jocalia
1183 971 1306 1009 praefatae

243 1012 385 1043 Dominae
439 1014 544 1043 iolantis
565 1023 650 1052 penes
672 1014 699 1044 se
721 1013 808 1051 ipsam
830 1009 997 1051 integraliter
1022 1011 1224 1047 remanebunt,
1249 1010 1305 1041 una

244 1060 313 1081 cum
328 1051 429 1082 Tertia
445 1052 544 1091 Parte,
563 1054 623 1083 tam
637 1053 772 1082 omnium
787 1047 1304 1087 'serrarum,Villarum,Castrorum,

243 1090 278 1120 ὃς
292 1090 504 1120 Fortalitiorum
522 1113 531 1129 ,
556 1092 594 1121 eis
613 1092 643 1120 in
662 1091 785 1120 liberum
806 1088 994 1126 Maritagium
1017 1087 1054 1117 sic
1077 1086 1277 1130 concessorum
1292 1109 1303 1125 ,

244 1129 331 1166 quam
345 1129 459 1159 aliarum
473 1129 628 1160 Terrarum
639 1152 648 1167 ,
668 1139 732 1167 quae
747 1129 824 1158 idem
839 1127 979 1164 Dux,per
995 1126 1050 1162 eius
1065 1125 1302 1164 Adquilitionem,

242 1168 287 1196 vel
304 1166 531 1206 Conquaestum,
548 1168 593 1198 scu
608 1168 690 1206 alias,
706 1167 770 1206 post
786 1165 979 1196 Contradium
996 1163 1236 1203 Matrimonium,
1254 1164 1302 1194 ha-

245 1206 311 1235 bere
326 1207 428 1243 poterit
442 1207 473 1236 in
485 1206 622 1237 futurum.

281 1243 327 1273 ΙΤ
337 1253 354 1274 Ε
366 1253 404 1282 Μ,
425 1245 453 1274 in
467 1245 576 1276 dietum
592 1245 754 1282 Eventum,
769 1243 899 1282 praefatus
912 1241 1057 1273 Dominus
1071 1240 1140 1272 Dux
1155 1241 1242 1272 dietas
1251 1239 1303 1271 Ci-

241 1283 376 1321 vitatem,
394 1283 517 1322 Terras,
536 1283 637 1320 Vsslas,
656 1282 770 1320 Castra,
790 1283 822 1313 δε
840 1282 982 1312 Fortalitia
995 1304 1017 1323 ,ι
1030 1290 1097 1311 cum
1109 1281 1251 1321 ‚omnibus
1269 1280 1303 1310 ὃς

242 1321 354 1361 singulis
369 1331 473 1352 eorum
487 1323 672 1361 pertinentiis,
700 1322 807 1351 tenebit
824 1320 858 1350 ad
879 1329 969 1350 totam
991 1328 1079 1350 vitam
1101 1322 1177 1357 luam
1201 1319 1303 1357 liber‘e,

241 1360 379 1398 pacifice,
398 1361 431 1391 &
447 1362 560 1398 quiete,
575 1361 630 1390 sine
645 1359 851 1397 impedimento
867 1358 912 1389 seu
933 1359 1135 1396 inquietatione
1155 1357 1303 1396 cujuscun-

240 1408 315 1467 2ue,
334 1399 412 1438 super
426 1409 486 1446 quo
498 1399 573 1430 idern
591 1399 735 1429 Dominus
754 1397 972 1440 Mediolanensis
987 1398 1013 1427 ei
1025 1396 1061 1427 de
1074 1395 1304 1439 Securitatesuf-

263 1437 350 1467 cienti
364 1447 417 1475 pro
433 1441 469 1468 be
484 1439 516 1468 &
532 1437 582 1468 suis
594 1437 783 1475 Haeredibus,
801 1435 978 1474 providebit:
1000 1434 1056 1473 Et,
1073 1435 1212 1465 defuneto
1223 1435 1304 1465 dieto

244 1474 381 1507 Domino
398 1476 537 1507 Leonello
554 1477 609 1507 sine
623 1475 764 1513 Haerede,
784 1475 820 1505 de
834 1474 908 1505 dieta
933 1473 1064 1504 Domina
1085 1473 1216 1504 Violante
1238 1481 1301 1513 pro-

242 1514 384 1553 creando,
401 1514 575 1544 Dominium
591 1515 730 1545 motarum
745 1513 899 1544 Terrarum
913 1513 947 1543 ad
967 1512 1114 1552 praefatum
1136 1512 1303 1543 Dominum

244 1552 510 1592 Mediolanensem,
525 1554 558 1584 &
573 1555 630 1592 ejus
645 1552 796 1591 I-laeredes,
814 1553 922 1591 integre
937 1551 1112 1582 devolvatur.
1163 1590 1167 1594 ⁵

282 1591 406 1630 ITEM,
433 1593 460 1622 in
480 1592 590 1622 dietum
611 1592 754 1623 Eventum
774 1614 784 1630 ,
809 1591 884 1621 idem
912 1589 1059 1620 Dominus
1088 1588 1304 1620 Mediolanenfis

230 1631 388 1668 'praefatam
405 1630 564 1661 Dominam
579 1629 745 1661 Violantem
759 1630 844 1667 usque
857 1629 891 1659 ad
906 1628 1013 1658 Villam
1027 1627 1144 1666 Calesii,
1163 1637 1244 1666 prout
1267 1628 1301 1658 ad

198 1691 200 1694 >
243 1671 300 1706 ejus
315 1669 423 1698 Statum
440 1670 472 1699 δε
489 1669 657 1699 Decentiam
672 1670 785 1706 attinet,
802 1666 960 1698 honorifice
974 1668 1006 1697 δε
1021 1667 1151 1697 nobiliter
1173 1667 1301 1697 Ass'ocia-

244 1715 320 1745 tam,
339 1707 407 1737 infra
430 1708 484 1737 Sex
508 1708 607 1738 Annos
621 1731 630 1745 ,
656 1708 790 1746 proximo
811 1706 1018 1742 numerandos,
1043 1705 1224 1743 transmittet,
1252 1706 1303 1735 suis

245 1747 362 1784 propriis
377 1746 543 1783 Sumptibus
558 1747 591 1776 ὃ(
606 1746 752 1784 Expensis,
774 1745 791 1774 li
806 1745 924 1783 praefato
947 1744 1080 1774 Domino
1102 1743 1203 1774 nostro
1225 1743 1301 1784 Regi

245 1784 380 1823 placuerit
397 1784 477 1822 quod
491 1784 589 1814 eadem
606 1784 736 1814 Domina
747 1783 782 1814 ad
797 1792 884 1823 partes
902 1783 1013 1822 Angliae
1029 1782 1053 1812 se
1068 1782 1194 1813 divertat-

282 1822 408 1861 ΙΤΕΜ,
433 1822 494 1859 post
516 1822 704 1854 Contrac‘tum
727 1822 804 1858 huius
826 1821 1048 1852 Matrimonium
1068 1844 1078 1858 ,
1104 1821 1123 1851 si
1153 1822 1303 1859 contingat

245 1861 394 1900 praefatum
416 1860 580 1891 Dominum
601 1861 718 1892 Ducem
740 1860 892 1891 Clarentiae
913 1861 942 1890 in
989 1860 1091 1890 artibus
1119 1859 1302 1891 Lombardiae

246 1909 356 1931 moram
369 1900 478 1937 facere,
496 1901 529 1931 ὅ(
546 1899 692 1930 Dominus
706 1898 801 1929 noster
817 1898 882 1929 Rex
900 1908 956 1937 prae
980 1898 1066 1936 tetus,
1083 1902 1191 1929 ratione
1203 1899 1302 1930 Guer-

245 1948 340 1969 rarum
354 1938 481 1977 suarum,
499 1938 544 1968 vel
557 1939 633 1977 ali-Iis,
649 1940 704 1976 ejus
718 1938 783 1968 velit
796 1937 898 1967 habere
918 1938 1091 1975 praesentiam
1107 1959 1117 1975 ,
1136 1937 1213 1968 idem
1237 1938 1303 1968 Do-

246 1978 339 2007 minus
354 1976 424 2007 Dux
438 1986 521 2015 penes
535 1980 683 2016 praefatum
699 1976 863 2007 Dominum
878 1975 1007 2006 nostrum
1024 1975 1136 2014 Regem
1151 1999 1160 2012 ,
1178 1977 1234 2015 ejus
1248 1976 1302 2007 Pa-

246 2023 336 2054 trem,
354 2016 380 2046 se
394 2016 581 2046 incontinenti
596 2024 720 2047 teneatur
735 2015 870 2054 dirigere5
891 2014 979 2052 ipsum
994 2037 1003 2053 ,
1023 2015 1052 2044 in
1066 2015 1117 2044 suis
1132 2014 1301 2053 Guerris,ac

245 2054 304 2085 aliis
319 2055 377 2093 ejus
394 2053 613 2085 Necessitatibus
634 2055 666 2085 ὃς
689 2054 823 2094 Negotiis
838 2077 847 2091 ,
870 2055 947 2092 juxta
969 2063 1070 2084 eorum
1090 2054 1250 2091 qualitatem
1268 2055 1301 2085 &

245 2094 434 2164 {xigemhm'
451 2093 646 2133 subventurus,
664 2102 747 2132 prout
762 2100 870 2124 tenetur
883 2101 917 2123 ex
930 2092 1029 2123 debito
1049 2091 1234 2124 Gratitudini's
1254 2093 1301 2124 Fi-

268 2141 282 2161 a
293 2142 324 2163 is.

285 2169 333 2201 Ῑτ
342 2180 360 2202 ε
370 2178 396 2202 Μ
406 2194 417 2211 ,
432 2171 512 2204 dieto
526 2171 661 2203 Domino
674 2171 761 2204 Duce
776 2173 804 2202 in
818 2172 938 2212 partibus
952 2170 1151 2209 Lombardiae,
1178 2179 1208 2202 ut
1229 2181 1301 2210 prae-

246 2210 382 2250 mittitur,
401 2211 548 2249 existente,
566 2212 583 2242 fi
597 2213 741 2250 contingat
753 2211 844 2250 ipsum
858 2210 954 2249 (quod
969 2210 1049 2247 abiit)
1070 2211 1098 2239 in
1119 2209 1237 2240 Guerris
1257 2210 1302 2241 vel

246 2248 371 2280 Servitio
382 2249 452 2280 dieti
467 2250 587 2280 Domini
601 2250 756 2280 Mediolani
777 2249 817 2280 Ca
842 2250 920 2280 tivari
934 2273 943 2287 ,
965 2249 1042 2279 idern
1065 2247 1212 2279 Dominus
1234 2248 1301 2279 Me-

229 2284 413 2318 5diolanens1s
428 2287 462 2319 ad
477 2289 533 2326 ejus
556 2288 741 2319 Liberationis
764 2289 796 2320 ὃ(
818 2288 822 2290 ’
849 2287 1036 2326 edemptionis
1058 2287 1112 2317 suae
1133 2285 1299 2318 Persolutio-

110 2371 186 2400 ·v1.

93 2412 157 2445 566.

93 3629 224 3661 Ami).

120 3669 201 3707 ¹367·

92 3709 144 3734 Aa.
161 3716 207 3742 41.

89 3785 178 3811 franc.

92 3825 178 3889 ἑμξ.
197 3830 224 3859 3.

242 2333 313 2357 nem
328 2327 467 2365 integram
482 2335 614 2357 teneatur.

284 2363 355 2395 ΙΤΕ
365 2373 410 2403 M,
427 2364 644 2396 Concordatum
659 2365 699 2395 est
714 2363 791 2403 quod
806 2364 934 2403 praefatus
947 2363 1092 2396 Dominus
1105 2363 1207 2395 ‘noster
1226 2364 1301 2403 Rex,

246 2413 332 2444 penes
347 2403 511 2434 Dominum
524 2404 651 2434 nostrum
668 2403 832 2441 Principem
847 2404 1023 2441 Aquitaniae,
1041 2403 1198 2441 solempnes
1211 2403 1302 2434 Nun—

248 2444 307 2473 cios
319 2464 329 2481 ,
346 2442 425 2480 super
439 2442 579 2481 praedietis
591 2442 724 2473 omnibus
737 2443 770 2473 &
785 2442 824 2472 sin
845 2442 914 2480 ulis,
938 2444 994 2472 tarn
1018 2443 1046 2472 in
1068 2442 1191 2480 scriptis,
1212 2444 1299 2481 quarn

248 2481 324 2518 alias,
342 2481 448 2520 plenius
461 2480 646 2519 informatos,
672 2480 798 2511 celeriter
839 2480 984 2517 estinabit,
1007 2482 1080 2519 qui,
1112 2482 1129 2510 si
1153 2481 1299 2520 praemissis

249 2519 432 2558 consenserit,
452 2520 537 2550 iidem
551 2519 661 2549 Nuncii
675 2541 684 2556 ,
709 2520 768 2549 tam
790 2528 824 2549 ex
844 2528 921 2556 parte
940 2519 1047 2557 praefati
1068 2520 1191 2550 Domini
1209 2518 1298 2550 nostri

248 2557 358 2596 Regis,
375 2559 459 2596 quam
475 2559 530 2596 ejus
546 2558 607 2588 Filii
623 2557 712 2587 Ducis
725 2556 892 2596 Clarentiae,
910 2556 1059 2588 sufficienti
1080 2559 1216 2598 potestate
1236 2568 1299 2588 mu-

248 2597 317 2633 niti,
336 2606 418 2636 penes
432 2596 552 2626 eundem
564 2596 729 2626 Dominum
746 2595 990 2625 Mediolanensem
1000 2597 1033 2627 &
1049 2598 1104 2634 ejus
1118 2597 1218 2627 Filiam
1227 2596 1299 2627 Vio-

247 2634 369 2674 lantem,
386 2636 419 2665 ad
435 2635 516 2674 plene
531 2634 768 2665 consentiendum
779 2634 891 2665 dietum
905 2634 1126 2665 Matrimonium
1141 2658 1150 2674 ,
1167 2636 1192 2666 se
1207 2636 1299 2666 diver-

248 2682 317 2704 tent.

285 2712 332 2743 Set
345 2712 452 2751 semper
465 2711 505 2742 est
523 2710 690 2742 Intentionis
705 2710 827 2741 Domini
838 2709 927 2742 nostri
942 2710 1046 2749 Regis,
1072 2711 1151 2749 quod
1170 2713 1299 2751 praefatus

246 2750 392 2781 Dominus
408 2750 634 2787 Mediolaneniis,
649 2750 778 2780 habendo
792 2749 1044 2780 considerationem
1058 2751 1091 2779 ad
1108 2759 1237 2790 magnam
1247 2752 1301 2782 Be-

247 2789 438 2820 nevolentiam
452 2790 485 2820 &
499 2797 604 2828 gratam
619 2787 802 2818 affeciionem
819 2812 829 2827 ,
855 2798 921 2826 quas
943 2786 1020 2817 idem
1042 2786 1188 2819 Dominus
1207 2791 1299 2822 noster

247 2827 313 2857 Rex
328 2837 390 2867 erga
404 2828 491 2866 ipsum
506 2828 576 2866 gerit
594 2828 746 2865 continue,
765 2836 879 2857 necnon
890 2826 924 2856 ad
940 2824 1132 2856 Conditiones
1148 2828 1180 2857 &
1195 2828 1300 2861 Merita

245 2866 312 2896 dieti
328 2866 434 2904 Duci<,
452 2876 499 2904 per
514 2865 736 2896 Conceffionem
750 2866 782 2896 ὃ(
797 2865 996 2904 Adjeffionem
1009 2864 1133 2902 plurium
1143 2865 1298 2899 Terrarum

245 2905 279 2934 &
293 2905 500 2935 Dominiorum
510 2927 519 2943 ,
538 2915 589 2944 pro
603 2904 680 2934 Statu
694 2904 816 2942 ejusdem
831 2904 921 2934 Ducis
935 2904 968 2935 &
984 2903 1135 2940 violantis,
1149 2904 1227 2934 Filia:
1235 2906 1298 2946 suae,

245 2952 279 2973 ac
294 2942 450 2973 Haeredum
467 2944 502 2974 de
517 2953 614 2973 eorum
629 2942 807 2980 Corporibus
820 2942 1079 2980 procreandorum,
1098 2942 1196 2972 melius
1209 2945 1241 2974 &
1256 2946 1294 2975 la-

245 2982 297 3011 tius
313 2983 488 3020 providebit,
504 2982 581 3019 super
598 2991 672 3020 quo,
690 2983 762 3012 inter
783 2980 963 3011 Consiliarios
985 2980 1106 3010 Domini
1129 2980 1215 3011 nostri
1239 2984 1299 3014 Rc-

245 3021 301 3059 gis,
318 3021 351 3050 δε
369 3019 502 3050 Nuncios
515 3020 674 3058 praelibatos
698 3043 707 3058 ,
730 3019 772 3051 est
792 3021 890 3057 saepius
912 3018 1118 3057 praetra&atum
1133 3042 1143 3056 ,
1162 3019 1194 3049 ὃ(
1215 3023 1299 3052 etiam

245 3059 328 3096 plene
342 3059 520 3096 tractabitur,
538 3059 570 3088 &
584 3067 755 3097 exponetur,
771 3066 818 3096 per
832 3058 982 3095 Nuncios,
1007 3056 1040 3087 ad
1062 3056 1173 3087 dietum
1194 3057 1299 3090 Domi—

244 3106 317 3126 num
335 3095 577 3126 Mediolanensem
592 3107 607 3126 a
623 3096 708 3135 Regis
723 3097 806 3127 latere
818 3096 1013 3134 destinandos,
1032 3095 1103 3127 cum
1123 3095 1195 3133 ipsos
1217 3098 1249 3128 ad
1266 3109 1297 3129 e-

243 3136 284 3173 jus
299 3135 471 3172 praesentiam
486 3135 631 3173 contigerit
645 3137 797 3173 pervenire.
1090 3168 1098 3174 f

281 3173 336 3211 Et,
353 3173 569 3212 consequenter,
588 3173 715 3209 praedie‘ti
733 3172 950 3204 Ambaffiatores
990 3181 1024 3203 ex
1045 3180 1121 3212 parte
1139 3171 1209 3203 dieti
1228 3173 1293 3205 Do-

245 3213 317 3242 mini
331 3211 563 3248 Mediolanenlis,
585 3211 720 3241 reservant
740 3213 772 3242 &
792 3212 933 3250 relinqunt
956 3195 1139 3250 Dispositioni
1159 3212 1295 3248 praelibati

246 3251 373 3281 Domini
389 3259 522 3281 contenta
536 3251 565 3280 in
579 3250 719 3287 praedictis
739 3249 894 3289 Capitulis:
923 3250 982 3280 Pro
1003 3250 1103 3288 quibus
1121 3250 1294 3281 attendendis

242 3289 294 3326 ipsi
307 3289 526 3319 Ambaffiatores
538 3297 597 3317 non
614 3288 717 3318 habent
732 3288 863 3319 Ballivam
887 3288 1043 3326 Obligandi
1063 3287 1210 3328 praefatum
1229 3289 1293 3319 Do—

244 3328 357 3357 minum
375 3326 636 3364 Mediolanensem,
655 3336 707 3356 nec
722 3327 769 3366 ipli
785 3327 884 3357 talibus
897 3326 1049 3364 Capitulis,
1066 3326 1101 3356 de
1115 3327 1216 3364 quibus
1235 3338 1294 3358 non

244 3366 349 3396 habent
362 3365 496 3396 Ballivam
511 3388 520 3403 ,
546 3373 577 3395 ut
596 3365 758 3403 praefettur,
781 3366 948 3404 assentiant,
969 3364 1019 3395 nifi
1036 3365 1066 3394 in
1085 3372 1219 3403 quantum
1240 3367 1296 3406 ipse

243 3402 390 3435 Dominus
402 3403 619 3435 Mediolanensis
632 3402 768 3434 assentiet.

294 3541 354 3574 Pro
369 3540 455 3572 Duce
474 3538 640 3585 Juliacent
650 3565 661 3582 ,
686 3536 723 3570 de
743 3539 882 3572 Licentia
895 3535 1034 3583 faciendi
1050 3539 1251 3584 Homagium.

300 3623 325 3655 E
339 3623 398 3655 Roi
411 3634 426 3653 a
440 3631 510 3654 touz
523 3632 612 3662 ceux,
629 3623 658 3663 qi
673 3633 718 3654 ces
733 3623 871 3662 presentes
886 3623 994 3653 Letuec
1009 3629 1141 3660 verrent,
1156 3620 1261 3655 Salutzi

355 3661 454 3692 Savoir
471 3662 570 3692 faisons
585 3671 656 3700 que,

287 3702 398 3738 Corne,
417 3700 515 3730 nostre
529 3701 594 3730 bien
616 3700 708 3729 Amee
729 3698 861 3737 Cousin,
885 3697 1022 3729 Guilliam
1045 3697 1115 3729 Duc
1136 3696 1172 3727 de
1189 3698 1299 3738 Julers,

248 3738 334 3769 Nous
348 3740 384 3769 ait
400 3739 447 3769 fait
462 3737 598 3776 Homage
611 3737 715 3776 Liege,
733 3737 835 3768 devant
850 3747 897 3768 ces
910 3737 1020 3768 Heures
1031 3759 1040 3775 ,
1057 3737 1091 3768 &
1108 3735 1126 3765 il
1139 3735 1191 3766 soit
1205 3738 1298 3769 nostre

249 3776 321 3807 Allie
335 3787 430 3820 envers
443 3785 528 3814 touz,
545 3785 633 3807 come
643 3776 660 3805 il
675 3776 782 3814 appiert
797 3786 844 3813 par
859 3786 905 3807 ces
920 3775 1027 3807 Lettres
1040 3785 1096 3814 que
1110 3773 1198 3805 Nous
1211 3785 1299 3807 avons

244 3814 380 3882 des‘dldie
393 3852 482 3890 foitz,
498 3862 558 3883 non
571 3850 684 3882 obstant
698 3852 723 3881 le
734 3851 774 3882 dit
794 3851 927 3890 Homage
946 3852 979 3883 &
1000 3851 1127 3882 Alliance
1140 3873 1150 3888 ,
1175 3860 1246 3882 nous
1267 3863 1296 3883 a-

247 3899 321 3922 vons
333 3891 450 3927 ottroie,
468 3892 502 3921 &
515 3891 672 3928 ottroions,
688 3900 720 3927 a,
736 3889 831 3920 nostre
845 3891 885 3920 dit
899 3889 1031 3929 Cousyn,
1054 3890 1079 3920 le
1096 3888 1166 3920 Duc
1187 3889 1223 3919 de
1240 3890 1295 3928 Ju-

247 3930 300 3960 lers
312 3927 359 3973 q’il
371 3927 432 3957 face
444 3928 578 3972 Homage
593 3939 626 3966 a,
643 3927 738 3958 nostre
750 3927 904 3971 Treschere
921 3928 1021 3966 Frere,
1039 3927 1065 3958 le
1080 3926 1140 3956 Roi
1148 3926 1187 3994 {dte
1206 3927 1292 3997 Ιῖἑαιέἑ

245 3964 533 4037 &gagffledffffiffgg
536 3967 624 4036 1ξῖἔὲ
637 3965 856 4045 ῗὲἓξῗὲἶῗέἱῖ
867 3964 1290 4043 il'gp‘issssssaisses‘ihssiei'z'mem

1354 234 1530 311 Frfficgbant
1542 282 1558 303 a
1569 282 1604 303 ce
1617 271 1708 303 Nous
1718 272 1833 303 donons
1853 271 1950 304 nostre
1972 272 2201 307 Consentetnent'
2218 285 2267 315 pat
2290 284 2336 306 ces
2356 283 2415 306 noz
2432 242 2561 319 ἐξὲξ

1354 311 1491 380 §agentes
1505 311 1635 349 Lettres3
1651 311 1690 341 les
1703 310 1818 350 quielles
1831 320 1902 342 nous
1913 321 2003 343 avons
2013 312 2064 344 fait
2076 313 2156 346 sealer
2167 314 2204 345 de
2216 314 2311 346 nostre
2318 312 2412 346 Grant

1390 387 1474 419 Dori.
1492 399 1508 420 a
1523 387 1620 420 nostre
1634 387 1730 427 Palays
1742 387 1779 419 de
1792 387 1921 420 Westm.
1939 387 1966 421 le
1981 389 2084 430 primer
2095 390 2161 429 jour
2172 390 2208 422 de
2219 390 2307 432 Juyn.

2027 469 2073 497 De
2081 473 2136 505 par
2150 464 2175 496 Ie
2187 468 2247 497 Καὶ.

1597 603 1646 635 De
1668 605 1764 649 Equis
1788 607 1820 636 in
1846 604 1996 651 Angliam
2020 602 2171 639 ducendis.

1350 686 1469 741 REX
1485 686 1635 732 Universis
1647 687 1809 733 &Ufingulis
1822 687 1978 732 Admirallis

1375 765 1380 770 1
1428 726 1480 770 bus
1493 749 1502 764 ,
1520 725 1764 769 vicecomitibus,
1783 725 1944 766 Majoribus
1957 749 1967 766 ,

1348 763 1490 795 Fidelibus
1504 764 1574 804 suis,
1592 766 1626 796 ad
1642 776 1724 805 quos,
1739 768 1800 798 &c.
1808 765 1941 796 Salutem.

2012 690 2046 720 &
2065 697 2165 722 eorum
2187 691 2268 722 Loca
2286 691 2406 722 tenenti·
2423 705 2492 738 Am,
2518 708 2549 739 D

1982 712 2108 768 ballivis,
2125 728 2279 768 Ministris,
2295 731 2327 761 ὃς
2349 730 2406 761 aliis
2446 732 2527 784 126‘7.
2549 731 2559 741 ¹

1385 803 1484 834 Sciatis
1496 805 1577 842 quod
1590 803 1752 835 Licentiam
1766 803 1896 835 dedimus
1916 803 2049 835 Henrico
2070 803 2106 835 de
2124 805 2224 845 Halle,
2248 806 2406 839 Mercatori
2425 788 2476 850 ἐπ’
2492 796 2539 821 41-

1348 840 1542 879 Alemanniae,
1557 842 1656 881 quodi
1677 843 1721 882 se,
1738 853 1752 873 a
1772 842 1918 881 Flandria,
1938 842 2020 874 oeto
2033 841 2155 875 Groffos
2169 844 2282 885 Equos,
2422 833 2504 890 Pit}
2518 872 2527 890 ι

1386 880 1498 910 Diversi
1516 880 1632 911 Coloris
1674 882 1777 912 rinium
1793 881 1952 918 (videlicet)
2476 871 2513 897 '4
2534 885 2541 891 '

1389 917 1492 949 Unum
1514 918 1697 952 Dextrarium
1710 919 1851 960 Nigrum,

1384 956 1470 988 Duos
1486 956 1621 988 Cursores
1639 955 1759 997 rubeos,

1386 993 1493 1026 Unum
1512 995 1668 1026 Cursorem
1685 997 1833 1036 Nigrum,
1851 1000 1926 1029 cumi
1933 996 2060 1029 Naribus
2076 997 2177 1037 incisis,

1381 1032 1489 1064 Unum
1506 1033 1661 1065 Cursorem
1676 1037 1817 1066 minorem
1831 1035 1923 1066 Grisei
1935 1037 2050 1075 coloris,

1382 1071 1489 1102 Uuum
1510 1072 1664 1104 Cursorem
1680 1074 1838 1113 Rubeum,
1856 1074 1978 1104 similiter
1994 1084 2061 1106 cum
2072 1074 2199 1106 Naribus
2218 1076 2321 1114 incisis,

1384 1110 1491 1141 Unum
1508 1111 1662 1142 Cursorem
1678 1112 1745 1153 Bay,

1383 1147 1421 1179 Et
1435 1150 1521 1180 alium
1542 1150 1681 1190 Nigrum,

1381 1185 1415 1217 In
1432 1187 1567 1228 Regnum
1581 1190 1712 1220 nostrum
1726 1189 1838 1230 Angliae
1852 1189 1973 1229 ducere,
1989 1190 2022 1221 ὅ(
2039 1189 2146 1220 ibidem
2161 1191 2299 1230 vendere,

1383 1225 1437 1264 Et,
1456 1226 1475 1257 si
1490 1238 1538 1257 eos
1551 1229 1579 1258 in
1597 1227 1700 1259 eodem
1726 1228 1836 1267 Regno
1857 1229 2016 1260 commode
2036 1229 2161 1259 vendere
2179 1239 2317 1268 nequeat,
2336 1238 2405 1262 tunc

1346 1264 1416 1308 ipsos
1432 1265 1514 1305 alibi,
1533 1275 1631 1304 praeter
1645 1267 1678 1297 ad
1693 1276 1780 1305 partes
1792 1268 1916 1306 Scotiae,
1933 1278 1991 1307 quo
2005 1266 2104 1306 Equos
2124 1267 2234 1306 aliquos
2247 1268 2314 1299 duci
2330 1269 2404 1300 inhi-

1347 1304 1459 1334 buimus
1468 1328 1477 1342 ,
1496 1306 1639 1336 traducere
1654 1306 1755 1337 valeat:

1368 1342 1421 1386 'Et
1437 1344 1504 1373 ideo
1519 1344 1599 1374 vobis
1615 1345 1779 1376 mandamus
1796 1345 1876 1384 quod
1892 1344 1985 1383 ipsum
1999 1344 2164 1375 Henricum
2176 1367 2186 1382 ,
2212 1343 2309 1385 Equos
2332 1354 2405 1385 prae-

1345 1379 1456 1420 didos,
1472 1383 1500 1412 in
1521 1382 1658 1422 Regnum
1675 1383 1803 1414 nostrum
1814 1384 1934 1422 ducere,
1953 1384 2026 1414 &in
2047 1383 2150 1414 eodem
2172 1383 2277 1424 Regno
2298 1384 2404 1416 vende·

1344 1428 1389 1458 re,
1408 1422 1458 1458 ὃς,
1476 1421 1495 1451 si
1512 1422 1548 1451 de
1562 1423 1599 1452 eis
1613 1421 1816 1453 Commodum
1830 1423 1909 1453 suum
1923 1422 2029 1452 ibidem
2043 1422 2134 1453 facere
2151 1432 2211 1453 non
2224 1421 2319 1461 possit,
2334 1431 2403 1456 tunc

1344 1469 1392 1489 eos
1407 1461 1472 1489 alibi
1487 1470 1545 1498 quo
1561 1460 1697 1498 voluerit,
1713 1470 1812 1500 praeter
1825 1461 1859 1491 ad
1873 1461 1962 1491 dietas
1976 1461 1995 1480 ²*
2015 1459 2109 1492 Partes
2129 1460 2235 1491 Scotiae
2249 1484 2259 1499 ,
2277 1461 2403 1493 traduce-

1345 1507 1390 1535 re,
1408 1508 1459 1537 pro
1477 1498 1525 1528 suo
1540 1499 1638 1537 libito,
1658 1500 1691 1530 ὅ(
1704 1500 1806 1538 absque
1819 1500 2044 1538 impedimento,
2062 1500 2227 1540 permittatis
2247 1502 2321 1540 juxta
2343 1500 2404 1532 for-

1345 1546 1422 1566 mam
1438 1537 1577 1568 Licentiae
1594 1536 1698 1568 nostrae
1714 1538 1887 1577 supradict-ae.
2356 1562 2359 1564 -

1382 1574 1416 1605 ln
1433 1577 1518 1613 cujus,
1533 1576 1592 1606 ὅτε.

1380 1614 1470 1645 Teste
1484 1615 1565 1653 Rege
1579 1614 1652 1652 apud
1667 1614 1973 1655 Westmonasterium,
1992 1616 2086 1656 primo
2101 1616 2147 1647 die
2155 1615 2244 1657 Junii.

2426 905 2447 927 Ε
2480 910 2504 937 3·

2423 946 2448 976 p.
2473 949 2496 965 ι.

2424 988 2460 1006 m.
2487 986 2528 1011 ¹4·

2424 1474 2444 1495 ¹¹¹
2455 1477 2507 1503 v1.

2427 1518 2492 1551 567.

1511 1743 1560 1775 De
1579 1741 1675 1787 βείω
1699 1740 1818 1775 Gardia
1833 1752 1889 1789 pro
1912 1741 2121 1790 Amba-[satore
2142 1747 2241 1792 Regis.

1344 1826 1470 1885 IKEX
1487 1828 1640 1872 Universis
1654 1829 1687 1860 δε
1705 1829 1813 1868 singulis
1827 1827 2005 1867 Principibus
2017 1852 2026 1867 ,
2051 1828 2197 1866 Ducibus,
2222 1829 2401 1862 Marchioni-
2425 1818 2499 1851 Ann-
2511 1821 2553 1853 D·

1378 1905 1382 1909 .
1408 1868 1477 1910 Ubus,
1497 1868 1682 1912 Comitibus,
1698 1868 1872 1912 Admiralli5‚
1892 1867 2137 1912 Vicecomitibus,
2162 1868 2319 1909 Militibus,
2335 1870 2399 1901 Do·
2444 1860 2527 1899 ¹367·

1343 1913 1444 1943 minis,
1465 1906 1653 1945 DomiceIhS,
1671 1906 1850 1945 capitaneis,
1868 1906 2045 1945 Majoribus,
2070 1905 2290 1938 Constabulariis
2309 1931 2318 1946 ,
2333 1908 2403 1940 Cas-
2422 1901 2474 1925 ’Μ’
2490 1910 2536 1945 ἐμ·

1342 1943 1464 1983 tellanis,
1485 1945 1658 1982 PraepositiS,
1677 1943 1855 1975 Custodibus
1869 1944 2045 1984 Civitatum,
2060 1944 2216 1983 Villarum,
2239 1945 2402 1988 Portuum,
2457 1938 2521 1967 16ῖᾶ-

1343 1981 1473 2014 Pasiuum
1487 1985 1520 2015 &
1538 1984 1746 2022 Distriemum,
1764 1981 1901 2022 Civibus,
1921 1983 2064 2021 Scabinis,
2083 1982 2267 2023 Consulibus,
2285 1985 2319 2017 &
2333 1996 2401 2017 om-

1343 2022 1424 2052 nibus
1439 2021 1511 2061 aliis,
1531 2024 1589 2053 tam
1607 2021 1762 2052 Officiariis
1774 2045 1785 2060 ,
1804 2023 1888 2060 quam
1908 2023 1981 2060 aliis,
1998 2022 2033 2052 de
2055 2021 2232 2054 Adhaerentia
2245 2046 2256 2062 ,
2280 2024 2337 2055 five
2358 2025 2401 2057 A·

1343 2060 1466 2100 micitia,
1483 2069 1529 2092 aut
1545 2061 1738 2092 Benivolentia
1754 2060 1855 2091 nostris
1865 2060 2055 2099 existentibus,
2073 2062 2104 2091 in
2119 2061 2246 2101 Francia,
2263 2062 2400 2095 Aleman-

1343 2099 1404 2137 nia,
1421 2099 1610 2137 Lumbardia,
1629 2099 1793 2137 Brabantia,
1809 2099 1953 2137 Flandria,
1970 2099 2112 2138 Selandia,
2131 2099 2399 2140 Tuscannia,Cam·

1341 2139 1435 2178 pania,
1452 2139 1486 2170 &
1502 2138 1672 2176 Provincia,
1690 2138 1724 2169 &
1737 2136 1818 2174 alibi,
1837 2138 1866 2167 in
1882 2137 2003 2175 partibus
2024 2137 2242 2178 Ultrarnarinis,
2266 2140 2400 2177 ubicum-⁴

1343 2187 1398 2245 qu}
1413 2177 1586 2248 constitutids,
1605 2176 1639 2208 ad
1653 2185 1724 2218 quos
1736 2176 1796 2208 &c-
1816 2175 1950 2209 Salutem.

1400 2225 1475 2247 ciatis
1509 2218 1549 2248 uo

1378 2253 1460 2285 Cum
1474 2226 1636 2294 n‘iittariius,
1646 2253 1785 2286 dileetum
1803 2253 2053 2295 Consanguineum
2067 2255 2102 2288 &
2114 2254 2243 2288 Fidelem
2258 2257 2400 2297 nostrum,'

1335 2292 1498 2332 johannem
1514 2294 1679 2326 Dominum
1693 2294 1729 2324 de
1742 2292 1877 2325 Cobham
1886 2317 1896 2333 ,
1913 2296 1946 2326 ad
1962 2294 2082 2326 Curiam
2095 2294 2272 2334 Romanam,
2287 2297 2317 2327 in
2324 2297 2396 2328 Am·

1341 2331 1455 2363 baffiam
1474 2332 1616 2372 nostram,
1634 2342 1702 2364 cum
1719 2332 1820 2363 Literis
1831 2334 1864 2364 &
1878 2333 1936 2364 aliis
1955 2333 2092 2372 Negotiis
2121 2333 2221 2365 nostris
2234 2357 2244 2373 ,
2269 2336 2299 2365 in
2319 2335 2398 2368 dieta

1341 2369 1431 2402 Curia
1445 2372 1641 2412 prosequendis
1654 2371 1688 2402 δε
1706 2370 1823 2402 fideliter
1834 2371 1988 2405 (Domino
2005 2373 2176 2408 Annuente)
2193 2373 2379 2413 expediendis,

1377 2409 1437 2440 Vos
1451 2409 1606 2442 affeetuose
1620 2419 1750 2450 rogamus
1769 2411 1898 2450 quatinus
1912 2433 1922 2448 ,
1943 2410 2064 2441 eundern
2093 2409 2205 2442 Consan
2227 2413 2340 2443 uineum
2364 2414 2399 2445 δε

1340 2448 1569 2481 Ambassatorem
1585 2449 1733 2486 nostrum,
1752 2449 1839 2479 nostri
1860 2449 2098 2487 consideratione,
2121 2449 2196 2487 speci
2223 2451 2273 2481 iter
2287 2460 2400 2482 recom-

1339 2487 1505 2518 mendatum
1520 2488 1670 2526 habentes,
1688 2488 1793 2526 ipsum,
1811 2488 1867 2519 una
1880 2497 1948 2518 cum
1964 2486 2105 2518 Militibus
2121 2510 2130 2526 ,
2148 2487 2318 2520 Domicellis
2361 2490 2396 2521 δε

1339 2526 1396 2555 aliis
1411 2525 1575 2566 Equitibus,
1594 2528 1627 2558 ὅ(
1643 2525 1833 2556 Familiaribus
1847 2526 1917 2564 suis,
1935 2535 2051 2557 necnon
2067 2526 2147 2557 dietis
2162 2527 2266 2558 Literis
2283 2512 2396 2567 nostris,

1339 2564 1443 2602 Equis,
1461 2564 1620 2602 Herneliis,
1638 2565 1671 2595 &
1686 2563 1786 2595 Rebus
1799 2565 1851 2595 suis
1865 2564 2089 2603 quibuscumque
2105 2587 2114 2602 ,
2139 2565 2208 2595 cum
2227 2566 2262 2597 ad
2284 2565 2396 2605 Partes,

1340 2602 1495 2637 Dominia,
1516 2604 1560 2634 vel
1575 2602 1727 2634 Distrietus
1747 2602 1871 2640 vestros,
1894 2611 1940 2633 aut
1961 2602 2076 2640 alicujus
2099 2601 2226 2634 vestrum
2241 2626 2251 2642 ,
2273 2604 2396 2636 accesse-

1340 2642 1413 2679 rint,
1430 2641 1525 2672 eundo
1539 2642 1629 2672 versus
1643 2640 1761 2671 Curiam
1777 2640 1959 2678 praedictam,
1976 2641 2011 2672 δε
2032 2640 2132 2671 exinde
2155 2641 2316 2681 redeundo,
2353 2653 2395 2675 ra-

1341 2681 1428 2718 tiose,
1446 2681 1569 2720 benigne
1579 2703 1589 2719 ,
1601 2681 1635 2712 &
1650 2679 1837 2710 favorabiliter
1850 2689 1899 2717 per
1913 2677 1993 2717 Vos,
2013 2689 2046 2710 ac
2064 2678 2228 2717 Ministros,
2252 2681 2286 2712 &
2301 2682 2330 2712 su
2353 2681 2396 2713 di-

1341 2727 1385 2749 tos
1405 2718 1527 2757 vestros,
1546 2719 1580 2750 &
1595 2718 1741 2757 cujussibet
1752 2717 1896 2756 vestrum,
1915 2718 2039 2756 recipere
2060 2718 2094 2748 &
2114 2719 2291 2758 pertrarstare,

1378 2756 1482 2796 Eisque
1495 2757 1610 2788 Salvum
1625 2759 1658 2789 &
1674 2757 1803 2787 securum
1820 2755 2009 2787 ConduCtum
2023 2765 2074 2794 pro
2088 2757 2132 2795 se,
2147 2767 2180 2787 ac
2192 2757 2276 2788 dietis
2296 2756 2398 2790 Literis

1340 2795 1456 2836 nostris,
1473 2796 1575 2836 absque
1588 2796 1814 2834 discoopertione
1837 2795 1881 2825 seu
1903 2795 2061 2833 Apertione
2077 2795 2258 2834 earumdem,
2282 2805 2397 2828 necnon

1340 2833 1443 2874 Equis,
1459 2834 1603 2866 Hernesiis
1617 2859 1626 2872 ,
1644 2834 1748 2872 Bonis,
1763 2833 1797 2864 &
1812 2833 1912 2864 Rebus
1927 2834 1979 2864 suis
1993 2833 2234 2874 quibuscumque,
2259 2843 2308 2872 per
2330 2835 2396 2866 Do-

1342 2874 1447 2912 minia,
1465 2874 1499 2904 &
1519 2873 1711 2905 Distridtuum
1734 2871 1892 2903 vestrorum
1916 2871 1995 2902 Loca
2008 2896 2017 2909 ,
2041 2872 2098 2902 tam
2117 2882 2167 2911 per
2185 2873 2275 2904 literas
2296 2872 2398 2904 vestras

1344 2910 1559 2950 Conduetitias,
1583 2913 1670 2951 qu‘am
1692 2911 1772 2949 alias,
1796 2918 1882 2949 prout
1901 2909 2074 2947 indiguerint
2087 2931 2098 2947 ‚
2121 2910 2155 2940 &
2174 2920 2209 2940 ex
2231 2918 2308 2947 parte
2325 2910 2396 2942 dieti

1344 2948 1555 2987 Consanguinei
1570 2950 1657 2981 nostri
1669 2950 1773 2981 fueritis
1785 2949 1923 2987 requisiti,
1940 2947 2035 2978 eundo
2052 2945 2142 2978 versus
2157 2946 2276 2978 Curiam
2297 2949 2397 2988 praedi-

1342 2988 1435 3027 Ciam,
1455 2990 1488 3021 &
1501 2988 1601 3019 exinde
1616 2987 1773 3024 redeundo,
1792 2987 1861 3017 ficut
1875 2985 2046 3023 praedietum
2061 2985 2118 3022 est,
2134 2984 2194 3016 fieri
2204 2985 2303 3023 jubere
2315 3009 2325 3025 ,
2345 2989 2396 3019 eis-

1361 3036 1395 3057 ue
1407 3028 1435 3057 in
1448 3028 1516 3065 hiis,
1535 3038 1600 3066 quae
1615 3024 1789 3056 Ambasfiam
1803 3024 1968 3062 praedietam
1983 3030 2163 3054 concernunt
2176 3046 2186 3062 ,
2209 3022 2342 3056 Consiliis
2360 3027 2395 3058 &

1370 3066 1457 3095 uxiliis
1471 3065 1590 3096 assistere
1603 3065 1706 3101 velitis,
1723 3061 1825 3093 nostris
1838 3062 1970 3100 precibus
1982 3062 2016 3092 &
2037 3070 2150 3105 amore,
2173 3064 2208 3094 δε
2223 3071 2311 3106 prout
2327 3087 2337 3103 ,
2359 3065 2394 3096 ad

1338 3112 1448 3142 rogatus
1461 3104 1582 3142 vestros,
1599 3111 1664 3142 erga
1677 3099 1802 3138 vestros,
1820 3101 1851 3130 in
1866 3099 1928 3132 casu
1941 3099 2099 3138 consimili,
2115 3099 2161 3131 vel
2174 3101 2290 3140 majori,
2316 3103 2393 3142 grata

1339 3141 1525 3173 vicissitudine
1539 3142 1627 3172 velitis
1641 3150 1693 3172 nos
1705 3138 1839 3170 fadturos.

1371 3179 1405 3209 Iu
1425 3180 1517 3217 cujus,
1536 3180 1598 3210 δίε.

1374 3217 1443 3248 Dat.
1462 3217 1537 3256 apud
1549 3216 1675 3248 Westm.
1695 3216 1801 3248 Tertio
1814 3215 1859 3247 die
1869 3215 1957 3255 Junii.

1670 3344 1727 3376 Pro
1752 3339 1893 3385 Galfm'do
1916 3337 2061 3372 Chaucer.

1340 3427 1420 3483 RE
1430 3418 1630 3496 XSoninibtis,
1646 3426 1680 3458 ad
1696 3436 1778 3466 quos,
1786 3426 1847 3470 &a
1865 3424 2006 3468 Salutem..
2036 3462 2042 3467 Ι
2369 3462 2377 3469 -
2409 3450 2456 3482 An
2498 3452 2543 3486 D·

1472 3476 1548 3498 ciatis
1559 3466 1656 3505 quod,
1673 3465 1710 3496 de
1724 3473 1809 3504 gratia
1825 3463 1918 3494 nostra
1934 3463 1950 3492 s
1965 3461 2054 3500 eciali‚
2070 3461 2105 3493 δε
2125 3471 2178 3500 pro
2196 3463 2279 3494 bono
2296 3461 2390 3493 Servi·
2457 3461 2486 3484 Π·
2529 3471 2543 3484 «⁴

1342 3505 1400 3542 tio,
1415 3506 1492 3543 quod
1502 3528 1510 3543 ,
1525 3505 1643 3535 dile&us
1656 3504 1792 3535 Vallettus
1804 3501 1916 3540 noster,
1969 3500 2079 3531 alfridus
2092 3499 2226 3531 Chaucer
2240 3501 2321 3531 nobis
2333 3501 2388 3531 Im·
2431 3492 2516 3531 1367·
2546 3529 2548 3533 ,

1341 3543 1454 3581 pendit,
1472 3544 1505 3574 &
1519 3542 1662 3582 impendet
1674 3543 1703 3572 in
1717 3542 1861 3579 futurum,
1878 3539 2068 3570 conceffimus
2090 3539 2116 3568 ei
2135 3538 2244 3579 Viginti
2262 3538 2390 3577 Marcas,
2406 3532 2459 3558 ‘⁴²7¹-
2476 3540 2523 3569 4¹·
2544 3543 2546 3561 ῑ

1342 3582 1417 3620 perci
1439 3582 1546 3620 iendas,
1566 3581 1675 3620 singulis
1693 3580 1800 3618 Annis,
1817 3579 1853 3609 ad
1865 3578 2043 3609 Scaccarium
2056 3576 2204 3615 nostrum,
2221 3576 2255 3607 ad
2274 3575 2391 3608 Termi·
2409 3572 2440 3596 Ε·
2462 3578 2488 3606 3·

1342 3630 1395 3650 nos
1429 3621 1507 3651 auriti
1522 3620 1670 3650 Michaelis
1681 3620 1715 3651 δε
1730 3618 1860 3655 Paschae,
1878 3627 1927 3654 per
1942 3616 2060 3656 aequales
2071 3613 2239 3652 Portiones,
2254 3613 2288 3644 ad
2300 3621 2389 3658 totam
2407 3610 2520 3643 Pal-4¹·

1341 3658 1437 3726 Vigam
1451 3658 1534 3727 igfiffi
1549 3658 1683 3696 Galftidi,
1698 3657 1745 3689 vel
1758 3656 1902 3697 quousque
1914 3665 1967 3694 pro
1979 3654 2056 3686 Statu
2069 3653 2120 3684 suo
2136 3652 2213 3684 aliter
2231 3650 2393 3685 duxerimus
2405 3648 2436 3721 {-
2457 3654 2484 3711 {-

1340 3707 1373 3727 or
1394 3707 1458 3727 inan
1479 3707 1538 3728 um.
2431 3703 2438 3710 ·
2478 3705 2485 3711 ·

1376 3735 1410 3766 In
1424 3736 1518 3775 cujus,
1538 3735 1600 3767 &c.
2409 3731 2447 3751 ''³-
2459 3729 2502 3758 13·
2540 3734 2542 3738 ·

1378 3773 1469 3806 Teste
1481 3774 1563 3814 Rege
1576 3773 1650 3813 apud
1662 3770 1796 3805 Castrum
1808 3770 1846 3802 de
1860 3769 2080 3810 Qenesburgh‚
2098 3764 2236 3798 vicesimo
2248 3766 2294 3800 die
2303 3768 2392 3808 Junii.

1784 3849 1840 3879 Per
1852 3849 1945 3881 Breve
1957 3845 1991 3878 de
2004 3846 2123 3877 Privato
2136 3843 2235 3884 sigillo.
