2561 4251
759 169 871 211 ET
952 170 1221 212 ACTA

41 258 118 290 Ann.
132 257 174 289 D.
194 259 274 290 modi
292 255 502 299 prosequendo,
525 253 642 293 Injurias
665 254 698 286 δε
717 254 847 287 Offenfiis
865 255 1065 295 intolerabiles,
1083 256 1183 287 Nobis
1203 265 1251 294 per

71 299 156 336 1369.
193 298 303 328 dierum
319 295 459 326 Karolurn
472 295 616 333 irrogatas,
635 302 720 331 prout
731 295 807 333 ipse,
824 295 853 324 in
869 296 946 332 cujus
961 304 1045 325 manu
1059 295 1121 325 sunt
1135 297 1244 333 omnia,

0 333 1 339 ¹
41 337 107 365 Ἐάν.
129 346 155 374 3.
192 336 292 368 Nobis
307 334 430 371 dederit,
448 342 596 369 enervare,
614 331 706 362 vestra
719 342 781 362 non
795 333 898 363 debeat
910 333 1025 364 dileetio
1039 333 1185 371 admirari,

227 374 325 404 Immo
340 371 485 409 quaesimus
499 371 657 401 cordialiter
670 379 820 409 quatenus,
838 371 983 410 praemiffis
998 372 1026 401 in
1041 371 1142 402 vestrae
1157 372 1246 401 fince-

190 421 230 443 rae
243 410 403 441 dileetionis
417 419 502 447 aequo
516 409 678 439 Libramine
692 410 841 445 revolutis,
858 409 973 446 Nobis,
988 410 1018 439 in
1037 410 1160 446 ipsorum
1175 409 1245 439 Pro-

187 450 346 486 secutione,
373 448 520 487 oportunis
544 447 673 477 Consiliis
701 447 735 477 &
757 447 891 485 Auxiliis,
910 448 974 477 zelo
989 447 1126 485 Justitiae,
1153 448 1246 487 legalis

191 497 275 519 more
288 485 416 523 Subditi,
436 486 530 516 modis
549 486 682 516 omnibus
703 484 843 524 assistatis,
869 495 924 515 nec
948 484 1141 516 Conscientiae
1160 486 1246 517 Scru-

189 525 286 564 pulus,
306 524 475 564 Composita
495 523 605 560 Verba,
620 531 667 553 aut
688 522 877 554 AEmulorum
901 523 1088 563 Informatio,
1107 525 1247 555 contraria

189 564 235 596 vel
249 562 403 600 finistra,-a
415 562 484 593 Fide
499 561 600 592 nostris
619 561 652 592 &
667 560 838 592 Obedientia
857 572 908 593 vos
929 563 1083 601 divertant,
1102 563 1139 593 set
1157 565 1185 593 in
1210 564 1247 594 eis

188 602 313 640 semper,
332 601 400 633 sicut
422 601 528 631 sincere
546 600 731 637 confidimus,
751 600 881 631 stabiliter
897 601 1029 640 radicati,
1048 601 1246 632 Afferfiionem

189 641 362 678 cordialem,
381 648 465 677 quam
479 647 541 678 erga
554 648 607 668 vos
620 637 785 676 nostrosque
799 639 923 675 singulos
937 639 1035 678 legales
1048 639 1183 669 Subditos
1196 649 1247 681 ve-

190 679 222 710 ra
235 679 291 710 fide
304 678 504 715 concepimus,
522 687 590 707 curn
603 677 699 707 favore
713 677 745 707 δε
760 677 876 715 justitia,
895 679 1025 715 quotiens
1040 678 1114 708 casus
1129 679 1248 708 emerse-

189 719 225 749 rit
257 717 356 754 vobis,
373 715 535 745 successuris
547 716 740 753 temporibus,
757 716 907 746 ostendere
918 725 1072 747 teneamur.

229 741 296 786 bat.
312 755 340 785 in
357 753 464 785 Palatio
477 753 577 784 nostro
592 753 715 785 Westm.
737 753 788 784 sub
810 754 914 793 Magni
934 754 1023 793 Sigilli
1044 752 1132 784 nostri
1151 752 1249 784 Testi-

191 803 299 825 monio.

238 919 287 951 De
307 914 475 964 Judicibus
498 918 723 962 Superioritatis
744 918 781 952 ὅ]
807 915 943 960 Restm,
971 918 1002 948 in
1026 917 1200 962 Aquitania

624 961 798 1005 constitutis.

42 1050 119 1082 Ann.
134 1049 174 1080 D.
192 1049 397 1120 Eq-xlxggrdus,
421 1048 480 1080 Dei
502 1048 604 1088 gratia,
623 1047 689 1078 Rex
709 1048 837 1080 Francise
858 1050 892 1081 δε
907 1048 1037 1089 Angliae,
1050 1050 1084 1081 &
1105 1049 1251 1082 Dominus

67 1099 79 1119 1
123 1099 152 1119 0.
287 1101 294 1119 i
317 1099 410 1120 erni-ae.

41 1097 157 1165 Αηῗῖῃ.
230 1128 279 1159 Ad
294 1123 448 1166 Regnantis
462 1125 610 1164 cujussibet
624 1123 839 1156 Providentiam
862 1127 983 1164 pertinet
1003 1126 1062 1164 ejus
1084 1127 1251 1159 Tribunaiia

41 1171 71 1194 Ε.
97 1176 121 1203 3.
194 1165 232 1198 fic
245 1166 403 1204 composite
415 1167 448 1197 &
462 1165 556 1194 debite
573 1163 706 1202 stabilire,
725 1171 758 1206 ut
771 1164 800 1192 in
817 1166 856 1194 eis
864 1165 1062 1204 circumspecti
1073 1166 1252 1205 justiqueJu-

39 1206 106 1241 Vasa.
121 1214 169 1242 43.
193 1204 270 1236 dices
282 1205 408 1242 sedeant,
429 1204 477 1241 qui
491 1202 592 1233 Causas
605 1203 637 1232 &
647 1201 679 1231 N
682 1201 993 1246 egotiaSubditorum,
1011 1203 1169 1235 successuris
1178 1214 1251 1235 tem-

40 1247 73 1270 E·
95 1253 120 1279 3-
194 1244 310 1281 poribus
323 1243 510 1281 emergentia,
527 1241 560 1272 ea
573 1240 739 1271 sinceritate
753 1239 830 1270 Fidei
843 1243 877 1273 ὃς
891 1241 1076 1273 Discretionis
1097 1244 1130 1274 ὅ(
1151 1244 1251 1273 Scien-

42 1290 81 1309 m.
102 1291 125 1309 1.
195 1284 242 1312 tiae
263 1281 428 1312 Maturitate
452 1279 645 1318 pertradient,
674 1287 722 1318 ut,
746 1278 815 1316 justa
838 1279 945 1318 semper
961 1280 1074 1318 Judicia
1106 1282 1250 1319 proferen-

193 1328 252 1358 tes,
281 1320 359 1350 reddi
376 1320 481 1350 faciant
503 1318 617 1348 cuilibet
630 1317 708 1357 quod
722 1317 762 1348 est
783 1317 880 1355 suurn,
901 1319 1150 1349 Animadversione
1170 1320 1250 1350 debi-

195 1359 225 1390 ta
246 1358 430 1397 percellantur
452 1356 559 1395 Noxii,
577 1357 626 1394 &‚
646 1357 762 1387 remotis
780 1355 980 1388 afflietionibus
999 1357 1182 1396 quibussibet,
1201 1358 1251 1388 In-

190 1398 271 1428 noxii
282 1397 466 1428 absolvantur.
1221 1403 1225 1408 ’

226 1435 280 1466 Per
295 1436 358 1466 haec
375 1435 511 1473 siquidem
524 1433 696 1464 cun&orum
711 1432 882 1470 Regnorum
903 1433 937 1464 &
952 1433 1160 1464 Dominiorum
1177 1433 1251 1464 Pro-

189 1475 289 1505 vinciis
302 1482 396 1514 optata
411 1481 574 1511 procuratur
586 1471 780 1510 tranquillitas,
801 1471 856 1509 qua
866 1495 875 1510 ,
892 1481 959 1502 curn
968 1472 1072 1503 celebri
1079 1471 1170 1503 Cultu
1179 1472 1248 1511 Dei,

190 1512 317 1550 Populus
329 1511 514 1543 Succeffione
527 1510 676 1549 multiplici
690 1518 872 1549 propagatur,
891 1509 992 1540 Mores
1007 1512 1145 1542 continue
1162 1512 1251 1541 refor-

191 1559 303 1582 mantur
324 1551 355 1580 in
375 1550 490 1586 melius,
508 1549 541 1579 &
561 1548 715 1578 Facultates
739 1548 769 1577 in
793 1549 912 1588 amplius
935 1550 1158 1588 protenduntur,
1177 1551 1251 1580 unde

191 1589 284 1628 Reges
306 1586 578 1625 Provinciarumque
598 1586 732 1617 Praefides
751 1596 766 1616 a
785 1596 878 1616 rerum
904 1588 1038 1618 omnium
1065 1588 1251 1618 Retributore

190 1626 350 1667 Magnifico
366 1625 592 1657 Misericordiam
607 1626 640 1655 ὃς
654 1624 807 1664 Gloriam,
823 1626 856 1656 ὃς
878 1625 913 1656 ab
934 1636 1037 1656 eorum
1052 1626 1176 1657 Subditis
1194 1626 1253 1657 Ze-

189 1667 250 1697 lum
265 1664 422 1703 fervidum,
442 1663 660 1701 consequuntur.

228 1703 310 1734 Cum
318 1711 427 1740 autem,
445 1702 515 1733 sicut
528 1702 685 1740 credimus,
701 1711 791 1733 nemo
799 1701 1029 1733 Christianorum
1045 1703 1255 1743 ambigatReg-

191 1751 262 1773 num
278 1741 402 1771 Franci-ae
417 1741 450 1771 ad
464 1740 548 1779 Nos,
565 1740 671 1770 nedum
681 1740 750 1778 Jure
757 1740 945 1771 Haereditario
959 1741 1134 1781 devolvitur,
1152 1743 1254 1773 verum

190 1782 276 1811 etiam
288 1790 341 1818 -per
353 1780 476 1818 Pacem,
493 1781 566 1809 inter
586 1779 655 1809 Nos
676 1780 709 1810 &
729 1779 909 1810 Adversarios
929 1779 1040 1810 nostros
1055 1781 1183 1811 Franciae
1197 1783 1254 1820 pri-

191 1819 260 1849 dem
275 1819 390 1856 initam,
413 1829 494 1856 quae,
510 1819 538 1847 in
562 1816 688 1856 ipsorum
706 1816 881 1848 Detestabile
903 1819 1057 1856 perjurium
1077 1819 1202 1858 Culpam
1220 1822 1253 1850 ὃς

189 1858 350 1888 Defe&um
364 1858 526 1893 notorium,
546 1856 626 1886 novit
639 1855 684 1886 ille
697 1857 744 1895 qui
759 1856 845 1885 nichil
864 1857 990 1895 ignorat,
1008 1857 1076 1887 sicut
1096 1858 1129 1888 ὃς
1144 1867 1253 1889 caeterae

189 1896 277 1927 Paces
291 1896 351 1926 aliae
363 1896 481 1926 totaliter
494 1894 697 1932 diffolvuntur,
705 1903 762 1925 tota
774 1895 865 1925 Terra
874 1896 1087 1935 Aequitanniae,
1105 1897 1184 1933 cujus
1192 1907 1252 1927 non

1303 170 1779 213 PUBLICA.

1288 255 1470 293 Sexagesirno
1490 256 1604 295 Nono,
1629 257 1661 288 ὃ(
1685 257 1854 297 Regnorum
1876 259 2040 290 nostrorum
2068 258 2196 290 Franciae
2218 258 2341 290 Tricefi-
2360 257 2433 288 Anii.
2451 259 2491 289 D»

1283 304 1352 333 mo,
1370 295 1404 325 &
1419 295 1531 334 Angliae
1545 295 1767 335 Qadragesimo
1776 297 1868 327 tertio.
2358 306 2414 364 &¹13
2425 307 2464 330 ΐυ.

2402 347 2425 363 U·
2450 345 2474 363 ‘'-

1322 372 1528 400 lilemorandum
1552 371 1627 411 qubd
1647 371 1700 411 ista
1725 375 1825 402 Litera
1846 370 2028 412 Ji¹prafiripta
2050 374 2125 414 miffa
2148 373 2205 413 fuit
2228 376 2343 403 Domino
2448 355 2460 372 ³

1284 410 1402 446 Principi
1421 412 1584 448 Aquitaniae
1603 409 1640 444 όν
1660 409 1769 440 Walliae
1782 433 1794 450 ‚
1819 411 1858 441 ad
1872 409 2042 450 inserendum
2061 417 2169 443 nomina
2188 410 2342 450 Commiffiz-

1283 450 1384 476 riorum
1400 446 1438 481 &
1462 459 1554 478 nomen
1575 452 1717 479 Civitatis.

2271 180 2349 227 167

1513 573 1607 617 Super
1631 570 1836 618 Redemptione
1854 572 1966 606 David
1980 573 2015 606 de
2030 576 2133 624 Bruys.

1288 653 1467 710 WAltei-us
1490 655 1526 685 de
1545 654 1632 694 Bygar
1647 671 1672 699 3]
1687 655 1863 688 Camerarius
1884 657 1980 689 David
2007 659 2043 689 de
2067 659 2152 699 Briiys
2170 660 2206 690 de
2225 659 2338 698 Scotia,
2363 658 2438 689 Arm.
2452 658 2491 689 D.

1308 728 1313 732 ι
1372 693 1457 723 habet
1477 694 1580 723 Literas
1598 694 1685 732 Regis
1703 695 1738 724 de
1754 696 1928 734 Condurstu,
1947 697 2106 736 veniendo,
2125 709 2192 728 cum
2214 698 2342 736 Qiadra-
2384 706 2468 735 1370·

1287 735 1361 764 ginta
1387 730 1536 768 Equiribus
1561 732 1597 762 de
1623 731 1769 763 Comitiva
1792 733 1837 763 sua
1852 757 1861 771 ,
1886 736 1969 772 usque
1989 736 2091 766 Villam
2113 736 2246 767 Berewici
2265 737 2343 772 super
2360 740 2413 763 Aa.
2429 746 2477 773 43-

1286 766 1445 807 Twedam,
1464 771 1508 800 vel
1531 771 1595 800 alibi
1617 772 1688 800 infra
1711 770 1847 809 Regnum
1863 772 1989 810 Angliae,
2008 783 2060 810 pro
2076 775 2208 812 Qiatuor
2226 774 2344 805 Milibus
2363 779 2394 802 E.
2417 784 2441 810 3·

1287 803 1472 849 Marcarum,
1488 807 1581 846 Regi,
1600 818 1653 845 pro
1676 807 1887 846 Redemptione
1908 812 1987 847 ipsius
2005 811 2116 850 David,
2133 813 2262 851 Debitis,
2281 813 2344 842 Sol·
2363 817 2429 839 Scor.
2446 821 2496 848 43-

1285 844 1401 882 vendis,
1418 846 1502 883 usque
1515 847 1548 876 ad
1563 848 1685 885 primum
1701 848 1778 878 diem
1795 847 1868 877 Maii
1883 851 2013 887 proximo
2029 849 2155 880 futurum
2170 851 2318 882 duraturas.
2362 855 2392 878 Ε.
2416 860 2441 886 3·

1324 881 1414 926 Teste
1436 883 1518 923 Rege
1536 885 1610 922 apud
1632 885 1919 916 NVestmonasterium
1933 909 1943 925 ,
1969 888 2083 918 decimo
2104 889 2211 921 octavo
2230 890 2275 920 die
2294 888 2341 927 Ja-
2363 898 2400 916 m-
2417 897 2441 918 1·

1287 930 1385 951 nuarii.

1742 964 1795 992 Per
1810 961 1893 1002 ipsitm
1913 966 2009 1002 Regem
2027 963 2065 1000 &
2085 964 2238 995 Concilium.

1601 1091 1695 1134 Super
1720 1087 1801 1121 dista
1821 1087 2037 1136 Redemptione.

1290 1172 1370 1233 LE
1387 1172 1447 1203 Roi
1467 1184 1500 1211 a,
1518 1172 1613 1204 nostre
1632 1173 1698 1204 bien
1719 1173 1812 1211 Arne,
1828 1173 1959 1204 William
1979 1174 2112 1214 Beaufay,
2131 1175 2224 1207 Saluz.
2368 1175 2495 1206 Ann.D.

1363 1211 1519 1243 Confiantz
1541 1223 1575 1243 au
1602 1212 1678 1256 plein
1701 1213 1738 1243 de
1762 1221 1821 1256 vop
1843 1212 1923 1250 Seii,
1950 1213 2059 1244 Loialte
2076 1237 2085 1251 ,
2110 1214 2143 1244 &
2169 1214 2348 1253 Discretion,
2388 1222 2472 1251 1370.

1290 1262 1360 1281 vous
1378 1251 1503 1281 Donons
1522 1251 1672 1281 Aue‘mnte
1687 1274 1696 1288 ,
1723 1250 1896 1318 Ιῗοίίὶαηςεῤ
1915 1251 1949 1318 &sc
1973 1250 2161 1283 Mandemenr
2180 1254 2294 1298 especial
2311 1253 2347 1285 de
2367 1256 2420 1280 Aa.
2435 1263 2482 1289 43-

1288 1289 1854 1366 {3-55‘53‘31353535953223:¹35&
1865 1299 1988 1372 νῖἷίἒὲξ
2006 1290 2350 1369 έὲὶέῗνῖιὲῗυὲιῗῗὲὲιὲἶ
2366 1295 2430 1357 ῗῐῑί

1288 1377 1341 1405 pur
1364 1366 1451 1397 Nous
1474 1368 1507 1398 δε
1529 1377 1565 1397 en
1581 1365 1679 1397 nostre
1692 1366 1795 1405 Nom,
1815 1367 1926 1405 Qatre
1940 1365 2035 1397 Milles
2050 1368 2155 1398 Marcz
2167 1367 2347 1408 d’Esterlings
2369 1375 2395 1396 1·

1289 1406 1325 1435 de
1338 1404 1431 1435 nostre
1448 1405 1572 1436 Monoie
1584 1405 1790 1444 d'Engleterre,
1807 1415 1846 1435 ou
1860 1404 1904 1434 Or
1919 1414 1958 1434 ou
1976 1405 2081 1448 Argent
2095 1417 2110 1436 a
2125 1407 2148 1436 la
2162 1407 2258 1446 value,

1328 1443 1346 1461 ²*
1364 1443 1417 1473 Les
1438 1444 1557 1482 quelles,
1575 1443 1672 1473 nostre
1693 1445 1777 1474 chere
1798 1444 1894 1480 Frere,
1915 1442 2009 1473 David
2030 1445 2066 1474 de
2088 1444 2173 1485 Bruys
2196 1456 2267 1476 nous
2289 1444 2349 1476 doit
2369 1455 2383 1471 *t
2406 1455 2459 1483 VI,

1288 1482 1378 1520 paier,
1396 1492 1411 1511 a
1430 1482 1506 1512 ceste
1524 1482 1658 1518 prochein
1679 1482 1760 1512 Feste
1781 1483 1817 1512 de
1836 1483 1861 1512 la
1880 1480 2115 1521 Chaundeleure,
2139 1485 2277 1522 prochein
2299 1494 2349 1514 ve·
2368 1491 2434 1528 648,

1290 1530 1357 1550 nant
1372 1543 1382 1556 ,
1407 1531 1443 1550 en
1465 1519 1650 1557 Dedufflon,
1675 1519 1803 1559 Rebate,
1828 1521 1861 1550 δε
1883 1519 1975 1550 Partie
1996 1520 2031 1550 de
2051 1521 2196 1551 Palement
2221 1523 2257 1552 de
2272 1521 2349 1553 Cent

1292 1558 1388 1589 Milies
1408 1558 1507 1589 Livres
1525 1559 1561 1588 de
1576 1558 1725 1589 semblable
1741 1558 1883 1600 Monoie,
1900 1568 1935 1588 en
1950 1559 1988 1588 les
2003 1559 2100 1603 queles
2112 1559 2208 1589 nostre
2223 1561 2264 1591 dit
2282 1561 2303 1590 F
2305 1570 2350 1590 re-

1291 1607 1339 1635 re,
1356 1598 1390 1628 &
1412 1606 1501 1627 autres
1522 1607 1572 1636 pur
1597 1598 1660 1641 luy,
1678 1597 1847 1666 Nousdioig
1860 1596 1967 1640 Tenuz
1980 1597 2015 1666 gc:
2033 1597 2174 1636 ObligeZ,
2192 1608 2206 1627 a
2221 1599 2300 1642 cause
2314 1599 2350 1629 de

1289 1635 1820 1719 {iffifflnffinstffissfiffssvfflffssmeit
1839 1638 1964 1712 ἔέἕῧῗᾷὲ
1983 1684 2020 1703 en
2037 1645 2086 1705 ¹1³3}
2100 1645 2210 1704 1²:¹33&
2219 1646 2354 1714 Cgfflggff

1326 1724 1368 1743 lrS.

1292 1723 1409 1782 toDon.
1424 1761 1472 1791 par
1485 1750 1715 1789 Tesmoignance
1725 1750 1761 1782 de
1775 1750 1874 1782 nostre
1890 1750 1984 1781 Grant
2000 1750 2061 1782 Seal
2074 1761 2088 1781 a
2102 1750 2196 1781 nostre
2212 1750 2306 1790 Palays
2319 1750 2354 1782 de

1293 1790 1420 1821 Westm.
1435 1790 1461 1820 le
1474 1799 1509 1820 xx
1524 1792 1586 1829 jour
1600 1791 1635 1821 de
1647 1790 1761 1828 Januer.

1814 1868 1868 1897 Per
1881 1864 1963 1905 ipſsmt
1980 1868 2083 1904 Regem.

191 1934 308 1965 modica
321 1944 381 1972 pars
396 1944 444 1972 per
459 1933 564 1976 Pacem
577 1933 753 1976 hujusmodi,
773 1934 842 1964 sicut
855 1933 959 1978 justum
974 1934 1077 1972 suerat,
1095 1935 1194 1965 Nobis
1206 1945 1256 1965 ex-
1301 1945 1306 1948 ·

193 1973 250 2004 titit
274 1972 411 2011 restituta,
430 1981 498 2002 cum
519 1972 683 2003 immediato
710 1981 768 2009 ejus
792 1971 938 2003 Dominio
946 1995 957 2011 ,
982 1972 1200 2012 Superioritate,
1219 1976 1253 2005 ὃ(

192 2011 329 2050 Reserto,
347 2012 500 2049 pertineat,

231 2049 425 2081 Desiderantes
433 2048 592 2080 medullitus
602 2047 746 2085 Populum
761 2047 890 2079 nostrum
906 2048 1031 2080 Partium
1047 2050 1208 2081 earumdem
1224 2052 1253 2082 in

192 2087 277 2119 Pacis
288 2089 369 2119 bono
381 2088 497 2125 fovere,
514 2088 547 2118 &
569 2098 585 2117 a
601 2087 825 2129 quibuscumque
846 2087 1065 2119 Gravaminibus
1088 2090 1121 2120 &
1142 2089 1177 2120 N
1180 2091 1255 2129 oxis,

194 2135 280 2166 prout
293 2127 377 2157 nobis
392 2126 520 2165 poffibile
534 2126 638 2163 fuerit,
654 2128 818 2162 praeservare
827 2149 837 2164 ,

231 2165 277 2196 Ac
294 2165 418 2196 volentes
432 2165 663 2203 Superioritatem
686 2164 719 2194 &
743 2164 897 2195 Resortum
916 2165 1092 2204 hujusmodi,
1110 2167 1140 2196 in
1158 2166 1254 2205 ‚Terra

192 2203 290 2234 nostra
302 2204 494 2243 Acquitaniae,
510 2211 594 2240 prout
606 2201 640 2232 ad
654 2201 723 2232 Nos
737 2202 828 2233 Pleno
837 2203 906 2242 Jure
918 2205 1053 2242 pertinet,
1071 2215 1235 2244 excercere,

227 2242 433 2280 Superioritatis
445 2242 478 2273 ὅς
492 2241 606 2272 Resorti
622 2240 778 2278 hujusmodi
792 2241 1001 2280 Excercitium,
1020 2253 1050 2273 ut
1065 2243 1253 2275 Subditorutn

189 2281 353 2312 nostrorum
367 2281 487 2320 ipsarum
500 2279 628 2311 Partium
643 2279 803 2311 Laboribus
818 2291 962 2318 parcamus
975 2281 1033 2312 Dis
1028 2281 1133 2319 pendiis
1147 2284 1180 2314 &
1196 2283 1254 2313 Ex-

48 2333 69 2354 *
85 2335 126 2364 VI
216 2319 288 2350 ensis
300 2342 310 2358 ,
330 2320 405 2359 apud
428 2318 552 2357 Regiam
575 2318 729 2349 Civitatem
753 2318 878 2350 nostram
902 2319 1152 2359 Xandionensern,
1168 2321 1217 2351 ubi
1234 2322 1253 2341 ἧς

48 2374 66 2400 6
67 2382 115 2409 47·
129 2357 138 2366 “
194 2330 357 2389 §mitorum
374 2360 407 2390 δε
422 2357 598 2389 Victualium
609 2356 753 2388 habundat
767 2359 868 2397 copia,
882 2368 935 2397 pro
956 2358 1054 2390 nostro
1077 2360 1255 2400 beneplacito

195 2397 374 2436 providimus
388 2395 598 2435 Statuendum3

232 2435 365 2466 Volentes
386 2436 420 2466 δε
434 2434 606 2466 Ordinantes
620 2442 651 2465 ut
666 2434 767 2472 singuli
784 2435 874 2466 nostri
891 2436 1022 2475 Subditi,
1039 2438 1069 2468 in
1083 2438 1255 2477 quibussibet

193 2474 398 2512 Superioritatis
419 2474 453 2505 &
474 2473 587 2504 Resorti
606 2472 722 2504 Casibus
771 2474 805 2504 ad
826 2473 984 2505 Civitatem
1005 2475 1132 2507 nostram
1153 2477 1254 2514 praedi-

193 2513 273 2543 <stam
290 2512 385 2543 secure
404 2512 437 2543 &
456 2512 591 2551 pacifice,
608 2512 714 2543 sublato
736 2496 949 2553 impedimento
963 2524 1164 2552 quocumque,
1182 2525 1255 2546 con-

192 2550 280 2581 fluant
295 2551 328 2581 &
347 2559 509 2589 recurrant,
528 2551 657 2589 quotiens
675 2552 712 2580 eis
731 2552 764 2582 &
781 2561 879 2582 eorum
898 2553 1015 2583 cuilibet
1033 2553 1116 2584 fuerit
1134 2563 1254 2593 oportu-

192 2599 264 2620 num
279 2611 289 2626 ‚
313 2589 419 2619 ibidem
447 2589 549 2627 (dante
570 2589 721 2626 Domino)
743 2590 778 2620 de
797 2591 933 2621 omnibus
951 2601 1052 2621 eorum
1071 2591 1255 2623 Gravamini-

194 2628 248 2659 bus
267 2627 422 2659 Rationem
438 2627 560 2658 celerem
578 2629 611 2659 ὃς
628 2627 769 2666 Justitiam
789 2629 925 2667 adepturi.

230 2666 295 2696 Nos
316 2667 415 2705 igitur,
433 2666 468 2697 de
488 2666 583 2697 vestris
602 2666 673 2697 Fide
693 2666 802 2706 stabili,
819 2667 1102 2706 Circumspeffione,
1121 2669 1154 2699 &
1170 2668 1257 2699 Indu-

195 2704 261 2735 stria
282 2705 474 2743 multipliciter
493 2705 683 2743 considentes,
699 2716 732 2736 ac
745 2705 882 2743 sperantes
898 2707 1016 2738 indubie
1031 2708 1111 2748 quod
1127 2718 1174 2745 ea,
1191 2718 1254 2746 quae

195 2743 280 2773 vobis
299 2752 355 2773 tam
373 2743 535 2773 fiducialiter
554 2752 668 2783 tamque
686 2744 824 2774 sinceriter
842 2745 1007 2784 exequenda
1026 2747 1258 2784 Committimus,

195 2781 353 2825 purioribus
373 2780 441 2812 Fide
457 2782 490 2812 &
509 2780 700 2821 Constantia,
718 2782 753 2813 ad
771 2783 909 2815 estensium
926 2784 1152 2814 accommodum
1170 2783 1260 2815 dedu-

196 2827 267 2851 cetis

235 2841 296 2888 Vo's
315 2866 418 2888 omnes
439 2857 519 2888 fimul
533 2881 542 2896 ,
567 2858 601 2889 &
619 2857 746 2888 vestrum
767 2860 923 2897 quemlibet
940 2860 1103 2899 separatim,
1121 2862 1185 2891 vice
1205 2871 1260 2891 no-

198 2895 278 2934 stra,
311 2896 514 2935 Superioritatis
536 2896 569 2927 ὃς
598 2896 709 2927 Resorti
731 2896 845 2934 Judices
872 2899 901 2928 in
922 2899 1021 2929 eadem
1047 2899 1139 2930 Terra
1165 2899 1260 2932 nostra

197 2933 425 2972 Constituimus,
443 2935 634 2973 Deputamus,
653 2935 797 2973 Facimus,
815 2937 848 2967 &
866 2936 1019 2975 Creamus,

234 2973 342 3004 Dantes
361 2974 393 3004 &
413 2972 615 3004 Concedentes
634 2972 727 3004 Vobis
742 2998 752 3011 ,
779 2975 812 3004 &
830 2974 958 3006 vestrum
976 2976 1092 3007 cuilibet
1108 2999 1118 3014 ,
1146 2976 1259 3014 plenam

198 3012 232 3042 &
250 3012 367 3043 liberam
387 3011 577 3050 Potestatem,
603 3012 830 3052 Auctoritatem,
848 3015 882 3045 &
901 3013 1073 3045 Mandatum
1092 3016 1208 3052 speciale
1229 3017 1259 3046 in

197 3051 232 3081 &
253 3051 290 3081 de
312 3051 446 3081 omnibus
472 3051 505 3081 &
532 3050 647 3088 singulis
671 3051 902 3090 Appellationum
930 3052 1025 3084 Causis
1049 3054 1083 3084 &
1103 3053 1259 3092 Negotiis,

199 3091 258 3118 tam
279 3088 530 3126 Criminabilibus,
548 3091 636 3127 quam
657 3088 811 3127 Civilibus,
837 3101 852 3121 a
869 3091 972 3130 Curia,
991 3092 1124 3122 carissimi
1144 3093 1259 3123 Primo-

220 3128 287 3158 eniti
306 3127 411 3166 nostri,
426 3128 565 3166 Principis
584 3128 783 3167 Aquitanniae,
800 3130 848 3167 qui
868 3130 989 3160 eandem
1003 3130 1126 3161 Terram
1139 3131 1175 3161 de
1188 3131 1222 3161 N
1225 3142 1259 3161 o-

223 3166 244 3195 is
265 3174 340 3195 tenet
355 3188 365 3203 ,
385 3166 440 3202 iam
462 3165 582 3205 emiffis,
604 3175 650 3197 aut
672 3166 862 3205 imposterum
885 3169 1060 3207 emittendis,
1086 3171 1119 3201 &
1138 3170 1257 3208 ipsarum

200 3203 432 3242 Appellationum
451 3205 572 3242 meritis,
589 3214 622 3235 ae
642 3205 698 3235 aliis
718 3206 942 3245 quibuscumque
956 3207 1110 3247 Negotiis,
1129 3210 1162 3240 &
1178 3207 1256 3239 Cau-

199 3241 249 3279 sis,
266 3242 396 3284 realibus,
416 3241 618 3280 personalibus,
637 3243 692 3273 sive
709 3245 818 3283 mixtis,
837 3246 1038 3284 cujuscumque
1052 3248 1134 3276 etiam
1149 3247 1259 3278 alterius

200 3289 307 3310 naturae
328 3280 430 3310 fuerint
440 3288 486 3310 aut
501 3279 559 3310 dici
573 3290 723 3320 poterunt,
740 3282 971 3322 superioritatem
985 3286 1018 3316 &
1034 3285 1188 3316 Resortum
1204 3286 1259 3316 hu-

196 3317 317 3386 jusmogi
338 3317 515 3387 tgngentibus
529 3341 539 3356 ,
560 3327 608 3357 per
629 3329 679 3350 vos
692 3342 702 3357 ,
724 3320 828 3360 alium,
849 3322 894 3353 seu
915 3322 998 3361 alios,
1016 3323 1206 3363 cognoscendi
1224 3326 1258 3356 ὃς

224 3366 289 3386 roce
309 3366 344 3386 en
366 3367 373 3385 i

201 3366 222 3396 p
238 3394 344 3432 Easque
363 3379 520 3425 sdcundum
541 3394 631 3434 Leges
646 3419 655 3434 ,
685 3396 774 3426 Foros
789 3418 799 3435 ,
830 3397 863 3428 &
887 3397 1112 3430 Consuetudines
1138 3401 1258 3439 ipfiirum

199 3431 327 3462 Partium
340 3433 526 3471 terminandi,
540 3435 574 3465 &
589 3434 685 3464 debite
697 3434 866 3466 Executioni
878 3435 1081 3477 demandandi,

239 3470 331 3514 Salvas
355 3470 472 3502 Gardias
495 3472 541 3515 &⁵
555 3471 751 3511 Gardiatores,
777 3482 829 3512 pro
854 3473 1068 3514 Appellantibus
1091 3476 1254 3514 hujusmodi

202 3508 260 3539 dari
279 3509 443 3547 consuetos,
460 3509 544 3540 dandi
561 3512 595 3542 &
613 3512 806 3550 concedendi,

240 3547 287 3578 Ac
305 3548 403 3577 omnia
421 3548 470 3578 alia
488 3548 521 3578 &
541 3548 643 3587 singula
661 3550 798 3588 faciendi,
823 3552 1004 3590 excercendi‚
1031 3553 1065 3583 &
1083 3554 1260 3592 exequendi,

201 3595 266 3625 quae
279 3587 309 3616 in
324 3585 491 3624 Praemiffis,
507 3594 555 3616 aut
565 3589 641 3618 circa
654 3598 702 3626 ea,
719 3589 794 3619 utilia
806 3589 925 3628 fuerint,
940 3590 1099 3627 necessaria,
1114 3592 1158 3621 vel
1173 3602 1261 3630 opor-

201 3632 287 3693 guna,
306 3625 340 3656 &
358 3633 423 3662 quae
443 3623 566 3654 Nosmet
580 3626 629 3663 ipsi
651 3625 803 3658 faceremus
825 3628 845 3658 si
863 3626 1040 3667 personaliter
1062 3629 1185 3660 esseinus
1207 3632 1261 3662 ibi-

223 3673 278 3693 ern.

238 3700 410 3733 Mandamus
432 3701 541 3741 insuper
565 3702 659 3732 eidem
684 3702 881 3742 Primogenito
898 3706 998 3736 nostro
1012 3729 1022 3744 ,
1047 3705 1174 3744 Principi
1189 3729 1199 3745 ,
1224 3708 1259 3738 ὃς

201 3740 425 3779 quibuscumque
443 3741 500 3777 ejus
515 3739 692 3777 Senescallis,
712 3741 909 3781 Officialibus,
925 3742 1133 3781 servientibus,
1151 3746 1184 3775 &
1199 3745 1259 3776 Mi-

200 3778 308 3817 nistris,
324 3789 358 3810 ac
379 3779 435 3809 aliis
448 3779 581 3809 omnibus
594 3778 735 3809 Fidelibus
746 3780 845 3810 nostris
856 3781 982 3811 Partium
996 3782 1175 3821 earumdem,
1189 3794 1257 3822 qua-

202 3816 290 3853 tinus,
307 3818 338 3847 in
360 3816 511 3847 Praemiffis
529 3817 664 3847 omnibus
682 3818 715 3848 &
732 3818 842 3857 singulis
854 3819 1005 3858 faciendis,
1020 3821 1206 3859 exequendis,
1222 3824 1256 3853 ὃς

200 3852 351 3886 efficaciter
367 3854 569 3893 adimplendis,
587 3854 697 3893 Vobis,
713 3856 747 3886 &
769 3856 866 3887 vestris
885 3856 1033 3897 Deputatis
1046 3882 1055 3896 ,
1079 3857 1255 3891 Commissa-

200 3891 261 3929 riis,
273 3893 306 3923 ὃ(
321 3892 475 3932 Ministris,
512 3893 745 3934 uotienscumque
758 3904 830 3933 opus
843 3895 942 3934 fuerit,
954 3896 1099 3928 Obediant
1107 3920 1116 3936 ,
1129 3897 1257 3939 Pareant,

198 3928 350 3961 efficaciter
363 3932 397 3962 δε
411 3931 493 3963 Inten
514 3941 577 3971 ant,

231 3967 364 3999 Praesenti
386 3969 598 4002 Commiffione
619 3969 716 4003 nostra
736 3969 853 4003 valitura
872 3971 1016 4004 dumtaxat
1030 3974 1175 4013 quousque
1188 3985 1253 4007 eam

195 4005 231 4038 ad
245 4005 313 4036 Nos
325 4007 484 4040 duxerimus
499 4009 697 4040 revocandam.

216 4083 221 4089 .
234 4043 350 4088 Dat..in
363 4045 451 4089 Turri
465 4047 558 4078 nostra
572 4048 705 4078 London.
720 4047 770 4078 sub
786 4047 889 4087 Magni
904 4049 992 4089 Sigilli
1005 4050 1250 4082 nostriTestimo-

192 4092 257 4121 nio,
274 4091 364 4123 prima
378 4083 425 4115 die
432 4083 573 4124 Januarii,
592 4097 669 4119 anno
682 4086 806 4118 Domini
822 4087 998 4127 Millesimo,
1011 4089 1249 4126 Trescentefimo,

1420 1994 1479 2023 Pro
1499 1990 1673 2024 Domicellis
1687 1988 1842 2037 Philippa,
1864 2000 1956 2036 nuper
1974 1991 2087 2036 Reginae
2103 1989 2231 2035 Angliae.

2375 2086 2452 2119 Ann.
2462 2086 2504 2118 D.

1293 2156 1364 2185 vitio
1382 2154 1477 2193 quod,
1501 2153 1604 2184 diled‘m
1623 2152 1738 2190 Nobis,
1756 2153 1848 2183 Alicia
1865 2152 1901 2182 de
1921 2152 2061 2190 Preston,
2079 2162 2170 2191 nuper
2191 2151 2355 2184 Domicella
2372 2135 2489 2203 „3753-

1292 2193 1446 2233 Philippae,
1470 2202 1559 2232 nuper
1577 2192 1699 2236 Reginae
1710 2192 1846 2236 .A¹¹g¹iae.>
1862 2189 2009 2221 Consortis
2026 2190 2148 2234 nostrae,
2162 2191 2254 2222 eidem
2273 2190 2355 2222 Con·
2373 2208 2404 2231 E.
2424 2214 2449 2241 3,

1292 2234 1358 2263 sorti
1376 2232 1498 2276 nostrae,
1516 2231 1591 2274 dum,
1606 2231 1694 2275 Vixit,
1708 2229 1863 2274 impendit,
1883 2227 2084 2273 Conceslimus
2098 2239 2125 2258 ei
2139 2229 2256 2261 Decem
2274 2229 2356 2261 Mar-
2372 2246 2429 2271 pat·
2443 2252 2491 2279 43·

1293 2282 1354 2310 cas,
1372 2270 1560 2310 percipiendas
1574 2269 1685 2308 lingulis
1704 2269 1809 2307 Annis,
1825 2268 1859 2298 ad
1878 2266 2218 2312 Scaccariumnnostrum,
2235 2268 2269 2298 ad
2280 2269 2356 2299 Ter·
2374 2285 2405 2308 Ε,
2448 2303 2453 2309 .

1294 2311 1389 2340 minos
1410 2308 1525 2377 Pisds'ae
1539 2309 1573 2338 &
1585 2308 1680 2338 SanCti
1693 2306 1860 2345 Michaelis,
1879 2306 1914 2337 ad
1930 2315 2020 2337 totam
2033 2305 2130 2336 Vitam
2143 2307 2226 2346 ipsius
2240 2306 2358 2347 Aliciae,
2372 2326 2398 2357 P,
2420 2290 2446 2348 ²3
2469 2321 2510 2355 m,

1293 2359 1344 2389 per
1359 2357 1437 2391 aequa
1449 2357 1477 2377 es
1514 2356 1647 2377 ortiones.
2380 2366 2406 2386 ι.

1331 2386 1461 2456 In'fpgtug
1470 2386 1557 2464 Rficgi:
1565 2423 1637 2463 apud
1653 2421 1943 2454 westmonasterium
1953 2446 1964 2462 ,
1980 2421 2116 2454 vicesimo
2129 2421 2175 2453 die
2186 2423 2320 2462 Januarii.

1297 2077 1430 2146 REXS
1440 2076 1583 2124 Omnibus
1591 2075 1633 2144 Sd
1649 2085 1736 2145 ἕως,
1754 2076 1814 2106 &c.
1833 2074 1968 2144 Siatlutesm.
1987 2114 1992 2119 ⁸
2011 2113 2029 2143 fi
2065 2113 2099 2145 &
2193 2114 2233 2144 bo
2292 2113 2312 2145 S

1432 2125 1510 2146 ciatis
1528 2125 1588 2154 quo
1615 2138 1625 2153 ,
1670 2125 1685 2144 e
1703 2123 1790 2154 gratia
1805 2124 1845 2144 no
1873 2124 1900 2144 ra
1931 2123 2009 2151 pecia
2037 2137 2047 2151 ,
2117 2123 2170 2151 pro
2234 2124 2274 2145 no
2314 2123 2355 2145 er-

1790 2502 1843 2530 Per
1858 2502 1952 2529 Breve
1969 2500 2000 2529 de
2020 2501 2139 2529 Privato
2156 2499 2255 2539 Sigillo.

1296 2579 1464 2611 Confimiles
1484 2578 1592 2608 Literas
1607 2577 1694 2615 Regis
1707 2577 1812 2607 habent
1825 2576 2001 2615 subscriptae,
2019 2586 2110 2614 nuper
2126 2575 2300 2607 Domicellae
2316 2577 2360 2614 ip-v

1334 2619 1386 2648 sius
1407 2617 1530 2657 Reginae
1544 2641 1552 2655 ,
1584 2617 1619 2647 de
1642 2616 1769 2646 Summis
1792 2615 1948 2660 subscriptis
1962 2639 1982 2658 ,⁴
2000 2614 2035 2645 ad
2056 2614 2237 2646 scaccarium
2258 2615 2357 2659 praedi-

1332 2658 1434 2725 {lissei
1448 2656 1481 2687 ad
1500 2665 1589 2687 totam
1607 2654 1703 2686 Vitam
1716 2654 1793 2685 suam
1808 2654 2012 2694 percipiendis,
2029 2653 2079 2684 sub
2093 2654 2192 2685 eadem
2204 2653 2299 2691 Data,
2316 2663 2359 2683 vi-

1442 2718 1452 2733 ²

1334 2770 1457 2808 Matillir
1469 2768 1575 2807 Fifher,
1592 2769 1627 2800 de
1643 2769 1759 2800 Decem
1774 2768 1880 2799 Marcis
1896 2778 1944 2810 per
1960 2767 2088 2799 Annum.

1333 2809 1469 2848 Johanna
1489 2808 1609 2845 Kauley,
1626 2809 1661 2838 de
1684 2808 1798 2838 Decem
1817 2806 1925 2837 Marcis
1942 2817 1991 2844 per
2010 2808 2139 2838 Annum.

1334 2848 1488 2878 Elizabeth
1509 2846 1649 2884 Pershore,
1668 2847 1705 2876 de
1725 2847 1838 2876 Decem
1859 2845 1965 2875 Marcis
1983 2855 2032 2884 per
2052 2845 2180 2875 Annum.

1331 2886 1467 2925 Johanna
1486 2887 1597 2926 Coufin,
1615 2885 1650 2914 de
1668 2884 1799 2914 Centum
1818 2884 1918 2913 Solidis
1936 2894 1985 2923 per
2005 2884 2136 2913 Annum.

1332 2925 1423 2964 Philip
1440 2938 1457 2954 a
1477 2924 1594 2964 Pycard,
1610 2923 1644 2953 de
1663 2922 1790 2953 Centum
1809 2921 1976 2964 Solidisnper
1995 2922 2124 2952 Annum.

1333 2967 1416 3001 Agat
1436 2977 1453 2993 a
1472 2967 1616 3001 Lyngeyn,
1632 2962 1667 2992 de
1686 2961 1816 2991 Centum
1834 2960 1936 2990 Solidis
1954 2969 2002 2997 per
2021 2960 2149 2990 Annum.

1330 3002 1454 3032 Matillis
1469 2998 1641 3042 Radesc'roft,
1659 3001 1696 3031 de
1715 3000 1856 3037 Quinque
1876 2998 1983 3028 Marcis
1999 3008 2048 3036 per
2069 2998 2198 3028 Annum.

1331 3043 1427 3078 Agnes
1444 3041 1477 3070 de
1493 3039 1622 3078 Saxilby,
1639 3038 1674 3069 de
1695 3038 1833 3077 Qinque
1850 3036 1958 3067 Marcis
1974 3046 2023 3076 per
2045 3037 2174 3068 Annum.

1517 3164 1734 3210 Aequittantia
1757 3171 1812 3207 pro
1834 3159 1947 3194 David
1969 3159 2004 3193 de
2029 3161 2131 3210 Brtqs.

1349 3250 1374 3281 E
1393 3251 1452 3282 Roi
1472 3260 1488 3280 a
1508 3257 1578 3280 touz
1597 3256 1685 3286 ceux,
1700 3247 1729 3287 qi
1750 3245 1838 3277 cestes
1859 3246 1968 3277 Lettres
1981 3254 2094 3276 verront
2108 3255 2148 3276 ou
2160 3253 2276 3283 orront‚
2297 3243 2347 3275 Sa-
2374 3254 2450 3285 Arm,
2465 3256 2509 3286 D:

1366 3290 1421 3319 lUZ.
2398 3303 2412 3324 Ι
2454 3301 2484 3325 0·

1328 3327 1428 3359 Savoir
1445 3337 1515 3357 vous
1532 3325 1631 3356 faisons
1647 3334 1701 3362 que
1714 3323 1801 3354 Nous
1817 3333 1905 3353 avons
1917 3333 1952 3353 en
1968 3323 2113 3359 Acompte
2126 3322 2159 3353 &
2174 3321 2285 3352 Reiceu
2298 3321 2352 3360 de,
2371 3302 2488 3369 &3344-

1293 3365 1390 3397 nostre
1406 3367 1489 3397 chere
1513 3365 1612 3401 Frere,
1630 3362 1726 3393 David
1746 3362 1782 3392 de
1798 3361 1900 3401 Bruys,
1918 3362 1950 3392 δε
1966 3361 1990 3391 sa
2004 3360 2111 3398 Partie,
2131 3360 2242 3398 Qatre
2257 3359 2353 3391 Milies
2373 3375 2402 3397 E.
2423 3380 2448 3407 3·

1295 3404 1391 3435 Marcs
1413 3403 1591 3441 d'Esterlings
1609 3401 1645 3431 de
1662 3400 1759 3444 nostre
1783 3399 1907 3430 Monoie
1926 3399 2133 3437 d'Engleterre,
2151 3408 2203 3437 pur
2216 3398 2275 3429 cest
2287 3408 2353 3443 pre·
2372 3413 2438 3436 Scor.
2455 3412 2506 3445 443

1294 3444 1353 3473 sent
1375 3443 1484 3474 Terme
1507 3442 1542 3472 de
1562 3443 1586 3471 la
1607 3439 1787 3469 Purification
1811 3439 1846 3468 de
1867 3436 1963 3467 nostre
1983 3436 2095 3475 Darne,
2113 3446 2148 3466 en
2166 3435 2351 3476 Dedudtion,
2370 3450 2402 3475 Β,
2423 3456 2449 3484 3,

1295 3481 1407 3520 Rebat,
1425 3483 1458 3512 &
1480 3480 1571 3510 Partie
1593 3478 1628 3508 de
1642 3477 1788 3515 Cinquant
1802 3478 1835 3508 &
1851 3476 1894 3505 Sis
1907 3474 1971 3505 Mill
1990 3474 2086 3518 Mares
2100 3473 2296 3516 d’Esterlings,
2314 3476 2352 3507 les
2369 3495 2406 3514 m,
2423 3494 2453 3521 5,

1294 3520 1386 3558 queles
1406 3519 1501 3550 nostre
1519 3518 1559 3547 dit
1580 3517 1663 3547 Frere
1683 3526 1756 3546 nous
1778 3525 1793 3545 a
1810 3513 1923 3544 Acorde
1939 3514 1971 3543 &
1986 3512 2097 3542 Promis
2112 3522 2126 3543 a
2140 3514 2231 3553 paier,
2250 3524 2298 3554 par
2311 3515 2350 3546 ses
2450 3518 2454 3521 ’

1295 3559 1406 3594 Lettres
1419 3557 1608 3596 Obligatoirs,
1622 3565 1637 3585 a
1657 3554 1734 3585 cause
1747 3553 1783 3583 de
1796 3552 1821 3583 la
1836 3551 1924 3595 Reste
1936 3552 1972 3582 de
1985 3551 2011 3581 sa
2025 3551 2204 3591 Raunceon,

1332 3597 1381 3628 De
1401 3596 1425 3626 la
1460 3597 1520 3626 uele
1534 3594 1651 3624 Somme
1667 3593 1704 3623 de
1718 3592 1827 3630 Qatre
1841 3589 1936 3620 Milies
1950 3588 2049 3620 Mares
2063 3589 2150 3621 Nous
2165 3601 2237 3622 nous
2250 3599 2352 3623 tenons

1296 3646 1349 3675 pur
1363 3636 1428 3666 bien
1472 3641 1591 3664 ontcntz
1604 3633 1636 3662 &
1651 3632 1749 3669 paiez,
2132 3668 2136 3673 ⁵

1334 3674 1371 3705 Et
1393 3683 1427 3703 en
1451 3673 1593 3711 Qitons,
1611 3670 1782 3706 Deliurons,
1800 3668 1833 3699 &
1846 3665 1988 3697 Absolons
2001 3665 2095 3697 nostre
2108 3667 2150 3698 dit
2165 3666 2250 3698 Frere
2263 3667 2298 3699 &
2308 3667 2348 3699 ses

1395 3722 1408 3740 a
1475 3721 1493 3740 z
1513 3719 1579 3739 ours

1295 3710 1482 3781 Higzsfaifgrus
1495 3720 1613 3778 Il³affio³n
1626 3746 1659 3776 δε
1675 3744 1850 3775 Covenance
1863 3742 1987 3782 expresse
2000 3742 2036 3773 de
2046 3743 2175 3781 jammais
2187 3742 2352 3776 Demander

1294 3799 1309 3818 a
1325 3789 1381 3819 Lui
1390 3811 1400 3826 ,
1415 3798 1450 3818 ne
1465 3798 1479 3817 a
1493 3788 1530 3816 ses
1543 3785 1642 3823 Heirs,
1658 3793 1694 3814 en
1705 3783 1874 3822 Jugemenr,
1891 3792 1928 3824 ne
1941 3781 2059 3819 dehors,
2075 3781 2097 3811 la
2110 3782 2166 3812 dite
2181 3782 2302 3814 Somme
2314 3784 2351 3816 de

1331 3836 1404 3857 uatre
1422 3825 1487 3855 Mill
1504 3823 1618 3861 Mares,
1633 3832 1668 3861 qe
1682 3823 1761 3860 paiez
1774 3831 1845 3851 nous
1858 3819 1892 3850 ad
1910 3823 2014 3850 licome
2027 3819 2118 3850 deffus
2132 3819 2173 3850 est
2185 3821 2234 3852 dit.

1292 3827 1719 3936 dQIXDBtlgnstparngsmoiffinangle
1729 3860 1770 3930 ἐξ
1780 3857 1996 3930 ἒὲἶίέξὲῐῢῑειπ
2018 3857 2096 3896 Seal,
2113 3869 2129 3890 a
2148 3859 2241 3892 nostre
2264 3860 2352 3892 Palais

1313 3914 1328 3935 e
1386 3913 1401 3934 e
1428 3911 1466 3932 m.
1493 3912 1508 3933 e
1542 3910 1616 3932 econ
1648 3909 1680 3939 Jo
1904 3921 1909 3926 .

1911 3973 1965 4003 Per
1976 3970 2057 4013 ipsimi
2071 3974 2174 4012 Regem.
2183 3982 2196 3995 ⁴

2257 4120 2348 4156 &Pu
