2912 4368
959 277 1069 321 ET
1163 276 1430 319 ACTA
1513 278 1980 319 PUBLICA.

186 364 233 412 ,Ἣ
273 368 349 401 Ann.
363 366 404 399 D.
418 376 513 409 tuum,
531 367 705 401 Catallorum
716 391 725 405 ,
740 363 982 405 Foris-factorum,
1001 365 1210 408 Receptarurn,
1220 362 1474 408 Convenrionum,

212 411 215 419 ¹
294 415 385 454 ‘1377-
421 409 638 449 Dispositionis,
655 406 855 444 Injunxrionis,
874 405 1144 441 Administrationis,
1163 403 1392 440 Liberatronum,
1411 402 1471 431 Or—

2521 284 2573 328 67

1512 373 1540 393 ra
1556 385 1566 400 ,
1591 364 1620 392 in
1642 363 1786 394 Auxilium
1808 363 1901 393 Status
1915 364 1948 393 &
1964 363 2143 394 Desensionis
2158 362 2250 402 Regni
2265 363 2370 400 nostri,
2389 363 2416 391 in
2433 370 2564 393 exonera-
2580 369 2653 400 Arm,
2664 368 2703 399 D,

272 449 300 474 ω
1513 403 1621 431 tionem
1637 403 1717 438 ipsius
1732 403 1788 432 Avi
1801 402 1889 431 nostri
1904 401 2059 439 (videlicet)
2074 404 2198 432 invenire
2215 404 2242 431 in
2259 403 2361 438 Viagio
2382 401 2461 438 supra
2481 400 2565 431 Mire
2599 415 2681 448 1377⁴

262 461 266 470 “
301 457 323 474 C·
343 457 370 474 2-

419 448 593 478 dinationum
608 467 619 483 ,
642 444 870 483 Affignationum
886 467 896 482 ,
919 443 1133 480 Praeceptorum
1147 464 1157 478 ,
1181 441 1381 471 Conciliorum
1397 462 1407 477 ,
1425 448 1471 470 aut

420 484 679 517 Inobedientiarum
695 492 960 520 quorumcumque,
977 482 1023 511 vel
1040 490 1092 517 pro
1105 480 1243 517 aliquibus
1266 478 1472 508 Occasionibus

420 524 468 555 seu
482 521 614 554 Articulis
624 520 785 558 supradietis
793 542 802 558 ,
820 529 867 552 aut
879 520 975 557 aliquo
986 518 1153 548 eorumdem
1163 540 1172 554 ,
1190 517 1235 547 seu
1248 516 1340 554 aliqua
1351 516 1403 546 alia
1410 516 1472 546 Oc-

421 562 532 593 casione
545 569 741 598 quacumque,
756 569 809 598 pro
824 558 974 594 Tempore
988 557 1146 593 praeterito,
1165 565 1214 592 per
1228 554 1394 584 Recordum
1404 579 1413 591 ‚
1428 554 1474 584 vel

422 601 544 638 aliquam
557 597 791 634 Accusationem,
811 596 1045 626 Informationem
1081 592 1474 629 Praesentarionem‚1ndr5ta-

422 645 554 670 mentum
566 659 576 675 ,
599 637 644 667 seu
667 636 748 666 aliam
767 633 971 665 Probationem
992 640 1037 662 aut
1053 616 1285 671 impositionem,
1302 632 1347 660 vel
1362 640 1411 670 per
1426 631 1476 660 ali-

422 685 512 714 quem
531 673 616 706 aliurn
638 673 798 705 Articulum
821 671 867 701 vel
880 670 1019 707 Causam,
1038 670 1114 700 unde
1129 669 1273 707 Iinpetiri,
1292 669 1475 700 Occafionari

421 714 527 752 poterit
537 713 585 745 seu
599 711 761 748 Molestari,
776 718 876 740 coram
890 708 1115 747 quibuscumque
1126 708 1286 747 Justiciariis
1302 707 1478 738 Intineranti-

424 753 495 790 bus,
512 753 559 783 vel
578 762 628 791 per
649 749 734 780 alium
754 747 876 777 modum
897 757 1110 787 quemcumque
1123 756 1220 777 coram
1234 746 1334 777 Nobis
1346 746 1391 776 vel
1406 745 1479 775 Hae-

425 790 538 821 redibus
559 789 658 820 nostris
672 809 683 825 ,
701 787 730 816 in
746 784 938 816 Parliamentis
952 786 1051 816 nostris
1066 786 1110 816 vel
1124 784 1284 815 Haeredurn
1296 783 1479 820 nostrorum,

426 829 473 860 vel
485 829 552 860 alibi
566 835 664 858 coram
675 824 869 862 cancellario,
887 824 1074 854 Thesaurario
1088 846 1097 862 ,
1112 823 1274 861 justiciariis
1286 821 1321 851 de
1334 831 1393 852 uno
1408 822 1480 852 Ban-

428 878 467 898 co
486 867 532 898 vel
554 866 607 895 alio
621 888 630 901 ,
655 863 811 894 Batonibus
825 862 861 892 de
875 862 1041 900 scaccario,
1053 862 1216 900 Justiciariis
1229 859 1410 899 assignandis,
1430 860 1480 890 Se-

426 905 547 936 nescallo
568 904 602 934 &
627 901 793 932 Marescallo
810 900 935 938 Hospitii
953 900 1040 930 nostri
1056 900 1101 930 vel
1121 898 1278 929 Haeredum
1301 897 1480 934 nostrorum,

425 945 456 973 in
473 941 614 980 praesentia
625 940 721 971 nostra
735 940 779 970 vel
793 938 956 969 Haeredum
977 938 1141 968 nostrorum
1156 960 1166 973 ,
1189 945 1236 967 aut
1251 937 1279 965 in
1294 936 1411 966 absentia
1426 946 1480 965 no—

427 981 480 1011 stra
495 1002 505 1018 ,
530 980 575 1009 seu
596 988 692 1010 coram
714 977 850 1009 Concilio
872 976 971 1006 nostro
992 975 1037 1006 vel
1060 974 1216 1004 Haeredum
1241 973 1419 1011 nostrorum,
1436 974 1482 1003 seu

427 1018 494 1050 alibi
509 1027 605 1049 coram
626 1018 681 1047 alio
692 1016 795 1056 Judice
814 1013 859 1046 vel
874 1013 1010 1043 Ministro
1025 1013 1123 1043 nostro
1138 1012 1182 1044 vel
1195 1012 1354 1042 Haeredum
1367 1011 1482 1042 nostro-

428 1052 496 1087 }um
512 1066 713 1095 quocumque,
730 1054 921 1092 Imperantur,
939 1050 1392 1090 Occafionenrur,Inquietentur,
1412 1048 1484 1080 Mo-

426 1095 560 1126 lestentur
575 1096 602 1124 in
617 1095 710 1131 aliquo
723 1093 768 1123 seu
782 1092 964 1129 Graventur3

466 1134 514 1164 Set
528 1133 662 1164 Volentes
675 1132 707 1162 &
716 1129 932 1168 Concedentes,
952 1139 1005 1168 pro
1018 1128 1133 1167 Nobis,
1143 1129 1175 1159 3<
1186 1127 1353 1158 Haeredibus
1369 1127 1481 1164 nostris,

449 1172 509 1203 uod
530 1170 677 1209 praedictus
695 1169 832 1207 Episcopus
854 1168 1045 1209 Wntonienfis
1058 1191 1068 1205 ‚
1086 1167 1280 1205 Succeffores,
1296 1166 1433 1196 Haeredes
1449 1166 1481 1196 &2

427 1183 601 1242 Executores
613 1208 671 1246 sui,
689 1217 736 1238 aut
750 1208 902 1238 Terrarum
916 1206 1025 1237 suarum
1039 1206 1200 1242 Tenentes,
1217 1205 1253 1235 de
1268 1204 1483 1243 praemiffisom-

429 1249 512 1279 nibus
525 1248 558 1278 &
572 1246 683 1286 singulis
697 1245 808 1284 penitus
824 1245 875 1277 sint
891 1245 1007 1284 Qieti,
1025 1244 1171 1282 Absoluti,
1189 1244 1222 1275 &
1241 1243 1393 1274 Exonerati
1418 1242 1484 1272 IM-

431 1295 451 1316 1>
461 1295 479 1316 E
487 1294 512 1316 R
519 1293 538 1315 Ρ
548 1294 565 1315 E
576 1293 599 1315 *r
607 1293 630 1315 υ
640 1293 662 1315 U
672 1293 709 1315 M.

468 1324 647 1362 Exceptione
668 1323 742 1354 faeta
763 1324 792 1354 in
806 1322 908 1354 ultimo
921 1322 1109 1353 Parliamento
1121 1321 1202 1359 ipsius
1215 1321 1272 1351 Avi
1285 1320 1389 1359 nostri,

466 1362 517 1393 De
531 1373 583 1401 eo,
602 1361 752 1401 videlicet,
770 1362 849 1400 quod
863 1361 992 1398 praefatus
1007 1360 1146 1400 Episcopus
1160 1359 1351 1399 Wntonienfis
1364 1361 1393 1389 in
1409 1356 1488 1389 Gra·

430 1401 471 1432 tiz-l
489 1402 522 1432 ὅ(
543 1401 753 1432 Pardonatione
766 1425 776 1438 ,
794 1410 845 1438 per
861 1400 958 1430 Avum
974 1399 1120 1436 nostrum,
1139 1398 1250 1436 Populo
1265 1397 1360 1437 Regni
1376 1397 1413 1427 sui
1427 1398 1487 1426 An-

431 1441 496 1479 gliae
515 1440 545 1469 in
565 1439 667 1470 eodem
691 1439 879 1469 Parliamento
898 1435 972 1468 faeta
993 1438 1027 1469 &
1051 1436 1182 1468 concess&
1196 1461 1206 1475 ,
1225 1446 1285 1467 non
1300 1437 1487 1466 contineretur

431 1488 487 1509 nec
500 1477 616 1508 deberet
628 1478 783 1516 contineri,

471 1516 531 1547 Aut
544 1516 638 1554 aliquo
649 1515 759 1546 statuto
770 1516 817 1546 seu
829 1514 1018 1545 Ordinatione
1027 1537 1036 1552 ,
1049 1515 1076 1544 in
1091 1513 1264 1545 contrarIum
1279 1512 1490 1551 praemissorum

432 1563 479 1586 aut
492 1555 605 1592 alicujus
617 1553 774 1585 eorundem
786 1553 875 1592 fasta,
893 1563 954 1583 non
966 1553 1095 1583 obstante
1109 1562 1228 1591 quoquo
1244 1552 1341 1582 modo.

454 1596 455 1599 ’
473 1592 615 1623 Volumus
637 1593 743 1623 etenim
763 1593 796 1624 ὃς
816 1590 1014 1622 Concedimus
1030 1613 1040 1629 ,
1063 1601 1114 1628 pro
1130 1589 1228 1621 Nobis
1240 1613 1250 1628 ,
1275 1591 1308 1621 &
1322 1589 1491 1620 Haeredibus

433 1630 537 1662 nostris
549 1655 559 1668 ,
583 1632 618 1661 ὅς
639 1639 674 1660 ex
695 1639 770 1660 certa
784 1629 905 1660 Scientia
920 1628 1032 1666 nostra,
1049 1630 1085 1659 de
1097 1628 1178 1658 dictis
1193 1627 1376 1659 Avisamento
1391 1629 1424 1658 &
1442 1628 1494 1658 As-

435 1669 513 1701 sensu
528 1668 599 1699 dicti
612 1668 756 1699 Avunculi
769 1667 902 1698 nostri&
915 1667 1052 1705 aliorum,
1092 1666 1151 1697 uod
1165 1667 1242 1697 idern
1258 1665 1395 1705 Episcopus
1411 1668 1493 1705 thn-

435 1706 558 1748 tonienfis
577 1707 659 1737 omni
679 1705 779 1737 Gratia
791 1729 800 1743 ,
825 1704 1032 1735 Pardonatione
1045 1729 1054 1743 ,
1100 1702 1242 1744 rivilegio,
1262 1704 1441 1744 Qietantifi,
1460 1706 1493 1736 &

439 1747 595 1783 Libertate,
614 1754 664 1782 per
684 1745 693 1773 i
714 1744 774 1774 sum
796 1743 895 1774 Avum
915 1743 1046 1774 nostrum
1059 1742 1173 1780 Populo
1186 1744 1255 1774 diffi
1270 1743 1365 1782 Regni
1378 1743 1417 1773 sui
1433 1744 1494 1773 Ari-

436 1786 502 1824 gliae
524 1785 553 1814 in
573 1783 678 1814 eodem
722 1782 885 1813 arliamento
901 1804 911 1821 ,
926 1790 957 1812 ut
970 1782 1167 1819 praemittitur,
1185 1781 1264 1812 factis
1277 1783 1310 1813 ὅ(
1326 1781 1495 1819 Conceffis,

436 1823 562 1862 integre,
581 1822 687 1858 libere,
703 1821 737 1852 &
751 1821 872 1859 plenarie
887 1820 1004 1857 gaudeat
1020 1820 1053 1850 δε
1069 1828 1177 1858 utatur,
1196 1820 1268 1850 dum
1283 1829 1378 1851 tamen
1395 1820 1494 1856 praefa-

436 1870 481 1892 tus
500 1861 637 1901 Episcopus
656 1858 848 1900 PVyntonienfis
869 1858 922 1889 stet
944 1858 1040 1888 Resto
1054 1858 1083 1887 in
1096 1857 1184 1889 Curia
1196 1858 1303 1897 nostra,
1321 1858 1342 1888 si
1356 1859 1441 1897 aliqui
1453 1859 1497 1888 alii

439 1899 550 1932 versum
564 1909 632 1930 eum
648 1898 746 1935 Loqui
760 1897 901 1928 voluerint
915 1895 950 1927 de
965 1895 1124 1927 Praemiffis.

434 1935 461 2007 'd
477 1937 614 2007 Volentgs
625 1937 758 1967 omnium
767 1960 776 1974 ,
791 1945 890 1967 tenore
903 1934 1087 1966 Praesenrium
1096 1959 1104 1973 ,
1124 1935 1234 1966 notitiae
1248 1934 1433 1967 universaliter
1446 1934 1499 1965 de-

463 1987 509 2007 uci
544 1986 583 2006 uo

480 1986 667 2053 jSimqtiam
684 2012 802 2052 praesato
816 2011 936 2053 Epifiopo
949 2011 1132 2057 Wyntonienfi
1147 2012 1235 2042 distas
1246 2012 1373 2050 Gratias,
1392 2011 1502 2042 Pardo-

1513 439 1587 469 Tres
1608 439 1706 469 Naves
1729 439 1884 476 (videlicet)
1905 442 1934 469 in
1957 441 2080 478 qualibet
2099 440 2177 470 Navi
2196 440 2410 478 Qrinquaginta
2425 439 2567 469 Homines
2583 452 2633 474 ιω,
2653 458 2678 473 2,
2719 466 2722 467 γ

1513 477 1547 507 ad
1568 478 1656 507 Arma
1674 479 1706 508 ὃς
1721 479 1932 515 Qinquaginta
1951 478 2122 517 SagittariOS,
2141 488 2189 517 per
2206 488 2294 508 unum
2309 479 2492 515 Quarrerium
2506 479 2567 508 An-

1514 517 1560 553 ni,
1577 516 1610 544 ad
1625 516 1686 545 talia
1699 515 1786 545 Vadia
1801 518 1833 546 &
1850 517 2008 553 Rewarda,
2028 517 2114 554 qualia
2129 517 2205 545 idem
2221 517 2299 546 Avus
2319 518 2415 546 noster
2429 517 2548 548 solveret
2557 539 2568 554 ,

1515 553 1553 583 set
1571 554 1649 591 quod
1665 554 1739 595 idern
1756 555 1833 583 Avus
1845 554 1939 585 noster
1952 555 2069 585 solveret
2082 554 2168 585 Vadia
2185 554 2418 592 Marium-iorum,

1554 591 1591 621 Et
1601 614 1609 629 ‚
1627 593 1655 621 in
1671 596 1733 622 calu
1748 601 1805 629 quo
1819 593 1949 631 Viagium
1965 602 2025 621 non
2040 601 2163 631 teneret,
2177 602 2247 623 tunc
2262 592 2399 623 concessit
2413 592 2565 623 satisfacere

1516 629 1610 659 eidem
1629 629 1697 660 Avo
1718 629 1818 659 nostro
1837 631 1872 659 de
1894 630 2003 659 summa
2015 652 2024 668 ,
2049 630 2083 660 ad
2097 640 2182 668 quam
2198 631 2284 661 Vadia
2296 633 2328 662 &
2346 630 2485 661 Rewarda
2499 632 2567 662 Ho-

1519 669 1630 698 minum
1651 668 1684 698 ad
1708 668 1796 698 Arma
1816 668 1847 697 &
1871 667 2081 706 Sagittariorum
2100 669 2317 707 praedictorum,
2337 679 2386 707 per
2402 669 2569 700 Rationabi-

1517 706 1574 735 lem
1588 705 1861 745 Computationem,
1880 706 1906 735 se
1919 706 2114 745 extenderent,
2134 718 2182 744 per
2197 707 2465 746 praemunitionem,
2481 719 2569 746 quan-

1517 744 1556 774 do
1571 744 1663 774 eidem
1680 745 1746 774 Avo
1762 743 1860 773 nostro
1873 744 2009 782 placeret,

1556 781 1613 811 Pro
1633 783 1732 820 qiibus
1755 781 1896 811 Oneribus
1912 805 1921 819 ,
1949 791 1997 818 per
2019 781 2106 819 ipsum
2129 782 2302 820 Episcopum
2315 781 2389 815 bene
2406 783 2438 814 ἕξ
2453 782 2571 815 fideliter

1519 820 1694 857 perficiendis
1716 822 1748 850 &
1768 821 1943 850 inveniendis
1956 842 1967 859 ,
1990 821 2147 849 Eamundus
2172 825 2203 849 de
2224 826 2264 849 Mi
2274 830 2333 851 τίω]
2354 826 2433 851 Mari
2460 822 2572 852 Comes

1522 857 1680 895 Ivlarcliiae,
1697 857 1845 887 Richara‘us
1859 862 1946 887 Comes
1963 857 2122 888 Arundellae
2133 884 2141 896 ,,
2159 860 2192 889 &
2200 882 2209 897 ,
2227 859 2339 889 Thomas
2355 862 2386 890 cie
2400 860 2475 890 Bello
2491 865 2570 889 Cam-

1515 904 1550 933 po
1574 895 1684 926 Comes
1703 895 1857 927 Warwicae
1872 920 1881 934 ,
1903 897 2050 934 praesentes
2070 898 2099 926 in
2119 898 2198 928 dieto
2220 897 2358 929 Concilio
2371 924 2380 937 ,
2399 908 2571 937 manucepe-

1520 944 1586 964 runt

1560 957 1613 1002 Pe’r
1634 972 1712 1011 quod
1731 971 1913 1010 Temporalia
1936 971 2068 1010 praedi5ta
2081 996 2090 1010 ,
2116 982 2184 1002 curn
2206 975 2375 1010 pertinentiis
2390 997 2399 1012 ,
2421 976 2476 1004 una
2504 985 2572 1006 cum

1524 1010 1626 1040 Feodis
1643 1011 1785 1049 Militum,
1804 1011 2045 1041 Advocationibus
2054 1010 2257 1050 Ecclesiarum,
2275 1014 2307 1042 ὅς
2323 1014 2457 1042 omnibus
2470 1013 2526 1043 aliis
2539 1013 2575 1044 ad

1522 1048 1707 1086 Temporalia
1720 1050 1763 1079 illa
1778 1051 1878 1087 quovis
1894 1049 1982 1080 modo
1996 1049 2182 1086 speci-antibus
2197 1050 2252 1081 sive
2265 1051 2465 1088 pertinentibus
2478 1073 2488 1089 ,
2501 1059 2574 1089 prae-

1515 1086 1718 1156 fatssIEpifiopo
1732 1087 1870 1118 Restituta
1883 1088 2011 1125 fuerunt,

1596 1135 1629 1156 os

1558 1150 1773 1195 Conl’iderantes
1787 1163 1918 1202 Dampna
1933 1162 2038 1195 Gravia
2053 1165 2085 1196 ὅ(
2100 1161 2291 1195 incommoda
2303 1190 2312 1204 ,
2339 1174 2402 1203 qua:
2417 1164 2579 1196 Occasione

1524 1202 1659 1239 praeditsta
1673 1226 1681 1241 ,
1712 1204 1745 1234 δε
1767 1203 1823 1234 aliis
1843 1203 2050 1233 Occasionibus
2075 1203 2186 1233 diversis
2202 1226 2210 1241 ,
2243 1206 2303 1234 tam
2325 1205 2416 1235 dictus
2438 1204 2577 1243 Episcopus

1527 1241 1722 1282 lVyntoni'enfir
1735 1266 1745 1280 ,
1770 1251 1854 1279 quam
1875 1241 1998 1272 Ecclesia
2019 1242 2063 1272 sua
2074 1241 2115 1271 W
2119 1244 2243 1282 yntoniae
2262 1244 2337 1280 (quae
2351 1244 2386 1272 de
2402 1242 2423 1272 F
2428 1243 2580 1272 undatione

1526 1277 1745 1316 Progenitorum
1768 1281 1932 1311 nostrorum
1948 1303 1957 1318 ,
1984 1280 2128 1318 qiondam
2153 1279 2271 1319 Regum
2284 1282 2396 1318 Angiia:
2407 1307 2414 1319 ‚
2432 1281 2465 1312 ὃς
2480 1280 2581 1312 nostro

1528 1317 1679 1349 Patronatu
1692 1317 1795 1355 existit)
1812 1329 1827 1348 a
1841 1318 1888 1348 diu
1902 1318 2107 1356 sustinuerunt,

1565 1356 1695 1387 Necnon
1717 1357 1910 1387 Revolventes
1931 1356 2040 1387 Oculos
2063 1356 2170 1386 Mentis
2190 1357 2293 1387 nostrae
2315 1357 2349 1387 ad
2366 1356 2471 1395 Grata,
2489 1358 2584 1396 utilia,

1529 1394 1561 1424 &
1578 1395 1721 1425 laudabilia
1737 1393 1896 1433 Obsequia,
1915 1395 1994 1425 dicio
2008 1394 2074 1425 Avo
2089 1395 2187 1425 nostro
2205 1406 2253 1433 per
2268 1396 2414 1433 proefatum
2429 1395 2584 1435 Episcopum

1531 1434 1758 1472 HJyntonieiiJem,
1773 1433 1883 1464 Graves
1905 1435 1937 1464 &
1956 1434 2140 1473 Sumptuosos
2154 1433 2280 1463 Labores
2296 1434 2457 1472 subeundo,
2477 1436 2585 1465 Retro—

1531 1472 1599 1501 ac‘lis
1614 1471 1808 1510 Temporibus
1824 1472 2013 1509 multipliciter
2025 1471 2147 1508 impensa
2171 1481 2204 1501 ac
2221 1471 2361 1511 Magnum
2372 1473 2485 1503 Locum
2499 1482 2586 1510 quern

1531 1510 1607 1539 idem
1623 1509 1775 1547 Episcopus
1790 1509 1942 1539 Carissimo
1957 1510 2090 1539 Domino
2106 1511 2139 1540 ὃ(
2154 1494 2229 1540 l³atri
2242 1511 2338 1540 nostro
2354 1512 2380 1540 in
2396 1511 2446 1541 suis
2463 1511 2585 1550 Agendis

1532 1547 1720 1578 diversimode
1735 1550 1836 1585 tenuit,
1856 1549 1888 1578 ὃς
1904 1547 1937 1577 ad
1951 1546 2098 1585 specialem
2113 1547 2310 1578 AffeStionem
2326 1550 2357 1578 ἃ
2374 1549 2507 1579 iinceram
2531 1548 2587 1578 Di—

1535 1586 1691 1616 lefflonem
1705 1610 1713 1623 ,
1740 1596 1824 1623 quam
1844 1586 1918 1615 idem
1941 1583 2086 1616 Dominus
2101 1586 2133 1615 δε
2149 1585 2230 1616 Pater
2251 1586 2344 1615 noster
2357 1596 2424 1623 erga
2438 1586 2586 1625 praefarum

1536 1624 1708 1662 Episcopum
1725 1624 1805 1661 geliit
1818 1624 1850 1654 &
1863 1625 1976 1661 habuit,
1995 1625 2066 1654 dum
2078 1632 2170 1661 ageret
2183 1625 2210 1653 in
2224 1624 2382 1661 Humanis,

1575 1663 1708 1693 Volentes
1730 1662 1850 1699 proinde
1865 1685 1875 1699 ,
1900 1662 1933 1692 &
1954 1663 1994 1692 ob
2006 1660 2206 1692 Rev-eremium
2222 1661 2278 1691 Dei
2293 1661 2523 1700 Omnipotenris,
2542 1664 2590 1701 qui

1538 1700 1607 1732 Nos
1622 1701 1656 1732 ad
1671 1701 1766 1740 Regni
1787 1701 1875 1730 nostri
1888 1699 2088 1730 Gubernacula
2104 1699 2150 1729 (υᾶ
2164 1700 2257 1729 divina
2273 1699 2452 1730 leliseratione
2465 1703 2521 1738 jam
2537 1711 2591 1731 no·

1537 1741 1608 1770 viter
1640 1741 1771 1770 evocavit
1784 1763 1792 1775 ,
1818 1748 1931 1769 necnon
1950 1738 1984 1768 ad
2005 1738 2160 1767 Honorem
2182 1738 2292 1767 Sanfrae
2317 1737 2415 1767 Matris
2433 1738 2567 1774 Ecclesiae
2583 1762 2593 1776 ,

1538 1778 1758 1816 beatiffimaeque
1772 1778 1899 1814 Virginis
1920 1776 2021 1807 Mariae
2036 1800 2045 1813 ,
2061 1776 2231 1806 Sanctorum
2248 1775 2453 1812 Apostolorum
2470 1777 2544 1806 Petri
2560 1779 2594 1807 &

1540 1815 1635 1854 Pauli,
1654 1826 1687 1846 ac
1701 1816 1797 1846 Sancti
1810 1815 1945 1853 Swytbini
1961 1814 2157 1852 confessoris,
2176 1814 2259 1844 dietae
2274 1814 2408 1844 Eccleiix
2422 1814 2594 1853 Wyntonice

1540 1854 1749 1893 Patronorum,
1767 1855 1956 1891 omniumque
1970 1853 2049 1882 iimul
2065 1853 2312 1891 Sanc'torumfflro
2328 1853 2598 1890 Securirareffran-

1541 1893 1689 1932 quillitate,
1707 1894 1740 1924 &
1756 1893 1862 1931 Qiiete
1877 1893 1958 1929 iplius
1972 1892 2091 1930 Episcopi
2106 1891 2315 1930 Wyatonimgſss,
2333 1890 2474 1928 statusque
2488 1891 2544 1928 sui,
2562 1892 2596 1922 ὃς

1541 1930 1675 1962 Ecclesiae
1687 1933 1742 1962 suae
1754 1931 1896 1968 praedierae
1905 1953 1913 1969 ,

1580 1969 1632 2000 Ne
1652 1970 1724 2007 ipsi,
1750 1979 1783 1999 ex
1803 1968 1897 1999 Cauiis
1919 1967 2062 2005 praemiffis
2077 1991 2086 2006 ,
2108 1977 2154 1999 aut
2174 1966 2263 2006 aliqu&
2283 1967 2446 1998 earumdem
2462 1992 2472 2004 ,
2489 1966 2600 1997 Futuris

1542 2008 1736 2047 Temporibus
1754 2007 1904 2046 aliqualiter
1926 2006 2097 2051 Inipetantur
2111 2029 2120 2044 ,
2139 2005 2382 2044 Occalionentur,
2401 2008 2444 2036 seu
2460 2007 2487 2035 in
2504 2005 2600 2043 aliquo

0 2055 182 2089 :ammaim
442 2055 586 2091 nationes,
605 2051 812 2090 Remiffiones,
830 2052 1042 2089 Relaxatrones,
1061 2051 1284 2082 Restitutionem
1298 2075 1308 2089 ,
1326 2052 1358 2082 &
1371 2049 1503 2081 Conces-
1546 2046 1754 2084 Molestentur,
1773 2047 1816 2077 seu
1831 2045 1972 2083 Impetiri,
1991 2045 2191 2083 Occalionari,
2209 2044 2254 2075 vel
2269 2044 2416 2076 Molestui
2430 2045 2555 2083 valeant,

0 2097 186 2137 ,arsia-<uriam
444 2091 552 2128 siones,
568 2093 598 2121 in
609 2091 702 2121 forma
715 2091 848 2128 praedicta
858 2115 867 2127 ,
884 2090 1052 2128 fecerimus,
1583 2085 1617 2115 In
1632 2095 1766 2125 quantum
1785 2084 1930 2122 polsumus
1947 2083 2112 2121 providere,

0 2145 2 2150 ·
18 2139 121 2166 *zeni-m
143 2137 175 2167 liu
484 2130 564 2168 Quas
587 2140 639 2168 pro
658 2137 794 2167 perpetuo
815 2129 955 2158 Volumus
970 2151 979 2166 ,
1003 2130 1037 2160 δε
1057 2127 1254 2158 Concedimus
1267 2136 1319 2164 pro
1330 2125 1447 2164 Nobis,
1466 2127 1500 2157 ὃς
1584 2123 1633 2153 De
1647 2123 1746 2154 Gratia
1761 2122 1857 2153 nostra
1871 2122 1979 2160 speciali
1995 2122 2027 2152 ὃ(
2043 2131 2076 2152 ex
2091 2129 2166 2152 certa
2180 2120 2300 2151 Scientia
2320 2121 2414 2152 nostra
2426 2122 2440 2159 *,
2458 2122 2491 2152 δε
2508 2120 2604 2151 Avisa-

3 2160 186 2207 :tmmiffiDeffiffi'
445 2167 619 2199 Haeredibus
637 2167 736 2197 nostris
749 2190 758 2205 ,
782 2167 844 2198 fore
866 2177 918 2204 pro
943 2166 1081 2204 praedicsto
1105 2166 1228 2206 Episcopo
1250 2164 1430 2205 lVyntonienfi
1446 2187 1455 2202 ,
1470 2165 1504 2195 ὃς
1549 2170 1650 2192 mento
1664 2186 1672 2200 ,
1695 2163 1727 2193 ὅ(
1747 2161 1862 2191 Aisensu
1912 2159 2054 2190 Cariffimi
2073 2160 2217 2190 Avunculi
2238 2159 2349 2197 nostri,
2368 2159 2508 2197 Johanm‘s
2524 2161 2602 2195 Regis

0 2224 29 2243 u.
42 2202 190 2254 mmsfflpss
447 2205 574 2237 Ecclesia
596 2206 642 2236 sua
659 2205 797 2243 praedicta
810 2228 820 2244 ,
842 2205 1125 2242 Succefforibusque,
1143 2203 1329 2242 Haeredibus,
1345 2204 1378 2234 &
1393 2204 1507 2234 Execu-
1548 2200 1669 2239 Castellae
1681 2199 1719 2235 ῤ’
1734 2203 1860 2237 Legionis
1876 2183 1967 2229 bucis
1982 2198 2169 2236 Lancastriae,
2188 2208 2302 2241 necnon
2318 2198 2520 2234 Praelatorum,
2541 2197 2605 2227 Co-

0 2266 10 2284 2
19 2254 45 2284 c}-
55 2248 183 2286 ,eg-jopffldus
448 2245 557 2275 toribus
572 2245 653 2284 ipsius
668 2243 816 2282 Episcopi,
834 2254 866 2274 ac
879 2242 1034 2272 Terrarum
1047 2242 1157 2272 suarum
1171 2242 1366 2280 Tenentibus,
1385 2241 1506 2279 Validas,
1550 2247 1670 2276 mitum,
1690 2240 1723 2270 ὅς
1738 2238 1899 2275 Baronum,
1920 2237 2103 2280 Magnatum,
2123 2247 2155 2267 ac
2168 2237 2286 2267 aliorum
2300 2236 2463 2273 Sapientum
2477 2237 2512 2267 de
2524 2235 2607 2266 Con-

7 2306 21 2324 ᾗ,
31 2279 190 2324 „fflmgnoffiffi'
447 2283 584 2320 Stabiles,
601 2291 683 2320 atque
696 2282 817 2318 Firmas,
834 2292 1009 2319 omnemque
1022 2280 1167 2311 Virtutem
1181 2291 1213 2310 ac
1236 2280 1360 2310 Roboris
1378 2280 1507 2310 Firmita-
1550 2277 1618 2307 cilio
1631 2277 1745 2315 nostro,
1761 2276 1859 2307 Nobis
1874 2275 2065 2305 assistentium.

0 2345 16 2364 ς,
23 2344 53 2363 „23-
61 2342 153 2371 wffique
161 2318 188 2364 Mjf
449 2330 510 2352 tem
522 2346 531 2359 ,
555 2320 658 2359 absque
678 2320 767 2350 nostri
788 2320 834 2350 vel
852 2319 1010 2350 Haeredum
1031 2319 1195 2350 nostrorum
1212 2317 1448 2348 Contradiffione
1461 2318 1506 2347 seu
1591 2314 1622 2345 R
1630 2325 1647 2346 E
1658 2323 1684 2345 Μ
1694 2324 1705 2345 1
1716 2324 1727 2345 s
1736 2324 1747 2345 1
1757 2323 1783 2345 M
1792 2323 1815 2344 U
1827 2324 1839 2345 s
1853 2335 1863 2353 ,
1888 2315 1918 2344 R
1927 2323 1945 2344 E
1955 2322 1975 2343 L
1984 2323 2003 2343 Α
2014 2323 2032 2342 x
2042 2323 2060 2343 A
2070 2324 2088 2344 v
2096 2322 2107 2343 i
2117 2321 2142 2343 M
2151 2322 2173 2343 U
2184 2322 2196 2344 s
2211 2337 2221 2352 ,
2243 2314 2275 2344 &
2297 2314 2421 2344 omnino
2447 2313 2471 2343 P
2480 2323 2498 2344 Α
2508 2321 2530 2343 R
2541 2321 2561 2342 D
2572 2322 2607 2342 0-

0 2374 43 2404 cta.
52 2368 72 2403 v':
80 2372 156 2404 lindum
163 2383 186 2404 nst

283 3061 286 3078 ‘¹
315 3033 396 3092 Anti.
404 3059 445 3090 D.
468 3051 525 3107 R

450 2359 664 2397 Impedimento
679 2358 903 2397 quibuscumque
919 2381 930 2396 ,
947 2367 1132 2396 quocumque
1149 2357 1245 2388 Modo
1262 2356 1308 2387 seu
1320 2355 1431 2386 Colore
1444 2356 1510 2387 inde

450 2398 599 2436 faciendo,
617 2397 811 2436 Temporibus
827 2396 972 2434 Perpetuis
985 2397 1131 2434 optinere,

490 2435 539 2467 Ad
561 2445 771 2474 quamcumque
792 2434 1055 2472 Interpretationem
1077 2434 1122 2464 seu
1139 2433 1319 2464 intellectum
1341 2443 1511 2472 quemcum-

453 2484 512 2513 que
532 2473 619 2505 dietae
640 2473 749 2504 Gratiae
770 2473 895 2510 nostrae,
911 2472 1148 2510 Pardonationes,
1166 2471 1372 2509 Remiffiones,
1391 2472 1513 2502 Relaxa-

453 2515 562 2550 tiones,
581 2512 751 2549 Restitutio,
769 2512 802 2542 &
817 2510 1022 2542 Conceffiones
1035 2510 1131 2541 reduci
1146 2510 1258 2548 poffent
1277 2510 1322 2540 seu
1338 2518 1472 2547 poterunt
1484 2511 1513 2539 in

454 2559 560 2581 eventu
574 2573 583 2589 ,
607 2550 727 2581 eundem
750 2558 847 2580 tamen
871 2548 1043 2587 Episcopum
1062 2549 1098 2579 de
1117 2549 1198 2578 nullis
1212 2571 1221 2585 ,
1248 2559 1295 2585 per
1315 2548 1383 2578 Nos
1397 2549 1465 2587 sibi,
1485 2556 1515 2578 ut

455 2590 653 2630 praemittitur,
671 2587 850 2625 Pardonatis,
868 2587 1019 2624 Remissis,
1035 2587 1080 2618 vel
1093 2587 1232 2617 Relaxatis
1244 2595 1402 2624 reputamus
1416 2596 1514 2617 coram

459 2628 529 2658 Deo
548 2627 700 2664 aliqualiter
721 2625 918 2666 Culpabilem,
936 2626 972 2656 set
987 2625 1075 2663 ipsum
1091 2626 1127 2655 de
1141 2626 1191 2655 hiis
1207 2626 1340 2655 omnibus
1354 2626 1386 2655 &
1402 2625 1516 2662 singulis

458 2665 647 2696 innocentem
664 2674 793 2695 tenemus
807 2664 918 2702 penitus
932 2665 965 2695 &
980 2663 1152 2694 Immunem.

499 2703 534 2734 In
549 2705 644 2742 cujus,
663 2703 724 2733 &c.

497 2740 588 2772 Teste
605 2741 691 2780 Rege
704 2740 776 2779 apud
790 2739 1081 2772 VVestmonasterium
1091 2764 1100 2779 ,
1119 2740 1263 2771 tricesimo
1276 2741 1371 2778 primo
1386 2739 1432 2769 die
1445 2737 1520 2776 Julii.

969 2819 1021 2847 Per
1038 2820 1129 2846 Breve
1143 2817 1175 2846 de
1191 2819 1309 2845 Privato
1321 2814 1418 2852 Sigillo.

723 2964 781 2996 Pro
799 2960 900 2994 eodem
917 2961 1053 3007 Epiftopo
1070 2961 1266 3011 lsjnlonieirst'.

532 3048 597 3081 EX
619 3048 782 3086 Omnibus,
796 3046 831 3078 ad
844 3057 932 3086 quos,
951 3046 1012 3077 &c
1032 3046 1165 3077 Salutem.

565 3089 662 3118 Sciatis
675 3086 753 3124 quod
762 3108 772 3124 ,

508 3393 566 3430 Et,
584 3394 614 3422 in
629 3392 755 3429 speciali,
769 3390 909 3429 Johannis
923 3394 992 3429 Grey
1007 3391 1043 3421 de
1057 3391 1240 3430 Retherfeld,

507 3432 569 3469 Qi
587 3430 653 3460 fecit
673 3430 773 3459 Finem
795 3439 863 3459 cum
879 3429 938 3466 ipso
954 3430 1020 3459 Avo
1038 3428 1154 3466 nostro,
1173 3430 1260 3460 Anno
1276 3430 1375 3468 Regni
1391 3430 1430 3460 sui
1445 3430 1528 3469 Qia-

467 3469 623 3507 dragesimo
636 3469 736 3498 Primo
746 3490 755 3505 ‚
793 3478 822 3498 er
837 3467 1049 3506 Qaterviginti
1065 3467 1179 3505 Libras,
1196 3477 1249 3506 pro
1263 3468 1389 3499 Licentia
1402 3469 1529 3499 habenda

469 3507 504 3538 ad
518 3506 677 3537 faciendum
692 3506 751 3536 Feo
777 3515 922 3536 amentum
934 3505 970 3535 de
982 3506 1064 3535 certis
1078 3506 1175 3535 Terris
1188 3508 1221 3536 ὅ(
1235 3506 1443 3545 Tenementis,
1461 3517 1526 3545 quae

470 3545 588 3584 quidem
603 3545 812 3588 Qaterviginti
826 3544 920 3575 Librae
934 3544 1112 3574 solvebantur
1124 3545 1153 3573 in
1167 3543 1331 3580 Hanaperio
1340 3568 1350 3583 ,

506 3583 544 3613 Et
561 3583 711 3620 praedictus
730 3582 902 3619 Episcopus,
919 3591 1054 3620 praeteXtu
1077 3581 1219 3619 cujusdam
1234 3582 1373 3621 Barganiae
1388 3583 1472 3614 faecae
1486 3584 1529 3613 in-

471 3629 514 3652 ter
536 3621 625 3659 ipsum
644 3622 677 3651 &
697 3621 846 3657 praefatum
867 3619 1025 3658 Johannem
1038 3645 1048 3657 ,
1066 3620 1135 3650 fecit
1148 3620 1302 3651 cancellare
1314 3621 1441 3651 Primam
1455 3621 1530 3651 Car-

472 3669 530 3690 tam
544 3684 553 3698 ,
576 3658 709 3690 faciendo
732 3668 819 3689 unam
839 3658 920 3688 aliam
942 3658 1058 3689 Cartam
1079 3658 1201 3696 ejusdem
1216 3659 1341 3689 Tenoris
1355 3660 1388 3690 δε
1404 3659 1527 3697 ejusdem

473 3699 574 3735 Datae,
614 3708 642 3727 er
656 3697 757 3727 Finem
772 3696 964 3736 Qadraginta
978 3697 1127 3727 Librarum
1143 3722 1152 3735 ,
1177 3698 1210 3728 &
1225 3697 1293 3728 fecit
1307 3697 1454 3728 Clericum
1468 3697 1531 3727 Ha-

473 3738 579 3775 naperii
620 3735 744 3766 esolvere
758 3736 821 3764 alias
837 3735 1027 3773 Quadraginta
1042 3736 1141 3766 Libras
1163 3735 1301 3773 praeditsto
1315 3736 1443 3775 Johanm‘
1460 3739 1529 3774 Grey

475 3777 504 3806 in
519 3776 719 3813 deceptionem
731 3773 812 3811 ipsius
824 3772 881 3803 Avi
895 3773 1001 3812 nostri,

511 3813 605 3844 Unde
626 3813 701 3842 idem
723 3811 873 3849 Episcopus
889 3833 898 3849 ,
924 3821 1022 3841 coram
1042 3813 1124 3844 certis
1142 3812 1321 3851 Magnatibus
1333 3812 1428 3851 Regni
1441 3812 1530 3842 nostri

477 3850 602 3890 Angliae,
620 3852 654 3883 &
675 3851 732 3881 aliis
752 3851 787 3880 de
809 3849 924 3885 Magno
944 3849 1081 3880 Concilio
1100 3851 1169 3881 ἀίξὶί
1185 3852 1240 3880 Avi
1255 3851 1358 3888 nostri,
1376 3862 1426 3888 per
1440 3851 1530 3890 ipsum

475 3888 513 3919 ad
535 3891 592 3920 hoc
613 3889 749 3928 assignatis
764 3913 774 3927 ‚
799 3888 989 3925 multipliciter
1011 3889 1100 3918 eXtitit
1120 3890 1260 3925 impetitus
1274 3911 1283 3926 ,
1303 3891 1336 3920 ὃς
1351 3900 1399 3926 per
1412 3889 1531 3919 Proces-

476 3927 555 3965 sum,
573 3927 637 3958 inde
652 3928 795 3964 habiturn,
814 3936 912 3957 coram
926 3926 1028 3956 eisdem
1047 3927 1226 3965 Magnatibus
1245 3928 1278 3958 &
1301 3928 1356 3957 aliis
1371 3951 1380 3964 ,
1398 3928 1436 3957 sic
1451 3927 1531 3966 affig-

477 3965 555 4007 natis,
571 3974 620 4001 per
641 3966 750 3997 dietum
771 3966 869 3996 Avum
889 3964 1035 4002 nostrum,
1051 3964 1120 3995 loco
1135 3966 1171 3995 sui
1184 3965 1346 4001 judicialiter
1360 3965 1530 4004 sedentibus,

477 4002 683 4034 conlideraturn
699 4004 753 4034 fuit
767 4003 846 4042 quod
862 4004 958 4034 omnia
968 4003 1150 4041 Temporalia
1166 4003 1350 4042 Episcopatus
1364 4004 1533 4042 Wyntoniae

478 4049 645 4078 caperentur
656 4042 685 4070 in
699 4040 821 4072 Manum
837 4042 918 4080 ipsius
935 4042 991 4072 Avi
1006 4041 1112 4080 nostri,

518 4077 609 4122 Cujus
631 4079 858 4111 considerationis
882 4088 1016 4119 praeteXtu
1032 4080 1215 4120 Temporalia
1228 4080 1362 4118 praedista
1378 4090 1459 4119 capta
1474 4081 1536 4111 fue-

479 4126 545 4147 runt
566 4126 595 4146 in
615 4115 740 4146 Manum
762 4118 843 4154 ipsius
864 4119 921 4150 Avi
942 4118 1029 4149 nostri
1045 4143 1054 4156 ,
1073 4119 1105 4149 &
1121 4120 1149 4148 in
1165 4118 1257 4149 Manu
1273 4119 1319 4149 sua
1332 4119 1536 4157 remanserunt,

478 4153 881 4225 qugigys'queliperg-Eflilspopus
895 4157 1082 4196 postmodum
1097 4156 1240 4195 affUfflPslt
1254 4157 1347 4189 facere
1361 4167 1437 4189 certa
1457 4158 1538 4189 One-

1554 2361 1578 2383 N
1588 2364 1607 2383 A
1617 2364 1635 2383 v
1645 2363 1656 2383 1
1667 2362 1694 2383 M
1703 2361 1725 2383 U
1738 2363 1749 2384 s
1758 2377 1767 2392 ,
1785 2363 1839 2391 pro
1854 2352 1968 2391 Nobis,
1987 2353 2019 2382 &
2033 2351 2201 2382 Haeredibus
2221 2352 2339 2390 nostris,
2351 2350 2469 2391 praefato
2485 2352 2609 2390 Episcopo

1555 2391 1732 2431 VVyntonienfi
1748 2415 1757 2431 ,
1781 2391 1945 2429 praedictam
1967 2389 2216 2428 Assumptionem,
2234 2391 2253 2409 '¹‘
2272 2391 2304 2421 &
2318 2391 2415 2420 omnia
2430 2390 2526 2420 Onera
2541 2398 2611 2428 prae—

1553 2430 1642 2468 dieta,
1660 2430 1859 2461 Inventionem
1873 2429 2016 2460 dictorum
2034 2428 2200 2458 Hominum
2221 2428 2255 2458 ad
2276 2429 2382 2466 Arma,
2401 2430 2434 2458 &
2449 2429 2609 2458 Saoittario-

1556 2479 1636 2506 rum,
1655 2469 1688 2499 &
1705 2469 1854 2499 Summam
1867 2467 1901 2497 ad
1915 2477 1998 2506 quam
2015 2466 2112 2497 Onera
2124 2467 2259 2504 praedic'ta
2273 2467 2319 2497 seu
2333 2466 2421 2496 Vadia
2439 2468 2472 2497 ὃς
2525 2476 2614 2497 ewar—

1557 2508 1593 2538 da
1614 2508 1756 2538 dictorum
1775 2506 1937 2537 Hominum
1958 2505 1992 2536 ad
2015 2505 2102 2535 Arma
2122 2506 2155 2535 ὃς
2178 2504 2392 2544 Sagittariorum
2413 2505 2439 2534 se
2466 2505 2616 2535 extendere

1558 2546 1670 2586 possent
1691 2546 1738 2576 vel
1759 2544 1917 2581 deberent,
1944 2545 1977 2575 δε
1997 2543 2129 2581 qiicquid
2145 2544 2251 2573 rarione
2265 2543 2469 2581 Ass'umptionis
2481 2543 2615 2573 Onerum

1559 2585 1763 2623 praedictorum
1778 2607 1786 2621 ,
1811 2583 1983 2613 Inventionis
1999 2583 2140 2612 diciorum
2161 2581 2323 2611 Hominum
2338 2583 2372 2611 ad
2391 2581 2496 2620 Arma,
2515 2583 2548 2612 &
2563 2581 2616 2611 Sa·

1558 2625 1735 2661 gittariorum
1752 2646 1761 2659 ,
1784 2631 1830 2651 aut
1850 2621 1935 2651 ditstae
1959 2620 2102 2656 Summae,
2124 2620 2168 2649 vel
2185 2619 2341 2649 Vadiorum
2355 2621 2388 2650 δε
2408 2620 2619 2650 Rewardorurn

1561 2661 1731 2692 eorumdem
1741 2683 1750 2698 ,
1769 2660 1802 2690 ad
1816 2660 1928 2690 dictum
1942 2659 2039 2688 Avum
2055 2658 2183 2687 nostrum
2198 2660 2345 2698 pertinuit,
2361 2658 2405 2688 seu
2421 2658 2455 2688 ad
2473 2658 2542 2688 Nos
2557 2667 2621 2696 per-

1562 2703 1648 2738 tinet,
1667 2700 1713 2730 vel
1729 2699 1866 2736 pertinere
1882 2698 1981 2735 poterit
1995 2698 2093 2734 quovis
2107 2697 2213 2734 modo,

1601 2738 1639 2768 Et
1653 2737 1688 2767 de
1701 2738 1822 2774 eisdem,
1840 2745 1872 2766 ac
1888 2745 1989 2765 eorum
2004 2734 2146 2773 qiolibet,
2165 2736 2222 2764 tarn
2240 2735 2328 2771 ipsum
2342 2733 2444 2772 Episco
2467 2745 2516 2764 um
2534 2758 2543 2773 ,
2563 2734 2621 2765 Ec-

1563 2777 1674 2807 clesiam
1696 2776 1771 2805 suam
1786 2775 1956 2813 XVyntoniae
1973 2796 1982 2810 ,
2007 2773 2184 2803 Succeffores
2199 2795 2207 2811 ,
2226 2772 2379 2811 Haeredes,
2398 2776 2430 2804 <Sc
2476 2783 2621 2803 xecutores

1565 2815 1686 2854 ejusdem
1707 2813 1864 2852 Episcopi,
1889 2822 2003 2842 necnon
2023 2812 2180 2841 Terrarum
2207 2811 2315 2841 iliarum
2338 2813 2482 2842 Ten-enies
2495 2836 2504 2849 ,
2532 2813 2619 2849 quam

1565 2854 1695 2893 praefatos
1705 2851 1851 2888 Comites,
1869 2851 2089 2887 Manucaptores
2103 2850 2179 2886 sum,
2198 2860 2298 2880 eorum
2313 2849 2448 2879 Haeredes
2465 2851 2496 2879 ὅ(
2512 2849 2624 2880 Execu-

1567 2903 1661 2929 tores,
1682 2901 1714 2921 ac
1738 2891 1890 2921 Terrarum
1913 2890 2022 2919 suarum
2044 2888 2188 2918 Tenentes
2203 2911 2212 2924 ,
2232 2888 2367 2924 totaliter,
2387 2898 2438 2924 pro
2455 2887 2568 2925 Nobis,
2588 2889 2622 2918 ἅτ

1566 2930 1737 2963 Haeredibus
1752 2927 1872 2965 nostris,
1890 2927 2095 2963 Exoneramus,
2114 2926 2335 2963 Acquietamus,
2352 2928 2386 2955 &c
2401 2927 2507 2962 penitus
2523 2925 2625 2956 Absol-

1567 2972 1659 3002 vimus
1670 2993 1680 3007 ,
1703 2977 1736 2998 ex
1751 2966 1846 2998 nostra
1861 2975 1936 2995 certa
1951 2966 2089 3002 Scientia,
2107 2964 2143 2993 de
2152 2963 2331 2994 Avis-amento
2344 2965 2375 2994 ὃς
2390 2964 2507 2994 Afl‘ensu
2522 2964 2624 3002 praedi-

1568 3010 1638 3046 etis,
1654 3007 1985 3038 IMPERPETUUM.

1605 3047 1699 3077 REM
1712 3056 1721 3076 1
1734 3051 1855 3076 SIMUS
1880 3044 1964 3073 etiam
1992 3043 2025 3073 ὃς
2047 3040 2367 3071 ΡΛκοοΝΑνιΜῐ]
2380 3050 2390 3070 s
2405 3062 2414 3078 ,
2438 3050 2491 3078 pro
2508 3040 2625 3081 Nobis,

302 3114 305 3117 -
342 3107 416 3138 1377
506 3118 508 3120 ,
1569 3087 1602 3118 &
1623 3084 1790 3116 Haeredibus
1811 3080 1909 3111 nostris
1924 3104 1934 3118 ,
1953 3089 1987 3122 ex
2001 3079 2096 3110 nostra
2111 3090 2185 3110 certa
2201 3080 2340 3116 Scientia,
2358 3081 2394 3108 de
2408 3081 2510 3109 eildem
2528 3080 2624 3110 Avisa-

285 3116 290 3155 l
317 3143 370 3166 „qn⁴
391 3122 427 3164 ,J
503 3125 598 3163 Cum,
619 3135 748 3163 tempore
761 3124 886 3154 Domini
898 3123 1054 3161 Edwardi,
1071 3133 1160 3160 nuper
1176 3125 1253 3160 Regis
1261 3122 1374 3160 Angliae
1390 3122 1523 3157 &Fran-
1568 3133 1667 3155 mento
1681 3124 1713 3154 &
1731 3120 1843 3152 Aliensi]
1857 3141 1866 3156 ,
1890 3119 2008 3157 praejato
2024 3118 2147 3156 Episcopo
2166 3120 2262 3148 omnia
2279 3118 2410 3155 praedifta
2431 3118 2623 3154 lmpetitiones

286 3162 291 3189 ³
318 3181 348 3204 R.
371 3185 397 3202 ι.
467 3168 531 3203 ciae,
552 3165 609 3195 Avi
626 3164 714 3194 nostri
737 3162 880 3201 (videlicet
893 3187 902 3200 ,
928 3163 1071 3192 Termino
1094 3161 1260 3200 Michaelis,
1276 3162 1363 3192 Anno
1379 3162 1474 3201 Regni
1489 3162 1528 3192 sui
1567 3165 1602 3195 ὃς
1616 3161 1766 3200 Impoiita,
1780 3158 1901 3196 superius
1915 3158 2046 3195 recitata,
2064 3159 2098 3187 &
2113 3159 2210 3185 omnia
2223 3158 2255 3187 ἃ
2272 3156 2377 3192 lingula
2393 3158 2420 3185 in
2435 3156 2537 3186 eisdem
2552 3166 2624 3186 con-

319 3218 378 3241 Par.
401 3224 423 3240 1,
470 3201 727 3241 Qinquagesimo)
755 3202 791 3231 ad
819 3201 1053 3231 Informationem
1080 3200 1270 3237 quorumdam
1286 3223 1296 3238 ,
1324 3200 1442 3237 praefato
1459 3200 1526 3230 Avo
1569 3210 1662 3239 tenta,
1682 3209 1794 3230 necnon
1814 3197 1969 3239 omnes&
1991 3195 2189 3238 quascumque
2198 3193 2428 3224 Circumstantias
2442 3194 2624 3237 earumdem,

286 3272 291 3279 ,4
317 3255 415 3288 1³44„
430 3261 452 3278 ι,
471 3241 571 3270 nostro
598 3240 703 3270 fastam
719 3262 728 3277 ,
752 3240 915 3278 impositum
934 3239 1027 3269 fuiffet
1042 3262 1051 3276 ,
1078 3238 1240 3268 Venerabili
1255 3240 1284 3268 in
1297 3237 1418 3268 Christo
1431 3237 1525 3276 Patri,
1569 3250 1602 3270 ac
1621 3246 1808 3278 quecumque
1827 3235 1903 3271 super
1923 3239 1984 3271 rpus
2008 3233 2225 3276 Dependentiah,
2254 3234 2287 3263 ὃ(
2308 3233 2441 3271 quicquid
2464 3241 2497 3262 ex
2520 3242 2558 3262 eis
2574 3232 2622 3275 vel

274 3281 292 3292 '’
319 3299 356 3317 m,
372 3299 419 3325 23·
470 3278 594 3317 Episcopo
612 3279 630 3297 ³*
652 3277 833 3320 Wynfoniensi
847 3277 927 3316 quod
940 3277 1016 3308 idem
1031 3277 1199 3315 Episcopus,
1217 3277 1288 3307 dum
1301 3278 1390 3307 extitit
1403 3276 1528 3307 Cancel-
1570 3289 1672 3309 eorum
1691 3277 1784 3314 aliquo
1807 3274 1881 3312 sequi
1897 3295 1907 3311 ,
1930 3274 1973 3311 agi
1990 3295 2000 3311 ,
2025 3271 2084 3302 fieri
2098 3294 2107 3309 ‚
2131 3281 2243 3302 evenire
2258 3295 2268 3310 ,
2287 3273 2332 3302 vel
2345 3271 2502 3308 dependere
2523 3279 2628 3307 poterit

287 3304 293 3344 l
319 3327 340 3346 n
351 3330 373 3353 V
380 3329 390 3354 1
396 3330 417 3358 Ι,
472 3316 551 3347 larius
568 3316 651 3353 ipsius
672 3316 729 3346 Avi
746 3314 857 3353 nostri,
883 3316 978 3353 Fines,
997 3315 1160 3346 Irrotulatos
1175 3315 1339 3346 aucloritate
1348 3315 1410 3354 sua,
1427 3315 1526 3353 saepius
1570 3318 1671 3356 quovis
1689 3315 1794 3351 modo,

324 3367 386 3400 169.
471 3355 538 3385 fecit
552 3353 704 3391 Minuere:
720 3353 753 3383 &
768 3352 891 3383 Rotulos
902 3353 1033 3390 Radere,
1609 3354 1646 3385 Et
1662 3355 1698 3384 de
1713 3352 1813 3383 eisdem
1828 3349 1963 3380 omnibus
1979 3349 2011 3380 &
2027 3348 2140 3385 singulis
2152 3372 2162 3385 ,
2180 3348 2269 3386 ipsum
2284 3346 2435 3385 Epfscopum
2450 3347 2623 3386 wyntonien-

1562 3394 1639 3433 fi’m,
1657 3391 1812 3423 Ecclesiam
1827 3388 1902 3418 suam
1918 3387 2107 3428 Wyntoniae,
2125 3387 2322 3422 Succeflores,
2340 3385 2492 3422 Haeredes,
2506 3384 2623 3414 &Exe-

1571 3442 1682 3463 cutorcs
1703 3430 1783 3467 ipiius
1804 3427 1955 3464 Episcopi,
1970 3436 2003 3456 ac
2016 3426 2171 3456 Terrarum
2185 3425 2292 3454 suarum
2304 3424 2463 3459 Tenentes,
2482 3423 2622 3461 totaliter,

1570 3481 1623 3508 pro
1635 3469 1733 3500 Nobis
1744 3491 1752 3506 ,
1767 3467 1799 3497 Sc
1814 3465 1982 3495 Haeredibus
1996 3464 2113 3501 nostris,
2132 3463 2338 3498 ExoneramuS,
2359 3462 2573 3502 Aequietamus,
2591 3462 2626 3491 &

1570 3509 1681 3546 penitus
1702 3505 1879 3537 Absolvimus
1896 3525 1906 3541 ,
1930 3512 1963 3532 ex
1984 3502 2078 3533 nostra
2100 3511 2173 3532 certa
2195 3501 2331 3537 Scientia,
2345 3500 2380 3529 de
2392 3499 2577 3530 Aviiamento
2592 3497 2626 3530 &

1570 3547 1689 3578 Affensu
1704 3542 1840 3584 praedietis
1850 3565 1859 3580 ,
1880 3540 1929 3571 IM
1938 3549 1956 3570 P
1965 3550 1983 3571 E
1995 3550 2018 3571 R
2029 3549 2046 3570 p
2056 3550 2074 3570 ε
2083 3548 2105 3569 T
2115 3548 2136 3569 U
2146 3547 2168 3568 U
2178 3547 2215 3568 M.

1634 3596 1645 3614 Γ
1684 3594 1746 3614 Cl'ess

1607 3585 1689 3654 Edem
1712 3606 1859 3659 prcssdit‘tus
1879 3617 1959 3648 Avus
1974 3616 2068 3647 noster
2084 3614 2267 3653 Temporalia
2282 3614 2434 3654 supradicta
2448 3614 2546 3645 Nobis
2562 3613 2628 3646 alias

1571 3660 1765 3697 concessisiet,
1780 3657 1920 3687 Habenda
1936 3657 2069 3694 quamdiu
2085 3665 2115 3684 ea
2130 3656 2157 3683 in
2167 3653 2259 3683 Manu
2275 3654 2319 3684 sua
2330 3654 2478 3684 occasione
2494 3653 2628 3692 praedid'ta

1571 3701 1747 3739 contingeret
1760 3705 1905 3727 remanere
1914 3718 1924 3733 ,
2235 3730 2239 3735 .
2373 3731 2377 3735 ³

1609 3738 1647 3768 Et
1660 3745 1789 3775 tempore
1804 3733 1999 3764 Restitutiouis
2013 3730 2197 3767 eorumdem,
2215 3729 2309 3760 eidem
2325 3728 2466 3768 Episcopo
2481 3752 2491 3768 ,
2510 3738 2540 3760 ut
2553 3740 2625 3768 prae-

1572 3775 1683 3806 dictum
1706 3773 1746 3805 est
1760 3796 1769 3811 ,
1794 3772 1894 3808 fache,
1914 3771 2042 3809 quaedam
2059 3769 2170 3806 Exitus,
2188 3768 2363 3808 Proventus,
2380 3770 2411 3799 ὃς
2428 3767 2573 3806 Proficua,
2591 3768 2627 3799 &

1572 3814 1676 3845 diversa
1689 3811 1832 3849 Ari-eragia
1844 3809 2028 3845 eorumdem,
2043 3810 2075 3838 Sc
2090 3817 2173 3837 etiarn
2192 3806 2383 3842 Reddituum,
2400 3807 2432 3837 &
2448 3805 2470 3835 F
2473 3807 2624 3844 irmarum,

1572 3855 1605 3885 ὃς
1625 3853 1738 3882 aliarum
1756 3850 1880 3885 Rerum,
1900 3847 1935 3877 de
1950 3846 2168 3883 Temporalibus
2183 3846 2319 3882 praedialis
2334 3845 2416 3874 nobis
2432 3845 2625 3884 debebantur,

1613 3891 1640 3921 V
1641 3892 1748 3921 olentes
1763 3897 1829 3917 cum
1844 3885 1946 3915 eodem
1958 3884 2101 3922 Episcopo
2114 3893 2194 3922 agere
2207 3884 2326 3922 gratiose
2339 3884 2366 3911 in
2382 3883 2433 3913 hac
2451 3891 2542 3921 parte,

1613 3929 1788 3960 Damno
1802 3936 1813 3955 s
1833 3925 1866 3954 &
1885 3923 2180 3953 concessimus
2199 3923 2289 3951 eidem
2314 3922 2435 3959 Episropo
2450 3942 2460 3958 ,
2477 3928 2512 3951 ex
2535 3920 2630 3951 nostra

1574 3977 1649 3998 certa
1664 3966 1784 3997 Scientia
1820 3962 1856 3992 de
1868 3961 2050 3992 Avisamento
2064 3961 2097 3992 &
2113 3959 2229 3989 Assensu
2245 3959 2402 3997 praediClis,
2419 3960 2516 3989 onmia
2532 3960 2565 3990 δε
2576 3959 2629 3989 fin-

1574 4006 1637 4045 gula
1653 4005 1765 4039 Exitus,
1781 3986 1955 4037 Rroventus,
1974 4000 2007 4030 &
2024 3998 2172 4035 Proficua,
2190 4007 2222 4027 ac
2239 3998 2382 4035 Arreragia
2396 3997 2582 4036 eorumdem,
2594 3998 2627 4028 &

1576 4046 1660 4074 etiam
1676 4042 1870 4075 Reddituum,
1889 4039 1922 4068 &
1939 4037 2153 4073 firmarum&
2168 4036 2283 4078 aliarum
2299 4035 2408 4066 Rerum
2425 4046 2628 4074 quarumcum-

1575 4093 1648 4120 que,
1667 4090 1728 4119 que
1745 4078 1841 4109 Nobis
1854 4077 1890 4105 de
1902 4076 2118 4114 Temporalibus
2138 4073 2295 4111 praedrffihs,
2310 4083 2440 4112 tempore
2463 4074 2628 4104 Restitutio-

1575 4122 1617 4149 nis
1632 4118 1772 4158 proeditstae
1782 4139 1791 4154 ,
1811 4115 2002 4152 debebantur,
2020 4122 2050 4143 ut
2065 4112 2258 4150 praemittitur,
2275 4112 2320 4143 seu
2334 4112 2371 4143 de
2386 4114 2487 4151 quibus
2500 4120 2631 4149 temporo

1575 4159 1633 4196 ipso
1648 4157 1745 4188 Nobis
1759 4164 1819 4185 non
1834 4154 1920 4184 fuerat
1935 4151 2130 4187 satisfactum,

2065 4187 2078 4218 1
2097 4198 2115 4218 2
2560 4184 2630 4216 No-

2624 2399 2639 2415 *
2651 2400 2719 2428 v11.

2627 2447 2689 2474 ¹70·
