2561 4251
12 232 88 264 Ann.
105 230 145 263 D.

34 272 120 309 1360.

12 310 80 338 ἰόν.
97 318 123 346 3.

37 1520 58 1539 ²*
79 1518 132 1546 v1.

43 1558 105 1585 160.

17 1595 95 1627 Ann.
109 1594 149 1625 D.

40 1635 125 1672 1360.

16 1677 68 1701 Ao.
89 1682 134 1708 34.

19 1716 48 1738 ε.
70 1721 94 1747 3-

17 1748 105 1785 Claus-

17 1794 63 1824 34>
76 1790 104 1814 E.
125 1796 150 1823 3.

16 1835 54 1854 m.
71 1834 106 1863 39
124 1826 150 1853 d.

26 3198 105 3230 Ann.
117 3196 157 3227 D.

48 3237 134 3276 1360.

26 3278 80 3304 An.
92 3284 137 3312 34.

26 3317 58 3342 E.
77 3323 105 3350 3.

27 3395 92 3427 togr.

758 138 868 179 ET
956 137 1220 180 ACTA

727 233 744 255 a
768 223 871 254 Castro
893 221 1032 262 praedie'to
1053 223 1180 254 celeriter
1195 223 1227 254 fit

710 262 856 301 hampsted
864 262 954 301 ,inibi
966 262 996 291 in
1012 260 1152 293 Custodia
1160 272 1228 293 mo-

161 230 222 268 ipso
239 232 269 261 in
286 229 389 261 eodem
408 225 511 258 Castro
537 224 683 256 existentes

162 269 325 307 amotus‚&
340 266 423 304 usque
439 264 570 296 Castrum
586 265 621 295 de
637 246 707 295 Ber}

162 306 420 380 ratgrt‘ussspcglucgagtcii
428 327 546 372 &ledros
563 341 597 372 &
614 339 708 385 fideles
726 338 1024 384 nostrosdohannem
1042 338 1078 368 de
1091 337 1230 407 Βύζης.-

160 383 244 420 ham,
257 381 419 411 Custodem
442 379 554 418 Sigilli,
573 379 705 410 carrffimi
726 378 789 408 Filii
805 377 892 408 nostn
907 400 917 415 ,
946 377 1075 420 Thornae
1093 376 1152 408 Cui
1168 378 1230 408 odis

160 420 258 457 Regni
275 418 365 450 nostri
381 419 496 455 Angliae
511 440 521 456 ,
553 418 586 448 &
609 416 791 454 Radulphum
814 415 972 454 Spigurnell
987 413 1115 459 Militem
1140 417 1230 453 (quos

160 468 244 497 penes
257 468 308 488 vos
327 458 465 487 mittimus
481 466 514 488 ex
533 456 585 486 hac
600 454 696 491 causa)
717 454 916 491 assignavimus
931 454 966 484 δε
986 453 1179 490 deputaV1mus
1193 453 1229 484 ad

161 497 273 527 diffitum
299 495 497 525 Adversarium
514 493 643 524 nostrum
658 515 668 530 ,
690 492 726 522 ab
748 492 852 522 eodem
875 491 976 522 Castro
997 491 1033 520 de
1055 491 1230 530 Somerron,

161 534 248 572 usque
261 533 373 564 dietum
390 532 523 563 Castrum
538 531 575 561 de
588 529 890 569 Berldiampsted‚una
904 528 1142 567 vobiscum‚salvo
1157 540 1231 561 con-

161 572 343 610 ducendum,
362 572 469 602 ibidem
487 577 663 600 moraturum
682 568 824 606 quousque
842 568 915 599 aliud
931 568 996 597 inde
1012 567 1169 598 duxerimus
1184 578 1231 597 or-

161 610 318 641 dinandum
328 612 379 648 ,&
393 610 428 639 ad
442 607 643 645 exponendum
658 608 738 637 vobis
746 607 968 638 Ordinationem
986 607 1020 638 &
1038 605 1230 635 Intentionem

163 649 286 686 plenarie
301 649 372 679 dicti
383 647 510 678 Concilii
526 645 615 675 nostri
630 647 658 675 in
674 645 837 685 praemiffis,

199 686 238 717 Et
276 688 318 718 uia
332 686 368 717 de
388 684 550 715 custodibus
567 684 638 714 dieti
659 683 814 714 Adversarii
830 684 936 722 nostri,
952 685 982 713 in
997 680 1102 723 eodem
1123 679 1228 710 Castro

161 725 197 755 de
216 724 267 755 Ber
289 723 453 762 hampsted,
466 723 496 753 in
510 724 567 753 tam
584 723 661 752 brevi
680 731 823 760 tempore,
847 732 906 760 prae
925 726 1112 756 occupatione
1127 719 1229 748 arduo-

162 773 224 795 rum
241 763 274 793 N
278 764 439 802 egotiorum
448 763 508 801 jam
523 762 719 799 iminentium‚
738 760 884 798 disponere
899 755 1058 790 commode
1081 766 1141 787 non
1154 756 1229 788 vale-

164 812 262 869 mkllsds
283 849 436 878 rogamus,
450 839 531 869 vobis
546 838 750 869 nichilominus
764 836 794 865 in
810 834 879 878 Fide
897 834 931 866 δε
948 833 1118 879 Ligeantia,
1131 833 1229 872 quibus

162 877 248 908 nobis
266 879 419 915 tenemini,
434 878 467 908 &
481 878 529 907 sub
547 875 720 906 forisfactura
737 883 870 917 omnium
887 882 950 911 quae
968 874 1049 903 nobis
1065 873 1227 917 forisfacere

162 917 303 954 poterim,
324 917 502 953 injungimus
522 915 556 944 &
574 912 738 943 mandamus
755 919 883 948 quatinus
901 921 974 941 onus
991 910 1139 942 Custodiae
1154 910 1227 941 dieti

163 954 320 985 Adversarii
340 954 444 992 nostri,
463 954 496 984 &
515 952 635 981 aliorum
655 949 877 989 praedictorum,
892 959 979 987 nuper
996 950 1229 991 assumptum,in

162 992 287 1032 praesenti
308 992 470 1023 neceffitatis
488 988 622 1026 articulo,
643 998 703 1019 non
722 988 877 1026 relinquatis
892 1011 902 1026 ‚
933 988 970 1018 set
983 987 1075 1025 ipsum
1092 988 1229 1018 Adveria-

161 1032 236 1062 rium
255 1030 400 1067 nostrum,
419 1031 453 1061 &
471 1027 536 1057 alios
555 1026 724 1064 praedietos‚
738 1027 768 1056 in
786 1026 866 1057 dieto
881 1026 984 1057 Castro
1002 1026 1037 1056 de
1057 1026 1230 1064 Berkhamp-

161 1069 220 1099 sted
236 1069 313 1100 salvo
334 1070 366 1099 ὅτ,
383 1067 478 1097 secure
499 1064 716 1103 custodiatis,&
734 1064 813 1102 super
827 1065 928 1096 eadem
945 1063 1076 1095 custodia
1095 1065 1225 1103 persona-

161 1107 223 1138 liter
243 1106 411 1142 moremini,
426 1104 567 1142 quousque
581 1103 653 1134 aliud
671 1114 687 1134 a
704 1105 788 1133 nobis
807 1103 874 1134 inde
893 1104 975 1134 fuerit
992 1103 1174 1141 ordinatum,

200 1146 323 1175 Scientes
341 1142 409 1173 Nos
426 1142 502 1173 nolle
521 1142 596 1180 Vos,
614 1150 659 1173 aut
675 1142 794 1180 aliquem
812 1141 938 1173 vestrum
952 1164 963 1180 ,
990 1141 1059 1171 inde
1077 1142 1228 1180 aliqualiter

165 1182 287 1213 excusari
303 1190 348 1212 aut
367 1182 528 1216 exonerari,·

203 1219 355 1251 Credentes
373 1221 459 1250 etiam
477 1219 576 1258 dictis,
592 1219 718 1258 johanni
735 1220 768 1251 &
783 1217 952 1256 Radulpho‚
969 1219 1003 1250 &
1022 1229 1120 1250 eorum
1139 1219 1233 1257 alteri,

164 1258 247 1295 super
263 1259 314 1289 hiis
332 1269 396 1297 quae
414 1258 495 1288 vobis
511 1257 646 1296 dixerint,
664 1257 709 1288 vel
727 1258 841 1295 dixerit,
858 1258 886 1286 in
906 1257 959 1287 hac
978 1267 1063 1295 parte-

165 1296 288 1365 MTeiie
307 1295 436 1329 Custode
453 1295 588 1336 praedIClco
608 1296 681 1335 apud
701 1294 987 1326 westmonasterium
1001 1318 1011 1334 ‚
1040 1295 1164 1326 secundo
1186 1294 1231 1325 die

206 1343 275 1367 ami.

659 1374 714 1402 Per
731 1371 813 1411 ipsiaem
830 1372 965 1413 Custodem
982 1370 1020 1406 ῤ’
1043 1371 1197 1402 Concilium.

211 1500 239 1527 *Ε
263 1505 357 1548 Super
379 1501 552 1546 Dcfinfione
579 1502 689 1547 Regni,
719 1497 755 1532 de
776 1496 961 1533 Hominibus
985 1497 1185 1533 Arraiandis.

168 1584 294 1645 REX
323 1586 527 1617 Arraiatoribus
545 1585 708 1616 Hominum
727 1583 763 1614 ad
781 1583 888 1624 Arma,
908 1584 942 1616 &
972 1584 1184 1624 Sagittariorum
1206 1586 1235 1616 in

236 1626 390 1656 >Commu
407 1624 633 1662 Suthamptoniae
640 1647 650 1662 ,
659 1623 791 1654 Salutem.

206 1665 283 1702 Qia
303 1674 355 1702 pro
373 1672 452 1694 certo
472 1663 621 1694 didicimus
637 1661 715 1700 quod
735 1660 849 1692 Inimici
867 1661 954 1693 nostri
972 1662 1008 1693 de
1024 1663 1236 1700 Francia,cum

169 1703 350 1734 multitudine
365 1701 529 1733 Hominum
541 1701 576 1732 ad
592 1701 698 1738 Arma,
721 1700 922 1739 Amicorum,
944 1701 1155 1737 Sagittariorum
1171 1724 1181 1740 ,
1203 1703 1236 1732 &

167 1742 299 1779 aliorum,
317 1740 456 1779 Equitum
476 1741 509 1772 ὃς
528 1739 680 1777 Peditum,
695 1749 762 1769 cum
783 1738 867 1777 Equis
884 1739 952 1777 suis,
975 1739 1052 1776 supra
1071 1740 1155 1770 Mare
1167 1763 1177 1778 ‚
1206 1740 1235 1770 in

167 1790 278 1817 magno
296 1779 427 1816 Navigio
445 1778 586 1810 adtualiter
599 1778 657 1816 jam
676 1776 812 1815 existunt,
831 1778 864 1809 &
881 1777 1016 1817 Regnum
1031 1777 1160 1808 nostrum
1176 1779 1235 1809 An-

166 1819 232 1859 gliae
248 1817 323 1856 apud
338 1817 543 1855 Surbampron,
558 1817 602 1847 vel
620 1816 814 1853 Portesmuth‚
830 1824 876 1846 aut
895 1815 1093 1847 Sandewicum
1103 1840 1111 1855 ,
1127 1817 1172 1848 seu
1187 1816 1236 1847 ali-

167 1857 257 1895 cubi,
273 1857 322 1887 ubi
338 1856 457 1895 quietius
475 1857 508 1887 ὃς
527 1854 710 1886 commodius
727 1855 857 1894 expedire
875 1854 1151 1892 viderint,invadere
1168 1865 1234 1893 pro-

170 1903 299 1935 ponunt,
316 1895 350 1924 ad
368 1894 552 1932 Homicidia,
572 1893 821 1931 Depraedationes,
840 1892 1033 1930 Incendia,&
1047 1894 1097 1924 alia
1114 1894 1236 1924 Facino-

168 1945 214 1972 ra,
231 1944 296 1972 quae
313 1940 460 1971 poterunt,
479 1932 715 1971 perpetrandum,
733 1932 785 1964 nisi
802 1941 904 1962 eorum
926 1932 1041 1962 malitiae
1063 1932 1169 1963 virilius
1184 1942 1237 1964 oc-

168 1980 298 2005 curratur
759 1985 763 1987 -

206 2010 290 2048 Nos,
305 1994 432 2041 isolentes
448 2009 596 2040 Salvationi
611 2009 644 2040 &
668 2008 838 2039 Defensionl'
851 2008 923 2040 dieti
944 2008 1060 2048 Regni,
1077 2017 1174 2041 contra
1192 2009 1237 2040 di-

168 2049 232 2080 &os
247 2048 373 2081 Hostiles
395 2047 548 2087 Aggressus
570 2047 716 2078 diffitorum
742 2046 932 2078 Inimicorum
952 2048 1113 2079 nostrorum
1129 2071 1138 2087 ‚
1164 2058 1233 2080 cum

167 2088 253 2119 omni
268 2085 443 2118 solicitudine
461 2086 627 2124 providere,
642 2085 739 2123 vobis,
762 2086 790 2115 in
815 2085 885 2116 Fide
902 2086 936 2117 &
956 2087 1118 2126 Ligarius,
1135 2088 1238 2126 quibus

169 2127 254 2157 nobis
273 2125 425 2163 tenemini,
439 2125 472 2155 &
487 2124 536 2155 sub
549 2123 723 2154 forisfaetura
737 2125 872 2154 omnium
887 2134 949 2164 quae
972 2126 1054 2155 nobis
1075 2126 1237 2156 forisfacere

171 2165 311 2204 poteritis,
327 2162 509 2200 mandamus,
530 2161 682 2192 districtius
717 2171 754 2192 uo
775 2164 929 2199 poterimus
952 2163 1144 2203 injungentes,
1161 2163 1238 2204 quod

172 2203 284 2241 statim,
299 2202 361 2233 vifis
374 2200 568 2240 praesentibus,
581 2210 681 2231 omnes
728 2201 839 2232 omines
852 2201 887 2232 ad
902 2202 987 2233 Arma
997 2226 1006 2241 ,
1022 2204 1171 2241 Armatos,
1187 2204 1243 2234 Sa<

171 2242 314 2280 grumos,
331 2241 365 2272 &
381 2248 497 2271 caeteros
511 2239 657 2270 Homines
673 2239 870 2279 defensabiles,
884 2241 942 2271 tam
959 2241 1065 2273 Milites
1087 2243 1121 2273 &
1143 2243 1241 2272 Armi-

172 2290 273 2318 geros,
288 2279 374 2318 quam
395 2278 476 2317 alios,
492 2277 655 2308 Comitatus
670 2278 817 2317 praediffi,
834 2279 905 2310 infra
921 2279 1077 2311 Libertates
1095 2281 1128 2311 δε
1144 2289 1219 2311 extra
1228 2303 1239 2319 ,

172 2319 229 2351 sine
240 2318 373 2349 dilatione
385 2317 418 2348 &
440 2316 617 2347 excusatione
633 2317 857 2355 quibuscumque
878 2320 1093 2356 congregari&
1110 2320 1238 2358 arraiari,

211 2357 249 2388 Et
270 2366 337 2394 eos,
354 2356 392 2387 fic
406 2357 534 2387 arraiatos
549 2356 582 2386 &
602 2355 697 2386 Armis
712 2357 940 2393 competentibus
955 2359 1031 2388 bene
1049 2359 1190 2396 munitos,
1204 2360 1239 2389 ad

172 2395 303 2426 Costeras
324 2395 492 2432 maritimas,
507 2394 558 2425 ubi
575 2394 733 2432 periculum
748 2395 864 2433 aliquod
878 2405 912 2425 ex
926 2395 1088 2434 hujusmodi
1104 2396 1239 2427 Hostium

176 2432 362 2471 Aggreffibus
382 2433 500 2463 iminere
522 2434 672 2470 noveritis,
686 2433 716 2462 in
732 2432 880 2463 Comitiva
892 2434 982 2465 vestra
995 2434 1062 2465 duci
1078 2434 1202 2474 faciatis,

212 2472 248 2504 Et
267 2471 374 2502 ibidem
389 2472 561 2509 moremini,
577 2482 629 2509 pro
642 2471 714 2502 salva
727 2471 866 2503 Custodia
880 2473 1000 2510 partium
1018 2474 1179 2504 earumdem
1189 2473 1240 2513 ,ad

175 2509 357 2543 resistendum
378 2509 481 2540 eisdem
496 2509 624 2540 Inimicis
638 2509 754 2549 nostris,
770 2511 790 2541 fi
805 2510 897 2541 Partes
911 2511 965 2541 illas
981 2512 1145 2551 invaserint,
1163 2513 1240 2551 quod

174 2550 259 2587 absit,
273 2549 306 2579 &
319 2548 353 2579 ad
367 2547 440 2585 ipsos
454 2548 671 2592 expugnandum
681 2571 690 2587 ,
709 2549 886 2587 ipsorumque
902 2549 1154 2589 praesumptuosam
1173 2551 1243 2582 Ma-

174 2589 280 2625 utiam,
295 2596 362 2617 cum
379 2586 437 2617 Dei
457 2587 617 2625 adjutorio,
631 2587 866 2626 propulsandum,

213 2626 336 2665 Taliter,
350 2625 379 2655 in
393 2624 451 2656 hoc
472 2625 652 2658 Neceffitatis
667 2626 814 2664 Articulo,
830 2636 881 2657 vos
894 2625 1042 2666 habentes,
1055 2627 1135 2666 quod
1150 2626 1243 2658 Partes

176 2665 320 2704 praedictae
339 2674 354 2694 a
373 2662 506 2697 Periculis
518 2665 653 2695 omnibus
676 2674 724 2702 per
738 2664 859 2694 vestram
876 2664 1044 2697 Industriam
1059 2669 1092 2698 &
1108 2666 1242 2703 Diligen-

175 2704 244 2733 tiam
258 2702 473 2770 praegerventur²
489 2703 523 2734 &
541 2712 575 2733 ex
591 2703 648 2734 hoc
662 2703 751 2736 vester
768 2702 872 2734 Gestus
887 2705 917 2734 in
937 2704 990 2735 hac
1015 2712 1089 2743 parte
1104 2713 1242 2735 mereatur

178 2750 313 2772 commen
334 2750 381 2770 ari.

181 2777 303 2849 MTesie
317 2777 456 2816 Thomfi,
472 2777 542 2809 Filio
557 2778 656 2810 nostro
671 2778 910 2818 cariffimo,apud
925 2779 1186 2811 westm.secund0
1197 2781 1245 2812 die

221 2825 290 2848 artu.

677 2857 730 2885 Per
748 2855 830 2895 ipsicm
848 2855 984 2896 Custodem
999 2854 1037 2892 &⁶
1053 2856 1205 2888 Concilium.

214 2932 382 2965 Consimilia
396 2932 493 2964 Brevia
508 2933 668 2970 diriguntur
683 2933 889 2965 Arraiatoribus
902 2932 1069 2967 Hominum
1083 2934 1118 2966 ad
1131 2934 1222 2966 Arma
1231 2958 1242 2974 ,

178 2973 242 3006 &c.
257 2974 288 3004 in
304 2971 497 3003 Comitatibus
514 2971 692 3012 subscriptis,
709 2972 770 3004 &c.

205 3100 255 3132 De
271 3100 400 3132 Nunciis
423 3101 521 3145 Papa,
547 3097 591 3132 ad
609 3096 805 3132 trac'bandum
816 3098 908 3146 fitper
923 3102 1019 3142 Pace,
1044 3098 1206 3143 destinam.

207 3183 392 3214 Nnocentius
414 3183 572 3221 Episcopus
593 3207 603 3222 ‚
635 3183 738 3215 Servus
757 3184 910 3215 Servorum
932 3184 1013 3222 Dei,
1049 3185 1191 3216 carissimo
1212 3187 1243 3216 in

227 3221 344 3252 Christo
360 3221 433 3252 Filio
448 3221 588 3252 Edwardo
597 3245 607 3261 ,
620 3222 701 3260 Regi
715 3223 828 3260 Angliae
843 3223 958 3262 Illustri,
972 3223 1095 3254 Salutem
1110 3225 1143 3255 δε
1160 3226 1241 3263 Apo-

180 3259 309 3292 stolicam
325 3259 564 3290 Benedictionem.

152 3312 176 3325 0
219 3298 300 3329 Cum
319 3299 401 3336 Nos,
414 3298 448 3328 ad
464 3297 568 3328 Pacem
587 3298 620 3328 &
641 3297 837 3330 Concordiam
853 3301 925 3330 inter
938 3300 1144 3333 Excellentiam
1164 3310 1242 3333 tuam

44 3356 85 3378 Ex
103 3353 160 3379 Au-

181 3337 234 3375 &,
246 3337 382 3367 dile&um
402 3337 521 3374 Filium,
540 3335 684 3366 Nobilem
704 3337 824 3375 Virum,
851 3337 986 3369 Carolum
1017 3340 1135 3370 Ducem
1157 3340 1241 3371 Nor-

181 3377 322 3413 manm'ae,
333 3375 448 3406 andstore
463 3374 612 3413 Domino,
627 3374 858 3415 reformandam,
870 3377 903 3407 &
918 3377 953 3407 ad
966 3377 1016 3408 alia
1032 3388 1136 3416 magna
1150 3379 1183 3410 &
1199 3390 1243 3410 ar-

181 3414 235 3446 dua
248 3413 396 3443 vobiscum
410 3413 553 3444 tra&anda
567 3414 680 3450 negotia
689 3436 699 3451 ‚

221 3451 356 3490 Quorum
371 3461 423 3488 pro
438 3452 601 3482 exaltatione
614 3452 653 3482 tui
668 3453 810 3490 nominis,
823 3453 857 3484 &
869 3452 976 3484 honore
991 3453 1068 3493 Dei,
1082 3465 1116 3486 ac
1131 3455 1242 3486 Sanctae

182 3491 283 3524 Matris
306 3489 453 3526 Ecclesiae,
468 3490 584 3526 Sponsae
602 3490 674 3528 suae,
690 3500 723 3521 ac
742 3491 834 3521 Salute
855 3492 915 3521 tam
938 3493 1107 3525 Animarum
1123 3516 1133 3531 ‚
1157 3494 1242 3531 quam

181 3530 347 3567 Corporum
367 3525 474 3570 Christi
488 3527 643 3566 Fidelium,
656 3530 690 3560 &
711 3529 924 3567 Tranquillitate
939 3538 1102 3568 temporum
1118 3555 1127 3569 ,
1154 3532 1242 3563 finem

179 3577 309 3637 opatum
330 3565 539 3604 expectawmus
551 3566 652 3598 diutius
666 3567 816 3606 consequi,
831 3568 864 3599 &
879 3569 1018 3599 continuis
1038 3569 1174 3600 desiderils
1193 3579 1242 3601 ex·

201 3618 216 3638 e
248 3615 324 3637 amus

180 3616 200 3647 P
220 3628 349 3676 Dileeto's
368 3642 471 3680 Filios,
490 3641 661 3682 Andrynum
680 3643 820 3674 Abbatem
837 3643 1074 3684 Cluniacensem,
1088 3647 1121 3678 δε
1136 3645 1244 3686 Hugo-

184 3694 251 3715 nem
268 3683 303 3713 de
321 3682 463 3713 Gebenna
486 3679 629 3719 Militem,
651 3681 815 3712 Dominum
844 3683 879 3713 de
900 3683 1017 3714 Hauton
1034 3707 1044 3722 ,
1068 3685 1242 3722 Apostolicae

183 3723 264 3753 Sedis
279 3721 435 3758 Nunctos,
450 3718 483 3749 ad
496 3727 571 3749 tuam
586 3719 619 3749 &
633 3718 704 3748 dieti
720 3719 812 3750 Ducis
827 3721 1000 3757 praesentiam
1021 3723 1179 3753 duxerimus
1194 3724 1244 3754 de-

186 3760 345 3798 stinandos,
361 3759 442 3790 Viros
454 3758 548 3795 utique
565 3757 658 3787 multae
673 3756 846 3788 discretionis
860 3759 893 3790 &
929 3760 1108 3798 rovidentiae,
1126 3763 1166 3792 tui
1180 3763 1245 3793 Ho-

187 3799 262 3829 noris
279 3799 394 3836 avidos,
410 3797 442 3827 &
460 3796 613 3826 commodi
629 3794 733 3833 publici
748 3818 758 3833 ‚
787 3797 890 3827 ratione
937 3799 992 3828 acis
1014 3799 1047 3830 &
1068 3798 1243 3831 Concordite

188 3836 362 3875 hujusmodi,
368 3836 501 3866 zelatores
509 3858 518 3873 ,

221 3874 403 3904 Serenitatcm
416 3882 493 3904 tuam
509 3881 655 3911 rogamus,
670 3874 703 3904 &
720 3882 769 3912 per
782 3872 886 3903 viscera
900 3873 1097 3906 misericordiae
1118 3876 1177 3907 Dei
1193 3888 1247 3908 no-

187 3912 236 3943 stri
255 3913 384 3942 attentius
406 3912 591 3950 deprecamur
601 3933 610 3948 ‚
626 3913 752 3949 quatinus
765 3910 856 3941 dietos
873 3911 1022 3951 Nuncios,
1036 3924 1088 3951 pro
1103 3915 1198 3946 nostra
1213 3917 1246 3947 &

187 3949 361 3988 Apostolicae
375 3950 453 3980 Sedis
466 3949 635 3989 reverentia,
652 3950 777 3986 benigne
796 3948 943 3987 suscipiens
958 3973 968 3989 ,
992 3951 1197 3990 Benignitatem
1213 3965 1247 3986 ac

189 3988 439 4020 Mansuetudinem
454 3988 581 4026 Regiam
593 3989 654 4026 jam
670 3988 785 4019 tandem
804 3987 838 4018 ad
856 3997 904 4026 ea,
920 3999 984 4026 quae
1000 3989 1115 4022 Nuncii
1131 3993 1180 4030 ipsi
1195 3995 1248 4024 tibi

189 4037 251 4096 pr}
259 4025 449 4096 partIeHnolifri}
457 4027 622 4066 exponenda
635 4027 780 4065 duxerint,
793 4025 970 4065 Populorum
989 4027 1100 4060 Christi
1121 4030 1248 4062 fidelium

247 4076 298 4096 om.
361 4087 367 4094 .
409 4087 415 4093 .
450 4085 456 4093 .

1299 134 1773 179 PUBLICA.
2250 151 2331 190 195

1269 222 1304 254 &
1318 221 1466 259 Sanguinis
1480 221 1681 252 Innocentium
1696 221 1855 261 miseratus,
1868 222 2000 262 inclines,
2013 221 2173 261 eisdemque
2182 244 2191 261 ,
2204 229 2235 253 ut
2248 232 2335 253 com-
2358 222 2433 254 Ann.
2448 223 2489 256 D:

1269 259 1349 290 missa
1365 270 1414 297 per
1429 271 1481 290 nos
1495 260 1599 290 eisdem
1613 260 1759 291 liberaliter
1774 262 1809 291 &
1825 260 1939 291 fideliter
1955 263 2051 299 exequi
2069 260 2241 298 valeant,de
2253 261 2331 290 secu·
2378 265 2463 302 1360.

1270 309 1303 367 rso
1324 297 1482 365 glondudtu
1503 298 1647 337 provideat
1670 307 1705 329 ac
1733 297 1820 329 fidem
1843 299 1956 336 praestet
1984 300 2129 331 indubiam
2151 299 2245 337 Regia
2267 298 2336 329 Cel·
2354 302 2421 329 Edv.
2440 311 2468 338 3.

1283 345 1323 367 itu
1343 345 1370 365 o.

1308 373 1374 405 Dat.
1383 374 1518 406 Avinion.
1531 375 1570 406 iv.
1587 373 1672 405 Non.
1683 373 1800 413 Martii,
1810 373 1998 406 Pontificatfis
2010 375 2100 406 nostri
2117 375 2204 407 Anno
2218 375 2335 407 octavo.

2027 450 2078 489 Jo.
2098 452 2130 481 de
2147 450 2298 483 Florentia.

1951 489 2006 520 Sub
2025 489 2091 519 Filis
2106 490 2298 520 Cannabaceis.

1295 611 1323 638 ³³?
1349 615 1442 658 Super
1464 612 1610 645 DuHione
1626 612 1817 658 Adverfhrii
1831 617 1867 651 (ᾖν
1887 625 2054 648 caeterorum
2071 610 2314 661 Prtfi’nariorum
2375 623 2395 644 ⁸*
2405 625 2457 654 VI.

1568 659 1604 693 de
1629 663 1780 703 Francia,
1804 661 1839 694 de
1854 662 2041 697 intendendo.
2383 664 2445 690 ¹⁶¹·

1271 743 1399 798 REX
1424 744 1736 783 Vicecominbus,&c.
1772 745 1905 777 Salutem.
2355 755 2432 787 Ann,
2448 754 2489 786 D,

1364 783 1463 812 Sciatis
1486 783 1599 820 quod,
1638 792 1672 812 ex
1696 783 1780 813 certis
1792 783 1984 825 Rumoribus,
1999 785 2058 822 ὠς.
2070 793 2153 826 prout
2171 787 2203 818 de
2225 790 2300 818 Dat.
2317 795 2330 817 1
2376 794 2462 834 13⁶0·

1272 821 1395 857 Martii,
1410 820 1488 860 usque
1502 820 1559 849 haec
1574 820 1680 856 verha5
1700 825 1760 851 viz.
2355 837 2409 860 An,
2429 843 2474 870 34,

1310 857 1347 887 Et
1366 858 1401 888 ad
1421 867 1495 888 certa
1510 858 1590 896 loca,
1605 858 1639 888 ad
1663 859 1720 903 hoc
1743 860 1887 899 ordinata,
1907 862 2059 902 ducantur,
2081 863 2187 894 ibidem
2202 864 2336 895 moraturi
2357 876 2387 899 Ε,
2410 880 2437 908 3,

1273 896 1414 934 quousque
1426 897 1463 927 de
1482 896 1551 927 salva
1573 896 1700 927 custodla
1720 899 1887 929 eorumdem
1902 900 1978 931 aliter
1995 901 2079 932 fuerit
2091 902 2252 932 ordinatum
2359 914 2414 939 pat.
2426 919 2473 946 34.

1310 934 1348 965 Et
1366 936 1444 973 super
1464 935 1521 966 hoc
1539 935 1736 980 assignavimus
1753 939 1786 969 &
1806 937 2001 975 deputavimus
2015 962 2026 978 ,
2048 940 2165 970 dilectos
2187 941 2221 971 &
2246 925 2339 970 fi'deles
2360 953 2388 976 E.
2401 958 2426 984 3,
2447 954 2472 984 ρ,

1272 972 1399 1012 nostros,
1415 974 1595 1017 Radulphum
1617 974 1791 1018 Spigournell
1814 976 1848 1006 ὅτ.
1872 976 2019 1020 Thomam
2040 978 2076 1008 de
2097 978 2227 1022 Baddeby
2244 976 2337 1008 Cleri·
2362 995 2385 1014 1,
2400 995 2492 1014 m.22-

1273 1013 1579 1095 ffiroffiss'ssigssssffig
1595 1012 1758 1090 gr‘ae‘ciiiissffi
1764 1037 1785 1095 }¹
1799 1014 2338 1091 3⁶1¹&ss{iffioAiev‘s‘gssnnfflnffZffirssiss
2362 1026 2388 1053 ‘¹'

1274 1089 1337 1119 loca
1353 1089 1486 1133 praediola
1500 1089 1549 1120 sub
1563 1061 1634 1120 salira
1649 1089 1788 1121 Custodia
1799 1090 1976 1130 ducendum,
1997 1094 2030 1124 ὃς
2053 1103 2106 1133 pro
2125 1103 2206 1123 mora
2225 1092 2271 1122 sua
2285 1092 2339 1122 ibi-

1273 1128 1340 1158 dem
1361 1127 1566 1166 ordinandum,

1310 1165 1347 1196 Et
1368 1166 1435 1196 ideo
1459 1167 1541 1196 vobis
1556 1189 1565 1204 ,
1593 1166 1627 1196 &
1647 1167 1763 1198 cuilibet
1780 1166 1924 1206 vestrslm,
1946 1168 1995 1199 sub
2018 1169 2189 1200 forisfactura
2205 1169 2340 1199 omnium

1275 1214 1338 1242 quae
1360 1206 1444 1235 nobis
1466 1204 1624 1235 forisfacere
1637 1207 1778 1243 poteritis,
1794 1207 1957 1237 mandamus
1970 1230 1980 1245 ‚
2001 1207 2117 1238 firmiter
2145 1209 2341 1246 injungentes,

1275 1241 1353 1280 quod
1374 1242 1496 1282 eisdem,
1512 1242 1665 1281 Radulpho
1680 1245 1713 1274 ὃ(
1728 1244 1875 1283 Thomna,
1891 1248 1923 1277 &
1939 1256 2039 1276 eorum
2055 1247 2130 1276 alteri
2140 1248 2184 1284 ,in
2202 1246 2340 1276 duetione

1275 1281 1346 1311 dieti
1363 1281 1519 1312 Adversarii
1540 1281 1627 1312 nostri
1651 1283 1684 1313 &
1700 1282 1818 1312 aliorum
1842 1282 2065 1314 Prisonariorum
2102 1284 2302 1322 raedicstorum,
2324 1294 2341 1314 a

1275 1319 1358 1349 dieto
1373 1319 1474 1361 Castro
1496 1320 1532 1349 de
1546 1321 1698 1350 Somerton
1714 1321 1798 1358 usque
1820 1321 1869 1352 alia
1891 1322 1955 1353 loca
1979 1323 2065 1360 predi
2085 1326 2110 1353 ta
2125 1346 2134 1361 ‚
2165 1322 2341 1353 intendentes

1276 1358 1344 1394 fitis,
1360 1358 1554 1394 respondentes
1568 1359 1601 1389 ὅτ.
1617 1359 1775 1390 auxiliantes
1781 1359 1831 1397 ,δεῖ
1845 1361 1884 1390 eis
1900 1362 2055 1399 cariagium
2065 1384 2075 1399 ,
2086 1360 2146 1396 ὠς.
2161 1369 2242 1400 prout
2253 1359 2340 1400 fitpra

1278 1395 1442 1464 desswfata
1457 1399 1529 1426 Dat.

1349 1435 1577 1503 ffflttssshficffbde
1593 1473 1730 1511 praediCto
1743 1473 1816 1512 apud
1836 1474 1879 1504 W
1881 1474 1961 1504 estm.
1980 1476 2086 1507 octavo
2101 1475 2146 1507 die
2163 1475 2270 1507 Martii.

1766 1543 1819 1571 Per
1841 1543 1924 1582 ipsum
1940 1542 2078 1583 Custodem
2095 1542 2133 1578 ὠ
2153 1543 2307 1574 Concilium.

1278 1664 1446 1699 Indentura
1472 1665 1508 1699 de
1529 1668 1656 1713 Trcugis
1679 1665 1873 1700 triennalibus
1895 1667 2071 1714 Burgundiae
2098 1670 2180 1700 Duci
2201 1666 2345 1710 conctffi's,

1390 1722 1426 1752 ὠ*
1449 1714 1485 1747 de
1503 1714 1635 1747 ducentis
1654 1714 1777 1748 milibus
1795 1717 1975 1748 Multomm
1996 1720 2068 1762 Regi
2078 1715 2241 1761 fhlverzdis.

2370 1812 2447 1843 Ann.
2463 1811 2503 1842 D.

1279 1798 1456 1869 CESTE
1482 1799 1785 1841 ENDENTURE,

2399 1851 2485 1892 1360.

1380 1838 1454 1869 Faite
1471 1847 1597 1876 parentre
1615 1849 1684 1869 nous
1701 1839 1841 1878 Edward,
1864 1850 1909 1878 par
1929 1839 1953 1871 la
1977 1850 2062 1878 grace
2076 1840 2112 1870 de
2128 1840 2222 1879 Dieu,
2239 1839 2297 1870 Roi
2313 1840 2349 1871 dc

1280 1876 1390 1906 France
1408 1878 1441 1907 ὃς
1457 1877 1648 1912 d⁷Engleterre
1662 1877 1744 1908 d'une
1760 1878 1844 1917 Part,
1859 1880 1892 1910 &
1908 1879 1932 1909 le
1949 1879 2016 1909 Duc
2033 1880 2069 1908 de
2084 1879 2280 1918 Bourgoigne,
2297 1889 2348 1916 pur
2370 1896 2459 1919 franc.

1281 1915 1334 1944 Lui
1350 1916 1383 1946 &
1400 1925 1449 1952 pur
1465 1915 1504 1946 les
1520 1915 1643 1946 Duchee
1655 1917 1688 1946 &
1703 1916 1835 1947 Countee
1847 1919 1882 1947 de
1896 1917 2099 1955 Bourgoigne,
2119 1919 2151 1948 &
2168 1928 2220 1956 pur
2236 1918 2261 1948 la
2277 1917 2348 1948 Bail-
2371 1940 2382 1966 3
2388 1941 2416 1964 4·
2431 1933 2460 1956 13.
2479 1937 2507 1964 3·

1278 1953 1341 1990 lage
1354 1952 1465 1991 d'IileS,
1484 1955 1517 1985 δε
1536 1964 1586 1991 pur
1604 1954 1643 1984 les
1661 1954 1759 1985 Gentz
1777 1955 1814 1985 de
1834 1957 1962 1986 meismes
1984 1956 2021 1985 les
2037 1955 2175 1995 Ducliee,
2197 1955 2347 1995 Countee,
2369 1976 2505 2007 p-3.m·2·

1279 1992 1313 2023 &
1327 1991 1465 2030 Baillage,
1480 1992 1649 2023 demorantz
1662 2003 1699 2023 en
1715 1994 1815 2033 yceulx
1824 2017 1833 2032 ,
1846 1995 1950 2024 d’autre
1965 1993 2048 2032 Part,

1316 2031 1346 2059 T
1357 2039 1464 2060 asmo
1475 2039 1487 2060 1
1498 2039 1520 2060 G
1531 2039 1554 2061 N
1566 2040 1584 2061 E
1608 2031 1645 2062 les
1666 2031 1774 2062 Pointz
1795 2033 1829 2064 ὃς
1858 2032 1979 2063 Articles
1993 2055 2003 2070 ,
2033 2034 2132 2063 traitez
2153 2033 2186 2064 δε
2210 2033 2352 2065 accordez

1281 2077 1409 2106 parentre
1428 2068 1532 2107 Nous,
1549 2069 1609 2099 Roi
1632 2072 1665 2102 &
1690 2069 1758 2100 Duc
1780 2070 1898 2110 susditz‚
2089 2068 2095 2081 ¹

1318 2106 1342 2137 P
1352 2116 1376 2138 R
1386 2116 1398 2137 1
1407 2116 1435 2137 M
1445 2117 1462 2137 E
1474 2116 1497 2139 R
1509 2117 1527 2138 E
1538 2115 1566 2138 Μ
1577 2117 1595 2138 E
1607 2117 1629 2138 N
1639 2117 1662 2139 T
1672 2131 1681 2146 ,
1705 2119 1760 2147 que
1775 2119 1844 2139 nous
1859 2133 1869 2148 ,
1891 2109 2016 2140 avantdit
2039 2108 2097 2140 Roi
2106 2133 2116 2148 ,
2135 2120 2188 2148 pur
2208 2110 2294 2141 Nous
2317 2111 2351 2142 &

1281 2155 1334 2183 pur
1351 2154 1423 2176 touz
1438 2154 1496 2176 noz
1511 2146 1638 2186 Subgiz,
1654 2147 1754 2185 Aliez,
1768 2147 1911 2186 Aidantz,
1923 2148 2102 2186 Adherentz‚
2117 2150 2149 2179 &
2165 2148 2353 2187 ObeiffantZ,

1281 2193 1369 2214 avons
1383 2185 1506 2222 ortroie,
1521 2185 1554 2216 &
1572 2188 1730 2224 ottroions,
1745 2187 1833 2216 bones
1856 2187 1889 2217 ὃ(
1909 2186 2001 2216 loiales
2018 2187 2135 2216 Trieue:
2155 2187 2188 2217 &
2207 2186 2353 2218 Soeffran-

1283 2232 1329 2252 ces
1346 2222 1382 2253 de
1400 2222 1509 2254 Guerre
1527 2233 1555 2254 as
1572 2224 1754 2263 devantditz,
1778 2224 1847 2255 Duc
1863 2248 1873 2264 ,
1909 2225 2028 2255 Duchee
2044 2247 2054 2263 ,
2085 2226 2118 2256 &
2141 2224 2272 2256 Countee
2290 2248 2299 2264 ,
2319 2225 2355 2257 de

1282 2260 1481 2301 Bourgoigne,
1500 2263 1533 2293 &
1550 2273 1564 2292 a
1583 2262 1607 2292 la
1628 2262 1748 2300 Baillage
1763 2262 1875 2301 d'Isses,
1897 2264 1930 2293 &
1952 2274 1967 2293 a
1988 2272 2077 2294 toutes
2096 2264 2133 2292 les
2152 2264 2284 2294 Persones
2302 2264 2352 2294 de-

1283 2309 1414 2330 morantz
1432 2302 1465 2332 ὃς
1485 2301 1630 2332 habitantz
1644 2311 1680 2331 en
1701 2301 1816 2342 yceulx‚
1835 2302 1869 2332 &
1889 2301 2010 2332 dedeinz
2028 2302 2066 2332 les
2086 2301 2180 2332 Metes
2200 2305 2234 2335 ὃς
2254 2302 2352 2333 Boun-

1283 2337 1331 2368 des
1348 2339 1385 2370 du
1403 2339 1443 2369 dit
1459 2339 1592 2370 Duchee.

1321 2376 1357 2407 Et
1373 2377 1504 2408 dureront
1522 2378 1560 2408 les
1576 2379 1646 2409 dites
1663 2378 1845 2417 Trieues,du
1858 2379 1925 2417 jour
1943 2378 1978 2409 de
1995 2377 2021 2408 la
2043 2377 2118 2409 Date
2133 2378 2169 2409 de
2185 2378 2355 2418 cestes,tan-

1285 2425 1338 2453 que
1353 2425 1368 2445 a
1383 2416 1407 2446 la
1417 2416 1456 2445 fin
1471 2416 1507 2446 de
1522 2418 1588 2446 trois
1611 2418 1677 2448 Anz
1691 2418 1842 2455 procheins
1858 2428 1873 2447 a
1889 2418 1978 2447 venir.

1320 2453 1356 2484 Et
1378 2464 1476 2495 parmy
1491 2455 1529 2485 les
1544 2456 1696 2486 avantdites
1710 2456 1828 2485 Trieues
1842 2457 1875 2487 &
1893 2454 2128 2494 Soeffiances,&
2143 2456 2209 2486 auffi
2225 2467 2275 2495 pur
2290 2466 2357 2487 cau-

1284 2491 1310 2522 se
1326 2502 1379 2530 que
1392 2503 1463 2523 nous
1476 2493 1582 2523 ferrons
1597 2494 1695 2524 liverer
1709 2505 1743 2524 au
1758 2495 1800 2524 dit
1813 2494 1880 2524 Duc
1895 2495 1920 2524 la
1938 2494 2011 2524 Ville
2025 2495 2060 2524 de
2076 2496 2227 2535 Flavigny,
2244 2496 2290 2525 oui
2314 2495 2355 2525 est

1286 2533 1461 2561 maintenanr
1482 2542 1594 2569 occupe
1619 2543 1666 2570 par
1690 2541 1749 2562 noz
1773 2532 1872 2563 Gentz
1889 2555 1899 2570 ,
1919 2532 1944 2562 le
1969 2533 2008 2562 dit
2028 2533 2095 2563 Duc
2116 2534 2150 2563 de
2170 2534 2356 2571 Bourgoigne

1285 2571 1391 2607 paiera,
1408 2580 1447 2600 ou
1466 2569 1536 2600 ferra
1555 2571 1647 2608 paier,
1661 2581 1675 2601 a
1690 2570 1790 2608 Nous,
1813 2581 1851 2601 ou
1865 2581 1879 2601 a
1896 2581 1954 2601 noz
1977 2571 2061 2601 l-leirs
2076 2594 2084 2609 ,
2106 2582 2143 2602 ou
2159 2583 2173 2602 a
2190 2572 2262 2602 celui
2278 2573 2325 2610 qui
2339 2583 2355 2603 a

1285 2618 1319 2639 ce
1339 2609 1392 2638 sera
1409 2607 1525 2645 Depute
1540 2608 1735 2646 especialment
1749 2609 1834 2647 depar
1850 2609 1951 2648 Nous,
1973 2619 2008 2639 en
2030 2610 2054 2640 la
2076 2610 2147 2640 Ville
2162 2611 2197 2641 de
2213 2610 2358 2649 Caleys,ii

1285 2645 1336 2676 elle
1352 2646 1403 2676 soit
1417 2645 1511 2676 adone
1528 2647 1563 2676 de
1580 2647 1809 2686 l'Obbeissance,
1828 2658 1865 2678 ou
1889 2658 1925 2677 en
1947 2649 1971 2678 la
1990 2648 2136 2687 Seignurie
2152 2672 2162 2687 ,
2184 2649 2358 2687 Posseffion,

1285 2685 1318 2715 &
1341 2684 1489 2715 Puiffance
1503 2685 1538 2715 de
1552 2684 1658 2724 Nous,
1673 2695 1712 2716 ou
1729 2686 1765 2716 de
1783 2694 1842 2716 noz
1861 2686 1966 2725 Heirs,
1984 2688 2017 2718 &
2035 2696 2191 2718 autrement
2211 2698 2245 2717 en
2264 2688 2287 2718 la
2302 2686 2356 2717 Ci-

1286 2731 1328 2753 tee
1349 2724 1383 2753 de
1403 2722 1553 2754 Loundres
1569 2746 1578 2762 ‚
1599 2725 1672 2755 deux
1690 2733 1777 2755 centz
1796 2725 1856 2754 mill
1875 2725 1983 2755 deniers
2000 2724 2074 2755 d'Or
2086 2747 2096 2763 ,
2119 2736 2156 2755 ou
2186 2725 2358 2764 Moutouns,

1286 2760 1335 2791 des
1358 2761 1452 2792 droitz
1468 2761 1540 2803 Poys
1559 2764 1593 2794 ὃς
1611 2763 1699 2803 Coyn
1722 2763 1758 2792 de
1787 2762 1893 2793 France
1919 2786 1929 2802 ,
1966 2765 1999 2794 &
2025 2764 2059 2793 de
2078 2764 2102 2792 la
2121 2764 2209 2795 Value
2228 2775 2281 2802 que
2301 2765 2359 2795 tieu

1287 2799 1417 2831 Mouton
1434 2799 1508 2830 d'Or
1523 2810 1606 2832 court
1624 2812 1657 2831 au
1674 2801 1781 2839 present
1799 2812 1831 2831 au
1852 2802 1984 2832 Roialme
2002 2801 2037 2831 de
2064 2802 2169 2833 France
2183 2826 2193 2841 ,
2217 2812 2256 2832 ou
2281 2811 2357 2833 autre

1288 2837 1333 2868 Or
1351 2850 1366 2870 a
1384 2839 1409 2869 la
1427 2839 1522 2877 value,
1543 2849 1569 2869 as
1588 2848 1689 2870 termes
1707 2839 1927 2879 desouzescritz,
1941 2839 2133 2878 cestasiavoir,

1324 2877 1350 2907 A
1368 2876 1394 2908 la
1414 2877 1493 2908 Feste
1514 2878 1591 2908 Seint
1606 2878 1701 2916 Johan
1718 2878 1744 2908 le
1763 2878 1896 2916 ss.³ptistre
1919 2901 1929 2917 ,
1967 2879 2105 2916 prochein
2126 2889 2141 2908 a
2160 2879 2239 2910 venir
2251 2902 2261 2918 ,
2288 2889 2360 2919 cyn-

1288 2925 1389 2954 quante
1408 2916 1467 2945 mill
1495 2915 1653 2954 Moutons,

1289 2954 1379 3022 MEt,
1398 2964 1413 2984 a
1430 2954 1456 2985 la
1471 2954 1550 2985 Feste
1567 2954 1602 2984 de
1622 2954 1704 2986 Noel
1723 2977 1733 2993 ,
1765 2954 1860 2985 adonc
1881 2953 2022 2992 prochcin
2041 2954 2155 2985 ensuant
2168 2978 2177 2993 ,
2206 2963 2272 2987 cent
2300 2955 2360 2986 mill

1330 3002 1430 3023 outons

1324 3031 1412 3100 *firma
1432 3016 1556 3072 l’abFeste
1573 3031 1608 3061 de
1624 3030 1740 3070 Pasqes,
1757 3031 1860 3062 dessors
1880 3032 2017 3069 prochein
2041 3028 2154 3062 ensuant
2167 3055 2176 3070 ,
2202 3040 2359 3072 cynquante

1288 3079 1330 3099 mi
1403 3078 1506 3100 outons

1325 3108 1378 3147 Et,
1400 3119 1451 3146 pur
1467 3093 1586 3148 parsaire
1601 3109 1666 3138 bien
1682 3110 1716 3140 ὃς
1732 3108 1878 3139 loialment
1892 3108 1929 3138 les
1946 3108 2109 3138 devantditz
2125 3108 2357 3149 Paiententzfflar

1288 3157 1401 3177 manere
1421 3157 1507 3182 come
1520 3147 1551 3176 ils
1567 3147 1628 3177 sont
1645 3158 1691 3184 par
1715 3147 1791 3178 desus
1810 3148 1922 3177 limitez
1938 3170 1946 3185 ,
1974 3147 1999 3176 le
2022 3146 2089 3176 Duc
2114 3147 2149 3176 de
2174 3146 2356 3185 Bourgoigne

1287 3186 1450 3224 devantdit,
1466 3185 1498 3216 &
1514 3185 1580 3216 auffi
1595 3186 1633 3216 les
1646 3185 1758 3216 Pielatz
1771 3186 1995 3224 desouzescritz3
2010 3185 2204 3222 cestaffivoir,

1324 3263 1378 3295 Les
1395 3263 1529 3302 Evesqes,
1845 3267 1890 3295 De
1908 3263 2010 3303 Ostun,

1322 3307 1369 3333 De
1388 3302 1509 3340 chalam,
1844 3306 1889 3333 De
1916 3303 2018 3340 Dzjon,

1323 3344 1365 3372 Et
1384 3342 1416 3370 de
1431 3340 1535 3380 Ostun,
1844 3344 1889 3370 De
1908 3340 2044 3377 Beam'ne,

1324 3380 1360 3410 Et
1379 3379 1416 3409 les
1432 3380 1545 3418 AbbeS‚
1843 3381 1889 3408 De
1903 3383 1995 3408 Seiver
2004 3400 2013 3415 ‚

1322 3421 1368 3448 De
1386 3421 1461 3447 Seint
1477 3421 1612 3456 Benigne,
1632 3416 1663 3445 de
1676 3416 1781 3455 Dijon‚

1324 3460 1368 3487 De
1385 3460 1462 3486 Seint
1482 3459 1610 3493 Martm,
1626 3455 1750 3493 Dostun,

1323 3499 1367 3525 De
1385 3498 1460 3525 Seint
1479 3497 1588 3532 Pierre,
1613 3494 1644 3522 de
1665 3493 1785 3530 chalon,

1323 3536 1368 3563 De
1386 3537 1462 3563 Seint
1480 3536 1569 3570 Segne
1577 3554 1587 3570 ,
1603 3532 1636 3561 de
1651 3532 1802 3572 flavigny,

1320 3573 1339 3592 ³¹¹
1358 3575 1402 3602 De
1421 3575 1548 3609 Tornuz,

1323 3614 1368 3641 De
1386 3609 1516 3650 Cisteaul,

1321 3652 1365 3679 De
1386 3652 1548 3688 Fontenoys,

1323 3690 1368 3717 De
1387 3686 1515 3725 fllaiftres
1523 3708 1533 3724 ,

1323 3728 1367 3755 De
1383 3724 1412 3754 la
1430 3729 1526 3760 Forte,

1323 3766 1369 3793 De
1387 3763 1414 3792 la
1433 3764 1556 3801 Buſjere,
1841 3763 1954 3790 Henriz
1974 3762 2006 3790 de
2021 3764 2048 3790 V
2048 3765 2140 3797 imme,
2161 3762 2219 3790 Sire
2242 3760 2275 3790 de
2297 3764 2358 3792 Mi-

1324 3804 1368 3831 De
1387 3800 1565 3841 Clmstoillon,
1879 3799 1951 3828 rebel
1969 3811 2001 3829 en
2018 3802 2193 3837 Montaigne,

1326 3843 1371 3870 De
1395 3843 1470 3869 Seint
1499 3837 1628 3877 Estienne
1651 3835 1683 3864 de
1703 3835 1805 3874 Dijon,
1842 3837 1927 3875 Hugh
1942 3838 1993 3904 lde
2019 3841 2181 3873 filontaigne
2199 3859 2209 3875 ,
2247 3840 2305 3867 sire
2327 3839 2359 3869 de

1328 3881 1383 3908 Doi
1401 3890 1416 3905 n
1880 3879 1941 3905 Coit
1949 3886 1987 3903 π’)-

1328 3918 1370 3946 Et
1381 3889 1433 3945 {iay
1441 3901 1529 3944 Seinte
1557 3915 1733 3950 Margarite,
1846 3913 1968 3944 Gibaulz
1982 3915 2014 3943 de
2022 3911 2139 3950 Mellon,
2149 3916 2206 3942 Sire
2221 3912 2359 3953 Despoift,

1326 3953 1437 3985 Etauffi
1453 3957 1488 3984 les
1498 3952 1677 3982 Communes
1693 3952 1741 3981 des
1755 3949 1808 3981 Ci-
1845 3952 1938 3991 Jchan
1954 3974 1963 3989 ‚
1985 3955 2042 3980 sire
2063 3951 2095 3979 de
2110 3951 2276 3989 sonbernon,

1366 4001 1412 4023 tez
1426 3993 1459 4022 ὃ(
1474 3991 1522 4020 des
1535 3991 1623 4021 bones
1641 3989 1743 4028 vines,
1847 3994 1905 4028 Guy
1928 3990 1960 4019 de
1974 3988 2096 4019 Frouloes
2113 4012 2122 4026 ,
2149 3993 2207 4019 Sire
2228 3993 2361 4026 Darcees,

1327 4034 1372 4061 De
1391 4029 1512 4068 chalon,
1775 4064 1798 4095 B
1810 4067 1830 4096 b
1846 4028 1945 4097 gehon
1960 4050 1970 4066 ,
1997 4031 2055 4058 Sire
2076 4027 2108 4056 de
2128 4030 2235 4065 Senece,
2301 4060 2374 4098 Ges·

1844 3419 1889 3446 De
1907 3417 2058 3452 Montbar,

1843 3457 1885 3483 Et
1908 3455 1939 3483 de
1954 3452 2133 3493 chastoillon,

1842 3493 1881 3523 Et
1904 3493 2073 3522 nicntmains
2087 3493 2192 3529 quinze
2206 3491 2321 3524 Nobles

1876 3530 1911 3559 dc
1928 3530 2109 3568 Bourgoigne
2132 3530 2361 3571 desouznomez3

1877 3568 2074 3606 cestass'avoir,

1841 3607 1940 3636 otther
1959 3610 2015 3636 Sire
2033 3607 2065 3636 de
2085 3606 2238 3645 Grantfim,

1841 3645 1951 3685 Jaques
1958 3646 1989 3675 de
2000 3649 2101 3675 Vienne
2109 3668 2118 3683 ,
2125 3644 2181 3675 er'e
2189 3646 2220 3674 de
2228 3649 2324 3676 Louvi
2329 3672 2338 3685 ,

1841 3683 1926 3720 Hugh
1947 3684 1978 3712 de
1993 3687 2021 3713 V
2022 3688 2098 3714 ienne
2112 3707 2122 3722 ,
2153 3687 2210 3713 Sire
2229 3684 2261 3713 de
2280 3687 2358 3715 Seint

1879 3725 1979 3759 George
1988 3745 1997 3760 ,

2400 3585 2420 3605 *
2432 3588 2482 3613 vt.

2402 3627 2465 3653 162-
