2561 4251
43 176 119 206 Ann.
132 172 174 204 D.

66 221 151 252 1392.

44 255 99 283 Ric.
114 263 141 281 2.

47 542 65 559 ⁸
85 542 153 569 Vll.

48 589 113 618 734·

51 1138 127 1170 Ann.
138 1135 179 1167 D.

73 1185 160 1216 1392.

50 1222 103 1245 Aa.
124 1218 164 1243 16.

50 1260 80 1283 R.
102 1265 128 1283 2.

51 1295 119 1332 Vasc.
142 1294 184 1320 16.

52 1338 163 1361 R.2.m.

68 3286 84 3301 ‘
101 3285 167 3312 VII.

70 3332 134 3359 735-

68 3360 146 3391 Ann.
156 3360 197 3391 D.

91 3408 176 3438 1392.

68 3442 121 3465 Aa.
143 3440 185 3466 16.

71 3480 100 3502 R.
122 3485 145 3502 2.

70 3518 137 3540 Scot.
157 3515 198 3540 16.

71 3555 102 3578 R.
122 3562 149 3580 2.
163 3562 198 3580 m.

73 3599 102 3617 2.

192 91 243 130 82

189 186 262 208 num
282 173 413 206 nostrum
435 169 544 209 Angliae
559 194 568 206 ‚
594 177 661 199 cum
684 167 831 205 Sexaginta
854 165 1005 203 Equitibus
1020 186 1030 202 ‚
1055 165 1085 194 in
1101 162 1252 194 Comitiva

189 218 251 254 sua,
270 225 323 256 pro
338 214 420 243 certis
436 209 588 248 Negotiis,
606 205 810 244 Aaffversbrium
823 204 941 243 nostrum
956 206 1051 233 Scotiae
1064 203 1254 242 tangentibus,

190 265 276 296 penes
295 251 469 292 praesentiam
492 246 618 277 nostram
634 268 644 284 ,
668 245 728 275 tam
750 254 800 282 per
814 244 936 273 Terram
950 265 961 278 ,
979 242 1066 279 quam
1082 251 1131 279 per
1149 239 1253 277 Mare,

190 293 351 329 veniendo,
369 287 474 318 ibidem
490 283 629 316 morando
644 306 655 322 ,
680 285 713 315 ὃς
725 281 826 313 exinde
837 280 871 311 ad
886 280 980 310 Partes
995 279 1053 310 suas
1068 280 1192 320 proprias
1208 287 1254 322 re-

191 331 306 364 deundo
321 353 330 367 ‚
357 335 472 357 necnon
495 324 572 355 Bona
587 347 596 361 ,
621 323 681 354 Res
693 346 702 359 ,
730 322 764 352 &
778 320 915 351 Hernesia
931 319 976 349 sua
990 327 1197 357 quaecumque,
1218 325 1256 347 ita

192 371 273 409 quod
287 369 335 406 ipli
350 365 487 395 Civitates
508 364 541 394 δε
558 362 643 392 Villas
663 359 770 390 nostras
790 358 911 389 firmatas
927 359 1027 388 intrare
1041 357 1164 396 possint,
1182 365 1256 396 prae-

193 411 280 442 sentes
298 407 404 436 Literas
419 402 526 433 nostras
541 401 578 431 de
592 401 667 431 salvo
681 398 840 429 Conduetu
856 396 1017 436 Majoribus
1032 419 1042 436 ,
1062 395 1191 434 Bauivis‚
1208 394 1256 426 seu

194 443 440 480 Gubernatoribus
455 440 619 472 earumdem
634 436 833 468 monstrando:

229 486 271 516 Er,
286 483 353 513 ideo
375 481 458 512 vobis
479 479 652 510 Mandamus
668 475 748 514 quod
770 475 860 513 nasot,
875 474 1056 514 Johannem,
1074 472 1259 511 Henricum‚

189 524 353 564 Johannem
366 543 376 559 ‚
402 520 422 540 ²¹²
441 519 602 550 Henricum
622 539 631 555 ,
655 516 689 546 &
707 514 869 553 johannem
886 536 896 552 ,
922 514 1055 553 Qatuor
1070 536 1080 550 ,
1098 512 1189 549 Tres,
1208 512 1255 543 vel

196 564 281 594 Duos
292 569 412 597 eorum,
430 560 459 588 in
477 558 618 593 Regnum
633 553 764 584 nostrum
777 553 948 590 praedivitum
963 575 972 590 ‚
990 562 1059 582 cum
1073 550 1156 582 dictis
1169 550 1260 589 Equi-

196 603 284 640 tibus,
303 601 331 630 in
352 597 500 628 Comitiva
519 596 582 633 sua,
601 603 654 633 pro
675 592 811 631 Negotiis
830 591 983 630 praedictis,
1003 592 1032 620 in
1048 591 1142 620 forma
1155 589 1259 628 praedi-

196 642 257 678 Cla,
277 637 437 673 veniendo,
456 634 516 670 &aa
533 640 565 663 ut
579 637 607 663 in
618 631 752 673 fimilibus
764 631 796 660 de
811 632 949 660 Condullu
966 632 1081 659 Literis.

231 679 264 710 In
288 687 382 715 quuS,
401 677 462 707 ἃς.
481 683 497 703 a
517 673 564 704 die
585 672 750 703 Nativitatis
769 669 860 700 Beatae
878 669 980 700 Mariae
995 669 1132 706 proximo
1145 667 1262 705 futuro,

194 718 282 758 usque
296 715 412 747 Festum
428 713 572 744 Omnium
584 710 773 747 Simorum,
791 718 894 740 extunc
909 708 1047 747 proximo
1060 707 1194 746 sequens,
1212 716 1262 738 va-

191 758 281 789 lituras
297 756 329 786 &
342 753 492 783 duraturas.

231 794 321 826 Teste
335 792 418 832 Rege
431 790 505 830 apud
518 788 641 827 Castrum
654 788 685 818 de
700 785 874 828 llsyndefhre,
890 785 1026 818 vicesimo
1040 792 1141 825 quarto
1155 784 1201 816 die
1209 783 1263 824 Ju-

194 835 232 867 ιη’
891 866 944 894 Per
954 862 1036 903 ipfhm
1051 865 1157 900 Regem.

242 1004 291 1037 De
309 997 394 1046 Jure
415 999 502 1041 Regio
521 1022 530 1037 ,
558 1003 661 1026 contra
679 990 875 1024 Cardinalem
894 989 929 1023 de
945 991 1140 1033 Brancaciis,
1161 999 1218 1036 pro

425 1032 632 1090 Tzissmraria
649 1041 770 1077 Wllen.
793 1037 1035 1074 Manutenendo.

203 1132 320 1194 REX
349 1131 574 1170 Archicpiscopis
590 1154 600 1167 ,
621 1127 766 1167 Episcopis
779 1150 789 1164 ‚
806 1125 981 1163 Abbatibus,
999 1125 1062 1156 &c.
1080 1124 1151 1156 infra
1166 1123 1267 1156 Duca-

277 1182 338 1203 tum
353 1171 483 1202 nostrum
500 1169 676 1208 Aquitaniae,
695 1167 730 1197 ad
746 1175 834 1204 quOS,
852 1165 913 1195 δίε.
933 1164 1070 1196 Salutem.

238 1211 282 1241 Ad
302 1211 369 1249 Jura
382 1209 478 1240 nostra
497 1208 606 1248 Regia,
625 1208 661 1237 ne
673 1205 841 1244 depereant,
858 1204 903 1234 seu
918 1213 967 1241 per
979 1212 1080 1234 eorum
1094 1202 1267 1241 Usurpatio-

200 1259 247 1280 nes
268 1250 404 1281 indebitas
423 1248 575 1287 aliqualiter
597 1245 791 1277 subtrahantur
805 1267 815 1281 ‚
841 1243 982 1282 quantum
1000 1241 1076 1280 juste
1091 1243 1267 1280 poterimus,

200 1288 457 1324 manutenendum,
475 1286 670 1323 subn-aeraque
683 1284 717 1315 &
731 1291 887 1321 occupata,
908 1280 926 1311 si
939 1291 1004 1319 quae
1018 1281 1138 1318 fuerint,
1155 1281 1189 1311 ad
1204 1279 1268 1311 Sta-

201 1338 263 1360 tum
285 1328 416 1358 debitum
437 1324 648 1357 Rcvocandum
661 1346 670 1361 ,
697 1324 731 1354 &
746 1320 963 1364 Impugnatores
974 1318 1143 1364 eorumdem
1151 1319 1268 1359 Jurium

201 1367 366 1398 nostrorum
383 1365 626 1402 Refraenandum,
644 1363 694 1400 δε,
711 1369 796 1399 prout
811 1367 952 1391 convenit
965 1380 975 1396 ‚
994 1367 1072 1397 Juxta
1087 1368 1189 1389 eorum
1204 1357 1269 1390 De-

201 1407 301 1437 metita
312 1429 321 1443 ,
348 1404 526 1435 Puniendum
541 1428 551 1441 ,
575 1413 611 1433 eo
634 1400 782 1431 studiosius
797 1398 867 1429 Nos
881 1397 965 1429 decet
985 1407 1102 1438 operam
1117 1397 1268 1436 adhibere,

203 1445 236 1476 δε
250 1444 380 1476 solicitius
397 1443 548 1475 extendere
570 1449 689 1471 manum
709 1438 854 1477 nostram,
872 1435 1136 1480 quoadDJuramenti
1149 1437 1269 1468 vinculo

202 1485 289 1514 teneri
305 1482 479 1514 dinoscimur
499 1482 532 1512 &
549 1480 663 1517 astringi
677 1503 688 1518 ,
710 1476 857 1517 pluresque
878 1475 1070 1513 conspicimus
1081 1474 1150 1514 Jura
1164 1475 1209 1506 illa
1224 1477 1268 1506 in-

199 1523 258 1553 dies
273 1533 326 1559 pro
341 1522 447 1552 viribus
458 1522 632 1558 impugnare.

237 1562 318 1592 Cum
335 1562 426 1599 itaque
439 1569 529 1598 nuper
541 1556 754 1590 Thesaurariam
769 1553 906 1590 Ecclesiae
918 1551 1092 1584 Cathedralis
1105 1552 1267 1591 Wellensis,

199 1609 268 1632 tunc
289 1609 436 1631 vacantem
450 1622 460 1637 ‚
484 1600 517 1630 &
533 1597 568 1627 ad
584 1595 710 1626 nostram
733 1594 932 1624 Donationem
950 1592 1140 1630 spectantem,
1159 1591 1266 1622 dilecto

200 1641 284 1671 nobis
292 1663 302 1679 ,
323 1638 465 1678 Magistro
479 1634 627 1668 Willielmo
640 1632 786 1671 Langbrok
797 1631 1002 1663 contulerimus
1011 1631 1083 1668 Jure
1095 1629 1196 1661 nostro
1206 1630 1268 1661 Re-

224 1689 250 1709 ιο

202 1687 221 1718 g
241 1703 303 1756 Qu
326 1716 359 1746 ad
382 1725 444 1747 earn
458 1737 467 1753 ‚
494 1721 629 1752 praetextu
645 1709 814 1741 Collationis
830 1706 936 1738 nostrie
951 1706 1112 1746 praedidicit,
1131 1707 1269 1739 Concur-

201 1758 327 1787 rentibus
351 1756 402 1786 hiis
425 1763 489 1793 quae
508 1755 537 1782 in
559 1753 611 1781 hac
632 1758 709 1789 parte
730 1748 766 1779 de
782 1747 854 1786 Jure
874 1747 1087 1785 requirebanrur
1100 1770 1109 1785 ,
1127 1749 1268 1778 canonice

201 1795 347 1826 Admislus
360 1817 369 1831 ,
393 1803 426 1823 ac
447 1790 590 1822 Institutus
605 1812 615 1827 ‚
632 1791 666 1821 &
681 1787 817 1818 Indaeius
829 1785 914 1816 fuerit
927 1786 956 1815 in
969 1784 1086 1828 eadem,
1107 1787 1139 1817 &
1153 1788 1182 1816 in
1198 1785 1269 1817 Pos-

200 1833 317 1869 seffione
326 1833 448 1872 ejusdem
458 1853 468 1870 ,
485 1832 515 1860 in
530 1829 632 1860 eodem
643 1827 712 1867 Jure
724 1824 839 1863 nostre,
857 1824 950 1856 adhuc
966 1823 1064 1854 existat
1079 1847 1088 1862 ,
1112 1834 1144 1856 ut
1157 1826 1269 1864 accepi-

203 1882 284 1910 nius,

235 1911 301 1949 Jarn
325 1921 359 1941 ue
371 1908 585 1940 intellexerimus
599 1904 679 1945 quod
693 1904 809 1945 quidam
821 1901 984 1942 Reginaldus
998 1901 1030 1932 de
1039 1904 1216 1942 Brancaciis,
1234 1902 1270 1934 de

203 1950 290 1981 Urbe
333 1959 436 1979 omana
455 1945 626 1983 cardinalis,

244 1989 413 2019 Machinans
423 1987 472 2026 Jus
487 1985 618 2016 nostrum
634 1984 746 2023 regium
758 2006 767 2022 ,
784 1992 900 2014 necnon
915 1980 1111 2012 Collationem
1126 1979 1270 2020 nostram,

204 2028 297 2059 eidem
319 2027 483 2057 Williclmo
506 2025 544 2055 sic
560 2023 679 2060 factam,
697 2032 750 2060 pro
763 2022 869 2053 viribus
882 2022 1050 2059 impugnare
1063 2019 1098 2050 &
1110 2019 1270 2058 adnullare,

204 2069 238 2099 ὃς
258 2066 346 2105 ipsum
366 2066 444 2104 super
467 2062 642 2094 Polseffione
662 2062 708 2093 sua
718 2061 910 2093 Thcsaurariae
924 2058 1069 2098 praedictae
1082 2059 1221 2090 malitiose
1235 2059 1269 2091 &

205 2105 306 2145 injuste
322 2106 497 2142 inquietare,

243 2145 433 2183 Qamplures
454 2140 602 2172 Proceffiis
616 2164 625 2178 ,
652 2141 681 2170 in
704 2138 793 2171 Curia
811 2137 949 2170 Romana
963 2162 973 2176 ,
989 2136 1083 2168 versus
1118 2135 1267 2168 raedietum

204 2183 396 2214 XVillielmum
410 2207 419 2221 ,
440 2181 470 2210 iu
493 2179 726 2211 Adnullationem
745 2178 821 2217 Juris
841 2177 931 2208 nostri
955 2175 1070 2214 regii&
1111 2175 1271 2206 offeffionis

203 2221 424 2260 praeditstorum,
443 2229 475 2250 ac
495 2219 619 2255 Literas,
637 2217 745 2256 Bullas,
764 2216 953 2247 Instrumenta
965 2214 1102 2253 Publica,
1120 2215 1154 2245 δε
1168 2224 1270 2253 quam-

203 2262 281 2300 plura
294 2261 344 2291 alia
362 2259 460 2290 Nobis
474 2259 507 2288 &
522 2257 650 2288 Corona:
665 2255 770 2287 nostrae
783 2254 978 2294 praejudicialia
992 2276 1002 2291 ,
1019 2252 1126 2283 ibidem
1140 2253 1272 2294 prosecu-

204 2309 248 2331 tus
262 2300 330 2338 fuit,
349 2300 382 2330 &
397 2309 428 2330 ea
444 2297 514 2328 infra
523 2295 672 2328 Ducatum
685 2294 854 2333 praedietum
869 2293 973 2325 deferri
988 2292 1075 2330 fecit,
1095 2293 1129 2323 ὅτ
1139 2316 1148 2331 ,
1166 2302 1271 2323 eorum

227 2348 342 2370 rieteXtu
358 2362 368 2377 ,
395 2335 573 2376 quamplures
602 2334 757 2365 Sententias
782 2332 1095 2363 Excommunicationis
1121 2332 1152 2361 in
1179 2331 1271 2371 ipsum

205 2349 399 2408 {villielmum
417 2376 526 2406 ibidem
548 2373 714 2411 fulminare,
729 2373 762 2404 ὃς
778 2372 870 2409 ipsum
884 2371 948 2402 ali-*as
962 2370 1115 2408 inquietare
1131 2370 1271 2408 intendit,

205 2417 234 2446 in
256 2417 344 2446 nostri
363 2414 574 2452 Contempturn
597 2412 631 2443 &
653 2410 854 2449 Praejudicium
868 2434 878 2447 ,
905 2410 938 2440 ὃς
956 2409 1032 2452 Juris
1052 2407 1141 2438 nostri
1155 2410 1225 2448 regii
1237 2419 1271 2440 ac

203 2454 385 2485 Possessionis
406 2455 413 2484 i
438 2454 488 2484 sius
503 2451 544 2482 W
548 2451 653 2482 illielmi
688 2449 871 2480 adustorum
887 2447 1138 2486 Adnullationem,
1156 2448 1191 2479 &
1207 2446 1271 2479 Co-

206 2504 285 2562 rorlijje
300 2492 403 2523 nostrie
445 2490 658 2522 xhaeredationis
695 2488 849 2526 ericulum,

281 2543 313 2562 os

242 2555 413 2609 Huju'ihnodi
431 2568 620 2607 Contemptui
635 2591 644 2606 ,
669 2566 834 2605 praejudicio
850 2588 860 2603 ,
878 2563 1074 2594 Adnullationi
1089 2564 1123 2596 &
1136 2563 1272 2596 Exhaere-

207 2610 332 2646 dationi,
353 2608 497 2638 Remedio
511 2618 570 2645 quo
586 2608 742 2644 poterimus
756 2605 884 2635 volentes
900 2605 1033 2651 obviare,

247 2648 340 2678 Vobis
362 2649 395 2679 &
416 2646 533 2676 cuilibet
551 2644 678 2676 vestrum
692 2668 701 2681 ,
719 2645 748 2673 in
763 2642 832 2673 Fide
844 2642 877 2673 ὅ(
892 2642 1053 2682 Ligeantia,
1072 2641 1174 2680 quibus
1187 2642 1272 2673 nobis

207 2687 361 2725 tenemini,
380 2684 569 2715 Prohibemus
590 2684 622 2714 &
640 2682 812 2712 Mandatnus
827 2683 864 2711 ne
878 2681 980 2719 aliquas
997 2680 1104 2711 Literas
1121 2680 1273 2718 Apostoli-

208 2735 254 2755 cas
270 2749 279 2763 ,
304 2724 349 2755 seu
368 2724 459 2762 aliqua
478 2722 527 2753 alia
543 2746 552 2761 ,
579 2731 627 2761 pei·
647 2730 710 2759 quce
729 2720 777 2758 Jus
794 2719 924 2749 nostrum
948 2719 1074 2757 Regium
1089 2727 1135 2749 aut
1151 2718 1272 2750 effecius

209 2763 378 2794 Collationis
400 2761 504 2793 nostrae
526 2760 671 2800 praediecae
689 2758 839 2796 adnullari,
858 2757 1113 2794 Exhaeredatioque
1126 2757 1225 2788 Nobis
1237 2759 1271 2790 δε

208 2802 338 2833 Coronae
360 2801 464 2832 nostrae
484 2799 638 2838 aliqualiter
661 2798 789 2836 generari
803 2820 812 2835 ,
838 2796 973 2834 idemque
985 2796 1159 2826 Willielmus
1174 2798 1202 2826 in
1217 2797 1271 2828 hac

229 2851 285 2872 arte
301 2839 512 2880 quoquomodo
527 2838 630 2878 possint
646 2837 811 2876 inquietari,
830 2835 983 2872 recipiatis,
1002 2844 1056 2864 nec
1073 2835 1227 2872 quicquam
1240 2837 1269 2865 in

208 2851 378 2919 ssraemiffis,
397 2879 475 2918 quod
490 2880 519 2908 in
536 2877 623 2908 nostri
635 2876 849 2913 Contemptum
863 2873 909 2904 vel
923 2869 1142 2911 Praejiidicium,
1159 2882 1205 2903 aut
1218 2873 1269 2912 Ju-

211 2920 248 2949 ris
277 2918 366 2949 nostri
395 2920 463 2957 regii
483 2918 539 2948 sive
557 2915 738 2946 Possessionis
761 2912 885 2952 ejusdem
905 2912 1061 2942 Willielmi
1082 2910 1273 2942 Thesaurariae

210 2957 355 2995 praedietae
376 2956 607 2987 Adnullationem
622 2977 632 2993 ,
657 2954 703 2983 seu
725 2950 855 2983 Coronae
876 2949 981 2981 nostrae
1006 2949 1274 2981 Exhaeredationem

211 2996 312 3027 cedere
326 2995 413 3025 valeat
427 2995 610 3032 attemptetis,
627 3002 681 3023 nec
697 2992 800 3023 faciatis
812 2990 965 3028 aliqualiter
980 2990 1156 3027 attemptari,

250 3035 308 3072 Et,
327 3033 346 3063 si
362 3033 428 3071 quid
445 3034 473 3062 in
488 3031 638 3063 Praemiffis*
652 3041 700 3069 per
713 3029 846 3067 Vos‚vel
861 3029 984 3067 aliquem
999 3027 1275 3066 vestrfim‚attemp-

212 3081 303 3104 tatum
317 3073 416 3111 suerit,
436 3072 492 3102 sine
506 3071 637 3101 dilatione
649 3070 740 3108 aliqua
758 3068 911 3099 Revocetis
925 3089 935 3105 2
958 3068 991 3098 &
1004 3066 1149 3098 Revocari
1162 3066 1275 3099 faciatis.

251 3111 284 3142 In
300 3112 396 3149 cujus,
415 3111 476 3141 δίς.

286 3149 380 3180 Teste
395 3148 478 3188 Rege
491 3148 564 3187 apud
582 3145 747 3187 Doncastre,
764 3145 880 3177 decimo
895 3153 996 3184 quarto
1007 3143 1056 3175 die
1070 3142 1197 3184 Augusti.

414 3273 442 3300 *τ
467 3276 515 3308 De
535 3273 654 3307 Funeris
672 3273 845 3305 Armorum
866 3267 1075 3304 deliberandis.

217 3363 274 3418 R
284 3360 349 3392 EX
364 3385 374 3399 ,
399 3360 541 3391 carissimo
554 3357 776 3397 consanguineo
790 3356 856 3394 suo,
877 3358 995 3385 Henrico
1011 3356 1110 3385 Comiti
1124 3352 1277 3384 Nerthum-

295 3400 378 3438 briae‚
394 3399 528 3430 Salutem.

255 3437 351 3469 Sciatis
364 3439 443 3476 quod
452 3463 461 3476 ,
470 3436 633 3476 quibusdam
647 3436 729 3466 certis
743 3433 779 3464 de
788 3432 902 3470 Caufis,
920 3443 973 3463 nos
988 3428 1277 3469 moventibus‚Con-

216 3477 346 3507 cessimus
365 3477 447 3507 vobis
468 3477 580 3514 plenam
596 3499 605 3511 ,
624 3474 743 3505 Tenore
759 3471 961 3507 praesentium,
982 3470 1156 3501 Potestatem
1171 3477 1279 3498 conce-

215 3516 300 3546 dendi
324 3516 485 3546 Licentiam
499 3538 509 3551 ,
532 3513 674 3544 carissimo
695 3512 783 3548 Fratri
803 3509 903 3540 nostro
916 3534 926 3547 ,
946 3509 1073 3547 Johaenm'
1086 3511 1182 3538 Comiti
1195 3508 1278 3536 Hun-

215 3555 384 3593 tyngdoniae,
402 3564 435 3584 ac
456 3553 591 3583 omnibus
611 3552 667 3582 aliis
687 3550 723 3580 de
738 3549 884 3580 Comitiva
899 3548 958 3585 sua,
978 3548 1012 3578 ad
1024 3557 1127 3577 omnes
1140 3547 1173 3577 &
1187 3545 1279 3582 singu-

215 3593 257 3622 los
273 3593 381 3623 Milites
396 3594 429 3623 δε
444 3592 613 3627 Armigeros
626 3590 661 3620 de
676 3589 790 3626 Scotia‚
807 3588 843 3618 de
859 3587 1085 3624 quibuscumque
1100 3584 1215 3616 Punffls
1224 3583 1279 3613 Ar-

218 3641 333 3661 morum
347 3653 357 3668 ,
379 3631 415 3661 de
435 3631 535 3667 quibus
557 3629 648 3666 ipsum
673 3628 800 3658 Fratrem
825 3624 954 3655 nostrum
972 3649 981 3662 ,
1005 3625 1049 3654 seu
1064 3631 1278 3662 quemcumque

218 3670 301 3699 alium
322 3669 358 3699 de
373 3669 522 3700 Comitiva
542 3669 587 3698 sua
604 3666 752 3705 praediebi,
770 3665 888 3695 durante
902 3673 1033 3699 tempore
1047 3673 1107 3701 quo
1120 3661 1197 3692 idem
1211 3660 1278 3692 Fra-

218 3714 257 3736 ter
270 3708 364 3738 noster
376 3707 449 3745 apud
457 3707 560 3737 Villam
577 3705 702 3736 nostram
712 3704 846 3735 Berewici
861 3703 939 3740 super
951 3701 1094 3732 Twedam
1110 3702 1144 3732 &
1158 3701 1186 3730 in
1195 3698 1277 3729 Mar-

220 3746 289 3774 chiis
306 3747 410 3776 ibidem
430 3746 513 3776 fuerit
526 3768 536 3783 ,
560 3744 647 3782 usque
660 3744 797 3774 Redirum
821 3741 899 3771 suum
915 3750 998 3778 penes
1012 3740 1099 3778 Nos,
1117 3739 1277 3777 requirent,

219 3783 397 3815 deliberandis
412 3785 515 3823 absque
531 3783 738 3822 impedimento
753 3779 845 3811 nostri
860 3779 906 3809 vel
921 3778 1081 3810 I-laeredum
1097 3776 1278 3814 nostrorum,

220 3828 271 3887 autI
281 3821 479 3854 Ministrorum
492 3822 657 3853 nostrorum
673 3827 931 3859 quorumcumque.

274 3868 292 3886 n
307 3861 382 3890 cu‘us
418 3862 478 3892 &c-

256 3870 349 3927 Teste³
363 3884 444 3938 R’ege
456 3899 530 3939 apud
545 3901 703 3929 Manerium
717 3897 749 3926 de
763 3894 848 3925 Shene
858 3917 867 3933 ‚
886 3894 1023 3925 vicesimo
1038 3900 1140 3932 quarto
1157 3890 1205 3924 die
1216 3890 1277 3923 Au-

157 3936 160 3938 '
218 3934 302 3976 gusti.

715 3976 768 4004 Per
783 3974 877 4002 Breve
891 3972 923 4002 de
939 3974 1056 4002 Privato
1071 3968 1170 4008 sigillo.

644 74 1455 127 CONVENTIONEQ

1513 74 1904 129 LITERAE,

2372 177 2544 238 mm}

2375 241 2480 304 1³:329}
2495 275 2515 292 ’ἱ
2540 243 2545 298 l

2376 339 2485 370 An.16.
2542 346 2546 382 f

1334 409 1431 451 Cum,
1447 412 1484 442 de
1498 412 1598 443 Gratia
1612 410 1706 443 nostra
1718 410 1842 457 speciali,
1861 411 1896 442 &
1906 410 2207 452 adSupplicationem,
2223 414 2360 456 cm'ffimae
2376 379 2491 444 52:26.
2543 392 2549 448 i

1298 449 1432 490 Consortis
1453 450 1549 490 nostrae
1569 453 1710 496 'Regi-nce,
1726 461 1760 482 ac
1774 460 1877 488 etiam,
1894 449 2064 481 dilectorum
2078 450 2234 490 Ligeorum
2245 454 2361 486 nostro..
2374 456 2470 492 R.2.p.
2482 457 2508 486 tl
2544 451 2548 479 ἱ

1536 473 1668 521 Civitatis
1682 489 1786 521 nostrae
1800 488 1981 529 Londoniae,
1998 488 2052 519 ΡΑ
2061 497 2173 521 Rnou
2182 500 2322 527 Ανιινιυ
2331 504 2363 534 s,
2377 501 2414 522 m.
2432 502 2479 523 20.
2502 490 2506 493 '

1489 252 1548 283 Pro
1566 245 1693 282 Civibus
1707 247 1860 282 Londoniae
1878 247 1914 281 de
1930 247 2161 285 Pardvnatione.

1406 333 1437 365 X
1461 334 1615 373 omnibus,
1632 333 1668 365 ad
1683 343 1755 374 quos
1765 358 1774 374 ,
1793 334 1855 366 &c.
1872 332 2008 365 Salutem.

1398 373 1496 404 Sciatis
1508 373 1586 412 quod
1594 397 1605 412 ‚

1300 334 1393 391 RE

1298 498 1380 527 rum,
1401 488 1522 520 Civium

1299 536 1334 557 ex
1349 527 1426 559 certa
1440 528 1565 559 Scientia
1579 528 1694 567 nostra,

1337 565 1460 598 Dilectis
1476 567 1574 605 Ligeis
1586 567 1706 606 nostris,

1301 643 1489 714 nia{Villielmo
1502 647 1623 683 Venour,
1640 653 1730 684 nuper
1743 643 1851 683 Majori
1873 643 1961 676 dietae
1973 643 2104 677 Civitatis
2121 645 2229 678 nostrae
2243 645 2370 680 Londo-

1360 708 1371 723 2

1337 763 1468 803 Johanm‘
1480 768 1591 806 Loveye
1607 765 1642 797 &
1655 764 1786 805 Johanni
1801 764 1938 804 Walcote,
1955 774 2046 803 nuper
2059 763 2310 806 vicecomitibus,

1305 843 1349 872 W
1347 840 1453 872 illielmo
1469 845 1577 883 Baret,
1856 845 1973 873 Henrico
1986 844 2127 881 Vannere,

1303 879 1437 911 Nicholao
1450 880 1564 920 Exton,
1857 882 1904 913 Ac
1918 880 2010 912 eidem
2024 880 2156 919 Johanm'
2172 882 2300 922 Loveye,

1305 921 1349 950 W
1347 919 1454 950 illielmo
1466 923 1619 960 Brantpton
1626 943 1637 959 ,
1858 923 1901 951 W
1900 919 2009 950 illielmo
2023 918 2200 959 shiringham
2207 944 2218 959 ,

1306 960 1349 988 W
1347 957 1455 989 illielmo
1471 961 1601 998 lVotton,
1857 959 1934 989 Adae
1949 962 2063 988 Bamme

1305 995 1436 1035 Johanni
1448 998 1546 1028 Hende
1554 1021 1564 1036 ,
1857 996 1986 1036 Johanni
1998 982 2180 1028 shabworth
2187 1020 2198 1037 ,

1307 1037 1350 1065 W
1349 1035 1455 1066 illielmo
1471 1035 1593 1077 Olyver,

1307 1076 1350 1103 W
1349 1074 1456 1105 illielmo
1472 1079 1571 1115 More,

1305 1111 1434 1151 Johanni'
1449 1112 1542 1151 Froslh
1550 1139 1560 1153 ,

1305 1151 1412 1182 Thomae
1429 1149 1566 1192 Wlfhrd,

1307 1190 1345 1221 Et
1359 1191 1452 1222 eidem
1466 1195 1508 1221 W
1509 1190 1616 1222 illielmo
1635 1193 1758 1230 Venonr,

1305 1229 1435 1268 Johanni
1448 1233 1612 1270 Fraunceys,

1858 1038 1976 1065 Henrico
1991 1038 2122 1075 Bamme,

1859 1075 1938 1104 Adae
1956 1073 2145 1113 chaungeour,

1859 1112 1989 1152 Johanni
2004 1112 2163 1152 Pynchoun,

1858 1151 1972 1182 Thomae
1987 1153 2092 1191 Kynent
2100 1175 2110 1190 ,

1858 1190 1989 1230 Johanni
2003 1189 2146 1230 Haddele,

1345 1306 1384 1338 Et
1399 1307 1475 1338 Adae
1493 1306 1606 1346 Carlill,
1624 1318 1663 1339 nu
1684 1318 1715 1339 er
1731 1305 1928 1338 Aldermannis
1942 1306 2073 1339 Civitatis
2090 1305 2197 1338 nostrae
2212 1306 2375 1346 praedi&ae,

1346 1346 1495 1377 Summam
1509 1346 1617 1378 Trium
1672 1347 1751 1378 ilium
1762 1343 1929 1377 Marcarum
1938 1369 1947 1385 ,
1965 1347 1994 1376 in
2008 1347 2110 1385 quibus
2124 1355 2214 1384 nuper
2231 1356 2298 1384 erga
2306 1345 2375 1377 Nos

1309 1382 1525 1424 Condempnati
1538 1386 1651 1417 fuerunt
1664 1396 1713 1424 per
1723 1384 1872 1423 Judicium
1887 1408 1897 1424 ‚
1916 1384 2055 1416 redditum
2079 1394 2128 1422 per
2154 1384 2310 1416 cariffimos
2332 1384 2374 1415 Α-

1308 1424 1448 1454 vunculos
1462 1423 1574 1455 nostros
1609 1425 1782 1454 Edmundum
1797 1426 1901 1453 Ducem
1925 1424 2061 1463 Eborum,
2077 1424 2110 1456 &
2128 1422 2257 1454 Ihomam
2271 1426 2376 1453 Ducem

1309 1461 1477 1502 Gloucestriae
1485 1486 1495 1502 ,
1515 1465 1548 1495 &
1562 1449 1629 1494 alios
1638 1464 1811 1502 Justiciarios
1825 1462 1954 1502 nostros,
1970 1473 2019 1501 per
2035 1462 2143 1494 Literas
2156 1462 2265 1493 nostras
2273 1461 2377 1494 Paten-

1310 1508 1369 1539 tes,
1384 1501 1533 1539 affignatos
1551 1502 1585 1533 ad
1602 1501 1809 1541 Inquirendum
1832 1500 1868 1532 de
1890 1502 2024 1533 omnibus
2035 1502 2068 1533 &
2081 1501 2120 1531 fin
2160 1500 2192 1532 lis
2206 1500 2376 1540 Erroribus,

1310 1538 1478 1571 Defeeiibus
1492 1565 1502 1579 ,
1527 1541 1561 1572 &
1578 1541 1806 1579 Misprisionibus
1839 1541 1868 1570 in
1883 1539 2007 1571 Civitate
2021 1540 2110 1580 praedi
2192 1548 2246 1578 pro
2260 1538 2375 1570 defectu

1308 1578 1395 1623 bonae
1410 1579 1636 1623 Gubernationis
1652 1579 1786 1619 Majoris‚
1804 1565 2019 1610 Qicecomitum
2037 1602 2048 1618 ,
2066 1580 2100 1611 &
2116 1562 2379 1610 Aldermannorum

1309 1617 1431 1657 ejusdem
1453 1617 1585 1649 Civitatis
1598 1641 1608 1657 ,
1637 1619 1685 1656 qui
1707 1628 1760 1658 pro
1779 1627 1910 1655 tempore
1932 1617 2062 1656 fuerunt,
2081 1616 2375 1656 qualitercumque&

1309 1656 1554 1694 quandocumque
1573 1657 1675 1687 ufitatis
1687 1679 1697 1695 ‚
1722 1657 1755 1687 &
1770 1666 1820 1694 per
1832 1656 1964 1694 eosdem,
1982 1656 2146 1695 Mnjorem,
2163 1654 2378 1694 vicecomites,

1309 1696 1344 1765 {c
1360 1695 1568 1764 {aldermannos
1582 1718 1592 1734 ,
1613 1695 1692 1734 juxta
1708 1694 1810 1726 Officii
1828 1695 1867 1726 sui
1881 1693 2029 1733 debitum,
2047 1695 2167 1726 minime
2180 1693 2330 1726 Correffls
2341 1693 2378 1727 δε

1343 1744 1359 1764 e
1371 1743 1503 1772 ormatis,

1349 1772 1388 1804 Et
1408 1773 1443 1804 ad
1465 1772 1610 1804 Praemiffa
1628 1774 1727 1804 omnia
1748 1772 1782 1803 &
1803 1770 1908 1812 singula
1923 1796 1933 1811 ,
1959 1772 2019 1803 tarn
2039 1770 2073 1802 ad
2093 1770 2208 1803 Sefflm
2228 1770 2380 1811 nostram,‘

1312 1814 1400 1851 quam
1420 1812 1543 1842 aliorum
1563 1821 1759 1851 quorumcum
1783 1821 1817 1841 ue
1833 1834 1842 1851 ,
1869 1820 1969 1842 coram
1984 1809 2090 1841 eisdem
2103 1808 2264 1849 Justiciariis
2277 1809 2380 1841 nostris

1312 1852 1451 1890 conqueri
1467 1851 1626 1882 volentium
1641 1874 1650 1889 ,
1674 1852 1759 1882 secun
1781 1860 1830 1881 um
1847 1850 1958 1889 Legem
1970 1851 2004 1881 ὃς
2019 1848 2265 1880 Consuetudinem
2279 1848 2311 1878 R
2346 1850 2377 1879 ni

1311 1889 1402 1921 nostri
1417 1889 1546 1929 Angliae,
1563 1889 1748 1921 Audiendum
1762 1890 1796 1920 &
1808 1888 2053 1927 Terminandum‚
2066 1887 2280 1928 corrigendum
2289 1911 2298 1925 ,
2346 1897 2378 1918 e-

1310 1929 1513 1967 formandum,
1531 1930 1564 1960 &
1580 1929 1762 1960 Puniendum
1773 1931 1850 1967 juxta
1865 1928 1989 1959 formam
2007 1926 2107 1958 Statuti
2119 1949 2128 1965 ,
2146 1935 2278 1966 tempore
2292 1926 2379 1958 caris-

1312 1969 1372 1999 simi
1389 1971 1455 1999 Avi
1471 1967 1552 2008 nostri
1564 1972 1643 2007 Regis
1658 1969 1815 2007 Edwardr‘,
1834 1967 1901 1998 inde
1913 1966 1981 1997 editi
1995 1967 2028 1998 &
2043 1965 2146 2003 provisi
2156 1988 2166 2005 ,

1349 2007 1387 2040 Et
1400 2030 1411 2046 ‚
1437 2007 1546 2045 insuper
1562 2031 1573 2046 ‚
1594 2009 1630 2038 de
1651 2008 1775 2038 uberiori
1792 2005 1892 2037 Gratia
1907 2004 2020 2042 nostra,
2045 2013 2080 2035 ex
2094 2013 2169 2035 certa
2185 2001 2309 2035 Scientia'i
2322 2011 2378 2033 no-

1312 2046 1384 2085 stra,
1402 2047 1436 2078 &
1452 2047 1486 2076 ad
1506 2046 1751 2084 Supplicationem
1770 2047 1850 2076 diblae
1868 2043 2003 2084 confiertis
2021 2042 2135 2083 nostrae,
2155 2042 2380 2074 PARDONA-

1309 2094 1444 2117 vuitus
1472 2086 1607 2124 praefatis,

1349 2124 1480 2163 Johanni
1494 2124 1579 2154 Hend
1595 2135 1684 2162 nuper
1700 2123 1805 2162 Majori
1818 2122 1904 2153 dietae
1919 2120 2050 2152 Civitatis
2065 2120 2188 2160 nostrae,

1347 2166 1466 2194 Henrico
1481 2166 1605 2194 Vannere
1619 2164 1653 2196 &
1665 2162 1795 2203 Johanm·
1809 2159 1995 2199 Shadworth‚
2014 2168 2103 2197 nuper
2115 2158 2363 2197 vicecomitibus3

2128 1539 2156 1571 ta

1314 2239 1462 2271 Willielmo
1477 2244 1579 2271 Venour
1587 2265 1597 2282 ‚

1312 2278 1442 2319 Johanni
1456 2280 1581 2310 Haddele
1589 2305 1599 2320 ,

1315 2318 1444 2356 Johanni
1458 2322 1566 2358 Loveye
1575 2342 1584 2358 ,

1315 2358 1333 2376 *²
1357 2360 1399 2387 W
1398 2357 1506 2387 illielmo
1520 2361 1609 2388 Baret
1619 2381 1629 2397 ‚

1866 2237 1996 2277 Johanm'
2008 2240 2032 2266 F
2031 2247 2156 2277 raunceyi·
2162 2261 2172 2275 ,

1868 2279 1911 2308 W
1909 2276 2016 2306 illic-lma
2029 2275 2204 2314 Shiringham
2210 2299 2222 2314 ,

1867 2316 1943 2346 Adae
1957 2318 2071 2344 Bamme
2079 2338 2088 2354 ,

1867 2356 1985 2385 Henrico
2004 2356 2136 2392 Bamme,

1313 2399 1356 2426 W
1356 2396 1462 2427 illielmo
1481 2400 1627 2436 Brampton
1634 2419 1644 2436 ‚
1867 2394 1944 2424 Adae
1959 2396 1981 2422 C
1981 2392 2118 2431 hangeour

1314 2437 1358 2465 W
1356 2435 1464 2465 illic-lma
1477 2439 1506 2466 ll
1510 2439 1588 2466 'otton
1594 2459 1605 2475 ,
1866 2431 1988 2462 Gilberto
2002 2434 2029 2461 λ
2039 2414 2154 2471 αὲβ-Ῐὲῖἆ
2158 2452 2170 2468 ,

1315 2477 1358 2504 W
1359 2474 1465 2505 illielmo
1478 2474 1580 2515 Olyver
1589 2498 1599 2514 ‚
1866 2471 1974 2501 Thomae
1989 2472 2092 2510 minent
2099 2494 2109 2509 ,

1316 2513 1463 2543 Willielmo
1479 2517 1558 2544 More
1566 2537 1577 2553 ,
1864 2511 1941 2540 Adae
1957 2508 2071 2547 Carlill,

1313 2551 1443 2590 Johanni
1457 2551 1549 2587 Froslh
1557 2575 1567 2591 ,

1313 2591 1420 2621 Thomae
1437 2594 1479 2622 W
1478 2590 1563 2630 ilford
1566 2614 1577 2630 ,

1864 2552 1987 2587 Drugom'
2000 2550 2144 2580 Barentyn
2150 2550 2161 2584 ,‘

1351 2668 1469 2699 Roberto
1481 2665 1627 2709 Excestre,
1646 2665 1740 2696 Priori
1753 2664 1790 2695 de
1805 2662 2002 2701 Crichurche‚
2269 2698 2274 2703 μ

1350 2707 1388 2737 Et
1403 2707 1510 2737 Thomae
1524 2709 1683 2737 Newenton
1692 2728 1702 2743 ,
1718 2703 1913 2735 Aldermannis
1929 2701 2059 2732 Civitatis
2071 2698 2174 2730 nostrae
2188 2696 2350 2737 praedictae,

1350 2745 1388 2776 Et
1404 2756 1504 2777 eorum
1513 2745 1630 2777 cuilibet
1643 2743 1858 2781 Mesprisiones‚
1877 2740 2036 2778 Defectus,
2047 2740 2082 2771 &
2094 2737 2307 2776 Contemptus,
2325 2745 2378 2774 pro

1313 2786 1434 2824 quibus,
1449 2795 1500 2824 per
1515 2784 1585 2815 Nos
1599 2784 1633 2815 &
1646 2782 1792 2820 Magnum
1807 2779 1974 2811 Concilium
1989 2777 2118 2821 nostrum
2127 2799 2137 2816 ,
2154 2775 2229 2819 apud
2242 2773 2378 2819 Castrum

1313 2824 1445 2854 nostrum
1467 2824 1503 2855 de
1522 2822 1714 2862 Notyngham
1727 2845 1738 2859 ,
1762 2822 1790 2851 in
1807 2819 1939 2850 Crastino
1957 2817 2122 2849 Nativitatis
2135 2814 2379 2859 SancliJohannis

1313 2862 1444 2900 Baptistae
1459 2885 1468 2901 ‚
1490 2863 1626 2901 proximo
1647 2861 1813 2899 praeterito,
1840 2857 2002 2895 Adiudicati
2032 2851 2242 2900 &UCommiffi
2263 2852 2378 2882 fuerunt

1314 2901 1603 2971 Prisonoestrquousque
1616 2899 1745 2932 fecissent
1758 2898 1860 2929 Finem
1873 2897 1907 2938 <Sc
1919 2895 2167 2933 Redemptionem
2186 2889 2222 2923 ad
2235 2889 2376 2921 Volunm-

1313 2948 1372 2971 tem
1388 2951 1427 2971 no
1467 2950 1514 2971 am

1354 2978 1400 3010 Ac
1421 2981 1506 3010 etiam
1520 2965 1532 3018 ,ἰ
1556 2988 1590 3010 ex
1602 2976 1777 3010 habundanti
1792 2973 1893 3006 Gratia
1906 2970 2022 3010 nostra,
2039 2970 2073 3001 &
2085 2968 2120 3000 ad
2133 2966 2379 3006 Supplicationem

1315 3017 1395 3046 diHae
1408 3018 1542 3057 Confirtis
1555 3016 1651 3087 ⁷¹⁰Sl¹⁷ae
1659 3039 1670 3056 ‚
1687 3017 1721 3047 δε
1735 3014 1854 3045 Civium
1869 3011 2089 3050 praedietorurn,
2110 3007 2161 3037 ΡΑ
2171 3015 2195 3050 1}
2205 3013 2283 3036 DoN
2293 3015 2312 3035 A
2321 3015 2341 3034 ν
2352 3013 2380 3034 1-

1315 3064 1343 3086 M
1353 3064 1375 3086 u
1386 3065 1414 3095 s,
1434 3066 1468 3087 ex
1484 3055 1561 3088 certa
1597 3054 1700 3087 cientia
1715 3052 1810 3083 nostra
1824 3075 1834 3089 ,
1858 3049 2111 3093 Imprisonatnenta
2124 3069 2134 3083 ‚
2152 3044 2252 3090 Fines,
2269 3044 2304 3075 δε
2318 3043 2381 3074 Re-

1315 3095 1494 3133 demptiones
1509 3095 1680 3134 supradicta,
1699 3093 1732 3123 δε
1748 3088 1885 3128 quicquid
1897 3087 1932 3118 ad
1949 3096 2002 3130 nos
2016 3084 2084 3130 inde
2100 3091 2240 3127 pertinet,
2257 3090 2382 3126 autper-

1314 3135 1404 3164 tinere
1425 3135 1527 3171 poterit
1547 3133 1650 3171 quovis
1673 3129 1764 3160 modo
1781 3151 1791 3167 ‚
1817 3135 1902 3165 prout
1920 3126 1950 3156 in
1963 3124 2065 3156 Literis
2079 3121 2184 3154 nostris
2199 3120 2382 3158 Patentibus,

1315 3172 1383 3202 inde
1397 3171 1554 3208 confectis,
1571 3171 1680 3208 plenius
1697 3167 1875 3205 continetur,
2087 3201 2092 3207 ¹
2142 3200 2148 3206 .

1353 3209 1443 3247 Nos,
1466 3209 1502 3239 de
1525 3209 1650 3239 uberiori
1672 3205 1772 3238 Gratia
1793 3203 1891 3235 nostra
1904 3227 1915 3242 ,
1938 3202 1974 3234 ad
1994 3200 2238 3240 Supplicationem
2249 3196 2383 3238 praefatae

1314 3247 1449 3286 consortis
1465 3244 1560 3286 nostrae
1569 3270 1579 3286 ,
1596 3247 1630 3278 &
1645 3245 1765 3277 Civium
1780 3243 1981 3282 praedictorum
1989 3264 1999 3280 ‚
2017 3240 2041 3271 P
2050 3250 2071 3284 ᾼ
2080 3249 2104 3284 R·
2113 3248 2135 3269 D
2142 3248 2163 3268 0
2171 3245 2194 3282 151
2204 3247 2252 3268 nv
2263 3245 2275 3266 1
2283 3244 2341 3280 μυ
2349 3244 2363 3266 s
2371 3258 2382 3274 ,

1316 3295 1350 3317 ex
1365 3285 1443 3317 certa
1456 3285 1579 3317 Scientia
1591 3284 1705 3322 nostra,
1720 3283 1879 3322 praedietis,
1895 3290 1985 3318 nuper
1999 3279 2125 3318 Majori,
2142 3275 2383 3320 vicecomitibus,

1316 3324 1514 3356 Aldermannis
1528 3349 1538 3364 ,
1561 3326 1595 3356 δε
1615 3323 1751 3355 omnibus
1772 3321 1866 3360 Ligeis
1882 3319 1984 3350 nostris
1999 3317 2120 3360 Civibus
2135 3314 2266 3345 Civitatis
2279 3311 2385 3351 praedi-

1317 3365 1373 3394 ‹stae
1389 3363 1539 3394 Summam
1552 3363 1682 3394 Centum
1700 3361 1818 3392 Milium
1835 3359 2004 3395 Librarum,
2023 3358 2054 3386 in
2068 3354 2170 3393 quibus
2182 3362 2272 3391 nuper
2284 3351 2312 3382 se
2328 3360 2384 3382 no-

1316 3403 1360 3433 bis
1382 3402 1566 3433 submiserunt
1579 3426 1589 3441 ,
1613 3403 1642 3432 in
1663 3399 1764 3431 Gratia
1782 3397 1877 3429 nostra
1891 3395 2089 3428 solvendarum
2102 3416 2112 3431 ,
2131 3401 2166 3424 ex
2179 3390 2279 3436 Causis
2291 3390 2385 3428 supra-

1317 3441 1418 3480 dietis,
1435 3451 1467 3472 ac
1481 3443 1566 3471 etiam
1582 3450 1682 3472 omnes
1695 3438 1888 3476 Contemptus
1903 3457 1913 3474 ,
1937 3434 2073 3470 Errores,
2090 3430 2308 3470 Neghgenrws,
2325 3427 2385 3458 Ex-

1317 3480 1470 3518 torfiones,
1486 3478 1732 3519 Transgreffiones
1746 3501 1756 3515 ,
1774 3473 1990 3512 Mesprifiones‚
2009 3470 2149 3502 Defectus
2170 3468 2383 3512 qupscurnque‚

1318 3529 1368 3557 per
1381 3529 1430 3550 eos
1444 3528 1491 3550 aut
1505 3529 1606 3550 eorum
1620 3517 1655 3548 ali
1697 3525 1745 3547 em
1761 3514 1968 3551 Attemptatos,
1985 3517 2157 3549 perpetratos
2168 3530 2179 3546 ,
2200 3510 2257 3537 live
2275 3505 2382 3540 factos,

1318 3557 1393 3588 unde
1410 3558 1548 3596 existunt,
1567 3565 1613 3588 aut
1627 3556 1656 3587 fu
1672 3556 1725 3585 uris
1736 3553 1914 3590 temporibus
1928 3550 1987 3581 effe
2001 3554 2152 3588 poterunt,
2168 3555 2219 3583 per
2233 3543 2316 3580 Nos,
2334 3542 2380 3572 vel

1318 3596 1457 3628 Haeredes
1478 3595 1592 3627 nostros
1606 3618 1615 3634 ,
1642 3603 1657 3623 a
1678 3602 1690 3624 t
1710 3592 1862 3623 Ministros
1882 3588 2013 3626 nostros,
2030 3586 2077 3618 vel
2091 3584 2252 3626 Haeredum
2267 3579 2381 3611 nostro-

1318 3645 1382 3666 rum
1397 3635 1609 3674 quoscumque,
1628 3631 1775 3670 Imperiti,
1790 3628 1944 3672 molestati,
1964 3636 2011 3657 aut
2023 3625 2128 3665 gravati
2140 3617 2350 3662 quovismodo,

1357 3673 1489 3712 Exceptis
1504 3671 1717 3703 Proditionibus
1731 3671 1764 3701 &
1778 3668 1907 3710 Felomis.
1940 3705 1945 3710 Ι
2145 3699 2150 3705 .
2311 3694 2317 3700 ι

1355 3712 1502 3744 Nolentes
1514 3710 1594 3750 quod
1610 3709 1675 3749 ipsi,
1690 3716 1736 3740 aut
1750 3716 1850 3738 eorum
1865 3705 1977 3743 aliquis,
1996 3699 2204 3743 Occasionibus
2217 3692 2382 3737 praemiffiffi

1318 3760 1365 3782 aut
1377 3752 1493 3789 alicujus
1509 3759 1606 3781 earurn
1622 3747 1766 3786 (Exceptis
1779 3743 1991 3775 Proditionibus
2007 3743 2040 3772 ὃς
2054 3738 2189 3782 Febrim-S,
2209 3743 2239 3764 u!
2254 3741 2381 3771 praemit-

1318 3790 1395 3827 titur)
1413 3800 1462 3828 per
1481 3789 1566 3827 Nos,
1585 3788 1632 3818 vel
1643 3785 1781 3816 Haeredes
1796 3782 1926 3820 nostrQS,
1943 3789 1991 3811 aut
2004 3772 2235 3821 alios—Ministros
2249 3769 2384 3810 nostros,

1320 3829 1365 3859 vel
1389 3828 1549 3858 Haeredum
1570 3825 1734 3857 nostrorum
1757 3822 1953 3861 quoscumque
1968 3843 1978 3857 ,
1996 3818 2095 3848 futuris
2110 3810 2303 3848 temporibus,
2322 3808 2384 3840 Im-

1318 3876 1466 3906 petantur,
1485 3865 1730 3901 Occafionentur,
1749 3859 1940 3892 Molestentur
1953 3858 1984 3887 in
1997 3856 2109 3892 aliquo,
2125 3850 2172 3880 seu
2189 3848 2362 3880 Graventur.

1356 3905 1389 3939 In
1408 3915 1504 3944 quuS,
1519 3905 1580 3936 ὅτε.
1919 3936 1924 3942 Ι
2109 3928 2115 3934 .
2302 3926 2308 3932 .

1690 3936 1843 3979 Wdest0k‚
1861 3936 1978 3966 decimo
1991 3939 2072 3962 nono
2087 3928 2134 3959 die
2146 3926 2331 3966 Septembris.

1393 3940 1584 3987 TestepRege
1599 3939 1674 3984 apud

1833 3999 1887 4028 Per
1901 3998 1993 4025 Breve
2007 3992 2040 4023 de
2055 3993 2174 4023 Privato
2185 3986 2285 4028 Sigilla.
2317 4024 2386 4055 m

2367 2327 2370 2330 ⁴
2397 2343 2414 2362 0
2429 2345 2499 2374 ναι

2397 2385 2463 2422 73⁶·
