2561 4251
721 226 830 267 ΕΤ
914 224 1184 265 ACTA

15 319 92 352 Anu.
104 315 147 347 D.
203 315 362 346 Afferentes
377 314 461 343 etiam
471 336 480 350 ,
499 321 548 349 pei·
563 310 636 343 Odi'i
647 311 782 343 fomitem
797 312 830 346 &c
843 311 985 342 Convicii
999 309 1231 348 Causam,qi10s-

36 357 129 398 1385.
165 354 232 386 darn
248 352 391 388 Scolares,
411 353 460 389 qui
471 352 612 389 opinionis
625 350 688 382 sunt
704 351 793 381 illaesae
807 352 840 380 δε
854 352 992 381 virtutum
1012 350 1118 379 meritis
1139 349 1231 379 deco-

13 399 67 427 Ric.
88 406 116 425 2.
165 403 277 430 rantur,
295 391 353 421 effe
366 390 486 429 Scotos,
505 389 641 428 quosdam
657 399 728 420 vero
742 388 871 420 honest-x
885 388 962 420 Vitae
974 396 1116 426 reputatos
1129 395 1229 418 contra

166 431 342 470 Ligeantiam
355 430 430 459 [uam
443 437 524 468 agere
535 430 681 467 perverse,
1036 440 1038 442 v

207 470 251 501 Ac
266 492 276 507 ,
302 475 353 498 ore
373 467 506 506 polluto,
534 469 605 497 inter
624 466 859 500 BOREALEM
886 473 937 497 ET
955 465 1230 507 AusrRALitM

168 510 330 540 PLAGAS
344 530 353 544 ,
373 507 446 542 quasi
469 508 539 537 inter
557 505 790 536 NATIONES
810 505 992 542 Vinium,
1016 501 1178 538 Discordias
1197 504 1231 534 &-

169 548 255 579 Rixas
269 547 397 584 nequiter
414 544 552 576 seminare
566 553 626 573 non
642 542 792 579 desistunt,
881 581 886 585 η

206 584 300 616 Unde
314 595 373 615 non
388 584 479 614 solum
496 582 585 619 Quies
600 581 634 611 &
647 581 846 619 Tranquillitas
858 579 946 610 (1ιᾶ33
959 579 1157 611 Univeriitatis
1166 590 1233 619 ,ve-

168 634 232 654 rum
253 625 339 654 etiam
362 623 422 654 Pax
443 620 616 652 Universalis
638 619 742 659 Populi
764 618 853 649 nostri
874 621 903 650 in
925 619 1002 650 dieta
1024 614 1099 650 Vina
1118 620 1233 649 notorie

169 663 383 700 perturbantur,
400 662 434 692 &
454 657 544 689 Causa
564 658 676 695 majoris
699 657 866 696 Dispendii,
883 658 902 689 fi
916 667 976 689 non
990 657 1108 691 celerius
1120 657 1234 688 medea-

169 710 230 739 tur,
249 702 362 731 evenire
377 698 494 728 indubie
508 697 689 735 formidatur,

208 741 287 808 (ffiae
300 738 398 770 omnia
409 737 437 766 in
453 735 581 775 Regium
596 735 807 774 Contemptiim
824 735 1015 774 conspicimus
1030 733 1178 765 manifeste
1191 744 1234 764 re-

167 778 226 809 dun
247 788 293 808 are

208 802 350 853 Nos‚’ne
366 812 561 844 Diffimulatio
571 813 665 843 nostra
686 812 793 851 Culpas
811 820 909 852 augeat
928 810 1181 848 Praesumenrium,
1199 810 1233 841 &

169 854 316 891 impunitis
329 852 472 883 audaciam
488 853 610 890 praebeat
632 851 843 889 Delinquendi,
861 850 997 880 nolumus
1020 858 1110 880 tantos
1129 849 1236 880 Exces-

170 893 213 923 sus
229 891 507 929 amodoImpunitos
523 899 681 928 praeterire,
700 889 779 920 sicuti
793 898 848 919 nec
862 888 1016 926 debemus,
1033 889 1159 918 maxime
1166 897 1235 918 cum

171 931 256 961 simus
267 929 388 969 Justitiae
399 930 541 960 debitores
549 951 558 965 ‚
908 965 912 969 Ι

191 998 194 999 ⁷
211 968 304 1000 Vobis
317 969 420 1005 igitur,
437 966 591 997 districtius
604 975 664 1003 quo
679 966 854 1003 poterimus,
871 964 1049 1004 InJungimus
1063 966 1097 996 &
1114 964 1236 995 Manda-

173 1017 251 1045 muS,
269 1008 397 1045 quatinus
409 1008 438 1035 in
452 1005 522 1035 locis
545 1004 630 1034 dietae
651 1004 867 1041 Univerfitatis,
887 1004 936 1033 ubi
957 1005 990 1035 ὃς
1015 1003 1129 1041 quando
1150 1004 1237 1042 magis

173 1047 299 1077 videi-itis
313 1044 463 1082 expediens
476 1043 555 1081 fore,
576 1042 693 1080 publice
706 1052 740 1072 ex
755 1050 832 1080 parte
846 1041 942 1072 nostra
951 1042 1118 1079 proclamari
1130 1040 1237 1073 faciatis

173 1096 211 1116 ne
225 1087 303 1123 quis,
323 1082 527 1121 cujuscumque
539 1079 633 1112 Status
647 1082 693 1111 vel
708 1080 890 1111 Criiitiit20121'<
903 1081 1003 1118 suerit,
1022 1080 1235 1111 Discordiasseu

175 1124 254 1154 Lites
268 1123 418 1159 seminare,
436 1120 659 1155 Conventiculas
670 1120 739 1150 inire
752 1120 858 1150 illicitas
866 1143 875 1158 ,
894 1119 1186 1157 autComparationes
1194 1121 1237 1149 in-

173 1171 216 1193 ter
235 1162 338 1192 Patrias
357 1161 448 1190 facere
471 1158 609 1198 Odiosas‚
627 1158 671 1189 seu
692 1159 783 1196 aliqua
803 1158 872 1196 alia,
891 1166 956 1196 quae
979 1159 1008 1187 iri
1024 1157 1236 1189 Turbationem

174 1201 254 1231 Pacis
274 1198 378 1229 nostrae
397 1207 443 1229 aut
466 1197 631 1228 Rumorem
654 1196 758 1235 Populi
779 1197 866 1227 nostri
888 1197 994 1227 ibidem
1015 1198 1238 1234 quomodolibet

174 1239 275 1271 cedere
289 1246 441 1276 poterunt,
460 1247 509 1274 per
525 1237 614 1274 aliqua
630 1235 791 1273 huiusmodi
806 1235 898 1266 Verba
912 1235 1050 1266 Probrosa
1064 1237 1095 1266 δέ
1119 1235 1238 1266 Deriso-

174 1279 229 1316 ria,
246 1285 293 1308 aut
313 1277 440 1306 Libellos
465 1274 696 1313 Diffimatorios,
713 1275 824 1308 Statum
847 1274 880 1304 &
902 1273 1017 1303 Famam
1035 1273 1238 1305 Innocentium

173 1316 327 1354 aliqualiter
340 1314 532 1355 denigrando,
550 1313 777 1344 inUniveriitate
802 1312 953 1351 praedid'cfi,
971 1312 1063 1342 facere
1076 1313 1121 1342 seu
1137 1322 1239 1343 attem-

174 1364 254 1425 p’tare
265 1354 434 1392 praesumant
447 1353 550 1392 quovis
564 1352 672 1390 modo,
691 1351 741 1382 sub
758 1351 947 1382 Forisfacrura
959 1351 1056 1382 nostra
1069 1353 1189 1381 maxima
1207 1352 1239 1382 &

201 1404 268 1424 oena
304 1403 360 1424 ravi

213 1433 248 1462 Et
266 1403 389 1470 figquos,
404 1430 469 1471 post
485 1431 519 1461 &
535 1436 634 1460 contra
646 1428 905 1460 Proclamationem
919 1427 1098 1466 hujusmodi,
1113 1437 1148 1458 ex
1164 1435 1240 1465 pai-te

175 1471 270 1501 nosti-a
291 1470 411 1507 factam,
427 1469 590 1499 inveneritis
609 1476 710 1498 contra
730 1467 878 1497 Praemiffa
891 1491 901 1505 ,
920 1467 984 1497 ausu
1006 1468 1156 1497 temerario
1172 1489 1182 1505 ,
1201 1476 1242 1496 at-

175 1518 313 1546 temptare
334 1509 534 1547 praesumentes
569 1506 614 1538 vel
636 1506 749 1536 notorie
771 1505 928 1543 suspectos,
946 1514 1015 1536 tunc
1039 1505 1110 1543 ipsos
1133 1507 1184 1536 viis
1206 1505 1240 1536 &

175 1548 283 1584 modis,
303 1548 405 1585 quibus
413 1547 495 1584 juxta
505 1530 704 1575 discretionem
718 1542 857 1582 vestram,
876 1553 930 1582 pro
945 1543 1052 1582 Qiiete
1068 1543 1171 1582 Populi
1186 1553 1242 1574 no-

175 1586 240 1623 stri,
259 1586 292 1616 &
309 1586 406 1616 talium
422 1583 570 1614 Malorum
587 1582 796 1620 Restriffione,
814 1582 912 1612 melius
925 1583 1050 1613 videritis
1065 1582 1243 1620 faciendum,

173 1626 291 1662 acriter,
308 1633 362 1661 pro
378 1623 544 1661 Qantitate
556 1622 590 1652 &
604 1620 695 1652 modo
706 1620 817 1659 delicit,
835 1621 969 1660 castigare
988 1622 1022 1652 δε
1041 1623 1142 1659 punire
1163 1630 1244 1652 cure-

175 1665 227 1701 tis,
244 1671 275 1693 ut
287 1662 351 1698 alii,
368 1660 462 1692 Poena
475 1659 521 1691 tali
535 1659 693 1698 perterriti,
710 1658 839 1691 studeant
852 1659 1042 1698 imposterum
1057 1660 1084 1690 se
1106 1669 1121 1690 a
1143 1661 1244 1691 talibus

177 1702 287 1733 Illicitis
302 1699 458 1738 abstinere,

213 1739 259 1770 Ad
281 1749 344 1777 quae
364 1739 478 1775 omnia,
496 1746 531 1768 ex
546 1744 624 1776 parte
645 1736 758 1774 nostra,
775 1736 872 1768 debite
894 1736 1059 1775 exequenda
1077 1738 1161 1769 vobis
1182 1736 1243 1768 Au-

175 1779 338 1810 {toritatem
350 1778 384 1809 &
398 1775 572 1809 Potestatem
586 1785 619 1807 ac
634 1775 720 1807 Vices
731 1775 838 1806 nostras
852 1775 1074 1807 Committimus
1097 1786 1147 1815 per
1165 1776 1244 1807 Prat-

176 1819 281 1849 sentes:

194 1856 435 1890 ,Damusautem
451 1853 557 1893 Majori
570 1854 604 1886 &
620 1852 732 1888 Baliivis
767 1862 801 1888 ac
813 1852 948 1885 universis
963 1853 997 1884 &
1013 1852 1133 1893 Singulis
1150 1852 1245 1895 Ligejs

175 1896 209 1927 δε
225 1894 367 1925 Fidelibus
382 1892 502 1931 nostris,
520 1901 578 1923 tam
594 1891 677 1922 Villae
691 1902 731 1923 no
758 1902 796 1922 rae
818 1892 962 1930 Oxoniae,
981 1892 1068 1930 quam
1090 1891 1245 1923 Univerli-

174 1935 237 1965 tatis
253 1933 415 1972 praedfflae,
433 1931 554 1962 Tenore
570 1929 771 1969 Praesentium,
790 1929 908 1966 firmiter
922 1932 951 1961 in
971 1930 1143 1968 Praecepti‘s,
1162 1929 1244 1968 quod

174 1973 282 2010 Vobis,
303 1973 332 2001 in
348 1971 527 2001 Executione
539 1970 673 2001 omnium
688 1970 720 2000 &
745 1969 920 2008 singulorum
945 1969 1177 2007 Praemifforum,
1196 1968 1244 1998 [n-

173 2011 321 2043 tendentes
335 2010 404 2048 sint,
422 2018 456 2039 ex
471 2017 547 2047 parte
561 2008 674 2046 nostra,
695 2008 728 2039 δε
742 2007 858 2040 fideliter
875 2007 1052 2041 obedientes
1070 2008 1104 2039 ad
1120 2007 1244 2038 Manda-

173 2058 237 2081 tum
254 2049 397 2087 vestrum,
415 2049 547 2087 quotiens
561 2056 634 2085 opus
647 2047 748 2085 fuerit,
766 2047 799 2078 &
814 2057 864 2085 per
878 2057 932 2081 vos
944 2047 1110 2085 praemuniti
1123 2047 1245 2085 fuerint,

176 2090 206 2120 in
219 2089 271 2119 hac
286 2096 372 2126 parte.

215 2127 247 2157 ln
262 2128 357 2165 cujus,
377 2127 439 2157 ἃς.

213 2165 305 2199 Teste
319 2165 403 2204 Rege
415 2161 490 2203 apud
505 2161 785 2203 Wstaemonasterium,
798 2163 885 2196 xxvii.
901 2162 947 2195 die
959 2162 1151 2195 Novembris.

397 2302 424 2330 ἕ*
450 2307 543 2350 Super
557 2302 690 2349 Proceffit
706 2305 738 2336 in
757 2306 854 2336 Curia
874 2305 1034 2339 Militari.

27 2326 47 2346 ³*
56 2326 124 2354 vii.

27 2365 165 2434 „2317me
186 2390 305 2448 REX
323 2390 487 2438 Omnibus,
505 2388 540 2420 ad
560 2399 649 2428 quos,
667 2389 727 2421 &c.
746 2389 881 2421 Salutem.

27 2441 143 2515 Αῇῗξῖ·
222 2429 605 2511 cutficrffisseffiussigaus&
616 2466 703 2511 fiacus
717 2466 832 2505 noster,
852 2465 1018 2510 wiltz-etms
1032 2467 1064 2497 de
1077 2471 1176 2498 Monte
1202 2470 1253 2498 A·

28 2524 58 2548 R.
77 2529 104 2547 ,Π
185 2514 261 2546 cuso,
280 2506 388 2538 Comes
400 2491 520 2550 Sarum,¹
534 2506 619 2550 nobis
635 2515 663 2535 in
678 2506 802 2550 quadarn
817 2504 930 2537 Cedula
945 2507 1038 2550 (cujus
1050 2506 1154 2538 Tenor
1173 2507 1250 2550 infe-

31 2558 98 2586 md,
185 2547 239 2577 rius
250 2545 426 2584 continetur)
441 2544 582 2579 humiliter
597 2544 793 2582 supplicaverit
811 2553 862 2583 ut,
880 2544 917 2576 de
939 2545 972 2576 &
993 2548 1074 2582 super
1097 2544 1253 2576 Contentis

33 2605 70 2625 m·
84 2605 110 2633 7,
185 2586 214 2615 in
228 2585 337 2616 Cedula
351 2593 507 2616 memorata
516 2583 725 2622 ,dignaremur,
742 2591 878 2622 quatenus
890 2582 997 2614 nostrae
1012 2593 1178 2615 occurreret
1191 2594 1253 2615 me-

75 2658 78 2661 ,
172 2626 306 2663 -moriae,
326 2623 474 2662 perhibere
489 2621 709 2658 Testimonium
718 2630 829 2654 veritati
837 2635 852 2661 ‚-

129 2685 131 2688 ι
166 2685 169 2707 5
221 2663 324 2694 Tenor
338 2664 410 2694 vero
427 2662 514 2694 diCtae
530 2659 649 2692 Cedulae
663 2660 867 2700 supplicatoriae
879 2660 1002 2701 sequitur
1021 2661 1050 2691 in
1073 2661 1137 2693 haec
1151 2661 1255 2699 verba,

163 2740 166 2745 '
221 2739 300 2771 Piese
312 2749 339 2769 ’3
360 2738 457 2771 nostre
476 2737 601 2776 seignur
623 2738 650 2769 le
672 2737 745 2778 Roy·
762 2736 957 2774 Remembrer
977 2745 1116 2775 coment,
1134 2739 1254 2769 environ

188 2777 262 2808 deux
279 2778 338 2808 Ans
349 2777 441 2815 passe,
456 2776 549 2808 vestre
562 2776 635 2815 Lige
650 2775 763 2806 Gillium
777 2774 879 2806 Count
895 2775 931 2807 de
947 2775 1089 2815 Salisbury
1099 2786 1172 2807 vous
1187 2776 1257 2806 bail-

187 2817 212 2845 13
229 2827 243 2846 3
259 2816 479 2845 Westmonstier
493 2824 549 2845 une
562 2815 774 2853 supplicationi,
792 2815 829 2846 de
843 2815 911 2846 faire
923 2817 1004 2846 venir
1028 2814 1179 2845 Monsieur
1195 2813 1252 2853 Jo-

190 2855 247 2884 han
261 2854 292 2883 de
307 2857 443 2891 Montagu
457 2853 644 2891 Respondete
656 2863 691 2892 au
705 2852 746 2883 dit
759 2851 875 2891 Conte,
893 2863 929 2884 en
943 2852 1037 2884 vestre
1050 2853 1154 2884 Noble
1161 2852 1258 2884 Court

191 2893 228 2923 de
250 2892 409 2930 Chivalrie,
427 2892 531 2923 devant
548 2901 608 2922 voz
629 2889 803 2923 Conestable
821 2891 854 2922 δε
877 2890 1051 2929 Mareschal,
1070 2902 1086 2922 a
1105 2902 1139 2923 ce
1162 2901 1218 2930 que
1232 2892 1258 2921 le

193 2932 233 2962 dit
257 2930 356 2962 Conte
376 2932 421 2971 luy
442 2931 612 2961 surmettroit
625 2953 635 2970 ,
659 2930 798 2962 touchant
818 2929 843 2960 la
864 2928 999 2961 Detenue
1016 2931 1260 2961 Torteousement

192 2970 277 3000 d’une
297 2970 480 3007 Endenture‚
499 2970 533 3000 ὃς
553 2968 620 2999 d'un
640 2969 750 3000 Estatut
771 2968 925 2999 Marchant
943 2979 978 2999 en
1000 2969 1178 3007 dependant,
1195 2969 1260 3006 fait,

194 3018 274 3039 entre
288 3009 314 3039 le
327 3008 368 3039 dir
381 3007 498 3039 Counte
513 3007 584 3038 &le
598 3007 640 3038 dit
654 3007 805 3045 Moniieur
821 3007 936 3047 Johan„
954 3008 998 3038 sur
1020 3009 1140 3039 certeins
1159 3007 1260 3040 Cove-

197 3056 399 3124 nalfitigs'qfitetlre}
410 3046 590 3116 ‹Cld‘vffnlieiig
596 3046 740 3123 papralssedi’t
753 3044 1007 3129 ffiofidiliefffjohan
1023 3085 1085 3116 sont
1093 3085 1262 3124 Eufreintz,

197 3134 299 3155 contre
312 3126 337 3154 la
353 3124 415 3164 Foy
427 3124 510 3164 plevy
522 3133 559 3154 en
575 3124 600 3154 la
615 3123 706 3163 Mayn
720 3123 759 3154 du
773 3124 816 3154 dit
830 3123 946 3162 Gonte,

237 3162 280 3193 Le
294 3162 359 3200 quel
375 3162 524 3193 Monfieur
533 3162 629 3200 Johan
644 3163 726 3194 disoit
735 3186 744 3200 ,
759 3172 797 3192 en
811 3161 905 3195 vestre
919 3163 1057 3198 treshaute
1069 3163 1102 3195 &
1112 3162 1261 3194 tresexcel-

199 3201 257 3231 lent
272 3200 406 3231 Presence
415 3223 425 3239 ,
442 3210 500 3239 que
511 3210 548 3231 ce
559 3200 656 3232 serroit
667 3202 687 3232 il
699 3200 775 3240 prest
785 3201 906 3240 asfaire,
923 3212 960 3232 en
974 3202 1081 3235 mesme
1103 3201 1197 3234 vestre
1220 3202 1263 3233 dit

200 3238 310 3277 Court,
329 3249 364 3269 en
378 3239 404 3270 13
419 3249 475 3277 que
490 3249 563 3269 vous
577 3239 639 3279 Luy
654 3248 778 3271 vorroez
793 3239 931 3280 assigner,
1220 3261 1222 3265 ·

238 3277 280 3308 La
296 3278 377 3316 quele
388 3277 482 3307 Court
496 3287 568 3308 vous
581 3278 644 3308 lour
657 3277 839 3318 affignastez,
857 3280 881 3310 al
894 3279 1020 3311 instance
1040 3279 1078 3310 du
1101 3278 1142 3310 dit
1159 3278 1265 3310 Coun-

201 3325 247 3355 te,
265 3317 298 3347 &
318 3316 343 3346 al
366 3315 492 3353 expresse
510 3315 599 3346 affent
620 3318 654 3347 &
674 3316 872 3353 consentment
886 3318 925 3348 du
937 3319 978 3350 dit
993 3317 1143 3351 Monsieur
1152 3318 1269 3357 Johan,

202 3355 330 3394 presentz
343 3353 463 3392 pluseurs
477 3353 511 3383 N
513 3353 594 3384 obles
608 3354 645 3385 de
659 3355 751 3389 vestre
765 3354 916 3394 Roialme,

240 3392 287 3423 En
308 3393 399 3430 quelle
421 3391 517 3423 Court
537 3392 568 3422 ils
586 3401 639 3423 ont
658 3392 757 3432 depuis
766 3393 897 3431 procede
908 3394 1050 3433 tanquele
1062 3394 1102 3426 dit
1116 3394 1267 3430 Monfieur

199 3431 295 3470 johan
308 3433 333 3462 se
349 3431 402 3461 soit
415 3430 565 3468 d’illoeque
579 3430 698 3470 Appelle
710 3442 726 3463 a
738 3428 831 3462 vestre
844 3432 984 3465 tressiautc
997 3433 1138 3471 Persone,
1225 3469 1227 3472 y

242 3470 317 3500 Auxi
331 3493 340 3507 ,
360 3480 396 3499 en
417 3468 509 3499 vestre
527 3468 689 3501 Parlement
704 3494 714 3509 ,
731 3469 843 3502 darrein
859 3471 936 3509 paffe
949 3494 959 3510 ‚
979 3471 1090 3504 ordene
1109 3470 1201 3510 fuist„
1219 3481 1267 3509 par

203 3518 275 3538 vous
289 3509 321 3538 δε
335 3509 372 3538 les
386 3507 519 3546 Seignurs
532 3507 569 3538 de
581 3508 672 3539 vestre
686 3508 838 3548 Roiaime,
857 3519 931 3548 que,
950 3520 1003 3547 pur
1016 3509 1041 3540 13
1049 3509 1141 3541 Cause
1159 3510 1195 3540 de
1208 3521 1270 3540 ves-

207 3556 250 3578 tre
270 3546 311 3576 dit
334 3546 437 3576 Noble
450 3545 509 3576 Affi
530 3556 662 3584 nement,
678 3548 711 3579 &
727 3547 829 3579 Affent
843 3548 878 3580 &
893 3547 1123 3581 Consentement
1141 3548 1271 3587 suisditz,

206 3586 233 3616 le
247 3585 327 3616 Parle
342 3594 421 3615 entre
435 3593 489 3615 eux
522 3594 618 3616 everra
632 3585 706 3617 estre
721 3584 881 3618 Terminez
901 3597 950 3625 par
971 3587 1010 3619 les
1032 3587 1108 3627 lueys
1130 3586 1166 3618 de
1182 3587 1272 3620 vestre

207 3624 250 3654 dit
265 3622 361 3654 Court
371 3625 408 3653 de
422 3622 583 3662 Chivalrie,
751 3655 754 3659 ⁴
853 3636 856 3642 ·

244 3662 293 3692 De
307 3662 400 3700 quelle
414 3660 649 3706 Remembrance
659 3662 732 3706 plese
747 3672 763 3693 a
775 3662 869 3698 vestre
875 3663 1015 3698 Hauteffe
1028 3663 1199 3696 Comander
1209 3675 1274 3695 ves-

208 3709 250 3732 tre
272 3700 442 3731 Chanceller
463 3700 500 3729 de
520 3700 589 3731 faire
610 3711 645 3731 au
658 3701 700 3732 dit
714 3701 832 3733 Counte
847 3713 887 3734 un
899 3702 1020 3738 suffisant
1033 3702 1276 3741 Recorde,·souz

207 3739 300 3770 vestre
321 3738 415 3770 Grant
435 3737 512 3777 Seal,
532 3738 737 3779 Tesmoignant
759 3740 865 3772 l’affent
885 3743 919 3773 δε
942 3741 1159 3772 consentement
1179 3742 1218 3772 du
1233 3742 1275 3773 dit

210 3777 360 3809 Monsieur
376 3778 486 3817 Johan,
505 3778 539 3809 &
556 3777 649 3808 vestre
667 3778 770 3809 Noble
789 3779 986 3818 Affignernent
1000 3781 1034 3811 δε
1049 3781 1273 3811 Ordenanceten

211 3814 390 3859 Parletnent‚
407 3826 493 3846 come
513 3815 604 3847 deffus
623 3815 666 3847 est
685 3816 744 3855 dit,
759 3827 813 3855 pur
831 3818 921 3850 valoir
940 3828 976 3850 au
998 3819 1039 3850 dit
1059 3818 1159 3849 Conte
1172 3819 1275 3855 devant

211 3863 373 3893 quicunque
382 3854 473 3895 Juge,
785 3871 788 3875 ⁴
822 3859 824 3861 ’

250 3938 326 3984 Nos,
339 3940 442 3980 igitur,
460 3941 541 3979 quod
561 3941 598 3972 de
620 3940 814 3982 Affignatione
835 3943 931 3979 nostra
945 3967 955 3983 ,
972 3944 1006 3975 ad
1026 3944 1189 3980 instantiam
1210 3944 1279 3980 dicti

214 3976 356 4022 Comitis,
369 3980 405 4046 ¹&
420 3981 457 4010 de
470 3980 617 4050 Conosegsu
631 3981 759 4026 expresso
773 3981 991 4051 aietthphannis
1012 3984 1048 4014 de
1066 3983 1180 4051 ΙΙΣΥῙΟιπε
1201 3984 1279 4018 Acu-

215 4025 780 4100 nigram&tssstsgpffissss‘ssznffil
799 4023 1282 4098 &ztssgffissfffstuii‘gssssg‘jzssi

216 4103 264 4137 nes
278 4094 312 4124 &
330 4092 446 4130 singulae
456 4094 604 4134 Materiae,
621 4096 769 4136 Negotia,
786 4098 830 4128 seu
841 4097 959 4137 Causae,
978 4099 1006 4129 in
1021 4099 1097 4131 dieta
1105 4098 1215 4131 Cedula
1224 4099 1284 4137 ple-

217 4141 281 4164 mus
294 4131 525 4173 comprehensae,
542 4143 612 4166 cum
626 4137 764 4169 omnibus
774 4137 827 4168 suis
841 4136 1081 4176 Dependentibus
1089 4137 1284 4177 ,Emergenti-

1267 223 1299 263 P
1338 223 1380 263 U
1424 223 1465 263 Β
1497 222 1529 262 L
1567 224 1585 265 1
1625 223 1662 263 C
1704 223 1751 263 A.
2251 238 2267 264 1
2280 225 2299 264 8
2305 239 2331 275 9

1268 309 1338 346 bus,
1358 307 1603 347 incidentibus‚&
1618 308 1780 347 Connexis,
1797 308 1909 346 poflent
1923 309 1956 339 ὃ(
1971 308 2106 339 deberent
2122 308 2151 338 in
2167 307 2259 339 nostra
2272 310 2331 338 Cu·
2353 306 2477 339 linnD,

1268 349 1307 378 ria
1325 347 1460 386 Militari,
1479 349 1605 387 perjura
1620 349 1652 379 ὃς
1666 348 1820 379 secunlum
1836 347 1944 378 Forum
1959 348 2080 386 ejusdem
2091 345 2203 385 Ciiriae,
2223 348 2332 377 [rasari
2371 348 2452 385 1,85.

1270 396 1303 416 ac
1316 387 1400 415 etiam
1416 388 1575 425 terminari,
1594 387 1688 424 sicque
1704 387 1817 424 praefata
1829 384 1955 424 Cedula,
1973 394 2004 417 ut
2025 385 2240 424 Recordamur,
2260 396 2333 417 con·
2346 388 2399 415 Εἰς.
2419 396 2445 414 2.

1271 425 1343 455 tinet
1358 426 1385 453 iii
1401 425 1535 455 omnibus
1551 427 1706 455 veritatem.

1309 460 1342 492 Iri
1357 464 1447 500 cujus,
1468 464 1528 493 &c.

1310 501 1401 532 Teste
1416 500 1500 539 Rege
1513 501 1587 539 apud
1603 500 1876 540 Wstmonasterium,
1892 501 1987 531 xxviii.
2001 500 2046 530 die
2059 500 2248 532 Novembris.

1942 580 1995 608 Per
2013 574 2096 617 ipftaem
2116 580 2220 615 Regem.

1597 701 1656 731 Pro
1679 699 1812 744 Fptstopo
1832 698 2026 742 Landawnfi.

1276 782 1391 852 RE}
1408 783 1572 828 Omnibus,
1587 783 1622 814 ad
1635 792 1725 821 quOS,
1742 784 1803 815 &c.
1819 783 1954 815 Salutem.

1393 831 1468 852 ciatis
1484 822 1562 859 quod
1573 846 1581 859 ,

2350 772 2427 804 Ann.
2441 770 2484 805 D:

2373 814 2457 853 1385.

1314 859 1393 890 Cum
1408 869 1517 897 nuper,
1536 861 1659 891 Vacante
1673 859 1799 891 Ecclesia
1812 859 1974 892 Cathedrali
1987 859 2155 892 Cicestrenfi
2164 883 2173 898 ‚
2211 869 2239 890 er
2248 858 2336 890 Mor·
2348 855 2402 880 An.
2417 861 2446 887 9·

1277 904 1336 928 tem
1350 899 1437 929 bonae
1454 900 1620 936 memoriae,
1639 900 1681 927 W
1681 898 1783 928 illielmi
1795 899 1884 928 ultimi
1899 897 2019 938 Epiftopi
2033 900 2170 938 ejusdem,
2221 900 2336 929 ominus
2349 895 2380 919 R·
2390 900 2430 935 ‚2⁰

1276 938 1397 966 Summus
1411 936 1557 975 Pontifex,
1577 937 1779 968 Venerabilem
1794 939 1822 967 in
1837 938 1954 968 Christo
1967 938 2081 968 Patrem
2091 961 2100 976 ‚
2122 937 2253 966 Thomam
2267 938 2339 975 Epi·
2360 929 2422 956 &¹¹1-

1270 973 1378 1014 fiopum
1391 973 1621 1015 Landavmfi’m,
1638 985 1653 1005 a
1671 976 1804 1014 vinculo,
1820 986 1879 1014 quo
1898 976 1988 1006 eidem
2007 976 2144 1007 Ecciefiae
2166 975 2340 1006 Landavenfi
2357 977 2391 994 m·
2414 976 2455 996 ¹¹·

1278 1015 1442 1054 tenebatur,
1457 1014 1494 1044 de
1504 1014 1678 1053 Apostolicae
1686 1013 1833 1045 Potestatis
1844 1014 2031 1054 plenitudine,
2051 1014 2227 1051 Absolvens‚
2245 1013 2337 1051 ipsum

1277 1053 1312 1082 a}
1327 1052 1430 1083 Sedem
1443 1052 1626 1083 Cicestrensis
1639 1052 1773 1083 Ecclefiae
1787 1062 1879 1090 nuper
1893 1052 2077 1091 transtulerit,
2093 1054 2124 1084 &
2141 1053 2230 1090 ipsam
2251 1053 2279 1081 in
2300 1051 2341 1082 E-

1277 1091 1428 1136 piscopum
1441 1091 1527 1122 dictae
1536 1090 1670 1122 Ecclesiae
1677 1091 1857 1122 Cicestreniis
1869 1092 2026 1130 praefecerit
2037 1092 2070 1122 &
2083 1090 2230 1122 Pastorem
2241 1098 2288 1128 ,ut
2295 1098 2343 1120 ac-

1279 1140 1314 1160 ce
1335 1140 1406 1161 imus

1315 1140 1458 1207 lfxios,'de
1481 1168 1582 1199 Gratia
1604 1167 1701 1199 nostra
1720 1168 1847 1206 speciali,
1865 1168 2067 1200 Conceffimus
2085 1167 2177 1198 eidem
2196 1166 2338 1204 Episcopo

1279 1207 1456 1238 Landavensi
1469 1206 1643 1237 Custodiam
1658 1207 1727 1237 dicti
1739 1207 1924 1245 Episcopatus
1944 1206 2144 1245 cicestrensis,
2163 1209 2269 1236 ratione
2284 1204 2342 1234 Va-

1280 1247 1398 1277 cationis
1405 1246 1564 1283 hujusmodi
1573 1270 1581 1283 ,
1596 1247 1625 1275 in
1634 1245 1725 1276 Manu
1739 1245 1834 1276 nostra
1848 1246 2002 1285 existentis,
2020 1256 2052 1276 ac
2065 1247 2198 1276 omnium
2207 1245 2341 1284 Tempo-

1281 1285 1381 1314 ralium
1396 1284 1519 1322 ejusdem
1535 1283 1719 1323 Episcopatus
1738 1285 1757 1304 ’¹‘
1778 1284 1976 1323 Cicestrensis,
1995 1284 2165 1314 Habendam
2186 1293 2202 1312 c
2216 1292 2254 1312 im
2274 1293 2341 1313 om-
2360 1283 2378 1301 ⁴¹¹
2390 1283 2455 1313 VII.

1282 1323 1365 1355 nibus
1384 1323 1570 1360 Redditibus,
1589 1322 1747 1361 Proficuis,
1763 1322 1992 1360 Emolumentis,
2011 1322 2339 1362 RecognitionibusTe-
2353 1323 2419 1359 488.

1283 1363 1429 1400 nentium,
1447 1362 1651 1399 Libertatibus,
1669 1372 1784 1392 necnon
1802 1361 1903 1392 Feodis
1920 1361 2068 1400 Militum,
2085 1364 2117 1392 ὃς
2135 1360 2342 1390 Advocattoni-

1282 1401 1333 1430 bus
1347 1400 1550 1438 Ecclefiarum,
1569 1400 1746 1437 aliorumque
1761 1398 1986 1438 Beneficiorum,
2005 1401 2038 1431 ad
2060 1399 2253 1430 Collationem
2276 1398 2344 1437 Epi-

1282 1439 1360 1476 scopi
1368 1441 1417 1476 qui
1435 1449 1487 1477 pro
1503 1447 1635 1478 tempore
1648 1439 1730 1471 fuerit
1743 1441 1959 1477 pertinentium,
1978 1449 2011 1469 ac
2034 1438 2177 1476 Eutimia,
2194 1438 2227 1468 δε
2250 1439 2345 1467 omni-

1284 1478 1335 1507 bus
1351 1477 1424 1515 allis,
1442 1478 1475 1507 ad
1489 1477 1599 1508 dietum
1612 1477 1814 1516 Episcopatum
1829 1477 2054 1516 Ciceitzeul‘em,
2073 1480 2104 1508 ὃς
2120 1477 2303 1513 Temporalia
2315 1487 2345 1507 e-

1281 1516 1409 1555 jusdem,
1426 1517 1458 1547 &
1480 1516 1514 1546 ad
1537 1515 1605 1546 Nos
1619 1540 1629 1555 ,
1648 1517 1755 1547 ratione
1775 1516 1939 1547 vacationi„
1958 1517 2100 1554 praedfiae
2124 1515 2342 1554 pertinentibus,

1285 1556 1422 1592 quamdiu
1431 1554 1615 1592 Temporalia
1629 1554 1762 1593 praedicta
1778 1556 1805 1585 in
1816 1554 1910 1585 Manu
1923 1554 2017 1585 nostra
2029 1555 2177 1594 contigerit
2193 1563 2346 1594 remanere,

1286 1593 1390 1662 abique
1405 1594 1500 1631 aliquo
1515 1593 1612 1623 Nobis
1625 1593 1692 1624 inde
1706 1593 1861 1624 reddendo.

1339 1642 1357 1661 n
1373 1632 1451 1662 cu'us
1486 1633 1548 1663 &c.
1870 1653 1873 1655 —

1325 1641 1417 1702 TesteJ
1429 1654 1512 1710 R’ege
1526 1669 1600 1709 apud
1608 1669 1883 1710 Wstmonasterium,
1902 1669 1990 1701 Sexto
2005 1669 2050 1700 die
2063 1667 2245 1700 Decembris.

1971 1749 2025 1776 Per
2043 1744 2124 1785 ipsitm
2140 1748 2245 1783 Regem.

1333 1874 1427 1918 Super
1453 1871 1584 1919 Paffagio
1610 1869 1653 1904 ad
1668 1870 1787 1905 Villam
1808 1869 1844 1903 de
1859 1869 2030 1913 Gandaw,
2056 1869 2092 1903 de
2110 1870 2301 1906 Inrendena'm

1289 1955 1410 2026 RE}
1430 1956 1608 2026 Majoribuis,
1626 1957 1686 1988 &c.
1706 1956 1740 1987 ad
1756 1966 1845 1995 quos,
1859 1956 1920 1988 &c.
1935 1955 2071 1987 Salutem.
2367 1949 2499 2028 Amgs-D·

1408 1997 1485 2027 ciatis
1524 1998 1564 2026 υὸ
2388 1999 2421 2030 13
2464 2012 2473 2020 ·

1326 2032 1406 2064 Cum
1421 2006 1654 2073 Retinciierirr‘ius,
1669 2034 1787 2065 dilectos
1807 2033 1839 2064 &
1859 2032 1953 2064 fideles
1972 2032 2103 2072 nostros,
2123 2033 2299 2064 Willfelmum
2317 2035 2349 2066 de
2367 2034 2416 2057 An.
2437 2039 2466 2064 9-

1287 2074 1415 2111 Drayton
1435 2074 1467 2105 δε
1485 2076 1625 2111 Hugonem
1644 2075 1753 2112 Spencer
1769 2096 1779 2111 ,
1803 2082 1873 2103 cum
1892 2080 1973 2102 certo
1992 2082 2113 2102 numero
2131 2072 2297 2104 Hominum
2315 2073 2349 2104 ad
2368 2073 2399 2096 R.
2418 2078 2443 2095 2·

1288 2110 1378 2141 Arma
1390 2113 1423 2143 &
1439 2112 1669 2151 Sagittariorum,
1687 2111 1721 2142 ad
1735 2110 1997 2147 proficiscendum,
2016 2112 2044 2140 in
2065 2110 2244 2149 Obsequium
2261 2113 2350 2143 versus
2369 2111 2455 2134 Franc.
2470 2115 2498 2141 9·

1289 2148 1396 2180 Villam
1416 2151 1544 2181 nostram
1563 2151 1599 2181 de
1617 2150 1776 2188 Gandauo,
1797 2159 1865 2180 cum
1889 2151 1969 2179 omni
1986 2149 2192 2186 Festinatione,
2212 2150 2267 2188 qua
2289 2151 2350 2181 fieri
2364 2150 2393 2173 R.
2410 2155 2481 2174 2.m.

1288 2190 1409 2226 poterit,
1427 2198 1510 2227 prout
1525 2191 1563 2220 eis
1577 2199 1625 2227 per
1638 2189 1707 2220 Nos
1722 2190 1756 2220 &
1769 2187 1936 2219 Concilium
1950 2188 2081 2218 nostrum
2097 2187 2139 2218 est
2152 2190 2329 2227 injunctum,
2366 2194 2409 2222 33-

1328 2228 1373 2258 Ac
1387 2228 1474 2258 iidem
1490 2252 1500 2268 ,
1526 2227 1700 2259 Willielmus
1715 2229 1748 2258 &
1763 2227 1873 2266 Hugo,
1893 2226 2028 2265 quosdam
2042 2226 2202 2258 Servientes
2217 2227 2277 2258 suos
2289 2228 2352 2258 affi-

1290 2268 1436 2306 gnaverint
1449 2268 1482 2298 ὃ(
1498 2267 1692 2304 deputaverint
1704 2266 1738 2296 ad
1753 2265 1898 2303 Hospitia‚
1913 2266 1946 2296 &
1968 2265 2172 2308 Herbergagia.
2183 2265 2298 2297 honesta
2318 2267 2352 2298 δε

1291 2307 1500 2344 competentia,
1519 2305 1593 2343 apud
1605 2305 1692 2335 diCtas
1709 2304 1791 2335 Villis
1803 2304 1959 2335 Dovorriae
1975 2304 2190 2342 &Sandewici,
2208 2306 2277 2336 &in
2286 2305 2354 2336 Par-

1293 2345 1368 2375 tibus
1387 2343 1414 2374 V
1417 2345 1513 2382 icinis,
1533 2345 1583 2374 ubi
1605 2345 1642 2374 eis
1663 2343 1763 2373 melius
1782 2343 1925 2373 videbitur
1948 2342 2010 2373 fore
2033 2343 2211 2381 faciendum,
2230 2343 2352 2383 eisdem,

1292 2382 1457 2413 Willielmo
1471 2384 1504 2415 ὃς
1518 2382 1658 2420 Hugoni,
1676 2392 1709 2412 ac
1725 2381 1904 2412 Hominibus
1917 2380 1951 2412 ad
1970 2381 2060 2411 Arma
2071 2383 2104 2412 &
2120 2382 2268 2420 Sagittariis
2284 2393 2356 2420 prae-

1294 2420 1394 2459 dietis,
1413 2431 1528 2453 necnon
1544 2420 1579 2450 ad
1595 2420 1621 2451 V
1624 2421 1734 2451 ietualia
1748 2421 1781 2451 &
1795 2420 1845 2450 alia
1861 2421 1900 2450 eis
1912 2419 1947 2449 N
1950 2419 2078 2450 eceffaria
2089 2421 2222 2458 capienda
2236 2421 2269 2452 &
2291 2431 2357 2459 pro-

1294 2459 1419 2528 videgida
1432 2485 1442 2499 ,
1473 2462 1506 2492 &
1531 2461 1569 2490 eis
1586 2459 1621 2490 ad
1648 2459 1822 2490 rationabiles
1837 2457 1944 2490 Custus
1969 2459 2030 2489 suos
2054 2459 2194 2490 liberanda
2215 2460 2249 2491 &
2275 2459 2357 2500 affig-

1298 2509 1353 2529 nan
1374 2509 1388 2529 a

1332 2522 1423 2568 Vob’is
1443 2537 1614 2568 Mandamus
1635 2535 1716 2574 quod
1739 2534 1842 2566 eisdem
1867 2536 2058 2566 Servientibus
2109 2546 2159 2574 per
2186 2536 2335 2574 pnedic'tos
2350 2562 2360 2575 ,

1296 2575 1488 2607 Willielmum
1506 2577 1539 2608 ὃς
1559 2575 1717 2615 Hugonem
1733 2597 1743 2613 ,
1761 2576 1791 2604 in
1811 2574 1959 2618 Praemiffis
1979 2575 2015 2605 lic
2035 2559 2197 2612 assignandis
2210 2598 2219 2612 ,
2240 2576 2268 2605 in
2285 2575 2360 2606 Exe-

1297 2617 1413 2646 cutione
1425 2615 1639 2645 Praemifforum
1652 2613 1833 2644 Intendentes
1856 2615 1925 2651 litis,
1944 2612 2146 2652 Coiisuleiites,
2163 2615 2196 2645 ὃς
2218 2614 2361 2645 Auxilian-

1298 2663 1338 2684 tes
1348 2675 1357 2691 ‚
1376 2655 1507 2692 quotiens
1520 2655 1554 2685 &
1570 2662 1655 2690 prout
1671 2662 1721 2690 per
1735 2652 1823 2690 ipsos,
1840 2652 1887 2682 seu
1902 2662 2003 2683 eorum
2015 2652 2156 2690 aliquem,
2175 2660 2209 2683 ex
2222 2661 2299 2691 parte
2307 2663 2361 2683 no-

1299 2692 1372 2731 stra,
1390 2693 1496 2723 fueritis
1512 2691 1684 2729 praemuniti.
1698 2700 1702 2704 ⁴

1335 2730 1369 2762 Iri
1385 2731 1483 2769 cujuS,
1500 2731 1562 2763 &c.

1337 2806 1429 2839 Teste
1446 2807 1532 2846 Rege
1545 2807 1619 2846 apud
1637 2805 1913 2847 Wstmonasterium,
1931 2805 2048 2837 Otitavo
2063 2805 2110 2836 die
2123 2806 2304 2838 Decembris.

2039 2884 2092 2912 Per
2110 2881 2260 2913 concilium.

1481 3015 1573 3059 Super
1591 3015 1761 3045 Retinemia
1773 3022 1828 3058 pro
1846 3013 1882 3044 V
1880 3013 1958 3057 iagio
1975 3009 2011 3043 de
2028 3008 2188 3044 Gandavo.

1373 3096 1788 3135 ESTEENDENTURE‚
2381 3103 2515 3137 Ann.D.

1406 3136 1428 3166 F
1439 3146 1458 3165 A
1470 3145 1479 3165 1
1490 3144 1539 3165 TE
1560 3145 1686 3174 parentre
1701 3135 1797 3165 nostre
1805 3137 1916 3171 Seignur
1929 3133 1953 3163 le
1961 3136 2032 3173 Ray,
2051 3133 2134 3164 d’une
2142 3134 2223 3172 Part,
2243 3133 2365 3166 &Mes-
2404 3145 2487 3184 ¹385-

1306 3176 1390 3206 sieurs
1403 3174 1486 3214 Hugh
1499 3173 1522 3204 le
1536 3173 1683 3214 Despenser
1698 3176 1732 3206 &
1749 3176 1790 3205 W
1791 3172 1879 3203 illium
1892 3173 1924 3202 de
1937 3175 2066 3213 Drayton
2079 3172 2244 3211 Chivalers,
2259 3172 2368 3204 d’autre
2383 3186 2434 3211 Aa,
2451 3194 2479 3219 9·

1328 3224 1386 3251 art,
2380 3225 2410 3248 R.
2429 3231 2455 3249 2.

1308 3225 1612 3283 PTEsMomNE
1633 3261 1705 3290 que,
2384 3263 2493 3289 ExAu-

1346 3291 1444 3321 Come
1457 3291 1494 3320 les
1507 3289 1567 3319 ditz
1583 3289 1675 3328 Hugh
1697 3290 1730 3320 δε
1751 3287 1884 3332 William
1905 3287 2024 3317 feuffent
2044 3286 2197 3324 n'adgaires
2229 3286 2369 3318 demorez
2382 3304 2447 3335 mgr,

1309 3341 1356 3369 par
1372 3329 1536 3359 Endenture
1549 3329 1647 3358 devers
1662 3328 1757 3358 nostre
1771 3328 1812 3357 dit
1827 3328 1961 3364 Seigneur
1975 3327 2001 3355 le
2025 3326 2073 3355 Ro
2096 3346 2106 3363 ,
2126 3336 2177 3363 pur
2200 3325 2252 3355 Lui
2272 3325 2369 3357 Servir

1309 3370 1344 3400 de
1360 3367 1489 3406 Guerre,
1508 3377 1523 3396 a
1536 3367 1562 3397 la
1577 3366 1649 3397 Ville
1664 3367 1699 3397 de
1712 3366 1814 3402 Gand,
1833 3365 1954 3402 ovesque
1967 3363 2051 3394 Deux
2090 3373 2156 3407 entz
2164 3363 2276 3394 l-lomes
2284 3364 2370 3396 d’Ar—

1310 3418 1387 3445 mes,
1405 3415 1457 3437 eux
1472 3405 1590 3435 mesmes
1603 3414 1743 3442 acontez,
1759 3406 1792 3436 &
1802 3401 2014 3446 Qiati·eCentz
2021 3402 2170 3452 Archiers,
2190 3403 2227 3432 de
2241 3403 2299 3447 leur
2309 3402 2371 3434 Re-

1310 3455 1394 3516 {233ss
1402 3443 1919 3520 ’[ἓξὲξἱζὲιῖἳὲᾟέὲᾏέεξῗῗὲἓὲἓᾜῑ
1931 3441 1958 3510 l}
1965 3441 2229 3518 31842222¹¹33seli⁰t⁰2¹
2237 3441 2371 3517 ἒὲῗὲῑῗὲ

1312 3524 1370 3557 leur
1387 3521 1519 3553 Monstre
1534 3523 1568 3552 ὃς
1584 3531 1635 3559 pur
1655 3520 1760 3559 passer,
1905 3557 1909 3562 ι
1933 3557 1938 3562 “
2408 3556 2411 3559 1

1351 3561 1390 3592 Et
1409 3560 1515 3591 euffent
1536 3560 1573 3590 les
1592 3559 1666 3597 ditz,
1684 3559 1776 3596 Hugh
1799 3558 1832 3589 &
1857 3555 2005 3593 william,
2021 3565 2139 3594 receuz,
2180 3567 2208 3586 ar
2229 3557 2299 3588 celle
2313 3557 2374 3588 En-

1313 3600 1435 3636 c-heson,
1452 3599 1489 3628 de
1501 3607 1561 3628 noz
1576 3597 1715 3636 Deniers,
1736 3607 1788 3635 pur
1802 3604 1855 3626 eux
1871 3596 1903 3625 &
1919 3604 1971 3632 pur
1991 3595 2049 3624 leur
2069 3594 2125 3625 dite
2177 3605 2295 3634 eoenue,
2312 3596 2375 3627 Ga·

1314 3649 1362 3678 ges
1376 3639 1412 3669 de
1425 3637 1537 3668 Guerre
1549 3636 1732 3667 accustumez
1741 3660 1750 3673 ,
1766 3637 1799 3666 &
1816 3634 1929 3672 Regard
1944 3633 2129 3664 accustumez
2142 3634 2176 3665 &
2193 3633 2291 3673 Demy
2300 3657 2308 3673 ,
2322 3643 2376 3673 pur

1316 3677 1394 3709 Cent
1403 3678 1479 3715 jours
1495 3675 1583 3706 selont
1596 3675 1623 3705 le
1633 3684 1750 3713 purport
1765 3675 1801 3704 de
1816 3673 1838 3703 la
1854 3673 1911 3703 dite
1928 3671 2108 3709 Endenture,

1353 3715 1477 3747 Mesmes
1492 3723 1564 3744 ceuz
1578 3713 1664 3752 Hugh
1677 3714 1711 3743 ὃς
1726 3712 1872 3748 William,
1890 3720 1978 3748 poree
1994 3720 2050 3748 que
2068 3720 2115 3748 par
2134 3711 2257 3742 certaine
2276 3711 2376 3751 cause,

1315 3755 1376 3786 leur
1390 3755 1429 3784 dit
1446 3753 1548 3791 Vinge,
1563 3752 1691 3782 ordenez
1704 3761 1718 3780 a
1732 3751 1803 3781 estre
1824 3749 1871 3780 fait
1889 3749 1987 3779 devers
2008 3749 2111 3788 Gand,
2131 3749 2171 3779 est
2186 3749 2378 3789 destourbez,

1315 3794 1376 3824 sont
1390 3794 1527 3822 demorcz
1543 3791 1642 3820 devers
1657 3790 1752 3820 nostre
1767 3790 1808 3819 dit
1821 3788 1957 3826 Seigneur
1973 3787 2000 3817 le
2013 3787 2080 3824 Roy
2090 3813 2098 3825 .,
2115 3797 2167 3824 pur
2186 3788 2261 3818 ailler
2278 3788 2378 3820 devers

1316 3833 1340 3867 13
1351 3831 1422 3866 Ville
1438 3831 1472 3864 de
1488 3828 1623 3866 Berewyk
1638 3828 1681 3859 sur
1695 3828 1822 3862 Twede,
1841 3837 1894 3864 pur
1908 3837 1924 3866 y
1938 3826 2070 3856 demorer
2080 3850 2088 3861 ,
2108 3826 2150 3856 sur
2167 3826 2192 3856 la
2199 3826 2381 3866 Sauvegarde

1317 3871 1354 3900 de
1367 3870 1390 3899 13
1402 3869 1459 3899 dire
1473 3868 1499 3897 V
1503 3867 1563 3905 ille,
1578 3867 1703 3905 ovesque
1716 3867 1776 3897 leur
1790 3866 1846 3896 dite
1862 3864 2009 3902 Retenue,
2024 3868 2062 3894 du
2078 3865 2247 3902 Qiinzisme
2262 3867 2325 3903 jour
2343 3866 2381 3896 de

1316 3909 1421 3948 Januer
1438 3906 1577 3945 procliein
1594 3914 1715 3944 venant,
1733 3915 1782 3943 par
1798 3903 1874 3934 Cent
1883 3903 1985 3941 Jours,
2002 3904 2058 3946 lors
2074 3904 2210 3940 prochein
2231 3904 2382 3942 ensuantz,

1357 3947 1414 3977 Pur
1435 3954 1529 3983 qneux
1552 3943 1648 3975 Centz
1664 3944 1750 3982 Jours
1771 3943 1801 3973 ils
1822 3951 1874 3972 ont
1895 3941 1994 3972 Receu
2010 3940 2159 3972 Paiement
2181 3952 2232 3980 pur
2258 3942 2322 3973 Eux
2348 3944 2382 3974 &

1322 3987 1381 4016 leur
1392 3986 1450 4015 dite
1465 3983 1612 4022 Romnae,
1632 3992 1719 4020 come
1731 3982 1825 4019 desus,
1841 3981 1877 4010 de
1891 3980 1931 4010 les
1945 3979 2042 4019 Gages
2056 3982 2089 4011 &
2104 3980 2220 4018 Regam
2237 3982 2270 4013 ὃς
2285 3980 2383 4020 Demy

1334 4024 1401 4055 uisdi

1322 4025 1337 4056 s
1352 4033 1466 4092 'Etnssr'it
1481 4061 1585 4099 emptis
1603 4059 1642 4090 les
1658 4058 1719 4090 ditz
1737 4058 1788 4089 Hu
1808 4058 1828 4089 h
1846 4058 1879 4089 &
1898 4056 2028 4087 William
2047 4057 2071 4087 13
2091 4056 2206 4096 Garde,
2225 4058 2261 4088 de
2278 4057 2386 4087 mesme

1323 4101 1348 4131 la
1365 4100 1455 4137 Ville,
1473 4109 1520 4137 par
1536 4098 1598 4129 Eux
1613 4098 1645 4128 δε
1658 4107 1705 4135 par
1720 4098 1777 4127 leur
1813 4098 1849 4127 ite
1863 4095 2008 4138 Retenue,
2029 4105 2074 4133 par
2090 4098 2196 4127 meime
2209 4096 2235 4126 le
2252 4104 2349 4132 .emps.

1362 4138 1411 4169 EN
1432 4138 1706 4170 TEsMomNANcE
1725 4135 1762 4167 de
1775 4136 1858 4204 quel}
1874 4134 1961 4165 choie
1974 4146 1991 4167 a
2001 4134 2126 4168 laPartie
2139 4134 2176 4165 de
2188 4133 2262 4165 ceste
2270 4132 2388 4164 Enden-

1869 4183 1884 4204 3
1906 4182 1921 4213 3
2318 4178 2393 4207 ture,
