2561 4251
221 119 270 172 38

71 201 393 238 Amo-statutorum
414 202 446 232 ὃς
467 199 687 230 Ordinationum
700 222 709 237 ‚
735 199 800 229 inde
822 198 962 229 editorum
977 220 987 235 ,
1011 196 1108 232 faciat,
1124 200 1277 233 procuret,

93 241 176 280 1389.
222 243 456 277 seumanureneat
472 239 571 276 quovis
588 236 694 267 modo:
978 273 982 278 .
1089 272 1095 277 .

260 280 297 310 Et
318 280 337 309 si
358 279 418 315 quis
436 277 471 306 de
492 275 604 313 Populo
622 275 737 313 nostro,
758 285 806 312 per
819 275 921 316 aliquas
934 270 1280 315 hujusmodi-congrega-

219 320 310 349 tiones
323 341 332 354 ,
359 313 576 354 Oppreffiones,
594 313 832 351 Conventiculas‚
850 316 894 342 seu
912 309 1159 348 Manutenentias,
1177 317 1277 340 contra

220 355 477 386 Proclamatiouem
500 353 663 390 praedidbam
678 375 688 390 ,
706 351 804 381 senseat
826 351 852 381 se
874 358 1040 390 gravatum,
1058 358 1141 387 penes
1157 348 1223 379 Nos
1242 348 1276 378 ὃς

221 393 385 425 Concilium
401 390 529 421 nostrum
544 391 686 428 sequatur,

257 432 295 461 Er
304 431 370 460 Nos
386 429 453 468 sibi,
472 429 681 467 super-Querela
695 427 757 463 sua,
776 427 954 457 Remedium
968 434 1134 464 competens
1148 426 1277 462 &opor-

219 478 319 501 tunum
334 493 344 506 ,
370 467 523 498 secundum
547 466 659 503 Legem
680 467 714 496 ὃς
736 465 979 497 Consuetudinem
994 464 1090 504 Regni
1106 463 1195 494 nostri
1212 463 1275 493 An-

218 509 297 547 glize,
317 506 428 537 indilate
445 530 454 543 ,
474 506 542 535 Deo
562 505 646 534 dante
659 527 669 542 ,
693 504 752 534 fieri
765 528 774 542 ,
798 506 831 535 ὃς
855 504 1045 543 delinquentes
1067 504 1097 532 in
1111 503 1164 532 hac
1179 510 1276 540 parte,

217 548 290 583 juxra
305 545 349 575 sua
367 544 530 581 Demerita,
549 544 639 580 puniri
654 543 806 581 faciemus,

253 583 292 615 Et
306 584 364 614 hoc
379 584 533 613 nullatenus
547 582 691 617 omittatis.

291 622 381 653 Teste
396 621 476 660 Rege
490 620 564 659 apud
579 618 853 660 Westmonasterium,
870 620 978 650 ofiavo
994 618 1039 649 die
1056 617 1137 649 Maii.

72 282 126 308 nic.
149 292 175 317 3.

897 699 951 727 Per
967 694 1049 736 ipftcm
1065 698 1170 733 Regem.

254 775 404 815 Confimilia
426 762 539 806 Brevia'
553 776 708 812 diriguntur
721 773 833 818 fingit-lis
851 776 880 804 V
879 773 1051 804 icecomitibus
1059 781 1108 812 per
1122 771 1275 809 Angham,

213 815 383 883 acdohanni
405 817 477 844 Duci
492 813 663 853 Lancastriae
677 836 688 852 ‚
712 812 761 843 vel
776 824 831 852 ejus
846 812 1013 843 Cancellario
1033 816 1063 842 in
1075 815 1189 842 Ducatu
1201 818 1276 849 prae-

235 865 244 882 t
273 865 296 884 o.

261 982 320 1013 Pro
348 977 506 1013 cardinali
533 979 616 1010 tituli
641 980 744 1011 Sam‘ii
767 981 905 1020 ciriaci,
937 975 972 1009 de
991 978 1174 1009 Canonicatu
1190 977 1228 1013 &-

231 1033 237 1045 ²
623 1024 779 1060 Prehenda
790 1027 865 1071 silis.

219 1115 275 1170 R
287 1110 353 1144 EX
379 1112 542 1150 Omnibus,
559 1111 594 1143 ad
609 1122 699 1151 quos,
716 1113 776 1143 &c.
797 1111 930 1142 Salutem.

58 1113 136 1145 Ann.
151 1112 193 1143 D.

81 1152 167 1191 1389.
314 1152 411 1182 Sciatis
430 1152 511 1190 qued
526 1151 611 1189 Nos,

59 1196 112 1219 An.
132 1201 172 1218 12.
226 1191 228 1193 ’
253 1190 303 1220 Ob
325 1189 510 1221 affectionem
532 1192 565 1222 &
587 1189 806 1220 benivolentiam
822 1211 832 1226 ‚
858 1198 924 1226 quas
937 1212 947 1228 ,
972 1187 1146 1219 Venerabilis
1168 1187 1271 1224 Pater,

59 1234 89 1257 R.
111 1240 136 1257 2.
214 1227 381 1267 Nicholarer,
399 1227 492 1258 Tituli
507 1230 601 1258 Saum
617 1231 713 1257 Ciriaci
728 1227 865 1257 Presbiter
881 1227 1037 1257 Cardinalis
1052 1251 1061 1266 ,
1077 1236 1141 1265 erga
1155 1226 1223 1256 Nos
1237 1225 1271 1256 &

58 1272 170 1295 Par-12.

59 1310 190 1343 R.2.p.2.

57 1353 95 1373 m.
117 1353 157 1372 11.

215 1266 354 1302 Regnum
368 1268 500 1298 nostrum
514 1268 584 1306 gerit
589 1291 601 1313 ἔ
620 1275 704 1304 prout
717 1267 852 1298 veraciter
867 1265 958 1296 sumus
972 1266 1134 1304 informati,

249 1304 450 1337 Conceffimus
465 1305 556 1335 eidem
569 1304 726 1342 Lardinali,
748 1314 883 1342 quantum
899 1306 927 1334 in
944 1305 1026 1335 nobis
1043 1303 1098 1341 est,
1115 1302 1196 1342 qubd
1215 1302 1271 1340 ipse

210 1344 418 1375 Poffeffionem
446 1343 642 1375 Canonicatsis
671 1342 805 1373 Ecclesiae
831 1342 999 1373 Monasterii
1029 1343 1148 1373 Shafron
1171 1341 1272 1372 Sarum

210 1382 362 1421 Dicecese,
380 1393 413 1413 ac
428 1381 594 1412 Praebendae
607 1382 643 1412 de
657 1381 842 1421 Gillyngharn
857 1382 886 1410 in
901 1381 999 1412 eadem
1008 1381 1133 1412 Ecclesia
1149 1380 1196 1418 (de
1210 1381 1273 1418 qui-

212 1422 263 1460 bus
283 1421 333 1451 fibi
358 1431 407 1459 per
426 1420 590 1451 Dominum
613 1424 746 1450 Summum
769 1418 924 1457 Pontificem
935 1419 1032 1450 debite
1044 1419 1223 1459 providetur,
1242 1427 1272 1449 ut

211 1459 324 1497 dicitur)
342 1470 390 1499 per
405 1459 605 1490 Procuratores
619 1459 700 1497 ipsius
714 1458 867 1489 Cardinalis
880 1458 990 1496 adipisci

247 1497 447 1536 Adeptamque
471 1499 634 1528 continuare
649 1521 657 1535 ,
680 1507 796 1528 necnon
817 1497 935 1527 FruCtus
953 1497 986 1527 &
998 1480 1161 1527 'Proventus
1174 1493 1273 1526 Cano-

210 1536 318 1567 nicatfis
331 1538 364 1568 ὃ(
385 1536 551 1566 Praebendae
566 1536 769 1574 praedistorum
785 1537 931 1574 percipere
944 1534 1028 1574 poffit
1043 1559 1053 1573 ,
1069 1535 1130 1570 (ἶφι.
1142 1541 1224 1574 prout
1243 1537 1272 1563 in

209 1576 252 1613 eju
264 1575 333 1604 modi
348 1575 380 1604 de
396 1578 524 1604 Licentia
539 1578 654 1605 Literis.

286 1612 319 1643 In
334 1613 431 1651 cujus,
449 1613 510 1644 &c.

244 1650 336 1682 Teste
350 1651 432 1691 Rege
446 1650 519 1690 apud
534 1650 792 1692 Wstmonasterium
801 1674 810 1689 ‚
827 1651 942 1681 decimo
956 1651 1057 1688 quinto
1072 1649 1118 1680 die
1134 1648 1215 1680 Maii.

711 1730 765 1757 Per
781 1729 874 1757 Breve
889 1726 919 1756 de
935 1729 1053 1757 Privato
1063 1725 1164 1764 sigillo.

207 1854 267 1887 Pro
294 1852 452 1887 Cardinali
467 1853 567 1886 Tituli
587 1852 692 1885 Sanc'li
710 1852 874 1894 Marcelli,
899 1851 936 1884 de
947 1852 1014 1896 fitis
1032 1855 1215 1887 Canonicatu
1231 1858 1268 1893 ὠ·

253 1930 255 1933 .
309 1930 312 1932 .
648 1898 818 1934 Praebenda.

56 1990 132 2021 Ann.
143 1989 184 2021 D.
209 1990 264 2045 R
277 1986 341 2018 EX
370 1987 529 2026 Omnibus,
548 1988 582 2018 ad
598 1997 686 2026 quos,
704 1987 763 2019 &e
783 1986 917 2018 Salutem.

80 2030 163 2069 1389.
307 2027 404 2057 Sciatis
419 2027 500 2064 qued
516 2026 602 2065 Nos,

52 2072 105 2096 An.
130 2079 171 2096 ιι.
243 2064 295 2095 Ob
315 2065 499 2096 affestionem
518 2067 552 2097 δε
573 2064 794 2096 benivolentiam
808 2089 818 2102 ,
849 2074 916 2102 quas
931 2088 940 2103 ,
962 2065 1136 2096 Venerabilis
1159 2065 1241 2096 Pater
1255 2090 1266 2104 ,

52 2111 82 2134 R.
103 2117 128 2135 2.
204 2103 355 2142 Stephanus
367 2128 375 2142 ‚
402 2104 478 2133 tituli
499 2105 594 2134 Sanlli
614 2103 744 2133 Marcelli
758 2101 893 2132 Preshiter
907 2103 1079 2142 cardinalix,
1097 2104 1188 2135 dictus
1202 2106 1268 2135 Tu-

53 2146 156 2174 lbi'dem.
205 2141 344 2211 ἀεηὶηυῗ,
363 2147 429 2186 erga
444 2142 512 2173 Nos
524 2144 557 2174 &
572 2143 709 2182 Regnum
724 2142 853 2172 nostrum
867 2143 955 2181 gerit,
974 2152 1058 2180 prout
1073 2144 1207 2174 veraciter
1223 2143 1266 2174 su-

204 2190 268 2211 mus
283 2191 310 2210 in
325 2190 424 2211 ormati

240 2204 442 2250 Conceffimus'
454 2220 546 2250 cidem
561 2219 720 2258 Cardinali,
740 2228 876 2258 quantum
892 2220 920 2249 in
936 2220 1019 2250 nobis
1033 2219 1091 2258 est,
1111 2219 1190 2258 quod
1211 2220 1267 2257 ipse

201 2257 408 2288 Posiessionem
422 2257 617 2289 Canonicarus
630 2258 764 2289 Ecclesiae
778 2257 948 2288 Monasterii
962 2258 998 2289 de
1021 2258 1138 2290 W'ilton
1151 2281 1160 2296 ,
1179 2258 1268 2288 Ordi-

201 2297 243 2325 nis
265 2296 362 2327 Sancfi
384 2296 528 2327 Benedicti
550 2298 651 2327 Sarum
674 2297 826 2327 Dioecese,
847 2306 880 2327 ac
896 2296 1063 2328 Praebendae
1077 2297 1112 2327 de
1124 2297 1267 2327 Southne-

202 2343 298 2365 weton
318 2336 346 2365 in
371 2335 468 2365 eadem
491 2335 614 2366 Ecclesia
627 2360 636 2373 ,
654 2336 690 2365 de
702 2337 803 2374 quibus
819 2335 868 2365 sibi
884 2344 932 2372 per
948 2335 1114 2366 Dominum
1127 2339 1261 2366 Summum

201 2372 357 2414 Pontificem
371 2373 465 2404 debite
480 2373 660 2412 providetur,
679 2383 708 2406 ut
723 2374 840 2411 dicitur,
859 2371 919 2408 &a
939 2381 969 2403 ut
978 2374 1072 2413 Jiaepra.

245 2411 277 2441 In
294 2413 388 2450 cujus,
407 2414 466 2444 &e

281 2450 369 2481 Teste
383 2460 414 2482 ut
426 2450 513 2490 supra.

705 2491 759 2519 Per
774 2491 866 2519 Breve
880 2489 912 2519 de
929 2491 1048 2519 Privato
1063 2488 1161 2527 Sigillo.

50 2619 70 2685 Ξ
87 2619 153 2646 VII.
261 2615 284 2636 *
308 2617 356 2648 De
372 2616 594 2661 Appellatione,
622 2619 652 2647 in
672 2617 868 2663 Causizsitper
889 2619 999 2650 Armis
1018 2617 1054 2651 de
1074 2621 1202 2653 Azara.

74 2666 117 2683 20.
242 2670 247 2674 ⁴

50 2701 128 2731 Ann.
144 2702 182 2732 D.
208 2703 264 2757 R
277 2700 358 2737 EX,
377 2700 484 2731 dilecftis
497 2699 564 2737 sibi,
581 2699 710 2737 Johanni
724 2698 816 2737 Staple
831 2701 864 2731 &
881 2700 1003 2730 Wltero
1026 2702 1180 2742 Leycestre‚
1199 2703 1265 2736 Ser-

72 2742 158 2779 1389.
285 2740 424 2770 vientibus
438 2739 487 2769 suis
500 2739 533 2768 ad
548 2739 651 2775 Arma,
669 2738 800 2767 Salutem.

48 2782 101 2805 An.
122 2790 162 2808 ιι,
239 2776 284 2807 Ex
305 2787 380 2815 parte
396 2801 404 2815 ‚
430 2777 539 2808 Dilecti
555 2778 588 2807 ὃ(
604 2776 703 2806 Fidelis
717 2775 821 2814 nostri,
838 2778 949 2807 Ricardi
966 2776 989 2806 le
1004 2779 1082 2816 Scrop
1094 2779 1193 2811 Nobis
1204 2782 1245 2812 est
1253 2805 1264 2821 ,

49 2821 79 2844 R.
101 2827 125 2844 2.
206 2824 274 2845 cum
290 2816 433 2853 instantia,
452 2816 634 2853 supplicatum
651 2824 698 2852 ut,

48 2855 184 2891 clausa.
241 2853 321 2885 Cum
335 2854 464 2884 Robertus
478 2854 646 2892 Groseenour
658 2853 791 2883 Chivaler
800 2877 809 2890 ,
824 2852 970 2884 Sententia
984 2864 1087 2892 nuper,
1097 2856 1126 2885 in
1143 2858 1261 2895 quadam

49 2898 78 2920 R.
101 2903 125 2922 2.
146 2905 182 2923 m.
203 2891 292 2924 Causa
308 2893 344 2923 de
359 2894 392 2924 ὃς
409 2893 487 2931 iiiper
504 2893 599 2922 Armis
612 2892 647 2922 de
662 2892 774 2928 Azura,
789 2901 856 2922 cum
873 2902 926 2922 una
941 2891 1034 2923 Benda
1047 2893 1083 2923 de
1099 2894 1179 2926 Auro
1190 2906 1260 2933 pen-

50 2941 77 2965 4.
202 2930 288 2961 dente
300 2954 309 2967 ,
335 2941 432 2962 coram
451 2930 669 2961 Constabulario
692 2932 724 2960 ἃ
747 2928 913 2960 Marescallo
927 2930 1029 2960 nostris
1040 2931 1168 2972 Angliae,
1188 2935 1259 2965 inter

204 2969 276 3005 ipsos
291 2970 435 2999 Ricardum
448 2971 480 3001 ὅ(
494 2969 652 3007 Robertum,
671 2978 718 3007 per
733 2967 855 2998 eundem
867 2967 1118 3000 Constabularium
1134 2971 1206 3011 lata,
1224 2974 1258 3004 ad

206 3006 333 3037 nostram
352 3007 529 3038 Audientiani
544 3008 734 3045 appellaverit,

240 3045 355 3083 ipseque
377 3045 514 3076 Ricardus
536 3055 640 3076 metuat
666 3046 714 3075 sibi
735 3043 824 3082 ipsum
848 3044 1010 3076 Robertum
1033 3047 1258 3084 Appellationem

201 3083 276 3114 suam
300 3083 464 3122 praedic-'iam
487 3084 615 3122 prosequi
628 3094 686 3114 non
700 3083 818 3120 debere,
837 3083 987 3122 eidemque
1002 3085 1130 3116 Ricardo
1145 3086 1259 3127 Damp-

203 3132 272 3152 num
287 3131 320 3152 ex
335 3123 387 3153 hac
403 3122 480 3152 caus-a
493 3122 682 3160 multipliciter
694 3123 835 3160 generari,

236 3160 368 3229 ,Krelimus
384 3161 435 3191 sibi
448 3161 483 3191 de
497 3160 640 3191 Remedio
656 3169 798 3198 oportuno
813 3160 977 3200 providere,

275 3210 306 3230 os

209 3241 211 3243 ’
238 3222 382 3269 Nolentes
397 3237 490 3268 eidem
505 3236 632 3267 Ricardo
644 3238 670 3266 in
683 3236 736 3267 hac
752 3245 828 3274 parte
839 3237 990 3275 aliqualiter
1004 3240 1194 3279 praejudicari,

238 3275 331 3306 Vobis
345 3299 355 3315 ,
381 3278 414 3308 &
435 3277 511 3307 alteri
533 3274 661 3307 vestrum
676 3298 685 3313 ,
705 3275 905 3314 Praecipimus,
920 3276 1072 3308 districtius
1088 3289 1145 3316 quo
1160 3279 1257 3319 possu-

205 3323 268 3344 mus
291 3316 462 3353 injungentes
478 3338 488 3353 ,
512 3315 640 3352 quatinus
663 3315 851 3351 peremptorie
866 3315 974 3353 citetis,
992 3317 1037 3346 vel
1051 3317 1116 3346 alter
1130 3317 1258 3348 vestrum

206 3354 275 3382 citet
292 3353 380 3390 ipsum
395 3352 574 3391 Robertum‚
588 3351 668 3390 quod
684 3360 847 3388 compareat
861 3362 958 3382 coram
972 3353 1086 3392 Nobis,
1105 3356 1150 3385 vel
1165 3355 1259 3386 Com-

206 3390 331 3428 missariis
345 3391 464 3430 nostris,
479 3393 508 3421 in
522 3392 574 3422 hac
589 3399 664 3428 parte
678 3390 814 3427 deputatis
827 3390 870 3419 vel
886 3390 1049 3429 deputandis
1063 3416 1072 3431 ,
1090 3393 1134 3423 die
1150 3394 1240 3424 Lunae
1250 3418 1259 3433 ,

206 3428 310 3459 ultimo
324 3430 369 3459 die
384 3429 471 3467 Maii,
491 3431 623 3467 proximo
637 3430 748 3466 futuro,
763 3427 837 3467 apud
858 3427 989 3460 Domum
1006 3431 1132 3462 Fratrum
1153 3432 1260 3463 Praedi-

208 3477 339 3497 carorum
360 3468 522 3498 Londoniae
537 3491 546 3507 ,
569 3467 602 3498 ad
625 3465 865 3497 introducendum
887 3468 919 3498 &
940 3468 1171 3507 Prosequendum
1184 3470 1260 3502 Cau-

206 3505 263 3535 sam
281 3505 480 3543 Appellationis
494 3506 547 3536 sune
562 3506 721 3544 praedictae,
739 3505 788 3534 sub
802 3504 892 3534 Poena
906 3505 1068 3538 Amissionis
1083 3508 1221 3548 ejusdem,

242 3543 327 3582 Nos,
346 3545 401 3574 sive
416 3544 631 3575 Commissarios
646 3543 756 3574 nostros
766 3566 775 3581 ,
793 3543 827 3572 de
842 3551 905 3572 toto
919 3544 1006 3575 Facto
1021 3545 1134 3585 vestro,
1159 3547 1205 3578 vel
1220 3547 1260 3577 al-

207 3582 450 3620 teriusvestrsim,
470 3584 497 3612 in
512 3583 564 3613 hac
582 3591 675 3621 parte,
693 3591 761 3612 tunc
776 3580 969 3612 certificantes

231 3629 233 3631 ’
246 3620 336 3650 Teste
350 3621 432 3660 Rege
447 3621 519 3661 apud
535 3620 805 3660 Westmonasterium,
822 3619 937 3650 decimo
951 3623 1051 3658 quinto
1066 3622 1114 3653 die
1127 3622 1207 3653 Maii.

186 3779 189 3783 ,
419 3748 467 3779 De
487 3750 650 3780 Levatione
667 3744 794 3789 Subfidii
813 3746 1042 3791 Respenuanda.

65 3819 139 3848 ΑΠΠ·
153 3815 196 3847 D·
219 3828 274 3882 R
284 3827 347 3858 EX
371 3832 397 3858 V
398 3833 525 3859 icetomiti
537 3832 670 3868 Kantiae,
689 3830 823 3860 Salutem.

89 3857 173 3895 1339·
204 3896 206 3898 ,
316 3866 484 3909 Recolenres
505 3869 537 3898 δε
558 3870 662 3899 attente
683 3867 895 3898 Coniiderantes
909 3868 1033 3900 Subfidia
1046 3871 1080 3901 &
1092 3869 1262 3900 Taxationes

66 3900 119 3922 Aa.
137 3905 180 3922 η.
216 3904 419 3939 quamplurima
432 3929 440 3942 ‚
464 3916 497 3936 ac
518 3905 622 3936 Gustus
642 3907 674 3937 &
698 3906 833 3943 Expensas
847 3907 1067 3946 inaestimabiles,
1087 3918 1151 3945 quae
1165 3907 1259 3938 dileeti

69 3938 101 3976 R3
119 3943 143 3960 2·
202 3939 356 3983 .&'fideies
371 3942 449 3980 Ligei
461 3946 494 3974 ὃ(
508 3944 617 3976 Subdiu
631 3945 726 3982 Regni
740 3943 829 3974 nostri
841 3945 968 3983 Angliae,
987 3948 1022 3975 ab
1037 3947 1126 3976 Annis
1141 3947 1258 3984 teneris,

65 3971 128 3998 15³¹·
203 3978 331 4022 qmbus,
350 3978 417 4008 Deo
429 3982 556 4019 volente,
575 3983 642 4012 dicti
655 3982 750 4021 Regni
764 3982 961 4013 Gubernacula
975 3984 1169 4021 Suscepimus,
1186 3994 1258 4020 prae-

64 4018 137 4043 m.4.
149 4009 173 4038 ⁴1-
212 4017 304 4053 sertim
325 4017 360 4047 ad
381 4016 533 4049 Honorem
553 4020 679 4050 nostrum
698 4021 939 4058 augmentandum
954 4044 964 4059 ,
982 4032 1014 4053 ac
1026 4022 1147 4061 ejusdem
1159 4021 1260 4060 Regni

646 105 1447 155 CONVENTIONES,
1503 105 1891 156 LITERAE‚

1314 189 1497 221 necessariam
1524 190 1730 235 Defenfionem
1743 215 1754 230 ,
1787 191 1974 225 sustinuerunt
1994 196 2029 227 &
2051 188 2244 234 multipliciter
2266 190 2377 228 effude-
2397 192 2528 231 AnnD..

1315 237 1402 273 runt,
1416 239 1459 273 ac·
1474 228 1666 273 Gratitudines
1685 239 1796 269 magnas
1810 255 1820 269 ,
1844 241 1911 269 quas
1935 233 1965 262 in
1979 233 2081 264 eisdem
2095 235 2193 272 Ligeis
2205 236 2239 267 &
2253 234 2376 266 Subditis
2417 236 2501 274 1389.

1315 266 1434 306 nostris,
1452 277 1481 297 in
1497 268 1554 298 aliis
1575 267 1796 299 Neceffitatibus
1816 271 1849 301 &
1870 271 2108 308 oportunitatibus
2130 273 2230 304 nostris
2243 297 2252 312 ,
2271 283 2374 312 pronas
2392 274 2443 301 Ric.
2465 284 2491 311 3.

1315 307 1349 337 &
1367 315 1510 344 promptas
1525 307 1678 343 reperimus
1693 306 1878 345 incessanter,

1353 344 1398 374 Ac
1416 344 1536 382 proinde
1558 346 1592 376 &
1605 345 1771 382 quibusdam
1785 345 1844 375 aliis
1863 345 1899 376 de
1912 345 2026 386 Cauiis,
2044 346 2113 379 Nos
2125 348 2161 380 ad
2172 347 2291 388 praeiens
2304 360 2372 382 mo-

1313 383 1445 413 ventibus
1458 405 1468 421 ‚
1491 392 1526 413 ex
1546 383 1655 421 speciali
1678 384 1712 415 &
1727 393 1809 414 mero
1825 392 1906 414 motu
1919 384 2036 424 nostro,
2054 387 2151 418 nullim
2164 389 2272 420 alterius
2286 391 2372 420 inter-

1312 422 1445 451 veniente
1465 421 1582 452 consilio
1596 446 1605 459 ,
1622 431 1761 460 quantum
1777 423 1806 452 in
1821 421 1919 453 Nobis
1934 421 1976 453 est
1993 423 2090 461 (Salvo
2107 424 2207 464 Regali
2225 422 2304 459 Statu
2318 439 2373 459 no-

1313 459 1382 496 stro)
1406 460 1447 490 ob
1469 461 1605 497 majorem
1628 461 1764 500 Qietem
1788 462 1821 492 &
1840 461 2090 500 Tranquillitatem
2102 463 2206 500 ubique
2219 466 2249 496 in
2261 467 2372 506 Regno

1311 497 1412 528 nostro
1425 497 1564 536 praedieto
1580 499 1810 537 confovendam,
1829 500 1863 531 &
1876 508 1993 538 propter
2006 502 2140 532 intimum
2153 501 2276 543 Zeffim,

1352 537 1451 580 Qem
1465 536 1500 566 ad
1513 537 1644 574 praefatos
1660 537 1766 568 Fideles
1782 537 1887 577 Ligeos
1898 540 1932 570 ὃς
1945 538 2081 570 Squitos
2095 538 2208 571 nostros
2219 565 2230 579 ,
2247 553 2371 581 quorum

1317 575 1457 606 tranladhs
1471 574 1618 605 Oneribus
1634 574 1798 614 sumptuosis
1811 578 2000 615 compatimur
2013 579 2047 610 &
2062 589 2123 609 non
2139 578 2289 611 modicum
2301 592 2374 613 con-

1314 613 1460 651 dolemus,
1478 613 1529 643 suis
1541 614 1715 652 exigentibus
1729 615 1850 653 meritis,
1868 616 1992 653 gerimus
2005 617 2040 648 &
2054 617 2207 657 habemus,
2237 649 2240 651 ,

1352 651 1504 690 Volentes,
1524 651 1593 682 Deo
1612 651 1696 682 dante
1709 674 1719 691 ,
1746 654 1877 690 pauciora
1901 655 1934 685 ὃς
1949 655 2060 686 minora
2074 655 2217 695 Subsidia,
2235 656 2370 690 Taxatio-

1310 700 1374 729 nes‚
1393 691 1427 722 δε
1441 689 1537 720 Onera
1552 690 1586 720 de
1600 690 1685 720 Bonis
1700 690 1822 730 ipsorum
1838 691 1998 728 Ligeorum
2009 693 2043 724 &
2057 693 2245 726 Subditorum
2257 695 2371 727 nostro-

1310 739 1375 773 rum
1388 728 1626 797 isernporalibus,
1645 729 1732 768 quam
1745 729 1889 768 hucusque
1909 738 2040 768 tempore
2056 732 2156 764 nostro
2176 732 2238 765 fieri
2250 733 2369 766 consue-

1311 776 1370 805 vit,
1398 777 1472 799 evan
2148 802 2151 803 γ

1349 792 1530 837 Solution'em
1552 807 1586 838 ὃ(
1608 806 1795 838 Levationem
1812 806 1923 839 alterius
1945 806 2107 839 Medietatis
2124 802 2223 842 Unius
2235 811 2372 844 Decimae

1310 846 1344 877 &
1358 844 1455 875 Unius
1470 844 1712 884 Qintaedecimae
1721 869 1730 884 ‚
2054 879 2058 883 ,

1349 883 1446 914 Nobis
1466 883 1515 914 sub
1534 885 1616 914 certis
1635 883 1849 915 conditionibus
1861 907 1871 923 ‚
1888 885 1918 915 in
1932 884 2035 917 ultimo
2048 884 2240 919 Parliamento
2253 888 2368 929 nostro,

1311 928 1359 961 per
1373 922 1520 953 Dominos
1532 923 1567 954 δε
1581 921 1811 953 Communitates
1819 922 2039 964 Comitatuum,
2057 923 2216 956 Civitatum
2251 923 2285 958 &
2298 927 2369 958 Bur-

1311 969 1415 1005 gorum
1431 960 1460 990 R
1519 960 1628 990 inostri
1643 960 1784 999 praedicti,
1802 962 1997 993 concessarum
2010 986 2021 1002 ,
2045 962 2081 994 ad
2093 963 2210 994 Festum
2222 948 2370 998 ’Nativita-

1310 1008 1345 1030 tis
1357 999 1452 1030 Sancti
1463 969 1600 1037 ffliannis
1616 998 1761 1037 Baptistae,
1780 1000 1914 1036 proximo
1929 1001 2072 1040 futurum,
2089 1001 2311 1041 Solvendarum,

1351 1037 1510 1076 Qousque
1531 1038 1581 1068 alia
1597 1038 1688 1068 Nova
1705 1038 1741 1068 de
1756 1039 1878 1076 partibus
1890 1038 1998 1070 Exteris
2011 1039 2046 1070 ad
2058 1039 2227 1072 audientiam
2242 1041 2370 1073 nostram

1311 1077 1505 1116 pervenerint,
1523 1082 1556 1106 ae
1569 1075 1641 1106 aliud
1656 1083 1706 1114 per
1723 1075 1790 1106 Nos
1804 1077 1833 1106 in
1846 1075 1898 1108 hac
1911 1086 1988 1116 parte
1999 1078 2144 1116 provisum
2160 1079 2244 1111 fuerit
2257 1081 2290 1112 &
2306 1079 2368 1111 Or-

1311 1117 1452 1152 dinatum,
1467 1114 1597 1145 duximus
1609 1115 1672 1145 Res
1686 1114 1850 1152 estuandas;
2247 1146 2250 1149 .

1350 1152 1387 1183 Et
1401 1154 1464 1191 quia
1481 1152 1626 1184 Praemiffa
1640 1164 1655 1184 a
1686 1153 1866 1184 universalem
1883 1153 2036 1192 Ligiorum
2057 1155 2091 1185 &
2111 1155 2297 1188 Subditorum
2311 1167 2367 1189 no-

1311 1190 1434 1221 strorum
1448 1192 1616 1222 eorumdem
1630 1193 1761 1222 notitiam
1776 1191 1877 1223 deduci
1892 1194 2024 1223 volumus
2037 1192 2212 1233 festinanter,

1344 1230 1414 1260 Tibi
1424 1229 1607 1268 Praecipimus
1620 1231 1700 1269 quod
1715 1230 1825 1269 statim,
1843 1230 1904 1262 visis
1919 1231 2112 1271 praesentibus,
2130 1234 2159 1262 in
2174 1232 2286 1270 singuiis
2297 1233 2368 1265 locis

1309 1267 1474 1299 Comitatus
1496 1268 1622 1306 praediffl
1638 1292 1648 1306 ,
1674 1270 1723 1299 ubi
1744 1269 1892 1306 expediens
1911 1270 1994 1300 fuerit
2009 1271 2043 1302 &
2057 1270 2185 1308 necesse,
2202 1281 2255 1308 pro
2268 1273 2368 1310 majori

1310 1307 1521 1337 confortatione
1536 1307 1605 1337 dic'ti
1619 1306 1723 1346 Populi
1735 1307 1842 1344 nostri,
1856 1307 2007 1338 Tenorem
2022 1309 2162 1346 prcesentis
2170 1309 2267 1342 Brevis
2282 1310 2370 1343 nostri

1311 1346 1426 1384 publice
1444 1346 1532 1385 Legi,
1551 1345 1740 1384 proclamari,
1754 1347 1788 1378 ὅ(
1802 1345 1958 1377 Notificari
1970 1346 2067 1386 facias,

1349 1385 1368 1403 ³¹*
1385 1383 1423 1414 Et
1436 1384 1494 1414 hoc
1511 1384 1664 1414 nullatenus
1679 1387 1801 1415 omittas.

1346 1421 1434 1454 Teste
1449 1422 1531 1462 Rege
1541 1423 1614 1461 apud
1631 1422 1902 1463 Westmonalberium,
1919 1423 2034 1455 decimo
2047 1424 2124 1456 sexto
2135 1424 2179 1456 die
2195 1425 2277 1456 Maii.
2384 1399 2401 1416 .
2418 1401 2484 1429 VH‘

2389 1439 2455 1466 621.

1991 1504 2046 1532 Per
2061 1501 2144 1542 ipfhm
2157 1505 2262 1540 Regem.

1349 1576 1500 1617 Confimilia
1523 1580 1631 1608 Brevia
1651 1579 1804 1615 diriguntur
1816 1576 1930 1618 fingulis
1951 1580 1979 1608 V
1978 1578 2152 1608 icecomitibus
2159 1587 2210 1618 per
2222 1578 2374 1618 Angliam,

1310 1627 1342 1645 ac
1351 1615 1474 1653 Johanni
1496 1620 1568 1646 Duci
1586 1616 1754 1656 Lancastriae
1771 1639 1781 1655 ,
1805 1615 1856 1646 vel
1876 1617 1931 1656 ejus
1957 1616 2122 1647 Cancellario
2134 1621 2164 1648 in
2178 1621 2290 1648 Ducatu
2299 1626 2374 1657 prae-

1311 1656 1400 1693 dic‘lo,
1409 1654 1466 1695 βψ
1481 1656 1572 1685 eadem
1586 1658 1677 1686 Data.

1371 1784 1418 1815 Dc
1435 1780 1646 1827 CommiffitriIs
1665 1780 1813 1829 aſjtgnasis
1828 1785 1859 1814 in
1875 1781 1966 1827 caufh
1982 1780 2018 1814 de
2035 1783 2146 1815 Armis
2163 1781 2323 1819 medina.

1308 1869 1362 1925 R
1375 1866 1400 1897 E
1411 1866 1440 1897 X
1451 1890 1459 1905 ‚
1478 1866 1586 1898 ducetis
1602 1868 1635 1898 δε
1651 1866 1777 1897 fidelibus
1791 1866 1858 1904 suis,
2393 1876 2469 1907 Αῃῃ,
2483 1876 2526 1908 Ῑ),·

1400 1906 1506 1935 Thomae
1522 1907 1554 1935 de
1569 1905 1695 1943 Haland,
1716 1905 1847 1944 Kantiae‚
2415 1917 2498 1955 1389.

1345 1944 1490 1974 lVillielmo
1507 1945 1538 1973 de
1553 1947 1650 1974 Monte
1665 1948 1758 1973 Acuta
1764 1967 1774 1983 ,
1793 1944 1910 1982 Sarum,
2393 1959 2444 1982 An.
2467 1965 2510 1983 η,

1347 1982 1385 2013 Et
1400 1985 1518 2012 Henrico
1533 1984 1564 2013 de
1579 1985 1676 2022 Perry,
1696 1982 1934 2021 Northumbriae,
2392 1997 2422 2021 R.
2445 2003 2471 2020 2.

1348 2021 1529 2052 Comitibus:
2391 2035 2452 2059 Par.
2464 2037 2510 2061 12.'

1345 2060 1390 2091 Ac
1405 2060 1534 2099 Johanni
1548 2061 1579 2090 de
1595 2059 1730 2099 abbam,
2393 2074 2422 2098 R.
2432 2080 2457 2097 2.
2463 2077 2487 2107 p.
2497 2074 2526 2099 ιζ

1342 2099 1477 2128 Richardo
1492 2099 1655 2138 Adderbury
1664 2122 1674 2138 ,
2393 2118 2430 2138 m.
2445 2118 2471 2144 7.

1345 2137 1501 2168 Militibus:

1342 2175 1474 2206 Necnon
1496 2175 1638 2216 Magistro
1661 2175 1790 2215 thanni
1811 2174 1935 2215 Appelby
1950 2190 1960 2214 ·,
1977 2175 2099 2207 Decano
2114 2175 2249 2208 Ecclesiae
2265 2176 2373 2216 Cathe7

1304 2214 1385 2245 dralis
1401 2215 1496 2245 Sancti
1512 2215 1590 2246 Pauli
1605 2215 1787 2254 Londoniae,

1343 2252 1483 2292 Magistro
1496 2253 1625 2292 Johanni
1637 2256 1746 2283 Barnet
1754 2277 1765 2292 ‚

1345 2291 1488 2328 Magistro
1502 2292 1617 2322 Roberto
1630 2291 1735 2332 Wston
1744 2316 1753 2330 ,

1342 2329 1379 2361 Et
1393 2329 1535 2368 Magistro
1549 2330 1684 2360 Nicholao
1697 2331 1806 2368 Stoket‚

1342 2368 1456 2408 Legum
1471 2369 1667 2408 Dedioribus3
1686 2369 1820 2401 Salutem.

1343 2407 1440 2438 Sciatis
1457 2407 1537 2446 quod
1548 2431 1557 2446 ,

1342 2445 1423 2477 Cum
1441 2445 1674 2477 Constabularius
1689 2446 1785 2477 noster
1802 2444 1847 2475 An
1867 2445 1930 2484 liae,

1341 2484 1376 2514 In
1392 2485 1512 2523 quadam
1529 2484 1640 2523 Causa,
1658 2485 1694 2516 de
1707 2486 1739 2516 &
1754 2485 1834 2522 super
1878 2486 1944 2514 rmis
1957 2483 1994 2515 de
2008 2484 2121 2524 Azura,
2140 2495 2208 2516 cum
2223 2495 2278 2516 una
2293 2485 2366 2517 Ben-

1306 2522 1341 2553 da
1353 2522 1389 2553 de
1403 2524 1502 2562 Auro,
1520 2525 1592 2554 inter
1606 2523 1771 2553 Richardum
1789 2523 1814 2552 le
1835 2526 1913 2560 Scrop
1928 2522 2073 2561 Militem,
2091 2523 2202 2554 Partem
2217 2524 2364 2555 Aeiricem

1306 2570 1341 2591 ex
1363 2571 1417 2592 una
1439 2571 1516 2600 parte
1530 2586 1540 2600 ,
1565 2563 1598 2594 &
1619 2561 1765 2592 Robertum
1776 2559 1962 2599 Grofvenour‚
1980 2559 2094 2591 Partem
2106 2561 2317 2593 Defendentem
2331 2571 2368 2593 ex

1303 2600 1386 2669 {itera
1406 2609 1483 2638 parte
1495 2623 1505 2639 ‚
1530 2602 1559 2630 in
1581 2599 1668 2631 Curia
1690 2600 1785 2632 nostra
1808 2597 1926 2629 Militari
1949 2598 2031 2630 mota
2043 2600 2077 2631 ὃ(
2091 2599 2246 2639 pendente,
2263 2610 2367 2638 proce-

1325 2649 1387 2677 ens,

1304 2677 1496 2746 issQandam
1520 2677 1694 2709 Sententiam
1713 2675 1908 2708 Diffinitivam
1931 2674 2066 2715 Injustam
2081 2700 2091 2714 ,
2117 2685 2148 2708 ut
2161 2676 2302 2716 asseritur,
2320 2686 2366 2709 tu-

1316 2726 1324 2745 i
1350 2726 1377 2747 et

1345 2740 1449 2793 A’qufi
1470 2754 1585 2793 quidem
1605 2753 1750 2785 Sententia
1769 2753 1804 2784 ad
1825 2752 1951 2784 nostram
1971 2752 2169 2792 Audientiam,
2188 2763 2237 2792 per
2249 2754 2363 2786 Partem

1301 2793 1371 2823 dicti
1386 2793 1525 2832 Roberti,
1544 2794 1639 2824 fuisset
1652 2794 1686 2824 &
1703 2793 1751 2830 sit,
1767 2801 1797 2822 ut
1832 2791 2009 2830 raetenditur,
2027 2792 2225 2831 Appellatum,

1335 2831 1425 2870 Cujus
1444 2832 1561 2870 quidem
1585 2831 1789 2870 Appellationis
1835 2830 2042 2861 rosecutionem
2058 2832 2135 2868 idern
2156 2830 2303 2862 Robertus
2317 2832 2361 2862 in-

1300 2870 1414 2909 tendit,
1440 2880 1470 2902 ut
1490 2872 1651 2908 accepimus
1667 2893 1677 2909 ,
1705 2871 1734 2900 in
1755 2868 1959 2908 Praejudicium
1979 2868 2049 2899 dicti
2076 2868 2214 2900 Richardi
2236 2868 2362 2900 indebite

1405 2919 1422 2933 CV

1299 2909 1469 2978 Ρκέξῖξῖῗξ
1476 2931 1622 2985 '(v01entes
1644 2946 1824 2977 Dilationum
1841 2944 1974 2989 Materias
1985 2953 2142 2989 amputare,
2159 2946 2193 2976 &
2204 2945 2360 2982 unicuique

1300 2984 1392 3015 facere
1407 2986 1485 3024 quod
1501 2987 1541 3016 est
1553 2986 1673 3024 justum)
1684 2984 1916 3015 Mandaverimus
1929 2985 1962 3015 &
1976 2983 2122 3014 fecerimus
2133 2983 2284 3021 praefatum
2292 2982 2358 3013 Ro-

1298 3023 1410 3054 bertum
1432 3026 1621 3063 peremptorie
1643 3024 1724 3054 citari
1746 3022 1780 3053 ad
1802 3020 2036 3058 Comparendum
2056 3031 2154 3052 coram
2176 3020 2290 3059 Nobis,
2309 3021 2356 3052 vel

1296 3060 1505 3093 Commiffariis
1521 3063 1640 3100 nostris,
1658 3061 1739 3091 certis
1754 3060 1839 3090 Loco
1852 3061 1886 3090 &
1900 3059 2044 3089 Termino
2058 3060 2302 3098 competentibuS,
2318 3059 2356 3090 ad

1298 3100 1540 3132 Introducendum
1554 3103 1586 3132 δε
1602 3098 1832 3136 Prosequendum
1849 3097 1968 3127 Causam
1983 3097 2184 3135 Appellationis
2199 3097 2355 3137 praedictae,

1297 3138 1347 3168 sub
1370 3139 1460 3169 Poena
1481 3138 1645 3169 Arniffionis
1665 3136 1786 3173 ejusdem
1801 3159 1811 3174 ,
1829 3145 1913 3174 prout
1928 3146 1975 3173 per
1989 3136 2097 3166 Literas
2111 3135 2218 3173 nostras
2233 3135 2357 3167 Manda-

1294 3178 1394 3219 torias,
1413 3180 1442 3206 in
1455 3177 1508 3207 hac
1519 3185 1597 3214 parte
1610 3175 1710 3213 factas,
1729 3176 1780 3212 &,
1799 3183 1829 3206 ut
1843 3174 1960 3213 dicitur,
1977 3183 2123 3213 executas,
2142 3174 2249 3213 plenius
2270 3182 2354 3213 pote-

1297 3224 1333 3244 rit
1347 3225 1476 3252 apparere
1485 3238 1494 3253 ,

1329 3252 1453 3290 Jamque
1468 3252 1551 3292 Nos,

1295 3329 1313 3359 d
1334 3291 1383 3322 De
1405 3291 1535 3323 fidelitate
1558 3291 1591 3323 &
1611 3290 1729 3330 provida
1749 3289 2006 3328 circumspestione
2025 3289 2122 3322 vestris
2141 3289 2248 3331 plenius
2261 3289 2353 3322 confi-

1316 3340 1393 3360 entes

1335 3354 1424 3399 Vobis
1440 3391 1449 3407 ‚
1474 3369 1556 3400 Oito
1567 3392 1577 3408 ,
1595 3368 1727 3407 Septem,
1743 3367 1798 3399 Sex
1809 3391 1820 3405 ,
1841 3367 1996 3405 Quinque,
2015 3367 2162 3406 Qatuor,
2177 3367 2301 3406 Tribus,
2320 3367 2356 3399 δε

1298 3406 1422 3438 Duobus
1444 3407 1571 3438 vestrum
1591 3408 1620 3437 in
1644 3407 1766 3437 solidum
1779 3429 1789 3444 ,
1806 3405 1840 3435 ad
1853 3405 2053 3444 Audiendum,
2069 3405 2103 3436 &
2117 3405 2355 3443 procedendum,

1297 3445 1562 3485 Cognoscendum‚
1580 3445 1781 3482 statuendum,
1799 3442 2026 3486 Diffiniendum,
2043 3445 2076 3475 ὃ(
2089 3443 2299 3483 Exequendum
2313 3445 2354 3482 in,

1296 3484 1346 3521 de,
1365 3487 1398 3516 &
1419 3484 1498 3521 super
1519 3483 1609 3514 Causa
1629 3482 1832 3521 Appellationis
1853 3481 2013 3521 praedietae,
2029 3492 2098 3525 curn
2113 3482 2163 3513 suis
2178 3481 2355 3521 Dependen-

1297 3524 1354 3559 tiis,
1373 3523 1561 3553 incidentibus
1573 3545 1583 3560 ,
1608 3521 1822 3558 emergentibus
1834 3543 1842 3557 ,
1867 3521 1901 3551 ὃς
1918 3529 2068 3559 connexis,
2087 3530 2155 3551 cum
2174 3528 2352 3559 quacumque

1298 3560 1474 3592 Cohertione
1488 3559 1610 3600 legitima
1623 3560 1656 3590 &
1668 3558 1819 3589 necessaria
1830 3580 1840 3596 ‚
1864 3559 1985 3589 Tenore
1998 3558 2197 3598 Praesentium,
2215 3558 2352 3590 commit-

1298 3600 1382 3630 timus
1397 3601 1472 3630 vices
1484 3599 1591 3629 nostras
1604 3598 1637 3628 &
1653 3597 1765 3634 plenam
1779 3598 1808 3626 in
1822 3597 1875 3627 hac
1892 3605 1969 3634 parte
1982 3596 2171 3635 Potestatem;

1336 3637 1373 3667 Et
1388 3637 1455 3668 ideo
1468 3638 1563 3674 vobis,
1581 3637 1615 3668 ὃς
1626 3636 1742 3666 cuilibet
1757 3634 1901 3672 vestrum,
1918 3633 2089 3665 Mandamus
2104 3635 2183 3673 quod
2194 3635 2268 3664 circa
2281 3641 2353 3670 prae-

1301 3676 1381 3705 missa
1402 3676 1548 3715 diligenter
1569 3674 1713 3704 intendatis
1724 3697 1733 3712 ,
1755 3675 1788 3705 &
1810 3683 1841 3703 ea
1858 3674 1962 3704 faciatis
1975 3674 2008 3704 &
2021 3673 2198 3711 exequamini
2209 3673 2240 3702 in
2256 3670 2350 3702 forma

1299 3714 1450 3753 praeditsta,
1468 3722 1553 3752 prout
1562 3713 1668 3751 justum
1679 3713 1761 3742 fuerit
1774 3713 1807 3743 ὃ(
1820 3712 1981 3742 consonum
1993 3710 2127 3749 Rationi,

1338 3752 1469 3783 Volentes
1482 3752 1576 3791 quod,
1595 3752 1615 3781 sl
1626 3751 1726 3789 aliqui,
1743 3751 1790 3780 vel
1801 3750 1899 3788 aliquis
1912 3748 2056 3786 vestrfim,
2065 3747 2282 3791 inchoaverint,
2291 3748 2348 3790 *vel

1299 3791 1475 3821 inchoaverit
1492 3790 1645 3828 procedere
1659 3791 1687 3818 in
1708 3788 1858 3819 Praemiffis
1871 3812 1882 3825 ,
1898 3787 1958 3826 alii,
1977 3787 2023 3817 vel
2037 3786 2103 3816 alius
2114 3783 2261 3824 vestrum,
2279 3786 2350 3817 libe—

1299 3830 1329 3858 re
1347 3829 1499 3866 procedere
1512 3828 1621 3859 valeant
1635 3852 1644 3865 ,
1664 3828 1697 3859 ὃς
1711 3827 1799 3857 valeat
1811 3828 1840 3856 in
1853 3826 1973 3862 eisdem,
1989 3825 2056 3866 licet
2069 3823 2238 3853 Inchoantes
2250 3824 2349 3855 absen-

1299 3876 1355 3905 tes,
1373 3867 1418 3934 ve}
1430 3867 1572 3910 Inchoans
1582 3865 1892 3933 abeigns‚sfuerintgdvel
1906 3864 2003 3900 fuerit,
2021 3870 2105 3891 enam
2125 3861 2203 3892 nullo
2225 3861 2349 3903 Impedi-

1299 3914 1397 3935 menro
1465 3914 1536 3935 tirno
1550 3914 1588 3934 im
1647 3913 1676 3934 iti
1700 3913 1734 3933 eu
1748 3913 1788 3932 im
1845 3912 1853 3931 ι
1867 3912 1914 3939 us;

1336 3914 1561 3973 Damiisglaurem
1581 3914 1660 3972 dicto
1673 3913 1908 3976 Constagularm,
1925 3947 1958 3967 ac
1973 3936 2104 3980 universis
2117 3938 2151 3968 &
2164 3937 2274 3975 singulis
2290 3938 2347 3970 Of-

1297 3980 1405 4011 ficiariis
1419 4004 1430 4018 ,
1456 3979 1594 4010 Ministris
1609 4003 1619 4018 ,
1644 3980 1758 4018 Ligeis,
1784 3977 1920 4020 SubditiS,
1938 3975 1971 4005 &
1985 3974 2126 4018 Fidelibus
2143 3975 2246 4020 nostris
2261 3978 2348 4014 (quo-

1297 4029 1360 4050 rum
1375 4018 1498 4055 interest)
1507 4019 1625 4050 Tenore
1633 4017 1832 4052 Paetinam,
1850 4024 1878 4044 in
1893 4012 2037 4044 Mandatis
2047 4013 2128 4052 qued
2135 4013 2346 4084 Vobis,OgstO‚

2294 4061 2343 4091 ep-
