2561 4251
206 117 259 155 80
657 105 1917 162 CONVENTIONEs‚L1TERAE,

68 197 196 229 AnnD.
213 203 349 230 Summum
363 196 534 236 Pontificem,
553 204 622 226 cum
637 193 818 226 Rumoribus
831 194 944 225 Sanciae
959 192 1116 224 Creationis
1129 191 1203 231 suae,
1217 192 1278 230 jam
1318 191 1416 222 lentini
1436 196 1584 234 martiris,
1602 195 1649 225 hoc
1670 200 1758 227 Anno
1775 199 1908 237 Secundo,
1924 201 1998 240 quod
2015 202 2047 232 de
2068 203 2186 233 Reddita
2209 205 2239 233 in
2268 202 2380 243 ascripto
2398 205 2466 240 Ann
2483 209 2516 241 D

90 237 174 276 1378.
214 239 293 269 tarde
306 237 488 278 destinatum,
1019 270 1046 275 ,-
1208 270 1212 275 ³
1320 231 1458 267 (videlicet
1495 244 1512 262 a
1536 232 1611 272 Festo
1633 236 1727 264 sanari
1750 236 1910 274 Michaelis,
1929 242 2016 268 Anno
2029 240 2100 271 xlix.
2114 241 2203 281 Regis
2246 243 2360 274 ‚Tertii
2416 255 2447 284 13
2468 233 2489 279 '3
2515 233 2526 245 ⁴

65 274 118 306 Ric.
138 285 166 306 2.
253 277 309 313 Et,
326 275 361 305 de
376 283 462 312 gratia
475 271 573 303 nostra
587 271 712 309 speciali,
735 272 769 302 ὃς
782 281 834 308 pro
849 271 931 300 bono
945 269 1069 300 Servitio
1091 268 1169 308 quod
1185 268 1277 300 didius
1316 269 1396 309 usque
1410 274 1446 300 Fe
1472 283 1515 300 .m
1528 274 1624 302 Sanffi
1640 272 1785 303 Michaelis
1791 275 1916 312 proximo
1922 275 2036 315 fiquens
2068 280 2105 309 lix
2120 279 2138 310 I.
2154 282 2201 311 xiv
2216 292 2237 311 s.
2252 282 2279 312 iii
2294 283 2316 312 d
2337 267 2377 311 ob²
2396 287 2441 313 Ric
2453 256 2499 315 72*

213 314 357 344 Charlotus
373 312 471 342 Nobis
485 311 644 349 impendet,
661 309 851 341 concessimus
862 308 956 338 eidem
972 307 1099 338 Charloto
1113 309 1219 352 Viginti
1241 309 1274 339 &
1352 313 1387 338 A
1399 310 1473 349 Festo
1489 312 1584 340 Sancti·
1597 310 1761 350 Michaelis,
1781 316 1869 342 Anno
1889 300 2132 357 Qinquagssfimo,
2143 318 2278 358 finiente,
2298 305 2377 361 uhu:
2443 306 2451 314 .
2489 308 2498 316 .

54 841 131 873 Ann.
145 842 186 874 D.

77 881 161 919 1378.

51 924 104 947 Aa.
126 931 149 948 1.

51 963 80 986 R.
101 969 126 986 2.

50 995 123 1033 Infra

50 1035 111 1063 Pell.

32 2263 52 2284 ’Β
74 2266 140 2294 VH.

33 2313 99 2341 203,

236 355 339 390 uirique
353 349 484 387 Marcas,
502 349 692 388 percipiendas
705 347 818 384 singulis
833 348 941 384 Annis,
961 347 994 377 ad
1017 347 1198 378 Scaccarium
1221 356 1276 376 no—

241 401 301 421 rum
318 412 328 427 ,
348 389 381 419 ad
402 388 560 419 Terminos
581 387 678 418 Sancti
701 385 851 416 Michaelis
871 386 904 416 &
931 385 1041 416 Paschae
1056 409 1065 422 ,
1084 395 1134 423 per
1154 385 1274 423 aequales

212 430 377 465 Portiones,
397 428 430 457 ad
452 435 543 457 totam
567 427 665 457 Vitam
689 425 816 463 praedicsti
836 423 978 463 charloti,
997 425 1044 456 vel
1060 423 1205 462 quousque
1220 433 1274 462 pro

211 468 288 498 Statu
301 467 350 496 suo
363 465 442 496 aliter
458 465 618 496 duxerimus
630 463 830 494 ordinandum.

247 504 519 582 ssefiqifizgsecssbud
533 540 842 579 VVestmonasterium,
861 540 999 572 vicesimo
1022 539 1070 570 die
1089 539 1273 579 Septembris.

712 621 767 649 Per
781 621 874 648 Breve
888 617 920 647 de
933 620 1052 648 Privato
1067 616 1167 655 Sigillo.

306 772 366 803 Pro
384 770 504 801 Decano
522 770 558 806 ὠ·
580 768 735 800 Canonicis
752 764 871 811 Capellae
889 764 992 797 Sanfii
1009 762 1161 811 Stephani.

205 855 395 912 Rlcardus,
413 853 472 885 Dei
491 852 577 892 gratia
591 876 601 891 ,
618 855 678 882 Rex
701 850 814 888 Angliae
836 848 874 884 ὠ·
897 853 1020 880 Francia
1036 873 1046 888 ,
1064 850 1098 880 ὃς
1118 849 1267 880 Dominus

283 893 454 931 Hiberniae,
472 893 676 930 Thesaurario,
693 891 725 922 &
749 889 905 921 Batonibus
926 889 977 919 suis
997 889 1033 919 dc
1047 888 1217 927 Scaccario,
1231 898 1265 919 ac

204 930 372 963 Camerariis
386 932 437 963 suis
449 931 584 962 Salutem.

240 971 319 1002 Cum
337 971 483 1001 Dominus
498 972 534 999 E.
550 979 639 1010 nuper
654 970 713 998 Rex
735 966 866 1005 Angliae,
882 969 969 996 Avus
992 965 1095 1006 noster,
1113 975 1162 1004 per
1186 965 1265 996 Lite-

203 1019 246 1040 ras
268 1010 325 1040 suas
346 1010 476 1040 Patentes
491 1032 500 1048 ,
526 1008 730 1039 DEDERU·
750 1008 783 1038 &
802 1005 1101 1036 CONcsssERIT
1119 1029 1128 1042 ,
1155 1004 1263 1035 dileffls

202 1048 287 1079 nobis
301 1051 328 1079 in
344 1047 478 1086 Christo,
499 1051 604 1077 Decano
617 1047 649 1077 &
665 1048 805 1076 Canonicis
818 1043 931 1083 Capella.¹
947 1044 1041 1072 Sanlli
1056 1043 1205 1081 Stephani,
1220 1044 1263 1073 in-

201 1087 243 1117 fra
263 1087 400 1118 Palatium
422 1085 748 1123 Westmonasteriense,
777 1083 851 1113 illam
876 1082 1029 1112 Canieram
1051 1082 1120 1112 infra
1143 1081 1261 1112 Portam

193 1127 272 1164 juxta
294 1126 418 1157 Pontem
442 1125 585 1163 Reginae,
602 1125 650 1154 ubi
671 1125 728 1162 jam
751 1130 824 1160 patet
845 1121 980 1152 Introitus
993 1123 1021 1151 in
1036 1121 1143 1151 dictam
1156 1120 1261 1158 Capel-

197 1165 272 1201 lam,
291 1175 356 1202 quae
369 1163 514 1202 quondam
530 1164 620 1194 fuerat
634 1161 743 1192 Clerici
754 1160 902 1197 Coquinae
914 1159 983 1190 diffl
1000 1162 1067 1189 Avi
1081 1157 1179 1198 nostri,

235 1203 365 1233 Necnon
382 1203 438 1232 illas
454 1202 571 1233 Domos
587 1201 657 1231 infra
678 1200 816 1230 Palatium
838 1197 1025 1237 praedictum,
1042 1198 1106 1228 alias
1125 1207 1178 1234 pro
1201 1197 1262 1228 Sta-

195 1241 267 1272 bulis
282 1241 501 1272 Dextrariorum
516 1243 550 1274 &
563 1241 684 1271 aliorum
695 1238 849 1277 Equorum
862 1236 984 1276 ejusdem
1000 1240 1066 1267 Avi
1080 1236 1162 1276 nostri
1182 1237 1261 1268 ordi-

194 1289 268 1312 natas

233 1304 432 1350 Ac’Gardium
448 1319 553 1350 ibidem
563 1342 572 1357 ,
588 1326 673 1357 prout
687 1318 759 1347 inter
772 1315 881 1346 easdem
895 1315 1012 1346 Domos
1028 1315 1061 1346 ὃς
1077 1313 1258 1353 Hospitium,

193 1358 341 1397 quondam
356 1362 466 1388 Comitis
478 1361 594 1388 Kantiae
602 1381 612 1396 ,
631 1359 660 1387 in
676 1356 749 1386 Villa
761 1354 1060 1385 Westmonasterienfi
1068 1353 1175 1392 ,eidem
1184 1353 1260 1384 Gar-

194 1399 265 1429 dino
277 1398 404 1435 adjacens
442 1399 470 1428 in
489 1395 683 1436 Longitudine
696 1396 729 1426 &
744 1394 907 1424 Latitudine
919 1393 943 1423 se
958 1393 1098 1431 extendit,

232 1436 277 1466 Ac
290 1438 374 1467 etiam
389 1420 557 1474 Hospitium
573 1434 760 1473 praedictum,
779 1442 847 1463 cum
865 1432 1059 1468 pertinentiis,
1077 1430 1150 1462 adeo
1174 1430 1257 1468 plene

192 1476 227 1507 ὃς
249 1477 372 1513 integre,
392 1475 461 1506 sicut
480 1474 548 1505 illud
568 1483 602 1505 ex
620 1472 713 1503 Dono
735 1474 768 1504 ὃς
789 1470 983 1502 Conceffione
1004 1469 1145 1509 Johannis
1165 1480 1255 1507 nuper

192 1518 303 1544 Comitis
317 1517 432 1544 Kantiae
446 1513 523 1544 idem
540 1516 627 1543 Avus
641 1511 726 1551 noster
739 1512 853 1549 habuit,
1198 1548 1202 1552 ι

229 1553 360 1584 Necnon
374 1554 471 1583 omnia
485 1552 529 1582 illa
544 1552 725 1582 Tenementa
738 1551 767 1580 in
782 1549 858 1580 dicta
870 1548 945 1579 Villa
963 1546 1256 1578 XVestmonasterien-

192 1591 230 1630 si,
246 1602 311 1630 quae
325 1592 437 1622 fuerunt
449 1594 545 1628 Rogeri
558 1590 590 1619 de
606 1592 714 1628 Heyton
729 1588 870 1626 Surigici,
888 1588 921 1618 &
937 1597 1001 1625 quae
1022 1586 1160 1616 Haeredes
1174 1586 1255 1623 iplius

193 1633 304 1668 Rogeri,
321 1640 375 1668 pro
389 1630 427 1661 Se
441 1631 474 1661 δε
485 1629 654 1661 Haeredibus
669 1627 720 1658 suis
729 1652 738 1665 ,
754 1627 835 1657 dicto
851 1630 922 1656 Avo
934 1625 1021 1666 nostro
1034 1626 1067 1657 &
1084 1624 1255 1656 Haeredibus

191 1669 245 1701 suis
259 1668 441 1699 Remiserunt
454 1669 487 1700 ὃς
502 1668 716 1706 Imperpetuum
729 1665 951 1703 Relaxaverunt,

230 1707 320 1739 ΗΑΒ
330 1716 433 1738 ENDA
453 1709 487 1739 δε
507 1707 563 1738 ΤΕ
574 1715 596 1736 Ν
606 1715 623 1736 E
633 1714 654 1735 N
665 1714 714 1735 DA
732 1704 834 1734 eisdem
850 1706 960 1733 Decano
982 1700 1021 1737 ὠ·
1044 1705 1200 1740 Canonicis,
1220 1703 1253 1734 ὃς

191 1746 406 1777 Succefforibus
419 1746 488 1783 suis,
507 1745 564 1776 dei
586 1744 615 1774 so
631 1746 701 1773 Avo
717 1742 818 1781 nostro,
836 1743 869 1773 &
885 1741 1058 1773 Haeredibus
1071 1742 1139 1779 suis,
1157 1742 1254 1771 acali'is

192 1784 368 1823 Capitalibus
392 1785 529 1815 Dominis
549 1755 733 1820 Fffiodorum,
751 1783 780 1812 in
801 1781 918 1811 liberam
935 1805 945 1819 ,
964 1790 1081 1819 puram,
1099 1781 1133 1811 &
1154 1790 1255 1818 perpe-

189 1831 267 1855 tuam
281 1824 507 1861 Eleemosinam,

226 1863 272 1893 Ac
295 1861 483 1901 postmodum
506 1861 598 1892 diCtus
619 1863 708 1890 Avus
729 1858 830 1904 noster,
852 1868 900 1897 per
920 1857 983 1888 alias
1004 1857 1112 1888 Literas
1128 1857 1184 1889 suas
1198 1857 1254 1888 Pa-

188 1911 278 1933 tentes
290 1926 300 1939 ,
327 1900 356 1931 C
364 1911 384 1931 o
395 1911 415 1932 N
427 1911 444 1931 c
454 1911 471 1932 E
482 1910 493 1932 s
504 1910 516 1932 s
526 1910 544 1931 Ε
555 1910 578 1930 R
589 1909 601 1930 1
611 1908 634 1929 τ
654 1897 772 1936 praefans
788 1920 798 1935 ,
816 1900 926 1927 Decano
945 1897 979 1927 &
1000 1900 1139 1926 Canonicis
1182 1896 1252 1927 Sex-

187 1941 281 1978 aginta
294 1941 327 1972 &
343 1940 399 1970 Sex
416 1940 560 1978 Libratas,
577 1938 750 1969 Tresdecim
771 1936 923 1974 Solidatas,
941 1936 974 1966 &
997 1935 1130 1974 Qiatuor
1185 1945 1252 1966 ena-

187 1981 265 2010 riatas
280 1978 440 2018 Redditus,
457 1979 582 2009 exeuntis
595 1977 631 2008 de
643 1976 809 2015 quibusdam
830 1974 995 2013 Domibus,
1014 1974 1084 2004 infra
1107 1974 1251 2012 Stapulam

187 2017 452 2056 Westmonasterii,
472 2020 499 2048 in
516 2025 623 2055 partem
644 2015 846 2047 satisfactionis
867 2014 1099 2052 Qingentarum
1123 2012 1251 2044 Librata-

186 2066 252 2087 rum
265 2056 422 2088 Terrarum
437 2059 470 2088 ὃς
488 2055 667 2087 Reddituum
683 2054 872 2091 Annuorum,
890 2053 928 2082 eis
943 2054 1018 2090 prius
1030 2062 1081 2091 per
1102 2051 1249 2089 praefatum

186 2098 288 2126 Avum
302 2095 419 2136 nostrum
439 2094 779 2131 CoNcEssoRUM,

222 2133 263 2165 Ita
276 2159 285 2173 ,
303 2135 435 2166 videlicet
448 2158 458 2173 ,
477 2133 558 2173 quod
577 2133 597 2163 si
618 2132 768 2171 praedictus
790 2129 950 2168 Redditus,
969 2129 1119 2168 Sexaginta
1139 2130 1173 2161 &
1195 2129 1250 2161 Sex

184 2172 379 2213 Libratarum,
398 2173 566 2204 Tresdecim
581 2171 789 2208 Solidatarum,
807 2170 840 2201 &
857 2169 992 2208 Qatuor
1015 2168 1250 2208 Denariatarum,

181 2212 280 2243 Annui
296 2212 454 2252 RedditsiS,
472 2213 503 2243 in
519 2220 611 2250 parte,
630 2210 676 2241 vel
690 2212 719 2241 in
733 2218 797 2240 toto
810 2207 974 2247 cessaverit,
991 2216 1038 2239 aut
1052 2208 1072 2238 fi
1085 2207 1167 2247 alias,

219 2252 238 2270 ²*
257 2251 366 2291 Iidem,
383 2255 507 2282 Decanus
520 2253 553 2283 &
568 2252 710 2288 canonici,
728 2248 780 2287 Id,

220 2290 313 2329 Qiod
336 2293 375 2322 eis
392 2290 429 2321 de
448 2291 530 2326 dicto
553 2288 682 2319 Redditu
699 2311 709 2327 ,
727 2287 875 2326 Sexaginta
895 2287 928 2318 &
951 2285 1006 2316 Sex
1027 2285 1196 2324 Librarum,
1212 2287 1246 2318 &

179 2328 348 2360 Tresdecim
362 2329 546 2366 Solidorum,
564 2328 598 2359 &
615 2327 750 2365 Qatuor
765 2325 962 2356 Denariorum
977 2324 1129 2363 defecerit,
1148 2326 1193 2357 vel
1210 2326 1246 2356 ab

180 2368 282 2399 eisdem
296 2368 530 2406 Subtraheretur,
748 2370 751 2374 ’

217 2406 395 2439 Habeant&
412 2407 585 2445 percipiant,
603 2404 714 2444 singulis
731 2403 838 2442 Annis,
855 2402 890 2433 ad
912 2402 1112 2441 Scaccarium,
1129 2402 1164 2433 de
1187 2401 1245 2432 AE-

179 2447 252 2476 rario
267 2446 348 2483 ipsius
365 2450 432 2477 Avi
447 2445 546 2485 nostri,
565 2444 713 2482 quousque
725 2442 845 2481 eisdem,
862 2445 971 2471 Decano
984 2442 1017 2472 &
1033 2445 1188 2479 Canonicis,
1207 2442 1243 2472 de

178 2485 261 2514 certis
278 2484 446 2516 Redditibus
459 2487 493 2517 &
508 2483 671 2521 Perpetuis,
690 2481 724 2512 ad
737 2481 865 2512 valorem
879 2480 1081 2518 praedictarum
1095 2480 1243 2519 Sexaginta

177 2523 212 2553 &
227 2522 282 2552 Sex
297 2521 636 2561 Librarum‚Tresdecim
651 2520 835 2557 Solidorum,
851 2519 885 2550 &
902 2519 1035 2557 Qatuor
1048 2518 1243 2549 Denariorum

178 2561 371 2599 Annuorum,
391 2562 451 2591 Sibi
469 2562 502 2592 &
524 2560 738 2591 Succefforibus
756 2558 807 2589 suis
830 2559 964 2596 perpetue
986 2557 1174 2596 poffidendis,
1192 2567 1242 2595 per

177 2600 268 2637 ipsum
283 2602 384 2629 Avum
399 2597 529 2639 nostrum,
548 2599 593 2629 vel
611 2598 748 2628 Haeredes
767 2597 846 2636 su05,
863 2597 946 2628 fuerit
969 2596 1135 2635 Provisum,
1155 2605 1242 2635 prout

178 2639 207 2668 in
224 2638 325 2668 Literis
339 2638 440 2668 nostris
455 2637 597 2676 praediCtis
612 2638 722 2673 plenius
736 2637 900 2666 continetur

215 2677 340 2716 Nosque
356 2677 463 2708 Literas
477 2676 533 2706 illas
554 2674 820 2706 confirmaverimus
844 2675 876 2705 &

177 2724 205 2745 M
215 2725 237 2745 υ
248 2725 260 2746 s

208 2739 332 2793 Jam’que
347 2754 453 2792 iidem,
472 2758 599 2784 Decanus
613 2750 651 2787 &-
667 2754 813 2789 Canonici,
831 2750 931 2781 Nobis
948 2750 1136 2787 supplicarunt
1152 2759 1200 2790 ut,

211 2793 291 2823 Cum
312 2793 403 2824 dictus
424 2794 543 2823 Annuus
568 2791 711 2822 Redditus
727 2813 738 2828 ,
764 2790 915 2827 Sexaginta
937 2790 970 2820 &
991 2789 1045 2818 Sex
1069 2788 1238 2828 Librarum,

174 2831 340 2862 Tresdecim
363 2832 527 2862 Solidorum
542 2855 552 2868 ,
578 2831 611 2861 ὅτ
633 2837 751 2870 quatuor
772 2832 954 2858 Denariorum
970 2850 979 2865 ,
998 2837 1047 2865 per
1068 2827 1238 2859 Ammotio-

174 2880 241 2900 nem
263 2871 384 2909 Stapulae
404 2870 564 2908 praedictae,
581 2870 612 2899 in
636 2868 730 2898 multo
751 2867 912 2904 cessaverit,
932 2867 1085 2904 quominus
1106 2866 1154 2902 ipsi
1168 2877 1238 2897 eun-

173 2908 242 2939 dem
258 2908 434 2953 Redditurn,
453 2919 468 2939 a
483 2908 530 2938 diu
545 2907 603 2946 est,
622 2905 777 2945 percepisse
793 2915 965 2944 potuerunt,
983 2904 1028 2935 seu
1043 2903 1136 2935 adhuc
1146 2907 1238 2942 perci-

195 2957 241 2977 ere
298 2956 381 2978 terint

173 2957 193 2986 p
214 2957 358 3016 Veffimus
370 2971 481 3025 ei’filem,
500 2988 609 3016 Decano
622 2982 660 3018 &¹
673 2986 831 3022 Canonicis,
852 2983 900 3021 Id,
919 2981 999 3019 quod
1020 2982 1059 3011 eis
1079 2980 1115 3011 de
1131 2981 1235 3012 eodem

174 3024 292 3093 smmi>
302 3024 447 3064 Redditu,
465 3033 499 3055 ex
517 3023 595 3055 causa
616 3022 748 3061 praedicta
764 3045 774 3061 ,
793 3032 808 3052 a
831 3031 909 3052 retro
928 3020 1012 3051 fuerit
1025 3043 1035 3059 ,
1053 3019 1234 3054 Solutionem

195 3073 231 3094 eri
242 3073 270 3100 iu
294 3073 339 3093 ere

210 3101 296 3140 Nos,
314 3086 442 3133 vo'lentes
455 3100 681 3132 Concefflonem
695 3099 822 3131 nostram
833 3098 999 3137 praedietam

172 3141 254 3172 vobis
270 3139 424 3172 Madamus
437 3139 517 3178 quod
532 3140 582 3177 Id,

211 3178 304 3217 Qiod
318 3181 400 3211 vobis
417 3178 730 3217 (praefateThesaurarie
744 3177 777 3208 ὃς
790 3176 926 3212 Batones)
943 3186 992 3213 per
1006 3174 1232 3213 Inquisitionem,

171 3219 200 3247 in
216 3218 268 3248 hac
285 3226 360 3255 parte
374 3217 558 3256 capiendam,
576 3217 622 3246 vel
634 3216 689 3246 alio
710 3216 801 3246 modo
822 3216 965 3253 legitimo,
984 3214 1113 3245 constare
1131 3218 1233 3252 poterit

171 3256 219 3295 effi'
240 3268 258 3285 a
278 3263 365 3295 retro,
384 3257 422 3292 &³
445 3260 529 3286 etiam
549 3255 694 3294 quicquid,
713 3255 744 3283 de
766 3253 893 3284 Redditu
915 3253 1056 3291 praediClo
1072 3275 1082 3291 ,
1099 3260 1133 3282 ex
1153 3253 1232 3283 causa

171 3294 327 3363 praedidias,
343 3296 477 3328 hactenus
497 3295 642 3333 percipere
660 3302 720 3323 non
740 3293 860 3330 potuiffe
873 3317 882 3331 ,
900 3294 934 3324 &
956 3301 1067 3323 exnunc
1086 3292 1231 3329 percipere

170 3343 230 3363 non
244 3338 293 3370 poi
309 3344 323 3363 e

209 3370 270 3402 Vos
284 3359 404 3409 (pra’efati
421 3371 607 3403 Thesaurarie
622 3371 656 3402 &
671 3368 838 3405 camerarii)
856 3368 977 3407 eisdem,
995 3372 1106 3399 Decano
1126 3369 1159 3399 &
1180 3372 1234 3398 Ca-

172 3413 289 3449 nonicis,
307 3411 337 3439 de
349 3414 466 3440 AErario
481 3410 580 3441 nostro
591 3409 718 3447 solvatis,
732 3409 809 3447 juxta
830 3409 979 3439 Tenorem
1001 3408 1173 3438 Litterarum
1196 3408 1230 3439 &-

172 3448 408 3479 Confirmationis
419 3449 524 3480 nostrae
538 3447 755 3487 praedictarum,

208 3487 247 3518 Et
261 3489 426 3518 intentionis
437 3488 542 3518 nostrae
557 3497 616 3517 non
631 3486 739 3524 existit,
758 3485 838 3522 quod
853 3485 991 3523 Camera,
1010 3485 1143 3522 Domus,
1158 3486 1231 3514 Gar-

170 3525 280 3564 dimtm,
298 3525 336 3561 ὠ
357 3525 509 3565 Hospitium
525 3526 677 3564 praediffa,
690 3523 729 3565 fic
751 3522 878 3562 Eisdem,
896 3527 1006 3553 Decano
1021 3525 1055 3555 δε
1071 3526 1208 3552 Canonicis
1219 3546 1229 3561 ,

168 3565 196 3592 in
219 3575 317 3601 puram
339 3565 373 3595 &
395 3573 559 3602 perpetuam
582 3563 791 3594 Eleemosinam
815 3562 972 3600 Tenenda,
989 3571 1020 3592 ut
1034 3561 1228 3600 praemittitur,

167 3600 309 3633 Concessa
322 3625 331 3640 ‚
350 3603 387 3632 de
403 3603 506 3633 eodem
526 3602 635 3632 Annuo
653 3601 780 3632 Redditu
798 3623 808 3638 ,
831 3600 979 3637 Sexaginta
997 3598 1035 3634 ό»
1053 3603 1106 3629 Sex
1124 3599 1228 3628 Libra-

165 3649 240 3677 rum,
259 3640 296 3675 ὠ
314 3641 459 3680 Tresdecim
475 3639 623 3670 Solidorum
636 3663 646 3678 ,
664 3639 702 3675 ὠ-
719 3639 849 3679 Qatuor
861 3638 1056 3669 Denariorum
1075 3638 1227 3675 aliqualiter

167 3686 327 3710 onerentur.

204 3714 293 3746 Teste
310 3718 416 3755 meipso
429 3717 502 3755 apud
515 3716 823 3754 westmonasterium,
840 3716 895 3746 xiii.
912 3714 972 3746 Die
994 3714 1147 3752 octobris,
1166 3713 1228 3745 An-

169 3761 210 3782 no
225 3752 319 3791 Regni
332 3756 421 3786 nostri
436 3755 586 3787 Secundo:

935 2682 1240 2705 ATIFICAVERI-

1153 3099 1216 3136 pari
1225 3122 1234 3136 ,

170 3914 197 3943 d,
206 3836 376 3943 ξῇἓίἑᾷΐην
397 3881 519 3910 Termino
539 3881 637 3911 Sancti
651 3877 799 3909 Michaelis
811 3880 897 3908 Anno
910 3879 1025 3909 Secundo
1040 3879 1116 3915 Regis
1129 3877 1225 3905 Βίων-

189 3926 197 3943 ι
234 3925 295 3943 ecun
315 3925 333 3943 1.

207 3994 372 4028 compertum
386 3991 423 4029 est
452 4004 480 4021 er
494 3996 527 4023 In
548 3994 711 4033 urfitffinem,
730 4000 837 4033 captam
852 4004 939 4022 coram
962 3992 1113 4023 Baronibus
1136 3991 1225 4030 infra-

161 4028 270 4068 firiptis
283 4029 358 4067 apud
369 4000 520 4065 W‘liinona
545 4036 644 4071 erium,
662 4037 718 4063 Die
732 4035 856 4070 Martis,
873 4035 902 4062 in
921 4032 1043 4071 Crastino
1060 4031 1154 4062 Sancti
1169 4033 1225 4061 Va-

1314 346 1418 392 Ftstum
1433 350 1528 416 Salnllli
1543 349 1686 418 Migoaeblis
1695 350 1821 389 proximo
1831 349 1944 392 sequens
1959 353 2108 393 (videlicet)
2124 360 2210 388 Anno
2218 362 2307 398 primo
2321 362 2377 388 Re-

1309 395 1352 423 gis
1368 398 1453 425 nunc,
1482 397 1498 417 x
1547 398 1575 418 vr
1612 399 1672 418 .o.
2279 417 2284 419 >

1351 426 1395 454 Et
1410 437 1428 454 a
1444 426 1518 466 Festo
1531 428 1626 456 Sanffl
1641 427 1802 466 Michaelis,
1819 429 1891 458 ditio
1904 431 1993 459 Anno
2012 431 2120 468 Primo,
2136 443 2154 461 u
2183 445 2215 464 ue
2233 436 2302 466 idem
2324 440 2376 466 Fe-

1306 461 1382 501 stum
1391 465 1516 502 proximo
1523 464 1722 506 sequens-,lviii
1739 467 1756 497 l.
1771 469 1801 498 iv
1815 469 1871 509 eiii
1885 468 1911 498 d.
1927 466 2064 508 ceffabant
2079 467 2117 504 &³
2152 482 2166 500 e
2186 473 2288 505 ciebant
2295 484 2377 514 prop-

1312 508 1356 530 ter
1372 506 1572 533 Ammotionem
1588 505 1708 543 Stapulae
1723 506 1924 546 infrascriphe,

1350 542 1392 584 Eo
1412 542 1485 581 quod
1503 545 1606 572 Domus
1625 543 1746 582 Stapulae
1762 546 1903 583 praedic‘lae
1919 570 1929 583 ,
1943 554 1993 584 per
2018 553 2119 586 tempus
2134 549 2292 586 praeditrum
2321 561 2373 592 pro

1312 584 1409 615 majori
1440 588 1518 619 arte,
1531 580 1668 619 steterunt
1685 585 1779 613 Vacuae
1793 582 1831 617 ὠ·
1844 595 1897 614 non
1909 587 2069 624 Occupatae,
2297 576 2307 591 ³

1350 620 1391 646 Et
1413 588 1447 657 ἔι-
1469 618 1506 659 est
1525 623 1635 648 Summa
1658 621 1760 651 Totalis
1780 620 1888 661 decastis
1911 623 2042 653 Redditis
2055 624 2196 663 praedicti,
2205 633 2256 664 per
2270 634 2372 668 tempus

1306 655 1483 701 praediffum,
1501 657 1603 688 clxxvii
1624 658 1642 688 l.
1666 660 1712 689 xix
1730 670 1751 690 5.
1767 661 1776 689 i
1791 660 1816 689 d.
1831 671 1893 700 quos
1908 662 2050 700 predicti,
2068 662 2206 694 Decanus
2221 662 2261 699 ᾤ’
2274 665 2372 698 Cano-

1310 705 1367 726 nici
1375 719 1385 735 ,
1406 707 1458 726 non
1467 704 1640 735 perceperunt
1654 708 1700 727 nec
1708 701 1839 737 perct'pr’re
1847 705 1995 736 potuerunt
2011 708 2061 738 per
2082 708 2183 740 tempus
2191 703 2352 741 praediei‘um

1308 745 1343 763 ex
1359 735 1441 774 causis
1449 737 1606 774 praedictis,
1624 737 1656 766 de
1669 736 1764 776 quibus
1778 737 1874 775 iidem,
1889 739 2015 767 Decanus
2030 737 2068 772 ὠ
2088 743 2230 780 Canonici‚
2247 729 2373 773 habitur}

1299 773 1369 811 fimt
1393 772 1552 804 Solutionem
1571 776 1611 804 ad
1630 777 1773 815 Receptam
1795 778 1943 815 Scaccarii,
1956 783 2006 815 per
2026 776 2255 817 corfiderationem
2267 792 2372 812 eorum-

1305 813 1365 841 dem
1383 815 1532 843 Baronum.

1339 889 1517 921 Annotatum
1538 892 1567 921 in
1589 890 1787 922 Memorandis
1804 891 1840 923 de
1860 891 1949 923 Anno
1968 892 2104 924 Secundo
2122 892 2213 932 Regis
2230 905 2307 928 nunc
2321 899 2365 930 in·-

1301 937 1343 960 ter
1361 929 1496 960 Recorda
1515 929 1551 960 de
1566 930 1713 960 Termino
1730 931 1828 962 Sanc'ti
1847 931 2007 963 Michaelis.

1345 1005 1527 1046 Satisfaffum
1550 1006 1587 1046 est
1606 1011 1642 1036 eir
1659 1006 1723 1053 inibi
1739 1031 1750 1046 ,
1774 1014 1806 1038 ut
1819 1015 1900 1047 patet
1916 1012 1945 1039 in
1963 1008 2037 1039 Pelle
2056 1013 2138 1040 xxix.
2156 1013 2212 1041 Die
2230 1011 2338 1051 Aprilis
2353 1036 2364 1052 ,

1301 1048 1389 1075 Anno
1408 1046 1525 1075 Secundo
1543 1048 1621 1084 Regis
1636 1048 1748 1076 Ricardi
1766 1049 1887 1077 Secundi.

1758 1122 1893 1156 Decanus
1911 1125 1945 1157 &
1964 1124 2106 1157 Canonici
2124 1126 2257 1166 Capellae.

1365 1267 1414 1299 De
1438 1269 1473 1300 V
1470 1267 1613 1310 bitatione
1622 1267 1712 1312 fasta
1733 1270 1765 1298 in
1782 1265 1895 1301 Libera
1914 1268 2032 1315 Capella
2050 1265 2086 1300 de
2107 1266 2289 1318 Wyndqfore.

1299 1360 1495 1422 OMnibgcs,
1514 1361 1630 1404 adquos
1653 1362 1799 1401 praesentes
1820 1362 1925 1393 Literae
1946 1364 2143 1401 pervenerint,
2161 1362 2276 1400 Adam,
2293 1372 2359 1401 per-

1331 1439 1335 1442 ,
1384 1401 1515 1430 millione
1533 1400 1648 1439 divina,
1668 1401 1838 1441 Monevenfis
1862 1403 1916 1440 Epi
1930 1410 2003 1440 copus
2024 1402 2058 1432 &
2081 1401 2275 1433 Cancellarius
2295 1402 2359 1432 An-

1297 1437 1380 1475 gli-2,
1397 1438 1522 1469 Salutem
1539 1439 1572 1470 &
1585 1440 1741 1478 subscriptis
1753 1440 1839 1471 fidem
1854 1450 1886 1471 cr
1924 1440 1999 1471 ulam
2013 1439 2156 1471 adhibere.

1332 1479 1481 1520 Ricardys,
1500 1477 1558 1508 Dei
1573 1478 1676 1517 gratia,
1694 1482 1754 1508 Rex
1767 1477 1899 1518 Angliae,
1918 1478 2065 1510 Secundus
2086 1478 2220 1517 Illustris,
2237 1488 2272 1510 ex
2291 1478 2359 1511 Do—

1295 1524 1410 1546 natione
1424 1516 1473 1545 libi
1488 1515 1622 1547 divinitus
1635 1517 1761 1556 inspirata
1770 1542 1780 1556 ,

1332 1554 1460 1598 Cupiens
1475 1555 1551 1585 suam
1567 1555 1689 1595 Regiam
1704 1555 1893 1596 Collegiatam
1908 1555 2057 1595 Capellam
2070 1557 2105 1588 de
2117 1557 2161 1587 W
2181 1556 2312 1595 ndesore,
2327 1557 2357 1587 in

1294 1591 1378 1623 Atrio
1393 1593 1495 1623 nobilis
1512 1592 1605 1624 Castri
1619 1595 1659 1624 sui
1672 1595 1776 1626 ibidem
1799 1595 1942 1634 situatam,
1958 1605 1989 1626 ut
2009 1595 2148 1626 Domum
2161 1566 2305 1634 bomini,
2321 1595 2356 1626 ad

1292 1631 1361 1661 latus
1379 1634 1459 1662 suum
1474 1632 1626 1669 magnifice
1642 1634 1661 1653 ²*
1682 1633 1854 1672 Fundatam,
1872 1634 1907 1664 ad
1927 1634 1985 1665 Dei
2005 1634 2117 1665 laudem
2136 1635 2170 1666 &
2191 1634 2355 1672 honorem,

1294 1680 1327 1701 ac
1343 1671 1444 1701 debitis
1457 1670 1526 1701 statu
1541 1673 1574 1703 &
1588 1671 1740 1702 Sanctitate
1752 1672 1885 1703 custodiri
1896 1695 1907 1710 ,

1295 1709 1450 1779 ANlobis,
1466 1709 1542 1739 Adae
1556 1709 1714 1750 Menevenfi
1733 1710 1856 1750 Episcopo
1874 1709 2033 1749 supradicto
2053 1711 2087 1742 &
2101 1711 2284 1743 Cancellario
2305 1711 2356 1743 suo

1327 1757 1362 1787 ng
1375 1759 1424 1786 iae,

1332 1787 1483 1818 Praediecae
1499 1786 1642 1826 Capellae,
1660 1789 1720 1819 tam
1734 1789 1762 1819 in
1777 1788 1989 1827 spiritualibus,
2005 1790 2093 1827 quam
2114 1788 2356 1827 Temporalibus‚

1292 1825 1506 1896 gusbertinatori,
1525 1828 1558 1858 &
1576 1827 1626 1858 sub
1646 1827 1782 1859 Domino
1802 1827 1903 1858 nostro
1923 1827 2007 1866 Rege
2027 1827 2167 1865 praedieto
2188 1827 2355 1858 immediato

1323 1876 1339 1895 u
1367 1876 1386 1895 o
1408 1876 1430 1904 ι,

1303 1943 1307 1948 .
1330 1903 1384 1934 Ne
1397 1906 1424 1934 in
1440 1904 1516 1935 dieta
1528 1903 1644 1943 Capella
1661 1905 1706 1937 sua
1719 1906 1871 1944 quicquam
1886 1905 2024 1937 Indecens
2037 1905 2083 1937 vel
2098 1903 2287 1937 Inhonestum
2309 1913 2355 1935 re-

1290 1943 1328 1973 lin
1352 1953 1462 1974 ueretur
1476 1943 1692 1983 Incorredfflm,

1313 2022 1317 2026 ι
1359 1983 1411 2013 ivce
1426 1984 1507 2013 vocis
1520 1984 1638 2014 oraculo
1653 1983 1812 2023 Praecepit,
1829 1984 1862 2015 &
1874 1983 1974 2014 Nobis
1989 1983 2130 2021 Iniunxst,
2168 1982 2228 2014 uod
2243 1982 2355 2013 Statum

1289 2020 1376 2051 dietae
1392 2020 1536 2060 Capellae,
1555 2022 1614 2053 tam
1640 2023 1669 2052 in
1685 2021 1828 2062 Personis,
1847 2023 1933 2061 quam
1952 2024 1981 2052 in
2006 2022 2105 2053 Rebus
2118 2044 2128 2060 ‚
2183 2023 2356 2059 egimenque

1289 2061 1322 2091 &
1338 2059 1622 2091 Administrationern
1636 2060 1784 2092 Bonorum
1798 2063 1939 2102 ejusdem,
1957 2061 2041 2100 plene
2056 2061 2090 2092 &
2104 2060 2256 2098 diligenter
2278 2059 2355 2091 Exa-

1290 2099 1477 2137 minaremus,
1493 2099 1526 2131 &
1548 2097 1632 2130 Corri
1653 2099 1726 2131 enda
1748 2098 1829 2132 Com
1851 2110 1908 2131 erta
1927 2103 1956 2130 in
1978 2100 2083 2130 eodem
2106 2098 2260 2137 Examine‚
2281 2099 2353 2129 'uxta

1288 2137 1489 2169 discretionem
1505 2139 1588 2169 nobis
1601 2149 1616 2169 a
1657 2149 1693 2169 eo
1705 2138 1797 2169 datam
1807 2165 1817 2179 ,
1831 2111 2086 2177 izeformaremus,
2105 2139 2216 2169 tramite
2227 2137 2265 2178 Ju
2292 2138 2352 2168 itiae

1288 2178 1320 2208 ὃ(
1333 2176 1487 2208 secundum
1507 2176 1669 2209 Canonicas
1684 2177 1869 2216 Sanctiones,

1324 2215 1417 2246 Unde
1432 2226 1502 2254 nos,
1519 2216 1618 2246 Adam
1632 2216 1771 2256 Episcopus
1786 2217 1824 2253 &
1840 2214 2023 2246 Cancellarius
2038 2215 2226 2254 supradictus,
2245 2216 2305 2246 tam
2315 2223 2351 2246 ex

1284 2252 1437 2293 Praecepto
1454 2253 1579 2286 Domini
1592 2255 1679 2286 nostri
1690 2255 1780 2295 Regis
1792 2255 1921 2295 praedieti
1930 2279 1939 2293 ,
1954 2256 2041 2294 qu‘am
2054 2263 2088 2284 ex
2100 2253 2213 2285 Officio
2226 2253 2350 2284 Cancel-

1284 2292 1344 2323 larii
1357 2293 1473 2331 Angliae
1487 2294 1578 2332 (quod
1593 2295 1728 2326 inmerito
1742 2295 1878 2334 gerimus)
1891 2293 2010 2324 decimo
2023 2293 2143 2332 septimo
2157 2292 2205 2323 die
2218 2292 2349 2331 Septem-

1286 2332 1341 2362 bris
1378 2333 1407 2362 in
1421 2332 1526 2363 Domo
1543 2332 1698 2371 Capitulari
1713 2331 1841 2372 Capellae
1857 2333 2017 2371 praedicfi’cae,

1325 2355 1443 2402 V'ocatis
1465 2381 1564 2402 coram
1590 2372 1705 2410 Nobis,
1723 2372 1757 2402 &
1779 2372 1956 2411 personaliter
1977 2370 2201 2402 intereffentibus
2223 2369 2349 2408 ibidem,

1284 2412 1411 2448 Decano,
1430 2413 1587 2450 Canonicis,
1603 2410 1640 2446 &
1655 2413 1683 2441 V
1685 2414 1776 2440 icariis
1789 2410 1912 2450 ejusdem
1933 2408 2074 2450 Capellae,
2092 2419 2160 2440 tunc
2184 2409 2345 2440 Residenti-

1284 2448 1336 2479 bus
1357 2450 1386 2479 in
1407 2449 1526 2488 eadem,
1545 2459 1660 2481 necnon
1682 2451 1763 2480 certis
1783 2449 1923 2479 Militibus
1943 2448 2070 2487 Senibus,
2087 2451 2244 2486 Veteranis,
2261 2448 2295 2479 &
2315 2447 2360 2477 in-

1283 2487 1380 2517 Armis
1401 2488 1526 2519 multum
1545 2487 1725 2527 Confractis,
1741 2487 1775 2518 ad
1795 2489 1906 2520 dietum
1924 2486 2106 2526 Collegium,
2126 2497 2179 2524 pro
2201 2486 2346 2517 Sustenta-

1281 2527 1359 2556 tione
1373 2526 1420 2557 sua
1433 2526 1572 2566 honesta,
1587 2529 1626 2558 ne
1641 2529 1670 2558 in
1685 2528 1857 2565 vituperium
1872 2526 1990 2557 Ordinis
2008 2525 2138 2556 Militaris
2153 2526 2269 2563 turpiter
2282 2534 2349 2564 ege-

1282 2574 1394 2603 rentur,
1413 2574 1448 2595 ex
1462 2565 1637 2596 Fundatione
1655 2566 1792 2602 primaeva
1814 2565 1940 2604 Capellae
1954 2564 2114 2602 praedidtae,
2132 2563 2292 2602 assumptis,
2310 2563 2345 2593 δε

1280 2602 1508 2673 lconegi'iiioer'ii
1515 2605 1544 2634 in
1557 2612 1637 2635 certo
1650 2603 1762 2636 Habitu
1773 2605 1912 2641 honesto,
1929 2604 1959 2633 in
1970 2602 2068 2633 eadem
2080 2604 2114 2632 ad
2130 2610 2199 2633 tunc
2213 2602 2345 2639 persona·

1292 2651 1343 2672 iter
1359 2652 1403 2673 exi
1429 2651 1487 2673 enti
1510 2653 1541 2673 us

1317 2681 1457 2719 Qiorum
1473 2667 1706 2720 Exan'iinatione‚
1723 2682 1751 2712 in
1763 2681 1856 2712 forma
1864 2680 2064 2720 Juris,coram
2079 2679 2163 2709 nobis
2173 2679 2343 2716 juratorum,

1279 2721 1472 2758 comperimus
1487 2720 1632 2752 Articulos
1644 2720 1832 2759 infrascriptos
1845 2721 1876 2750 in
1890 2719 1966 2750 dicta
1980 2718 2097 2757 Capella
2111 2717 2324 2748 Reformandos
2332 2739 2344 2755 ,

1280 2758 1314 2789 ὃς
1327 2758 1421 2790 debita
1433 2758 1626 2791 Corretstione
1639 2759 1805 2800 indigentes.

1316 2835 1362 2867 IN
1392 2836 1448 2868 PR
1460 2846 1550 2868 1Mis
1563 2862 1573 2876 ‚
1605 2836 1801 2875 Compertum
1824 2836 1865 2867 est
1890 2836 1971 2874 quod
1994 2839 2121 2866 Decanus
2141 2833 2263 2877 ejusdem
2282 2833 2342 2862 loci

1278 2874 1420 2914 Μυίἃειε,
1440 2877 1583 2914 impositas
1595 2876 1679 2907 dic‘tis
1694 2876 1849 2913 Militibus,
1869 2877 1933 2913 quia
1948 2885 2007 2906 non
2024 2872 2267 2915 intersunt,Horis
2280 2869 2340 2900 Ca-

1278 2915 1416 2984 ffi‘ssjfissssa
1425 2914 1973 2993 ³¹¹33i350fft²¹iss¹i¹²1312jc¹ffss3ff[Sisstssiidffn
1988 2912 2190 2987 Βῖἓὲξξῗῗω
2203 2909 2342 2948 qusdem'

1424 2977 1433 2990 5
2129 2972 2140 2986 5

1315 2990 1407 3021 Unde
1430 2992 1573 3022 Volumus
1594 2992 1627 3022 &
1649 2991 1823 3021 Ordinarnus
1845 2988 1926 3027 quod
1946 2988 2033 3019 dieta:
2048 2986 2151 3017 Multae
2165 2984 2341 3029 hujusmodi,

1277 3029 1336 3059 timi
1348 3039 1504 3068 perceptae‚
1523 3031 1609 3068 quam
1625 3029 1830 3068 percipiendae,
1849 3026 2013 3057 Comilitibus
2028 3025 2154 3062 devotis,
2171 3026 2204 3055 Sc
2214 3034 2246 3066 'in
2261 3023 2340 3068 Offi-

1276 3068 1326 3097 ciis
1349 3067 1480 3107 Divinis,
1498 3071 1527 3099 in
1545 3069 1622 3099 dieta
1641 3068 1774 3105 Capella,
1789 3066 1884 3096 debite
1903 3064 2080 3108 personaliter
2099 3063 2340 3108 intereilentibus,

1276 3115 1360 3143 prout
1379 3115 1509 3174 tegentur
1524 3131 1534 3145 ,
1552 3107 1719 3146 integraliter
1742 3105 1884 3137 solvantur
1897 3128 1908 3143 ,
1925 3105 1959 3136 &
1977 3103 2119 3142 aequaliter
2139 3101 2339 3132 distribuantur

1276 3146 1348 3174 inter
1361 3145 1414 3174 eos
1429 3155 1485 3175 em.

1314 3182 1386 3213 ΙΤΕ
1396 3191 1424 3213 Μ
1433 3182 1529 3221 ,quod
1543 3183 1635 3214 dictus
1650 3186 1775 3214 Decanus
1789 3192 1891 3213 omnes
1902 3181 2081 3212 Donationes
2096 3178 2338 3210 Domitiorum&

1275 3219 1463 3259 Magnatum,
1478 3223 1512 3253 &
1533 3222 1651 3253 diversas
1674 3221 1883 3258 Liberalitates,
1904 3220 1989 3251 factas
2011 3218 2137 3257 Capellae
2157 3220 2191 3250 δε
2205 3217 2339 3261 Collegio

1274 3258 1435 3298 praedietis,
1453 3262 1577 3298 percepit
1593 3261 1733 3291 continue
1754 3261 1790 3290 ab
1813 3261 1947 3297 antiquo,
1967 3259 2000 3289 &
2024 3259 2060 3288 de
2081 3257 2185 3287 eisdem
2205 3255 2339 3293 disposuit

1273 3307 1325 3334 pro
1340 3297 1394 3328 suae
1411 3299 1493 3330 libito
1506 3300 1673 3337 voluntatis,
1692 3299 1725 3330 &
1740 3299 1774 3329 ad
1787 3298 2025 3329 Sustentationem
2045 3296 2190 3327 dfflorum
2212 3293 2340 3324 Militum

1273 3335 1354 3365 nullo
1368 3338 1457 3367 modo
1472 3338 1601 3369 subvenit
1615 3338 1652 3368 de
1664 3337 1787 3376 eisdem,

1310 3374 1402 3406 Unde
1416 3375 1589 3407 Ordinamus
1603 3376 1763 3416 (quousque
1776 3386 1824 3414 per
1837 3375 2003 3406 Dominum
2019 3372 2149 3403 nostrum
2172 3371 2287 3411 Regem
2301 3372 2337 3415 Sc

1274 3412 1442 3444 Concilium
1456 3415 1536 3446 suum
1547 3415 1625 3446 aliter
1638 3415 1795 3452 ordinetur)
1813 3413 1892 3452 quod
1907 3412 2028 3450 Milites,
2046 3420 2116 3442 tunc
2139 3409 2292 3453 existentes·
2306 3418 2338 3453 m

1272 3451 1353 3482 dicto
1380 3452 1513 3493 Collegio
1526 3478 1536 3492 ,
1561 3463 1676 3493 propter
1695 3454 1838 3484 honorem
1862 3450 1949 3482 status
1969 3449 2139 3481 eorumdem
2161 3450 2195 3480 &
2219 3447 2338 3491 Ordinis

1274 3490 1404 3522 Militaris
1417 3493 1560 3530 aequaliter
1573 3493 1745 3531 percipiant,
1762 3492 1798 3522 de
1811 3490 1895 3521 dietis
1912 3489 2121 3520 Donationibus
2141 3489 2174 3520 &
2197 3485 2335 3517 Liberah-

1272 3531 1373 3559 tatibus
1390 3531 1549 3570 praedictis,
1567 3541 1636 3561 cum
1651 3530 1807 3561 Canonicis
1820 3528 1942 3565 ejusdem
1959 3527 2093 3565 Capellae.

1307 3568 1432 3607 ITEM,
1455 3569 1650 3606 Compertnm
1671 3568 1713 3598 est
1732 3568 1810 3606 quod
1830 3567 1952 3598 Domini
1973 3566 2089 3596 Thomas
2110 3568 2213 3595 Tawne
2227 3563 2262 3593 &
2275 3561 2333 3600 Jo-

1271 3605 1375 3636 hannes
1388 3611 1491 3637 Breton
1507 3607 1632 3645 Milites,
1651 3607 1737 3637 Senes
1753 3606 1874 3645 ejusdem
1890 3604 2035 3643 Capellae,
2054 3603 2221 3643 Conjugati,
2236 3607 2334 3631 tenent

1271 3644 1454 3713 Igjlulllierculas
1468 3645 1700 3714 ἐῃᾶᾼάιιὶῑεῑὶηίε
1723 3645 1908 3683 Amplexibus
1923 3667 1933 3683 ,
1951 3643 1985 3674 ad
2006 3651 2143 3682 magnum
2162 3638 2332 3672 Scandalutn

1303 3694 1321 3712 o
1343 3693 1395 3721 egii
1432 3695 1468 3715 rae
1489 3695 1496 3714 i
1529 3694 1552 3713 i·

1306 3721 1378 3753 Ideo
1394 3695 1585 3754 Vpolumus’&
1597 3721 1771 3753 Ordinamus
1787 3721 1866 3760 quod
1886 3724 2012 3750 Decanus
2023 3719 2092 3750 dieti
2111 3717 2184 3754 loci,
2202 3724 2254 3759 pro
2272 3713 2331 3758 ‘ho-

1268 3761 1373 3790 nestate
1390 3762 1423 3792 &
1445 3762 1559 3792 honore
1578 3761 1719 3800 ejusdem,
1737 3760 1888 3798 praeditftos
1911 3759 2019 3789 Milites
2038 3759 2071 3788 ὅτ.
2091 3756 2158 3786 alios
2174 3775 2185 3792 ,
2202 3763 2231 3783 in
2249 3753 2330 3798 dieto

1270 3800 1404 3838 Collegio
1416 3801 1445 3829 in
1461 3800 1588 3830 futurum
1605 3801 1726 3839 graviter
1740 3798 1963 3829 Committentes
1977 3797 2022 3827 seu
2036 3794 2241 3838 Delinqtientes
2250 3791 2332 3836 ,Pnff

1269 3840 1321 3868 mo
1339 3837 1485 3868 moderate
1501 3839 1634 3877 corrigat:
1655 3839 1688 3869 δε
1702 3837 1911 3867 perseverantes
1924 3836 1953 3865 in
1964 3832 2151 3875 ,Criminibus
2166 3830 2330 3875 'hujusmodi

1268 3877 1378 3914 gravius
1391 3878 1526 3914 corripiat
1543 3876 1576 3906 &
1593 3877 1730 3914 corrigat,
1750 3877 1783 3906 &
1806 3875 1926 3910 Tertio,
1945 3872 1982 3902 sic
2001 3869 2210 3914 Incorrigibiles
2234 3878 2329 3913 reper-

1268 3924 1332 3957 tos,
1346 3915 1383 3960 de
1404 3914 1535 3945 Consilio
1555 3913 1682 3944 Concilii
1702 3913 1825 3944 Domini
1847 3910 1935 3942 nostri
1947 3909 2055 3947 Regis,
2074 3918 2089 3938 a
2103 3907 2181 3939 dieto
2195 3906 2331 3947 Collegio

1289 3962 1379 3982 emtus
1395 3962 1535 3983 amoveat.

1267 3963 1287 3990 p
1305 3988 1377 4020 ΙτΕ
1389 3999 1434 4028 Μ,
1452 3998 1635 4027 compertum
1654 3989 1696 4020 est
1718 3987 1796 4027 quod
1821 3985 1966 4025 Johannes
1985 3987 2107 4023 Breton,
2127 3983 2215 4016 Miles
2227 3982 2328 4022 praedi·

1266 4028 1328 4061 &tus
1337 4052 1346 4067 ,
1365 4028 1521 4060 Insolentiis
1534 4029 1587 4059 suis
1600 4029 1684 4059 nimis
1697 4027 1825 4061 deditus,
1842 4023 1919 4054 tarde
1935 4023 2045 4055 accedit
2059 4025 2093 4056 &
2107 4025 2191 4054 nimis
2209 4022 2331 4088 delicat}

2296 4069 2311 4089 a

2380 1365 2455 1397 Ann.
2471 1367 2513 1398 D.

2402 1407 2486 1445 1378.

2378 1448 2432 1472 An.
2448 1455 2477 1474 2.

2379 1487 2411 1511 R.
2430 1493 2455 1512 2.

2378 1525 2438 1550 Par.
2459 1531 2486 1551 2.

2377 1564 2407 1588 R.
2418 1567 2512 1598 ²-P·4‹

2377 1609 2413 1628 m.
2438 1609 2482 1634 ¹5-

2377 1636 2476 1665 *VIL

2376 1686 2443 1711 ²04·
