2561 4251
191 171 214 215 7
222 166 244 202 6

40 242 119 278 Ann.
132 243 174 274 D.

64 292 149 324 1351.

41 326 110 352 -ΕιΙ-υ.
132 332 156 359 3.

259 246 372 284 uodque
391 245 488 276 eadem
503 243 600 275 Castra
612 244 771 280 Tenentes,
785 242 884 273 exinde
900 251 968 272 curn
984 238 1068 268 Bonis
1085 235 1253 276 suis,libere

189 295 254 316 rece
276 294 322 315 ant
339 286 372 315 &
386 285 480 314 secui-e

232 324 275 354 Ac
291 323 369 362 quod
383 323 459 352 dieta
476 306 574 351 Castra
587 344 596 357 ‚
620 320 727 350 distetis
745 320 777 349 &
795 317 921 348 fidelibus
942 317 1044 347 nostris
1059 339 1068 354 ‚
1094 311 1257 356 willielmo

192 362 292 400 Stury,
311 363 343 391 δε
359 360 397 389 W
401 359 518 389 illielmo
533 359 568 389 de
586 359 688 389 Burton
699 381 708 395 ,
734 357 876 387 Militibus
889 378 898 393 ,
915 355 1080 390 liberentur,
1099 349 1259 389 recipienda

194 401 227 431 δε
244 398 425 429 custodienda
444 408 492 435 per
510 408 574 435 eos,
594 398 710 426 nomine
728 395 850 436 nostrO,
861 394 1002 433 quousque
1015 393 1092 430 super
1107 391 1212 435 eisdem
1231 398 1260 417 a-

194 438 253 468 liud
271 438 427 467 duxerimus
444 435 648 472 ordinandum,
665 442 747 471 prout
765 434 794 462 in
809 432 865 462 aliis
875 432 974 462 Literis
983 432 1099 469 nostris,
1116 428 1183 460 inde
1190 435 1262 457 con-⁷

196 476 298 512 feeiis,
316 475 425 512 plenius
438 474 539 511 poterit
558 482 706 510 apparere,
1193 504 1198 509 ¹
1245 502 1250 506 ¹

237 514 326 543 Vobis
336 535 346 550 ,
362 521 459 542 tenore
479 512 652 548 praesentium
662 533 671 547 ,
693 510 853 538 intimamus
869 508 948 546 quod
969 518 1026 538 non
1041 506 1081 537 est
1097 506 1265 546 Intentionis

199 551 243 582 seu
262 551 418 581 Voluntatis
433 551 536 580 nostrae
551 572 560 587 ,
578 547 675 586 quod,
694 546 811 577 Illustres
830 546 893 576 Viri
909 569 918 584 ,
943 546 1043 576 Duces
1062 545 1214 584 Brabantiae
1231 541 1265 570 ὃ(

200 589 325 626 Gelriae,
343 599 375 619 ac
390 587 498 618 Comes
512 587 648 617 Flandriae
664 608 674 623 ,
699 595 744 615 aut
762 585 870 615 Gentes
892 584 936 614 vel
959 584 1069 615 Subditi
1084 583 1198 623 alicujus
1215 588 1266 622 eo-

201 627 351 666 rumdem,
370 627 413 656 seu
426 627 509 664 aliqui
522 625 585 662 alii,
602 624 687 654 dietis
701 623 826 654 Partibus
842 623 992 653 Holandiae
1014 623 1046 652 ὃς
1063 619 1198 660 Selandiae
1213 616 1265 646 Vi-

201 667 276 703 cini,
294 676 342 703 per
356 665 462 702 dictos,
482 663 669 693 Willielmum
685 663 717 692 δε
733 661 944 698 Willielmum,
961 660 1004 690 vel
1022 660 1105 700 alium
1127 659 1266 695 iptorum,

201 712 246 734 aut
265 703 376 742 alicujus
391 701 560 732 eorumdem
576 702 709 739 nomine,
727 700 776 730 nifi
794 710 847 737 pro
863 699 984 736 ipsorum
995 697 1186 733 Deienfione,
1201 703 1267 724 mo-

202 741 347 779 lestentur,
365 742 508 770 turbentur
528 739 675 779 aliqualiter
688 740 733 770 seu
751 747 918 776 graventur,

240 780 276 810 Et
294 779 502 818 promittimus,
520 778 597 808 bona
611 777 685 814 fide,
702 785 835 815 quantum
855 778 884 806 in
901 775 980 804 nobis
997 773 1054 812 est,
1072 773 1152 812 quod
1163 769 1268 801 nullum

206 829 255 856 per
271 818 359 855 ipios,
379 817 569 847 Willielmum
588 817 620 847 &
640 815 852 853 Willielmum,
867 814 910 844 seu
924 823 971 852 per
989 813 1127 850 aliquem,
1145 813 1173 842 in
1187 809 1270 840 dietis

207 855 312 886 Castris
331 854 453 893 ipsorum
474 855 590 884 nomine
614 861 845 885 commorantem
858 876 868 888 ,
893 852 975 882 dietis
997 851 1155 881 Nobilibus
1175 848 1269 890 Vi1i5‚

207 893 338 924 Ducibus
357 894 389 923 ὃς
404 892 515 923 Comiti
534 892 689 931 praedietis,
706 901 751 922 aut
771 891 912 921 Gentibus
925 912 934 928 ,
957 889 1004 919 vel
1015 890 1138 920 Subditis
1156 887 1268 923 alicujus

204 943 309 962 eorum
316 933 383 962 dem
393 955 401 967 ,
412 936 424 945 ⁵
438 931 482 961 scu
497 931 609 961 Vicinis
625 932 763 968 aliquibus
779 929 917 959 elidiatum
927 928 1047 966 partium
1066 925 1217 958 Holandiae
1236 925 1269 955 &

205 971 348 1001 Selandiae
359 993 367 1009 ,
387 970 554 1007 Dampnum
567 992 577 1007 ,
603 969 767 999 Molestiam
778 991 787 1006 ,
809 967 853 998 seu
865 966 1027 996 Gravamen
1042 989 1051 1004 ,
1069 965 1185 996 durante
1193 962 1271 993 dieta

207 1008 362 1077 CuIstodiii,
378 1008 444 1077 ηἰῑὲζ
443 1008 478 1038 ad
495 1018 594 1039 eorum
614 1007 816 1038 Defensionem
831 1028 841 1044 ,
858 1004 1009 1042 aliqualiter
1023 1004 1164 1034 inferetur.

264 1058 283 1077 n
302 1058 336 1077 eu
351 1057 379 1077 us
446 1056 471 1076 c.

277 1059 346 1117 Dat}
362 1070 394 1115 in³
412 1084 518 1115 Palatio
532 1084 628 1115 nostro
637 1083 763 1115 Westrn.
778 1082 892 1113 decimo
915 1088 1014 1119 quarto
1029 1079 1075 1110 die
1091 1078 1271 1110 Decembris.

55 937 185 971 *V.732.

299 1213 348 1245 De
367 1210 494 1259 Legibus
512 1214 548 1250 ὠ·
567 1207 830 1256 Confhcrudinibus
847 1211 945 1241 ScotIae
961 1203 1179 1252 conftrvandis.

62 1295 139 1327 Alm-
154 1294 185 1325 D
274 1297 428 1335 Dwardus,
448 1297 505 1327 Dei
523 1296 625 1336 gratia,
644 1295 706 1325 Rex
721 1294 834 1331 Angiiae
852 1293 885 1324 &
908 1292 1034 1322 Franciae
1049 1313 1058 1329 ,
1081 1291 1114 1321 ὃς
1130 1289 1277 1320 Dominus

85 1343 168 1373 1352·
291 1337 457 1374 Hiberniae,
476 1335 594 1365 Diletstis
611 1335 643 1364 &
660 1333 799 1363 Fidelibus
817 1332 867 1362 suis
887 1354 897 1370 ,
922 1329 1053 1360 Henrico
1074 1330 1110 1359 de
1135 1328 1224 1367 Percy
1243 1328 1276 1359 &

63 1377 117 1401 Au.
133 1376 176 1399 26.
217 1375 372 1412 Radulpho
391 1375 426 1404 de
440 1373 555 1410 Nevill,
574 1372 705 1402 Salutem.

64 1416 93 1443 Ee
112 1421 137 1448 3-
170 1450 185 1475 6
252 1413 447 1451 Stipplicarunt
465 1413 546 1442 nobis
565 1410 679 1448 quidam
698 1409 844 1440 Homines
860 1408 895 1438 de
928 1406 1042 1445 Scotia,
1061 1405 1095 1437 ad
1114 1404 1220 1436 Pacem
1244 1405 1277 1436 &-

64 1456 132 1477 ὅσοι.
153 1459 166 1475 2

190 1471 196 1477 ·
217 1451 417 1482 Obedientaim
437 1449 541 1480 nostras
557 1448 721 1485 existentes,
741 1457 786 1486 ut,

252 1490 351 1528 Cum,
369 1491 438 1520 inter
456 1498 572 1525 caetem,
589 1486 693 1518 eisdem
711 1485 901 1523 Hominibus,
917 1492 1047 1522 tempore
1065 1492 1122 1521 quo
1138 1481 1172 1513 ad
1187 1482 1276 1512 dictas

65 1528 93 1553 ⁶·
212 1532 319 1564 Pacem
337 1529 369 1559 &
387 1527 588 1558 Obedientiarn
605 1525 708 1555 nostras
726 1532 877 1561 venerunt,
896 1522 1043 1561 promiffii,
1068 1521 1276 1552 concordatum

213 1567 322 1606 fuisset,
339 1568 371 1598 &
384 1566 461 1596 bona
476 1565 530 1595 fide
545 1563 730 1602 promiffum,
748 1562 825 1601 quod
842 1562 891 1599 ipsi
913 1561 1056 1598 Legibus,
1073 1559 1276 1597 Libertatibus,

217 1609 250 1639 &
270 1606 378 1637 Liberis
397 1603 649 1634 Consuetudinibus
662 1625 672 1641 ,
696 1602 794 1641 quibus
814 1601 862 1638 ipsi
880 1601 914 1631 &
940 1609 1039 1630 eorum
1066 1598 1276 1635 Anteceffores,

217 1654 362 1682 tempore,
380 1643 495 1673 celebris
518 1642 664 1672 memoriae
679 1664 688 1679 ,
715 1640 862 1670 Alexandri
887 1637 1029 1676 quondam
1048 1636 1134 1675 Regis
1152 1636 1277 1674 Scotiae,

220 1681 417 1716 rationabiliter
436 1682 476 1711 uti
495 1681 527 1711 &
546 1678 666 1716 gaudere
686 1678 900 1715 consueverant,
918 1686 1018 1706 extunc
1035 1676 1073 1706 uti
1095 1674 1215 1712 gaudere
1228 1675 1277 1704 de·

222 1725 338 1759 berent,
357 1727 436 1759 prout
455 1721 484 1748 in
499 1717 661 1757 quibusdam
681 1717 848 1753 indenturis,
863 1717 931 1745 inter
948 1715 1008 1745 Vos
1021 1714 1053 1744 &
1069 1737 1078 1751 ,
1093 1713 1229 1743 diletstum
1245 1713 1278 1742 &

223 1760 333 1791 fidelem
354 1757 479 1788 nostrum
490 1779 498 1793 ,
518 1756 681 1786 Gilbertum
698 1754 734 1785 de
749 1753 938 1785 Umframvill
950 1776 960 1790 ,
981 1752 1129 1782 Comitem
1146 1752 1182 1781 de
1205 1750 1281 1781 Ane-

222 1808 292 1838 gos,
311 1807 362 1835 pro
378 1796 470 1827 Nobis
485 1796 517 1826 ὃ(
531 1794 628 1824 nostro
636 1793 784 1830 Nomine,
802 1802 834 1822 ex
844 1800 920 1829 parte
935 1791 991 1821 una
1001 1813 1010 1829 ,
1022 1792 1054 1822 &
1069 1791 1204 1828 quosdam
1215 1789 1281 1819 Ho-

224 1839 335 1868 minum
349 1834 564 1872 praedic‘lorum,
584 1842 636 1870 pro
650 1832 694 1869 se,
711 1832 743 1862 &
757 1831 805 1861 sibi
823 1830 1035 1860 Adhaerentibus
1045 1851 1054 1866 ,
1075 1838 1107 1858 ex
1120 1827 1221 1866 altera,
1239 1829 1282 1857 iri—

221 1877 259 1907 de
275 1874 427 1911 confeetis,
454 1873 486 1903 &
501 1871 698 1908 Sacramento,
717 1879 747 1901 ut
764 1868 898 1907 asserunt,
913 1866 1039 1906 firmatis,
1056 1867 1165 1905 plenius
1181 1866 1284 1897 dicitur

229 1922 367 1945 contineri

263 1935 391 1983 Veliniu’s
416 1949 627 1979 Conventiones
650 1948 682 1979 ὃς
705 1946 915 1985 Conditiones,
941 1947 972 1976 in
1000 1944 1103 1976 eisdem
1125 1943 1284 1975 Indenturis

228 1998 389 2025 contentaS,
405 1989 501 2025 jubere
518 1988 622 2025 integre
638 1986 812 2024 conservari,

265 2029 332 2059 Nos
352 2026 485 2066 (volentes
504 2025 664 2055 Indenturas
677 2025 839 2063 praedidbrs,
854 2023 1027 2054 &contenta
1038 2022 1067 2052 in
1081 2021 1201 2059 eisdem,
1218 2019 1286 2050 illae-

231 2068 284 2105 sas,
303 2075 382 2105 prout
398 2065 530 2095 convenit
541 2087 549 2102 ,
566 2064 719 2100 observari)
741 2063 872 2093 volumus
884 2084 893 2100 ,
919 2062 952 2092 &
972 2061 1052 2091 vobis
1065 2083 1076 2099 ,
1098 2070 1132 2091 ac
1146 2059 1286 2090 alterive-

227 2105 335 2143 strum,
354 2113 447 2134 tenore
465 2102 891 2140 praesentium,committimus‚
910 2100 942 2130 δε
958 2098 1287 2137 mandamus,quatinus,

227 2145 289 2175 vilis
309 2143 463 2173 Indenturis
477 2141 616 2180 praedietis
630 2163 639 2178 ,
654 2141 697 2171 seu
718 2140 800 2170 altera
820 2147 895 2177 parte
908 2137 1071 2168 earumdem
1114 2147 1199 2175 penes
1216 2145 1288 2173 prae-

229 2183 319 2213 dictos
332 2181 489 2217 Homines,
509 2188 537 2209 ut
562 2179 665 2210 dicitur
681 2202 691 2216 ,
708 2186 868 2208 remanente
881 2201 891 2215 ,
918 2176 1045 2214 praefatos
1095 2177 1207 2206 omines
1221 2197 1231 2212 ‚
1253 2173 1288 2204 ad

227 2221 335 2252 Pacem
352 2220 383 2250 &
400 2218 598 2248 Obedientiam
620 2217 723 2247 nostras
745 2217 782 2247 sic
798 2216 941 2246 existentes
954 2240 964 2253 ,
983 2215 1011 2244 in
1027 2215 1151 2252 Legibus
1186 2213 1289 2243 Liber—

229 2260 344 2295 tatibus,
361 2259 393 2287 &
411 2256 663 2286 Consuetudinibus
677 2279 686 2293 ,
703 2257 801 2295 quibus
825 2254 874 2294 ipfi
889 2254 921 2284 δε
937 2253 1132 2284 Antecessores
1155 2253 1200 2289 ui,
1218 2260 1290 2282 tem-

229 2308 299 2336 pore
315 2296 441 2334 prrdicli
456 2294 544 2330 Regis
567 2294 732 2332 Alexandri,
748 2292 944 2324 rationabiliter
966 2292 1007 2322 uti
1024 2292 1057 2322 &
1079 2290 1197 2329 gaudere
1220 2299 1291 2319 con-

231 2337 375 2367 sueverunt
389 2357 398 2372 ,
426 2333 599 2362 manuteneri
618 2334 651 2363 δε
673 2333 772 2362 nostro
798 2331 936 2369 nomine,
961 2338 1041 2368 prout
1058 2328 1168 2368 justum
1191 2327 1291 2366 fuerit,

233 2373 389 2405 conservari
403 2371 514 2401 faciatis.

269 2412 377 2442 Damus
391 2418 484 2439 autem
505 2407 652 2438 Universis
671 2408 704 2438 δε
729 2407 841 2444 singulis
862 2405 1000 2436 Ministris
1016 2405 1116 2436 nostris
1131 2428 1141 2443 ,
1164 2404 1292 2435 Panium

232 2451 339 2482 illarum
349 2471 357 2485 ,
376 2457 472 2477 tenore
486 2446 661 2483 praesentium
677 2470 686 2483 ,
708 2447 737 2475 in
761 2445 893 2475 mandatis
908 2446 986 2482 quoti
1005 2445 1053 2482 ipsi
1068 2444 1218 2482 praedictos
1231 2443 1295 2472 Ηο-

234 2490 324 2519 mines
341 2489 367 2516 in
385 2486 525 2523 Legibus,
547 2484 734 2514 Libertatibus
750 2506 760 2522 ,
786 2484 819 2514 &
843 2482 1098 2513 Consuetudinibus
1118 2481 1169 2512 suis
1215 2481 1297 2511 raedi-

235 2528 286 2557 etis
304 2531 516 2560 manuteneant,
535 2532 697 2561 protegant,
715 2523 748 2553 ὅτ,
763 2521 942 2559 conservent,
954 2522 1032 2559 juxta
1054 2520 1176 2551 formam
1205 2519 1297 2550 nden-

235 2573 355 2595 turarum
373 2561 564 2599 prxdic'larum
574 2583 584 2599 ,

273 2602 307 2632 Et
327 2602 405 2639 quod
421 2601 517 2636 vobis,
533 2600 577 2628 vel
591 2599 665 2629 alteri
678 2598 801 2628 vestrum
811 2621 820 2636 ,
837 2598 914 2635 super
923 2597 1142 2628 Conservatione
1155 2595 1294 2627 Conven-

235 2642 349 2672 tionum
369 2639 400 2669 &
416 2638 620 2667 Conditionum
639 2637 846 2674 praedifflarum,
866 2646 974 2674 pare-int
987 2637 1019 2666 &
1034 2635 1194 2674 intendant,
1209 2635 1299 2666 &Sa-

236 2686 410 2709 cramentum
423 2676 549 2714 praestent
564 2675 724 2713 corporale,
741 2684 821 2713 prout
835 2685 902 2714 VOS,
920 2674 964 2705 vel
978 2674 1042 2704 alter
1057 2672 1201 2712 vestrC1m,
1219 2675 1256 2705 eis
1264 2683 1298 2705 ex

240 2726 316 2756 parre
332 2715 423 2745 nostra
436 2715 503 2744 scire
519 2714 633 2744 facietis.

279 2754 312 2784 In
333 2754 421 2791 cujus,
439 2755 499 2783 &Q

310 2792 398 2835 Teste
416 2791 501 2829 Rege
524 2790 597 2828 apud
622 2789 907 2821 westmonasterium
922 2813 932 2829 ,
953 2789 1092 2820 vicesimo
1116 2789 1236 2826 septimo
1254 2788 1299 2819 die

242 2831 372 2870 Januarn.

769 2869 822 2896 Per
839 2868 998 2895 Petitiouem
1013 2866 1044 2895 de
1058 2864 1252 2896 parliamento.

339 3004 385 3034 De
404 2998 575 3032 intendendo
585 3000 674 3045 fitpcr
692 2998 836 3045 praediffis
857 2996 983 3046 Legibus
999 2998 1217 3044 conftrvandis.

96 3092 172 3123 Anti.
188 3090 230 3122 D.

120 3140 202 3167 1:52.

98 3174 150 3196 ΑΗ,
169 3172 212 3195 26.

244 3085 371 3141 REX
393 3084 569 3115 Czincellario
587 3084 635 3115 suo
650 3084 787 3115 Berewici
805 3083 883 3122 super
901 3083 1063 3122 Twedam,
1080 3084 1113 3115 &
1138 3083 1303 3116 Camerario

322 3125 370 3153 suo
384 3124 490 3153 ibidem
500 3146 509 3160 ,
529 3123 658 3153 Salutem.

280 3162 475 3230 Suiplicarunt
489 3163 571 3191 nobis
583 3161 696 3198 quidam
709 3160 851 3190 Homines
865 3159 901 3190 de
919 3159 1015 3190 Scotia
1025 3183 1034 3198 ,
1051 3158 1111 3194 &a
1130 3167 1160 3189 ut
1168 3160 1254 3200 fhpra
1263 3161 1304 3200 us-

265 3213 296 3230 ue
309 3214 316 3229 ι
336 3213 344 3229 t
354 3223 362 3238 ,

246 3213 262 3242 q
280 3239 386 3276 Vobis,
404 3239 436 3268 ὃ(
456 3237 531 3268 alteri
549 3235 674 3266 vestrum
685 3259 694 3273 ,
712 3237 884 3273 injungimus
898 3236 930 3267 &
945 3236 1108 3266 mandamus
1128 3238 1305 3275 quatinusip-

244 3278 287 3308 sos
306 3278 446 3307 Homine<
462 3299 471 3313 ,
497 3276 530 3306 ad
548 3275 654 3305 Pacem
673 3276 706 3304 &
727 3275 929 3305 Obedientiam
953 3275 1055 3304 nostras
1078 3276 1115 3305 sic
1141 3275 1306 3314 existentes,

248 3316 351 3346 eisdem
369 3315 509 3351 Legibus,
528 3313 726 3350 Libertatibus,
741 3314 772 3343 ἃ
791 3314 896 3343 Liberis
911 3312 1162 3343 Consuetudinibus
1175 3336 1185 3351 ,
1205 3315 1304 3352 quibus

246 3355 312 3391 ipii,
332 3356 363 3384 &
378 3363 477 3383 eorum
494 3351 686 3393 Anteceilores
697 3374 706 3389 ,
724 3361 850 3389 tempore
867 3352 992 3388 praedicii
1016 3351 1122 3389 Regis,
1139 3353 1309 3382 rationabili-

251 3402 291 3421 ter
307 3393 343 3421 nti
357 3394 387 3422 ἃ
406 3391 522 3429 gaudere
536 3394 754 3427 coniueveriint,
771 3391 809 3419 uti
819 3392 850 3419 ἅ*
862 3390 980 3425 gaudere
995 3390 1156 3426 permittatis
1166 3391 1241 3428 juxta
1248 3390 1307 3420 for-

248 3439 323 3458 mam
341 3430 551 3459 Indenturarum
568 3428 785 3465 praedici-arum,
803 3430 834 3458 ὃῑ
845 3437 923 3464 prout
934 3427 1086 3465 ,dileffi&
1101 3427 1192 3459 fideles
1204 3428 1308 3467 nostri,

248 3467 392 3498 Henricus
410 3468 444 3496 de
463 3467 552 3506 Percy
569 3467 601 3497 δε
616 3465 778 3503 Radulphus
792 3466 827 3495 de
843 3466 956 3502 Nevill,
975 3465 1019 3495 vel
1033 3475 1130 3495 eorum
1145 3468 1228 3504 alter,

290 3504 400 3542 Qubus
417 3528 425 3541 ,
451 3516 498 3542 per
514 3507 576 3535 alias
600 3505 702 3534 Litcras
717 3503 823 3533 nostras
838 3527 846 3541 ,
872 3505 1066 3533 mandavimus
1082 3504 1160 3542 quod
1182 3506 1247 3542 ipfi,
1265 3505 1310 3535 vel

253 3552 350 3573 eorum
369 3543 449 3584 alter,
467 3544 556 3573 diGtos
574 3543 716 3572 Homines
733 3544 763 3572 in
782 3543 925 3580 Legibus,
946 3542 1152 3580 Libertatibus,
1173 3543 1207 3573 &
1228 3542 1310 3573 Con-

254 3580 439 3611 suetudinibus
460 3580 511 3609 suis
530 3581 667 3618 priedie'tis
685 3580 779 3610 nostro
797 3581 914 3610 nomine
934 3581 1103 3609 manuteneri
1122 3580 1223 3611 faciant
1238 3604 1248 3619 ,
1266 3581 1311 3611 vel

255 3619 356 3656 faciat,
375 3618 425 3655 ἃ,
442 3627 521 3654 prout
543 3619 647 3656 decet,
666 3619 818 3649 conservari
848 3619 924 3657 juxta
947 3618 1069 3647 formam
1093 3617 1312 3650 Indenturarurn

255 3656 417 3686 earumdem
427 3678 436 3692 ,

294 3694 331 3736 Et·
344 3694 438 3732 quoti,
456 3692 490 3722 ad
509 3693 535 3722 id
552 3693 730 3731 faciendum,
748 3705 763 3724 a
780 3696 876 3732 vobis,
895 3704 928 3724 ac
942 3694 1026 3724 altero
1041 3692 1184 3732 vestrum,
1201 3705 1234 3725 ac
1256 3695 1314 3725 aliis

257 3731 391 3761 Ministris
404 3732 530 3761 Partium
544 3731 671 3769 illarum,
689 3733 898 3763 Sacramentum
910 3735 1017 3770 capiant
1033 3732 1193 3770 corporale,

296 3769 396 3812 Vobis,
411 3770 457 3812 gel
470 3770 545 3799 alteri
556 3768 879 3811 vestrsim,scirefacient
890 3773 949 3809 ,vel
968 3771 1108 3809 faciet,ex
1121 3780 1195 3808 parte
1211 3770 1315 3809 nostra,

295 3808 318 3849 h*
339 3806 373 3835 ht
392 3808 508 3845 eudem,
525 3806 656 3836 Henrico
673 3807 705 3836 ὃ(
733 3807 882 3846 Radulplio
898 3834 907 3846 .‚
930 3810 963 3839 ὃ(
985 3818 1084 3840 eorum
1104 3810 1178 3839 alteri
1196 3809 1227 3838 in
1246 3819 1317 3846 prae-

261 3843 361 3881 missis,
380 3847 490 3880 pii-eatis
504 3847 535 3875 δε
553 3844 716 3881 intendatis,
733 3848 857 3882 quotiens
874 3848 906 3877 δε
925 3856 1007 3885 prout
1021 3856 1069 3883 per
1087 3847 1156 3885 ipsos
1168 3869 1178 3884 ,
1204 3847 1248 3876 vel
1266 3857 1317 3877 eo-

262 3891 325 3912 rum
342 3882 475 3920 alterurn,
493 3883 569 3920 super
583 3883 658 3918 hoc,
677 3891 709 3911 ex
729 3892 804 3918 parte
820 3884 928 3922 nostra,
948 3885 1050 3916 fueritis
1059 3886 1226 3923 praemuniti.

302 3919 338 3949 Et
349 3929 407 3962 'vos
423 3922 430 3955 (
441 3921 550 3962 prtefate
565 3920 751 3956 Cancellaric)
780 3920 1003 3953 Vicecomitibus
1018 3947 1027 3962 ,
1053 3926 1086 3955 &
1104 3924 1159 3954 aliis
1181 3921 1319 3953 Ministris

265 3957 383 3994 nostris,
402 3956 524 3987 Partiurn
541 3958 666 3996 illarum,
685 3968 731 3995 per
749 3958 850 3988 Literas
869 3959 917 3989 sub
939 3961 1039 3998 Sigilio
1057 3962 1170 4000 nostro,
1208 3971 1245 3991 uo
1266 3963 1321 3990 uti-

263 4005 328 4025 mur
343 3996 371 4038 in
384 3994 460 4037 dieta
474 3995 562 4025 Terrii
575 3996 694 4032 Scotiae,
713 3996 781 4025 detis
793 3998 820 4025 in
838 3998 969 4027 mandaris
984 4022 993 4036 ,
1015 4000 1093 4037 quod
1116 4001 1163 4037 ipsi
1210 4000 1320 4028 omines

259 4032 415 4073 praedi&os
428 4043 456 4063 in
472 4034 593 4071 Legibus
607 4056 617 4072 ,
642 4034 844 4073 Libertatibus,
861 4037 894 4066 ὃς
910 4034 1161 4069 Consueudinibus
1182 4037 1235 4068 suis
1249 4046 1321 4075 prce-

124 3229 130 3235 ’
137 3229 202 3275 ilia.

113 3800 245 3835 '‘V-733·

601 145 1488 198 CONVENTIONES,

1572 148 2010 201 LITERAE‚

1295 234 1396 272 dictis,
1411 244 1606 267 manuteneant
1621 237 1654 267 &
1669 236 1835 268 conservent
1844 258 1854 274 ‚
1871 243 1954 274 prout
1965 234 2001 267 ad
2013 233 2084 273 ipsos
2093 233 2144 274 ,&
2155 241 2256 265 eorum
2264 240 2363 271 quem-

1296 273 1366 341 libfft
1373 275 1531 343 ,stnoversint
1545 277 1689 313 pertinere.
2380 265 2493 333 325}
2504 292 2507 295 >

1366 321 1382 340 e
1407 321 1422 342 e
1439 321 1468 343 ut
1496 323 1572 351 upra·
1749 353 1804 380 Per
1822 351 1983 380 Petitionem
1997 349 2030 379 de
2043 347 2237 379 Parliamento.

1301 475 1350 506 De
1368 472 1509 517 potestate
1533 473 1686 507 trae'landi
1705 475 1798 520 fhper
1824 471 2048 508 Deliberatione
2065 470 2177 506 David
2199 470 2236 505 de
2252 472 2366 520 Bruys,

1697 534 1733 555 ac
1756 523 1857 556 Finali
1874 525 1969 558 Pace.

1307 604 1431 660 REX
1450 605 1614 645 Univerfis,
1630 607 1664 637 ad
1684 617 1754 646 quos
1768 608 1829 639 &c.
1846 607 1976 639 Salutem.

1404 645 1503 676 Sciatis
1517 645 1596 683 quod
1612 644 1697 683 Nos,

1343 684 1392 715 De
1406 684 1535 715 fidelitate
1551 685 1584 715 &
1599 683 1852 721 circumspeetione
1861 705 1872 722 ,
1888 683 2059 715 dilectorum
2068 683 2101 715 &
2114 681 2241 713 fidelium
2257 679 2368 712 nostro·
2382 656 2498 716 41235226.

1307 733 1370 754 rum
1380 745 1390 761 ,
1766 743 1769 748 .
2383 729 2412 756 g
2433 734 2459 762 3·

1344 797 1505 831 Venerabilis
1523 799 1635 837 Patris,
1650 797 1757 828 Thomae
1777 794 1898 836 Epifiopi
1915 796 2117 838 Dunolmenfis,
2414 763 2480 793 md·

1343 842 1456 869 Henrici
1473 838 1505 867 de
1523 839 1622 878 Percy,

1343 880 1385 907 Et
1402 875 1539 913 Radulphi
1556 875 1588 905 de
1606 873 1722 914 Nevill,

1345 916 1503 952 Baronum,

1343 992 1458 1024 Plenius
1473 991 1661 1029 confidentes,

1346 1031 1393 1063 Ad
1408 1030 1624 1068 Tractandum,
1642 1027 1902 1069 Concordandum‚
1921 1027 2202 1060 &conveniendum
2216 1038 2286 1060 cum
2293 1029 2371 1062 Prae-

1308 1069 1366 1100 latis
1362 1093 1393 1138 D
1402 1068 1580 1138 demdtiffius’
1598 1069 1630 1100 ὃ(
1643 1068 1701 1100 aliis
1715 1066 1889 1097 Hominibus
1902 1065 1939 1096 de
1961 1066 2074 1105 Scotia,
2091 1067 2169 1106 super
2185 1066 2374 1102 Deliberatio-

1310 1119 1346 1139 ne
1395 1119 1440 1138 avr
1492 1118 1508 1138 e
1546 1118 1575 1138 ru
1594 1118 1606 1138 s

1347 1146 1393 1177 Ac
1410 1146 1497 1176 Finali
1511 1117 1593 1176 Ραεὲ
1600 1130 1672 1176 ir'iter
1686 1144 1790 1182 Regna
1804 1142 1919 1181 Angliae
1933 1144 1967 1175 &
1980 1143 2103 1185 Scotiae,

1351 1184 1439 1222 Super
1455 1185 1533 1222 Ligis
1547 1185 1581 1215 &
1600 1184 1744 1215 Amicitiis
1757 1183 1895 1221 perpetuis
1907 1204 1918 1221 ,
1936 1183 2007 1213 inter
2029 1182 2098 1214 Nos
2113 1184 2146 1215 δε
2167 1183 2301 1216 Subditos
2321 1195 2377 1216 no-

1313 1222 1384 1253 stros
1399 1223 1431 1254 &
1447 1223 1592 1253 Homines
1605 1222 1640 1253 de
1655 1221 1752 1253 Scotia
1766 1221 1911 1259 ineundis,

1350 1261 1388 1292 Et
1403 1260 1437 1292 ad
1452 1261 1599 1299 Treugas,
1617 1262 1687 1291 inter
1705 1259 1771 1291 Nos
1794 1259 1828 1290 &
1849 1259 1921 1298 ipsos
1941 1258 2082 1291 Homines
2100 1259 2137 1291 de
2157 1259 2254 1292 Scotia
2272 1260 2377 1292 ultimo

1312 1300 1408 1338 initas,
1422 1299 1651 1338 prorogandum,

1352 1339 1397 1369 Ac
1413 1340 1496 1369 etiam
1510 1338 1545 1368 ad
1559 1338 1666 1369 salvum
1680 1337 1713 1368 &
1728 1337 1857 1368 securum
1872 1335 2060 1367 Conduecum
2074 1335 2217 1374 praedietis
2237 1334 2381 1376 Palatia,

1315 1375 1497 1415 Comitibus,
1515 1377 1547 1408 &
1562 1377 1619 1407 aliis
1634 1375 1809 1406 Hominibus
1822 1375 1857 1406 de
1871 1375 1984 1413 Scotia,
2001 1376 2049 1414 qui
2071 1376 2102 1405 in
2123 1375 2260 1412 Angliam
2275 1385 2309 1406 ex
2324 1375 2378 1407 hac

1315 1415 1395 1446 causa
1408 1414 1468 1446 sunt
1486 1417 1619 1452 venturi,
1645 1422 1728 1452 prout
1746 1423 1798 1452 pro
1818 1414 1916 1452 majori
1940 1413 2102 1445 commodo
2122 1414 2156 1445 &
2171 1414 2317 1446 securitate
2330 1423 2381 1446 eo-

1315 1454 1446 1484 rumdem
1461 1454 1589 1492 expedire
1605 1454 1741 1490 viderint,
1759 1454 1877 1483 nomine
1892 1451 1990 1483 nostro
2005 1452 2242 1492 concedendum,

1355 1492 1391 1523 Et
1404 1492 1439 1523 ad
1453 1503 1484 1523 ea
1493 1515 1502 1531 ,
1519 1503 1583 1532 quae
1595 1491 1633 1522 sic
1647 1491 1780 1522 Traeiata
1797 1513 1807 1529 ‚
1831 1490 2014 1522 Concordata
2030 1514 2040 1529 ,
2062 1489 2216 1522 Conventa
2229 1514 2239 1531 ,
2261 1491 2295 1523 &
2308 1491 2380 1524 Inita

1316 1530 1436 1569 fuerint,
1456 1540 1631 1570 quacumque
1648 1529 1814 1568 Securitate,
1831 1532 1949 1561 nomine
1965 1529 2079 1568 nostr0,
2095 1529 2276 1569 vallandum,

1338 1569 1388 1614 'Et
1404 1570 1438 1638 a}
1453 1570 1637 1601 Securitatem
1653 1567 1814 1607 hujusmodi
1830 1579 1846 1600 a
1861 1567 1940 1600 Parte
1952 1567 2063 1600 adversi
2078 1567 2271 1610 stipulandum
2285 1569 2318 1601 &
2338 1578 2384 1600 re-

1316 1618 1344 1639 cl
1365 1619 1410 1638 16ss
1431 1618 1480 1638 um
1493 1620 1498 1625 '

1346 1619 1388 1677 llit
1398 1646 1432 1676 ad
1447 1632 1543 1677 om’nia
1556 1645 1608 1676 alia
1621 1646 1654 1677 &
1669 1645 1788 1684 singula,
1807 1655 1870 1684 quae
1891 1646 1967 1676 circa
1987 1644 2128 1683 praemiffa
2148 1644 2299 1677 neceffiiria
2317 1646 2379 1678 fue-

1316 1686 1372 1754 rfint
1386 1686 1430 1753 ve}
1442 1694 1599 1723 oportuna,
1616 1685 1649 1716 &
1663 1694 1725 1722 quae
1738 1693 1788 1714 nos
1808 1684 1859 1722 ipsi
1879 1683 2032 1715 faceremus
2054 1684 2074 1715 fi
2089 1683 2233 1723 praesentcs
2247 1684 2382 1724 essemuS,

1331 1734 1411 1754 acien
1433 1734 1482 1754 um

1354 1746 1658 1801 Eisdem,'Episcopo‚
1675 1759 1822 1799 Henrico,
1839 1758 1872 1791 &
1885 1758 1977 1790 Radul
1998 1760 2057 1799 ho,
2075 1761 2109 1792 &
2124 1759 2247 1793 Duobus
2263 1772 2383 1801 eorum,

1319 1801 1448 1839 plenam,
1467 1809 1565 1832 tenore
1578 1800 1772 1838 praesentium,
1789 1798 1975 1829 concedimus
2015 1798 2178 1838 otestatem3

1358 1839 1467 1870 Rarum
1484 1839 1603 1870 habituri
1623 1838 1656 1869 ὃς
1681 1836 1805 1867 Gratum
1846 1836 1960 1875 uicquid
1982 1847 2032 1875 per
2051 1837 2145 1868 dieios
2156 1860 2167 1876 ,
2192 1837 2386 1878 Episcopum,

1320 1878 1502 1915 Henricum,
1520 1878 1553 1908 &
1569 1876 1771 1914 Radulphum,
1786 1875 1819 1906 &
1868 1885 1917 1906 uos
1938 1885 2055 1914 eorum,
2073 1875 2179 1907 Aestum
2197 1876 2243 1908 vel
2262 1877 2387 1909 Gestum

1321 1917 1403 1986 fuelrit
1418 1917 1453 1959 in·
1463 1915 1626 1985 praergiciffis,
1643 1915 1676 1946 &
1693 1913 1817 1953 quolibet
1832 1913 2048 1952 praemifforurn.

1410 1964 1503 1992 cujus,
1555 1963 1582 1984 c.

1396 1992 1463 2024 Dat.
1480 1992 1553 2034 apud
1571 1990 1878 2030 Westmonasterium,
1895 1992 1992 2030 primo
2005 1991 2050 2022 die
2066 1991 2216 2023 Februarii.

1346 2126 1405 2158 Pro
1422 2118 1580 2155 Edwardo
1600 2122 1675 2166 Rege
1690 2121 1807 2161 Scotiae,
1832 2116 1869 2150 de
1889 2120 1989 2151 Scotia
2012 2121 2043 2150 in
2059 2118 2206 2164 Angliam
2225 2127 2363 2152 venturo.

1327 2207 1418 2278 RE
1428 2207 1457 2238 X
1474 2204 1624 2237 Univerfis
1638 2204 1672 2235 &
1686 2202 1799 2241 singulis
1813 2202 2058 2241 Vicecomitibus,
2074 2202 2135 2234 &c.
2150 2201 2282 2233 Salutem.

1430 2246 1530 2276 Sciatis
1545 2243 1623 2282 quod
1630 2255 1643 2281 ,*

2403 2207 2480 2239 Ann.
2494 2206 2537 2239 D:

1366 2284 1466 2322 Cum,
1484 2282 1659 2320 Magnificus
1672 2279 1807 2318 Princeps
1822 2301 1832 2318 ,
1858 2278 2013 2310 Edwardus
2036 2282 2097 2309 Rex
2119 2278 2243 2317 Scotiae,
2262 2278 2391 2309 Consan-
2405 2254 2521 2314 2353

1331 2324 1448 2362 guineus
1462 2321 1555 2352 noster
1577 2318 1730 2351 cariffimus
1742 2341 1752 2357 ,
1769 2318 1805 2349 ad
1827 2317 1909 2356 Nos,
1928 2318 2099 2357 ubicumque
2120 2317 2259 2348 fuerimus
2277 2319 2308 2349 in
2329 2318 2391 2349 An·
2407 2329 2437 2353 Ε,
2450 2333 2474 2360 3,

1332 2362 1435 2430 gliIaIm,
1453 2361 1484 2392 fit
1498 2368 1644 2397 venturuS,
2440 2361 2506 2391 lbi'd.

1404 2409 1436 2430 os

1367 2423 1503 2469 Voleiites
1520 2436 1664 2468 Securitati
1678 2434 1758 2473 ipfius
1776 2434 1867 2471 Regis
1885 2435 1914 2464 in
1929 2433 1983 2465 hac
2000 2441 2077 2471 parte
2095 2433 2258 2473 providere,

1371 2477 1548 2515 Suscepimus
1560 2475 1650 2513 ipsum
1663 2473 1795 2512 Regem,
1814 2472 1974 2511 Homines,
1994 2472 2170 2512 Familiares,
2185 2472 2300 2512 Equoe,
2316 2471 2394 2503 Her-

1334 2516 1405 2546 nesia
1419 2516 1453 2546 ὃς
1475 2515 1532 2545 Res
1553 2513 1600 2544 sua
1621 2522 1829 2552 quaecumque,
1852 2512 1991 2542 veniendo
2011 2510 2045 2541 ad
2065 2511 2133 2542 Nos
2146 2534 2156 2549 ,
2175 2512 2346 2549 ubicumque
2364 2512 2396 2541 in

1336 2554 1441 2593 Anglissa
1451 2553 1601 2590 fuerimus,
1619 2551 1727 2582 ibidem
1742 2550 1881 2581 morando
1916 2551 1949 2580 &
1965 2549 2066 2580 exinde
2079 2550 2167 2580 libere
2181 2559 2234 2588 pro
2254 2550 2397 2580 voluntate

1335 2592 1381 2623 sua
1394 2591 1554 2629 redeundo,
1570 2601 1604 2622 ac
1620 2600 1669 2628 per
1684 2589 1820 2632 Regnum
1836 2589 1868 2619 &
1884 2572 2057 2619 potestatem
2077 2588 2201 2619 nostram
2213 2588 2397 2626 transeundo,

1336 2634 1365 2662 in
1381 2631 1592 2661 Protectionem
1618 2630 1651 2660 &
1667 2627 1868 2658 Defeniionem
1892 2626 2016 2657 nostram
2040 2626 2187 2665 specialem
2200 2649 2211 2665 ,
2235 2636 2350 2657 necnon
2367 2627 2398 2656 in

1336 2671 1439 2702 salvum
1453 2670 1487 2700 &
1499 2669 1627 2699 securum
1642 2666 1828 2697 ConduCtum
1841 2664 1986 2703 nostrum,

1377 2708 1516 2739 Nolentec
1551 2705 1610 2737 uod
1625 2705 1700 2735 idem
1716 2704 1781 2734 Rex
1795 2704 1943 2734 occasione
1958 2703 2095 2734 Recessfis
2109 2703 2178 2734 suia
2190 2702 2317 2734 Partibus
2336 2702 2399 2734 An-

1342 2748 1425 2786 gliae,
1445 2746 1488 2776 vel
1542 2754 1602 2775 orae
1621 2744 1675 2774 suae
1690 2744 1720 2772 in
1743 2742 1871 2772 Partibus
1893 2742 2014 2780 Scotiae,
2039 2750 2086 2773 aut
2101 2742 2152 2772 alia
2171 2750 2349 2781 quacumque
2363 2742 2400 2772 de

1340 2786 1433 2824 causti,
1451 2794 1500 2823 per
1515 2783 1597 2820 Nos,
1615 2781 1660 2812 vel
1683 2780 1832 2812 Ministros
1843 2780 1952 2811 nostros
1967 2780 2175 2821 quoscumque,
2190 2779 2382 2811 occafionetur
2390 2802 2402 2818 ,

1342 2824 1501 2856 molestetur
1516 2824 1546 2852 in
1557 2821 1650 2860 aliquo
1656 2842 1666 2858 ,
1683 2820 1728 2850 seu
1744 2827 1888 2857 gravetur:

1380 2864 1398 2883 ³*
1416 2865 1448 2892 Et
1462 2861 1528 2891 ideo
1542 2860 1622 2890 vobis
1638 2858 1801 2889 mandamus
1814 2857 1893 2896 quod
1907 2857 2000 2888 eidem
2013 2856 2109 2896 Regi,
2119 2856 2178 2893 &a
2190 2863 2271 2895 prout
2284 2860 2315 2887 in
2322 2863 2401 2887 caete-
2414 2857 2431 2875 ⁴
2442 2859 2492 2893 V.7
2499 2856 2542 2894 340'

1343 2906 1379 2933 ris
1398 2901 1429 2930 de
1444 2899 1579 2929 Condm‘lu
1595 2901 1709 2927 Literis.

1376 2940 1410 2971 In
1427 2939 1522 2976 cujus,
1539 2937 1600 2968 &c.

1414 2976 1502 3009 Teste
1522 2975 1606 3013 Rege
1620 2972 1693 3012 apud
1712 2970 2015 3010 Westmonasterium,
2033 2971 2128 3009 primo
2147 2969 2194 3000 die
2218 2970 2368 3001 Februarii.

2085 3047 2139 3076 Per
2157 3046 2241 3087 ipfizm
2259 3049 2365 3085 Regem.

1342 3184 1400 3214 Pro
1417 3182 1544 3212 Nunciis
1560 3177 1644 3211 Villae
1663 3175 1699 3209 de
1715 3175 1803 3225 Pyft,
1828 3178 1859 3208 in
1879 3171 2078 3221 Angliamad
2094 3173 2300 3208 TraHandum
2310 3177 2401 3224 fitper

1711 3227 1795 3270 Ltga's
1804 3225 1875 3269 jam
1893 3225 2038 3256 venturis.

1343 3311 1463 3368 REK
1477 3310 1642 3356 .U.nive¹[s¹³²
1658 3310 1719 3341 &c.
1735 3309 1866 3340 Salutem.
2405 3289 2412 3303 ι

1434 3352 1535 3381 Sciatis
1551 3348 1646 3387 quod,

1378 3388 1462 3434 'Cum
1476 3387 1592 3426 quidam
1608 3409 1618 3425 ,
1634 3387 1744 3429 Nuncii
1766 3387 1799 3417 &
1820 3385 2015 3429 Procuratores
2036 3393 2069 3414 ex
2086 3391 2163 3421 parte
2184 3382 2403 3430 Communitatis
2418 3397 2493 3430 Am·
2506 3395 2546 3428 D,

1345 3428 1429 3458 Villae
1444 3427 1479 3471 de
1495 3426 1580 3470 Pyse,
1595 3425 1714 3470 acl-Nos
1732 3435 1760 3455 in
1779 3424 1930 3461 Angham,
1948 3423 1981 3452 ad
1995 3421 2191 3466 Tractandum
2213 3423 2249 3468 de
2263 3424 2347 3468 Ligis
2368 3426 2401 3456 &
2443 3443 2530 3476 1352·

1347 3459 2081 3536 fissi’ztssfffflffifflgff1:222}stffssfisi‘smss‘sssssffi
2090 3459 2310 3494 &mmmm
2329 3473 2402 3501 prae-
2413 3478 2466 3503 ‘¹²¹-
2478 3475 2524 3502 ²⁶·

1369 3516 1560 3579 lSuscepimus
1575 3525 1647 3584 i⁷psos
1667 3540 1800 3582 Nuncios
1813 3539 1845 3568 &
1860 3537 2072 3573 Procuratores,
2090 3521 2123 3567 ac
2143 3547 2243 3569 omnes
2256 3539 2289 3570 &
2309 3539 2403 3577 fingn-
2414 3518 2506 3580 {2431}

1348 3582 1389 3612 los
1406 3580 1579 3610 Mercatores
1595 3578 1677 3622 Villae
1692 3577 1835 3621 praedietae
1849 3598 1859 3614 ,
1884 3575 1917 3605 &
1940 3585 2038 3605 eorum
2056 3575 2134 3606 Bona
2155 3576 2188 3607 &
2211 3575 2405 3622 Mercimonia
2422 3591 2467 3616 26·
2481 3592 2546 3624 E.3.

1350 3628 1557 3659 quaecumque,
1575 3616 1717 3660 veniendo
1733 3625 1761 3661 tn
1776 3614 1884 3644 dietum
1901 3613 2038 3650 Regnum
2059 3613 2188 3644 nostrum
2206 3614 2335 3659 Angliae,
2353 3618 2409 3647 ibi·
2421 3638 2459 3656 m,
2475 3636 2503 3662 4,

1351 3661 1417 3689 dem
1432 3655 1571 3686 morando
1605 3655 1637 3685 ἃ
1651 3654 1751 3684 exinde
1764 3653 1798 3683 ad
1813 3652 1993 3683 Voluntatem
2008 3651 2083 3682 suam
2105 3651 2247 3682 redeundo
2257 3674 2267 3690 ,
2285 3663 2315 3683 in
2336 3654 2409 3685 Pro-

1351 3696 1505 3727 tectionem
1519 3694 1552 3724 &
1568 3677 1769 3723 Defeniionern
1783 3690 1925 3729 nostram,
1942 3700 2055 3721 necnon
2067 3691 2098 3719 in
2108 3690 2214 3720 salvum
2227 3690 2262 3720 &
2281 3690 2408 3723 securum

1354 3733 1541 3765 Conduetum
1557 3730 1697 3768 nostrum,

1388 3771 1428 3817 *Et
1441 3771 1509 3816 ideo
1523 3770 1605 3800 vobis
1623 3769 1788 3800 mandamus
1805 3765 1970 3806 quod,&c.
1989 3772 2072 3805 prout
2083 3768 2113 3795 in
2126 3768 2226 3795 caeteris
2234 3765 2267 3796 de
2275 3768 2410 3799 Conduch

1353 3815 1537 3884 Ltigrighjus’
1554 3845 1614 3876 &c.
1635 3854 1683 3882 per
1696 3854 1783 3875 unum
1799 3843 1917 3874 Annum
1933 3842 2078 3872 duraturas.

1430 3883 1520 3915 Teste
1538 3882 1623 3922 Rege
1637 3883 1708 3921 apud
1722 3880 2026 3917 westmonasterium,
2043 3880 2123 3909 tertio
2137 3878 2183 3909 die
2198 3879 2347 3912 Februarii.

1890 3958 1942 3986 Per
1959 3953 2038 3994 ipstem
2056 3957 2151 3995 Regem
2171 3955 2209 3992 ό·
2227 3956 2374 3990 Concilium.

2370 4075 2425 4109 Pro

2381 213 2458 251 Ann.
2471 214 2512 250 D.

2383 609 2460 642 Ann.
2472 581 2514 640 i).
