2561 4251
246 128 295 168 72
672 102 1926 153 CONVENTIONES‚LITERAE,

92 198 227 238 Ana-D.
285 200 330 232 Ac
345 200 452 237 insuper
468 196 546 235 quod
563 196 648 227 iidem
662 196 773 227 Priores
788 195 980 226 Ecclesiarum
995 192 1259 230 Conventualium,
1275 191 1310 222 &

116 236 202 278 1377-

93 279 145 305 Ric.
165 287 192 305 2.

78 3095 99 3114 ⁸
119 3096 188 3123 VH.

81 3134 142 3160 282.

243 240 306 278 alii,
326 249 355 270 ut
371 238 537 275 prinda-stum
552 235 609 272 est,
627 236 812 274 praeexcepti,
831 235 900 264 infra
921 235 998 263 idem
1020 233 1158 272 Regnum
1178 230 1310 261 nostrum

243 278 380 309 'continue
399 283 562 310 morentur,
579 274 613 304 δε
635 283 710 304 extra
732 274 807 303 idem
830 273 969 309 Regnum
991 272 1144 302 nullatenus
1158 269 1310 305 transeant,

244 325 291 347 aut
306 317 389 345 etiam
405 314 533 349 mittant,
548 322 596 349 per
610 312 732 349 Literas,
747 311 791 341 seu
808 308 961 348 Nuncios,
976 320 1029 340 nec
1046 310 1152 340 Literas
1167 308 1210 339 vel
1220 306 1310 337 Nun-

245 356 305 384 cios
326 363 339 382 a
363 352 484 388 partibus
508 350 631 388 Exteris,
656 350 757 380 eisdem
779 348 915 385 Guerris,
934 356 980 379 aut
1001 348 1123 386 Treugis
1146 349 1217 377 inter
1239 344 1310 375 Nos

244 395 277 424 δε
292 392 382 420 diclos
398 389 578 420 Adversa-:ios
593 388 702 418 nostros
727 387 757 421 (si
779 397 846 425 quas
869 387 961 417 forsan
983 388 1045 417 iniri
1068 384 1232 425 contigerit)
1256 383 1310 413 du-

243 430 382 463 rmtibtis,
401 428 450 457 nisi
464 429 538 465 prius
555 427 665 456 eosdem
683 426 788 456 Literas
807 426 840 456 δε
862 425 998 456 Nuncios
1019 425 1136 463 Nobis,
1156 425 1200 454 scu
1225 420 1310 452 Con-

241 468 307 498 cilio
325 468 441 505 nostro,
462 466 609 497 monstrari
625 465 760 503 fecerint,
778 464 828 494 sub
843 464 936 495 Poena
949 464 1100 503 praedicta,
1120 460 1309 502 quovismodo

241 515 296 536 reci
308 513 377 535 *iant

280 517 318 574 Ekt
334 527 413 582 qugd
427 552 527 573 omnes
543 541 700 580 hujusmodi
716 541 903 580 Alienigenae,
921 542 957 571 ab
969 541 1072 572 eodem
1088 540 1195 578 Regno
1209 537 1309 582 nostro

241 583 345 613 virtute
365 582 560 611 Ordinationis
583 581 653 611 illius
675 580 842 618 Recessuri,
862 582 890 610 in
912 581 1001 611 Portu
1025 579 1053 609 V
1056 579 1110 610 illae
1134 579 1308 614 Dovorriae,

241 621 345 651 exinde
360 620 451 650 versus
467 619 626 657 Calesium,
642 629 692 657 per
706 619 803 649 Brevia
818 618 929 658 nostra,
948 620 987 649 eis
1008 620 1035 648 in
1059 617 1233 648 Cancellaria
1253 625 1308 646 no-

243 659 298 690 stra
321 659 399 697 super
422 660 480 688 lioc
503 659 634 695 primitiis
649 656 840 696 impetranda,
859 658 960 696 absque
976 657 1074 694 Aum,
1094 656 1238 695 Argento,
1253 654 1309 691 Jo-

240 698 364 735 calibus,
377 698 422 728 seu
434 697 493 727 aliis
509 697 592 727 Bonis
607 697 650 727 vel
666 696 765 727 Rebus
780 698 892 734 (praeter
906 706 1010 735 paucos
1025 695 1166 725 Denarios
1182 704 1234 732 pro
1249 692 1307 723 Ex-

240 738 329 774 pensis
344 738 412 774 suis,
431 737 463 767 ὅς
478 735 576 765 Vestes
591 735 772 773 necessarias,
785 735 881 766 secum
893 745 1003 766 tantum
1019 733 1198 770 deferendos)
1220 741 1308 763 trans-

240 785 305 806 eant
328 775 377 805 sub
398 774 584 806 Forisfaetura
600 774 750 812 praedicffba,
769 774 802 804 δε
817 783 877 804 non
892 774 956 805 alibi
972 774 1072 812 quovis
1087 772 1194 809 modo,

279 813 318 844 Et
341 813 359 843 si
380 815 445 852 qui,
463 812 541 843 dieto
565 813 651 843 Festo
670 811 876 843 Purificationis
895 812 1005 851 elapso,
1024 813 1051 842 in
1077 811 1184 850 Regno
1206 809 1306 840 nostro

240 852 399 891 praedicto,
424 859 523 882 contra
543 850 649 882 dietam
672 851 911 890 Ordinationem,
936 852 1056 882 inveniri
1076 857 1225 888 poterunt,
1249 848 1306 878 sine

238 891 403 921 difficultate
422 891 544 929 qualibet
564 892 725 929 capiantur,
744 891 776 921 &
797 898 933 929 tanquam
953 890 997 920 alii
1011 889 1125 920 Inimici
1139 888 1230 919 nostri
1245 886 1306 917 Im-

238 930 418 968 prisonentur
425 952 434 968 ,

277 969 368 999 Prout
383 970 410 998 in
426 967 525 997 eadem
538 966 728 997 Ordinatione
743 966 851 1004 plenius
864 968 1043 1005 continetur,

275 1007 367 1037 Vobis
385 1007 548 1037 mandamus
563 1006 644 1044 quod
659 1006 878 1036 Ordinationem
895 1006 1057 1044 praediCtam
1073 1006 1101 1035 in
1118 1004 1304 1041 Civitatibus,

238 1045 358 1084 Burgis,
380 1046 474 1083 Villis,
499 1046 532 1076 &
554 1045 611 1074 aliis
632 1044 736 1082 Locis,
761 1045 810 1075 ubi
833 1045 933 1075 melius
956 1044 1087 1082 expedire
1108 1044 1250 1081 videritis,
1274 1043 1305 1086 in

239 1084 385 1115 Dominio
400 1084 514 1121 nostro,
534 1084 562 1113 in
575 1083 658 1113 dietis
674 1084 794 1120 partibus
810 1083 998 1122 Suthwalliae,
1008 1083 1121 1121 publice
1136 1082 1305 1122 proclamari

239 1123 275 1154 ὃ(
290 1124 377 1153 teneri
394 1123 496 1152 faciatis
511 1123 541 1151 in
558 1122 649 1152 forma
666 1122 808 1159 praediffla.

276 1161 364 1192 Teste
380 1160 465 1198 Rege
476 1160 549 1198 apud
564 1160 606 1190 W
609 1160 871 1199 estmonasterium,
889 1160 1026 1192 vicesimo
1039 1159 1084 1190 die
1102 1159 1286 1190 Decembris.

288 1237 457 1269 Consimilia
478 1238 573 1269 Brevia
596 1237 946 1307 dirigunttziirfubscriptis,
968 1237 1018 1269 sub
1039 1236 1139 1268 cadem
1161 1237 1252 1275 Data,

697 1287 725 1308 vi
747 1287 845 1316 cncer,

274 1355 492 1395 Justiciariofim
509 1353 724 1392 Northwalliae,
747 1353 791 1384 vel
805 1354 862 1392 ejus
879 1354 993 1385 Locum
1008 1354 1115 1385 tenenti
1129 1353 1244 1384 ibidem.

275 1394 436 1433 Justiciario
444 1396 495 1433 suo
512 1393 702 1433 Wi’stwalliae,
721 1392 765 1422 vel
783 1393 840 1430 ejus
858 1392 972 1424 Locum
987 1393 1092 1424 tenenti
1106 1392 1223 1423 ibidem.

274 1433 380 1473 Custodi
396 1437 485 1462 Terrae
502 1431 540 1467 ὠ
557 1435 677 1462 Dominii
689 1432 720 1461 de
736 1430 898 1469 Glomorgan
912 1430 949 1466 (ῥ’
967 1432 1120 1470 Mor-ganok
1135 1432 1164 1461 in
1182 1430 1304 1468 wallia,

236 1472 281 1503 vel
296 1482 352 1507 e1us
371 1472 484 1502 Locum
499 1472 605 1502 tenenti
618 1470 734 1500 ibidem.

237 1550 243 1557 .
269 1508 378 1554 'Ctistodi
391 1514 480 1540 Terrae
497 1508 535 1545 ᾤ’
548 1512 671 1539 Dominii
685 1510 716 1538 de
730 1508 923 1546 Breghennok,
935 1507 980 1539 vel
996 1510 1051 1548 ejus
1065 1508 1182 1539 Locum
1199 1506 1305 1539 tenenti

235 1549 380 1628 ¹1)ngssde
394 1590 483 1617 Terre
497 1585 535 1622 (ἐν
550 1589 671 1617 Dominii
687 1587 718 1616 de
734 1588 850 1624 Powyr,
867 1586 912 1617 vel
926 1586 983 1624 ejus
998 1585 1115 1616 Locum
1130 1586 1235 1617 tenenti
1251 1586 1305 1616 ibi-

238 1627 430 1696 degariffimo
445 1664 598 1695 Avunculo
610 1664 659 1694 suo
674 1663 802 1702 Johanm·
815 1665 882 1700 Regi
897 1661 1017 1702 Castellae
1031 1661 1069 1697 ό·
1085 1666 1227 1702 Legionis,
1239 1662 1305 1694 Du-

239 1704 267 1735 ci
282 1703 470 1739 Lancastriae,
490 1702 534 1732 vel
547 1703 603 1740 ejus
618 1702 775 1733 Senescallo
790 1703 818 1731 in
835 1702 956 1739 partibus
970 1701 1094 1732 Waniae.

249 1782 253 1787 ¹
281 1743 424 1772 Edmundo
438 1745 535 1771 comiti
549 1740 701 1779 Marchiae,
720 1740 766 1771 vel
779 1741 837 1779 ejus
849 1739 1007 1771 Senescallo
1027 1742 1058 1771 in
1080 1741 1203 1779 partibus
1222 1739 1306 1771 Wal-

235 1781 382 1865 l†⁸]21i{ugoni
399 1821 496 1849 Comiti
511 1817 684 1857 Stafflrdiae,
706 1817 753 1848 vel
771 1817 828 1856 ejus
848 1816 1007 1848 Senescallo
1025 1818 1056 1848 in
1077 1819 1200 1857 partibus
1220 1817 1263 1849 W
1266 1818 1304 1848 al-

235 1859 444 1966 Kssl'lfiqrgaretae
468 1893 608 1934 Comitiffle
629 1893 805 1934 Norffblciae,
823 1894 868 1925 vel
889 1895 945 1934 ejus
964 1894 1124 1927 Senescallo
1138 1896 1167 1926 in
1179 1896 1304 1936 partibus

248 2015 252 2019 ·
273 1946 403 2014 ssffisppae
418 1971 559 2012 Comitiffle
575 1970 729 2011 Marchiae,
748 1971 793 2003 vel
807 1973 864 2011 ejus
876 1971 1033 2004 Senescallo
1047 1975 1076 2004 in
1090 1973 1304 2012 partibus'Wal-

256 2024 380 2091 ⁸³zJacobo
393 2051 425 2080 de
438 2049 582 2089 Andelegh
590 2074 599 2088 ,
617 2049 664 2081 vel
679 2050 736 2089 ejus
748 2049 905 2082 senescallo
922 2051 952 2082 in
963 2052 1086 2090 partibus
1101 2051 1225 2083 Walliae.

272 2094 427 2122 Vicecomiti
442 2089 629 2120 Pembrochiae.

234 2166 350 2225 REX
366 2167 471 2210 Maiori
486 2166 524 2202 ὠ·
538 2165 661 2197 Ballivis
677 2170 704 2198 V
703 2165 758 2198 illae
773 2170 922 2199 Dovorriae
935 2179 968 2200 ac
980 2169 1135 2212 Custodihus
1149 2170 1249 2201 Portis
1261 2170 1300 2206 ῤ’

309 2206 428 2246 Paſjagii
443 2207 567 2245 ibidem,
586 2206 721 2238 Salutem.

270 2243 352 2275 Cum
389 2247 461 2275 inter
477 2254 595 2283 caetera,
613 2243 673 2280 &a
692 2253 722 2275 ut
728 2244 814 2285 siepra
830 2246 910 2287 usque
931 2247 968 2277 ibi
1003 2248 1106 2287 absque
1128 2248 1226 2288 Auro,
1245 2248 1301 2280 Ar-

232 2293 340 2322 gento,
355 2269 518 2327 jocalibus,
536 2283 700 2326 Equis2seu
715 2285 772 2315 aliis
787 2285 890 2323 Bonis,
910 2287 954 2318 vel
975 2271 1076 2318 Rebus
1098 2289 1212 2326 (praeter
1233 2297 1301 2326 pau-

233 2332 284 2353 cos
300 2321 441 2353 Denarios
457 2333 509 2360 pro
530 2321 665 2360 Expenhs
684 2324 737 2355 suis
761 2324 794 2354 &
815 2324 913 2356 Vestes
935 2326 1099 2357 necessarias
1120 2331 1242 2363 tantum)
1267 2327 1300 2357 &

230 2361 334 2399 absque
351 2361 451 2392 Literis
467 2360 667 2400 Cambitoriis,
688 2362 732 2392 seu
746 2361 884 2400 aliquibus
898 2363 972 2401 aliis,
991 2364 1100 2404 Regno
1117 2365 1216 2396 nostro
1237 2365 1300 2396 An-

230 2400 296 2468 }liae
317 2399 570 2439 Praejudicialibus,
587 2399 683 2430 secum
704 2401 856 2438 aliqualiter
875 2401 1051 2441 deferendis,
1068 2404 1223 2443 transeant,
1248 2404 1300 2435 sub

255 2438 418 2469 orisfaetura
433 2437 584 2480 praedieta,
601 2439 635 2469 &
649 2448 710 2469 non
723 2439 789 2469 alibi
806 2442 907 2478 quovis
922 2440 1031 2480 modo,

269 2476 339 2507 Etsi
354 2479 420 2520 qui,
438 2475 497 2512 ὡς.
517 2484 548 2506 ut
554 2477 640 2520 thpra
655 2476 733 2518 usque
746 2477 801 2515 ibi,
822 2487 907 2516 prout
922 2480 950 2509 in
971 2480 1070 2511 eadem
1091 2480 1298 2522 Ordinatione,

231 2524 316 2552 quam
329 2526 357 2544 in
372 2516 484 2553 ungulis
498 2515 690 2546 Comitatibus
701 2516 734 2547 &
749 2515 897 2547 Dominiis
915 2518 1030 2556 Angliae
1052 2519 1086 2550 δε
1108 2520 1223 2551 Waniae
1245 2531 1299 2559 pu-

230 2553 308 2583 blice
322 2554 485 2590 proclamari
499 2554 634 2592 fecimus,
654 2554 762 2592 plenius
776 2557 955 2594 continetur,

272 2591 365 2622 Vobis
378 2593 543 2622 mandamus
578 2593 637 2623 uod
653 2593 688 2623 de
703 2594 836 2624 omnibus
851 2596 884 2625 &
899 2595 1013 2632 singulis
1032 2595 1176 2636 Personis,
1194 2599 1225 2628 in
1247 2608 1299 2629 eo-

230 2630 299 2661 dem
317 2629 425 2668 Portu,
444 2632 545 2661 virtute
592 2631 752 2661 rdinationis
767 2631 927 2670 praediehe,
946 2635 1113 2674 transituris,
1132 2636 1251 2674 diligens
1263 2638 1297 2668 &

232 2669 365 2699 strictum
389 2670 566 2699 Scrurinium
589 2669 710 2706 faci-itis,
729 2670 762 2700 ὃς
783 2672 955 2702 omnimoda
976 2672 1054 2704 Bona
1076 2676 1108 2705 &
1125 2674 1184 2705 Res
1200 2675 1298 2706 secum

232 2708 278 2738 seu
294 2709 377 2738 etiam
391 2708 470 2745 super
485 2707 557 2745 ipsos
570 2708 602 2737 ἃ
618 2718 718 2737 eorum
735 2709 889 2746 quemlibet
907 2710 988 2747 (ultra
1003 2712 1095 2742 dictos
1109 2723 1212 2750 paucos
1234 2714 1297 2744 De-

230 2748 322 2776 narios
336 2756 389 2786 pro
405 2745 537 2784 Expensis
553 2746 601 2775 suis
617 2747 650 2777 &
668 2745 765 2776 Vestes
779 2747 835 2776 suas
855 2748 1015 2779 necessarias
1036 2759 1164 2790 tantum,
1182 2752 1296 2793 secum,

231 2794 263 2815 ut
278 2785 444 2822 praedicium
460 2784 518 2822 est,
536 2783 710 2821 deferendos)
732 2786 860 2824 inventa,
879 2785 913 2816 ad
927 2796 997 2824 opus
1018 2788 1147 2819 nostrum
1166 2791 1296 2830 arestari,

230 2825 264 2854 ὃς
280 2824 362 2853 nobis
376 2823 459 2859 inde,
477 2823 512 2853 ad
527 2822 706 2853 Scaccarium
722 2822 868 2862 nostrum,
889 2824 1044 2856 secundum
1060 2828 1135 2865 vim,
1154 2827 1296 2869 formam,

231 2863 265 2892 &
282 2861 419 2892 effectum
434 2862 633 2892 Ordinationis
654 2862 814 2900 praedidtae,
833 2862 1007 2902 responderi,
1027 2866 1061 2896 &
1083 2865 1187 2896 Literas
1206 2866 1295 2898 Cam-

230 2900 344 2930 bitorias
354 2922 362 2937 ,
379 2902 412 2932 &
427 2902 525 2930 omnia
536 2901 604 2938 alia,
622 2901 705 2942 nobis
719 2901 751 2931 δε
767 2899 876 2938 Regno
891 2902 988 2932 nostro
1004 2903 1141 2940 praedicto
1186 2906 1296 2943 raejudi·

232 2938 309 2968 cialia
327 2939 357 2975 (si
377 2949 440 2976 quae
455 2939 544 2969 forsan
560 2948 629 2969 cum
644 2939 748 2968 eildem
761 2940 874 2969 inventa
887 2940 1002 2977 fuerint)
1019 2951 1117 2973 coram
1179 2945 1242 2974 obis
1261 2946 1295 2977 &

232 2975 371 3006 Concilio
385 2976 501 3015 nostro,
518 2977 553 3007 de
570 2987 699 3014 tempore
713 2978 742 3006 in
759 2986 888 3016 tempuS,
906 2980 981 3010 mitti
996 2979 1108 3011 faciatis.

270 3014 359 3045 Teste
375 3015 455 3054 Rege
470 3015 544 3053 apud
557 3015 595 3045 W
601 3015 848 3046 estmonasterium
857 3041 866 3055 ,
885 3018 1020 3048 vicesimo
1033 3019 1079 3049 die
1093 3017 1273 3052 Decembris.

235 3093 253 3112 ⁵*
274 3091 393 3171 Rfi}
405 3095 556 3161 chuiatori
570 3091 815 3132 Ferfsfiu‘lurarum
828 3092 979 3134 nostrarum
991 3098 1021 3125 in
1035 3096 1120 3126 Portu
1140 3099 1169 3126 V
1168 3096 1222 3127 illae
1243 3102 1296 3128 Ca-

358 3143 370 3160 e
382 3142 400 3159 ιι
458 3143 471 3162 a
484 3141 571 3162 utem.

270 3168 366 3207 Cum,
386 3154 445 3204 όίι.
466 3177 497 3198 ut
505 3172 590 3209 supra
603 3169 681 3210 usque
695 3170 753 3209 ibi,

269 3207 362 3238 Vobis
384 3209 550 3239 mandamus
570 3211 667 3247 quod,
692 3209 729 3239 dc
750 3210 887 3240 omnibus
909 3209 942 3240 δε
965 3210 1075 3250 singulis
1097 3210 1241 3251 Petronis,
1265 3215 1295 3244 in

231 3248 322 3278 Portu
336 3247 490 3285 praedieto,
505 3248 581 3285 juxta
595 3247 718 3278 formam
741 3248 934 3279 Ordinationis
955 3250 1114 3288 praedictae,
1131 3252 1295 3289 applicanti-

232 3287 301 3319 bus,
319 3285 434 3325 diligens
456 3287 488 3317 &
509 3285 636 3316 strictum
655 3286 827 3316 Scrutinium
853 3288 972 3325 faciatis,
988 3289 1021 3318 δε
1034 3290 1204 3321 omnimoda
1216 3290 1294 3321 Bona

233 3326 265 3354 δε
291 3323 364 3361 Res,
383 3324 477 3355 secum
498 3324 543 3354 seu
562 3325 646 3355 etiam
670 3325 750 3362 super
771 3324 844 3362 ipsos
865 3327 899 3357 δε
921 3336 1021 3357 eorum
1035 3328 1206 3367 quemlibet,
1225 3329 1293 3360 ultra

232 3363 324 3391 dictos.
340 3372 443 3400 paucos
457 3362 611 3401 Denarios,
629 3360 689 3398 &a
709 3369 740 3392 ut
747 3363 840 3402 fiepra.

270 3400 360 3431 Teste
373 3410 402 3431 ut
415 3401 501 3439 supra.

235 3546 295 3575 Pro
312 3542 449 3588 Epifiopo
467 3543 675 3587 Dunolmeffi]
700 3553 803 3624 conzra
821 3554 999 3591 attemptata
1009 3558 1066 3593 per
1089 3545 1296 3593 Archiepifto-

630 3604 705 3638 pum
723 3595 751 3624 Ε
774 3604 869 3626 orum.

87 3690 164 3720 Ann-
179 3687 220 3719 Β.
242 3675 376 3732 REX,
395 3676 555 3706 Venerabili
571 3678 599 3705 in
616 3675 734 3707 Christo
747 3677 838 3716 Patri,
855 3681 896 3708 A.
913 3679 1012 3710 eadem
1030 3678 1135 3720 gratia,
1150 3679 1295 3719 Archiepi-

116 3735 199 3765 1377.

87 3770 140 3794 Aa.
160 3776 182 3792 1.

87 3809 118 3832 R.
140 3814 164 3831 2.

87 3842 175 3878 Claus.
194 3852 202 3868 1
211 3863 217 3869 .

90 3884 109 3907 R
117 3902 121 3906 .
128 3890 196 3907 2.m.

96 3927 137 3952 ¹9·
152 3920 214 3955 defi

310 3716 384 3752 scopo
398 3714 535 3753 Eburum,
550 3714 660 3754 Angliae
675 3716 808 3755 primati,
826 3717 960 3748 Salutem.

275 3750 352 3781 Cum
366 3763 452 3790 nuper
461 3776 470 3791 ,

278 3787 355 3830 Dato
368 3792 483 3828 intelligi
500 3790 634 3821 Domino
649 3793 685 3821 E.
704 3803 793 3830 nuper
807 3795 873 3830 Regi
887 3793 1018 3833 Angliae,
1031 3794 1099 3825 Avo
1111 3793 1227 3832 nostro,
1240 3805 1294 3827 vos

241 3823 390 3856 Personam
402 3852 411 3865 ,
436 3830 607 3859 Venerabilis
628 3829 716 3860 Patris
728 3852 738 3868 ,
764 3831 871 3860 Thomae
891 3832 1010 3872 Epistopi
1028 3832 1213 3862 Dunolmentr
1227 3855 1236 3870 ,
1260 3844 1293 3864 ac

240 3862 358 3906 Clerum
371 3867 401 3895 δε
417 3866 560 3904 Populum
576 3868 776 3899 Dunolmenfis
789 3869 945 3908 Dioecesis,
963 3872 1085 3909 visitare,
1103 3872 1137 3902 &
1182 3880 1296 3902 rocura-

238 3909 330 3930 tiones
344 3903 378 3944 ab
392 3905 493 3934 eodem
510 3905 617 3944 Clero,
635 3909 668 3937 &
684 3907 800 3937 diversas
815 3906 1002 3939 Pecuniarum
1015 3908 1146 3939 Summas
1157 3918 1173 3938 a
1196 3908 1295 3947 Popu-

238 3939 268 3968 lo
283 3940 615 3984 praedffiloextorquere,
633 3947 667 3977 &
682 3946 732 3975 alia
744 3946 864 3976 inaudita
886 3947 919 3976 ὃς
939 3947 1047 3977 insolita
1067 3946 1173 3977 ibidem
1193 3957 1293 3985 perpe-

237 3986 308 4007 trare
327 3978 489 4023 intendisse,
506 3983 581 4011 aliter
603 3993 688 4020 quam
708 3994 724 4013 a
742 3993 889 4022 tempore,
904 3986 982 4023 cujus
1003 3986 1134 4017 contrarii
1154 3988 1293 4017 memoria

235 4026 296 4046 non
310 4025 398 4047 exunt
405 4038 414 4053 ,
432 4016 491 4047 fieri
503 4019 589 4051 fuerat
603 4022 769 4053 consuetum
777 4046 787 4060 ‚

1390 186 1471 218 Idem
1487 187 1565 232 Avus
1581 187 1692 227 noster,
1709 199 1758 227 per
1770 188 1862 220 Breve
1873 188 1973 233 suum,
1989 192 2072 223 vobis
2085 192 2253 231 praeceperit
2265 190 2348 231 qubd
2367 190 2418 222 ali-
2432 189 2508 221 Ann.
2520 190 2560 238 Q.

1353 236 1424 264 qua,
1442 236 1507 264 quae
1520 237 1548 256 in
1562 229 1774 257 enervationem
1788 225 2009 265 Privilegiorum
2029 239 2078 263 aut
2097 231 2292 270 Libertatum,
2309 229 2418 268 glorio-
2451 228 2544 274 3377.

1351 266 1382 296 so
1396 264 1560 296 Confeffori
1576 265 1683 296 Saneto
1696 264 1861 296 Cuthberto
1872 264 2065 304 Ecclefiaeque
2084 268 2276 300 Dunolmenfi
2296 277 2420 300 conces-
2432 269 2484 299 th.
2502 279 2530 297 ι.

1351 303 1467 342 sotum,
1485 303 1531 334 seu
1542 304 1752 334 Turbationem
1766 303 1886 341 Populi,
1905 304 1951 334 vel
1965 302 2122 337 Audaciam'
2134 308 2180 339 seu
2202 308 2337 339 Solamen
2359 305 2418 337 Ini-

1353 343 1498 373 micorum
1512 342 1676 373 nostrorum
1692 342 1800 373 Scotiae
1814 341 1963 380 cederent,
1979 351 2040 372 non
2051 348 2265 385 attemptaretss,
2283 353 2370 384 prout
2386 346 2418 376 in

1351 380 1434 412 die‘to
1456 380 1538 411 Brevi
1557 381 1638 411 latius
1657 382 1837 419 continetur,
1855 380 1925 411 sicut
1947 390 1998 418 per
2019 381 2225 419 inspectionem
2237 385 2418 417 Rotulorurn

1351 418 1535 488 Calnlcellariae
1550 420 1671 459 ejusdem
1685 420 1744 452 Avi
1756 418 1847 450 nostri
1861 419 1944 450 nobis
1957 418 2089 458 constat,

1427 467 1459 487 os

1387 482 1574 527 Atter’identes
1593 495 1771 535 Invafiones,
1797 495 1983 536 Homicidia,
2009 495 2245 536 Depraedationes
2279 500 2416 541 ‘Explora-⁵

1350 535 1458 572 tiones,
1473 535 1660 571 &incendia
1680 536 1816 566 nonnulla
1834 535 1994 576 Burgorum
2018 536 2053 566 &
2079 535 2234 576 Villarum,
2251 525 2321 571 infra
2334 540 2416 582 Reg-

1350 583 1421 603 num
1442 574 1476 604 &
1499 572 1639 604 Dominia
1658 574 1754 604 nostra
1770 596 1780 611 ,
1806 583 1856 613 per
1877 575 1949 612 ipsos
1969 573 2108 605 Inimicos
2129 575 2268 608 hostiliter
2286 579 2320 609 δε
2337 579 2414 610 frau-

1350 611 1495 651 dulenter,
1511 611 1664 650 postquam
1683 611 1887 643 Gubernacula
1908 612 2006 652 Regni
2031 612 2122 644 nostri
2143 613 2358 656 susceperimus,
2374 618 2418 649 fa—

1383 661 1397 681 a

1387 675 1433 721 Ac
1449 689 1570 729 proinde
1578 712 1588 728 ,
1606 690 1640 721 δε
1655 697 1690 719 ex
1702 688 1762 720 aliis
1775 688 1862 720 causis
1874 688 2032 727 altioribus,
2049 700 2151 722 coram
2164 691 2265 724 Nobis
2276 692 2311 724 &
2332 692 2416 726 Con-

1349 728 1419 759 cilio
1439 728 1539 759 nostro
1554 728 1718 767 propositis,
1735 729 1768 759 &
1792 727 1875 758 cordi
1897 727 1998 758 nostro
2017 728 2130 760 summe
2149 730 2346 771 insidentibus,
2363 730 2418 764 Pa-

1348 777 1432 805 cem,
1445 767 1690 805 Tranquillitatem
1699 789 1708 804 ,
1726 768 1760 799 &
1775 765 1928 797 Unitatem
1941 767 2049 805 ubique
2060 768 2091 797 in
2103 767 2133 798 R
2187 774 2214 800 ο·
2222 770 2321 801 nostro
2341 780 2414 801 con-

1349 807 1466 844 fovere,
1484 816 1517 837 ac
1536 806 1724 845 Infringentes
1746 805 1791 836 vel
1810 805 1923 845 infringi
1945 803 2093 836 Conantes
2152 807 2237 847 dem,
2259 809 2306 840 seu
2327 809 2362 840 ad
2383 809 2415 840 id

1349 844 1520 883 Affensum,
1538 844 1676 882 Causam,
1702 843 1747 874 vel
1767 843 1979 875 Excitationem
2001 843 2115 882 dantes,
2140 845 2215 876 clam
2234 847 2280 878 vel
2301 848 2415 887 palam,

1348 884 1504 923 castigare,
1527 884 1561 914 &
1582 882 1694 913 dieium
1714 882 1804 913 Breve
1818 906 1829 920 ,
1854 884 1981 913 maxime
2000 892 2070 914 cum
2090 883 2128 914 de
2149 893 2258 915 matura
2278 886 2415 917 delibera-

1347 925 1426 954 tione
1448 923 1482 954 &
1500 922 1671 953 avisamento
1693 920 1857 951 Peritorum
1878 921 2005 952 Concilii
2020 921 2101 960 ipslus
2115 921 2173 953 Avi
2193 923 2282 954 nostri
2301 934 2415 956 emana-

1347 963 1436 1000 verit,
1453 962 1516 992 vim
1531 962 1565 992 &
1579 959 1736 998 effeetum,
1753 961 1782 989 in
1798 960 1934 990 omnibus
1953 961 1986 991 &
2007 959 2119 999 singulis
2139 961 2273 993 Articulis
2293 963 2327 994 &
2346 963 2416 995 Par·

1346 1000 1456 1069 {iculis,
1470 1001 1499 1030 in
1512 1009 1549 1030 eo
1563 1000 1721 1038 contentis,
1736 1007 1849 1030 exnunc
1862 1007 1948 1037 prout
1961 1006 2064 1030 extunc
2073 1023 2082 1038 ,
2098 998 2216 1033 firmiter
2231 1002 2350 1032 retinere
2361 1012 2415 1034 vo-

1357 1047 1436 1070 entes

1384 1061 1477 1108 Vossis
1498 1076 1650 1108 districticis
1672 1086 1732 1114 quo
1752 1076 1913 1107 sciverimus
1932 1076 1979 1107 vel
1997 1077 2169 1117 poterimus,
2187 1077 2305 1110 firmiter
2318 1079 2414 1118 injun-

1346 1116 1461 1154 gendo,
1480 1115 1654 1146 Mandamus
1665 1115 1744 1153 quod
1759 1115 1866 1153 aliqua,
1885 1125 1950 1153 quae
1971 1115 2001 1144 in
2023 1114 2264 1157 Enervationem,
2280 1118 2415 1158 Deroga-

1345 1156 1456 1185 tionem
1472 1178 1482 1192 ,
1506 1154 1551 1184 seu
1575 1154 1769 1185 Violationem
1790 1152 1914 1184 effectus
1935 1152 2030 1184 Brevis
2053 1155 2180 1192 praedisti
2195 1179 2205 1194 ,
2231 1157 2277 1188 seu
2297 1156 2416 1195 alicujus

1345 1193 1466 1225 Articuli
1481 1193 1525 1223 vel
1539 1192 1689 1224 Particulae
1703 1194 1734 1224 in
1749 1202 1786 1223 eo
1802 1192 1950 1230 contenti,
1967 1191 2014 1222 seu
2040 1191 2218 1226 Libertatum
2240 1196 2275 1227 &
2295 1193 2415 1226 Privile-

1366 1232 1459 1263 iorum
1482 1231 1669 1271 eorumdem,
1688 1241 1736 1263 aut
1752 1232 1963 1262 Turbationem
1986 1229 2108 1270 Populi,
2127 1232 2173 1263 vel
2190 1232 2347 1265 Audaciam
2365 1234 2414 1264 seu

1345 1241 1479 1302 §onmem
1495 1269 1685 1302 inimicorum
1700 1270 1924 1307 praedictorum,
1941 1268 2042 1300 cedere
2054 1269 2163 1302 valeant
2179 1281 2298 1310 quoquo
2312 1271 2416 1311 modo,

1345 1308 1455 1341 Colore
1476 1309 1593 1347 quaefiro
1612 1310 1657 1341 vel
1679 1308 1838 1346 Mandato,
1854 1308 2010 1339 nullatenus
2026 1310 2214 1348 attemptetis‚
2234 1311 2298 1350 seu,
2324 1320 2415 1349 quan-

1345 1356 1406 1378 tum
1422 1350 1451 1379 in
1465 1348 1547 1378 vobis
1561 1347 1620 1386 est,
1639 1348 1817 1386 attemptari,
1835 1347 1998 1384 procurari,
2015 1346 2061 1377 vel
2077 1346 2136 1378 fieri
2149 1349 2332 1387 permittatis,
2345 1348 2417 1381 sicut

1344 1386 1382 1417 de
1401 1386 1550 1424 Periculo,
1568 1387 1646 1425 quod
1667 1388 1734 1417 inde
1758 1385 1858 1417 Nobis
1880 1386 1914 1416 &
1938 1386 1992 1416 toti
2010 1384 2117 1426 Regno
2136 1386 2235 1418 nostro
2248 1387 2418 1420 formidatur

1345 1427 1462 1457 evenire
1470 1448 1478 1462 ,
1497 1427 1640 1456 volueritis
1653 1425 1835 1464 respondere:

1384 1463 1438 1503 Et,
1456 1465 1475 1495 fi
1491 1465 1560 1502 quid
1573 1473 1786 1502 attemptatum,
1825 1470 2006 1502 rocuratum,
2017 1463 2063 1494 vel
2076 1463 2186 1496 fastum
2199 1464 2283 1497 fuerit
2299 1466 2329 1495 in
2344 1475 2418 1504 prae·

1345 1502 1449 1541 mitiis,
1468 1502 1497 1534 id
1519 1502 1576 1533 fine
1594 1502 1728 1534 dilatione
1747 1512 1801 1541 qua
1814 1503 1871 1532 ibet
1890 1503 2014 1532 omnino
2036 1505 2165 1534 revocari
2186 1504 2308 1542 faciatis3
2326 1505 2417 1535 sciatis

1346 1541 1465 1572 indubie
1478 1541 1576 1579 quod,
1594 1542 1613 1572 si
1626 1542 1694 1580 quid
1708 1543 1738 1572 in
1752 1541 1924 1572 contrarium
1949 1538 2070 1571 effezStfis
2089 1540 2185 1574 Brevis
2207 1542 2350 1582 praedieti,
2368 1542 2418 1575 seu

1345 1580 1459 1619 alicujus
1474 1580 1595 1611 Articuli
1612 1580 1656 1611 vel
1669 1580 1816 1611 Particulae
1830 1580 1860 1609 in
1881 1588 1917 1609 eo
1936 1581 2081 1617 contenti,
2098 1580 2236 1620 feceritis,
2254 1590 2340 1620 prout
2359 1590 2417 1612 nec

1345 1628 1395 1658 per
1409 1629 1461 1650 vos
1476 1628 1531 1649 nec
1545 1619 1631 1649 aliurn
1647 1627 1863 1657 quemcumque
1876 1618 1974 1655 quavis
1990 1617 2167 1650 Au&oritate
2187 1618 2246 1650 fieri
2267 1627 2418 1651 contenta-

1347 1668 1428 1696 mur,
1448 1658 1547 1695 vobis,
1564 1665 1697 1696 tanquam
1719 1655 1880 1695 hujusmodi
1901 1655 2088 1687 Turbationis
2109 1658 2143 1689 &
2165 1657 2305 1689 Audaciae
2319 1657 2418 1689 Ocea·
2475 1660 2479 1664 '

1347 1697 1495 1732 sionatori,
1513 1706 1546 1726 ac
1562 1696 1766 1734 Contemptori
1780 1693 1984 1725 Mandatorum
1999 1696 2032 1725 &
2046 1694 2185 1727 Violatori
2199 1696 2280 1728 Pacis
2301 1696 2418 1728 nostro‘

1347 1745 1411 1766 rum
1420 1758 1430 1774 ,
1450 1734 1573 1766 resistere
1587 1734 1738 1773 volumus,
1757 1733 1790 1765 &
1805 1731 1958 1773 rependere
1972 1732 2059 1764 Vices
2072 1733 2186 1766 vestras.

1384 1804 1474 1836 Teste
1487 1804 1569 1844 Rege
1582 1804 1656 1843 apud
1670 1803 1798 1836 Westm.
1817 1802 1955 1837 vicefimo
1968 1803 2089 1842 septimo
2100 1802 2146 1835 die
2161 1803 2344 1838 Decembris.

2066 1883 2120 1912 Per
2134 1881 2289 1913 Concilium.

1375 2006 1398 2029 *
1420 2008 1470 2041 De
1487 2009 1704 2055 Attemptatis,
1724 2008 1816 2055 siaper
1834 2006 1999 2043 Marchias
2013 2011 2131 2050 Scene,
2157 2007 2379 2054 Refhrmandis.
2429 1998 2552 2078 ῗὸνῐῐζ

1344 2092 1459 2151 REX
1468 2117 1478 2133 ,
1493 2093 1603 2125 dssedfis
1614 2095 1648 2126 &
1661 2093 1788 2140 fidelibus
1802 2094 1871 2140 suist,
1888 2094 2032 2124 Edmundo
2044 2093 2077 2123 de
2090 2096 2204 2140 Mortuo
2219 2096 2303 2125 Mari
2318 2098 2415 2126 comiti
2429 2061 2504 2120 Anil-
2517 2087 2561 2120 Do'

1342 2169 1429 2202 scallo
1443 2171 1567 2210 Hospitii
1584 2131 2413 2211 sffiofffiztgi‘szrffeffidgaifftilziizzppsslbcylgqedeaggo'cgzrsig
2425 2136 2482 2195 A?
2488 2136 2536 2195 7¹7:-

1343 2210 1439 2242 Sanffi
1462 2211 1540 2241 Pauli
1560 2210 1743 2249 Londoniae,
1759 2211 1793 2242 &
1814 2209 1958 2250 Magistro
1971 2209 2102 2250 Johanni
2114 2210 2147 2240 de
2160 2209 2304 2241 Wltham
2319 2210 2413 2243 Cleri·
2425 2210 2454 2234 R.
2476 2215 2503 2235 ²·

2426 2249 2491 2273 Scor.
2514 2247 2540 2274 11

2427 2287 2456 2312 R.
2467 2285 2560 2319 2.m.5·'

1416 2133 1554 2163 Marchiae
1560 2157 1570 2171 ,

1342 2249 1576 2333 cogcgsilsungd
1592 2287 1678 2328 Nos,

1380 2326 1431 2357 De
1446 2326 1576 2358 fidelitate
1589 2329 1623 2360 &
1638 2327 1894 2369 circumspestione
1908 2327 2007 2360 vestris
2020 2327 2130 2365 plenius
2140 2326 2330 2368 confidentes,

1379 2365 1588 2406 Affignavimus
1604 2365 1682 2406 Vos,
1701 2367 1854 2406 Qatuor,
1869 2367 1958 2405 TreS,
1977 2367 2010 2398 &
2022 2366 2109 2398 Duos
2123 2365 2268 2406 vestrum,
2286 2367 2322 2398 ad
2347 2377 2415 2399 cor-

1342 2405 1510 2444 rigendum,
1529 2406 1764 2446 reformandum,
1782 2407 1859 2438 &in
1873 2404 1975 2437 statum
1987 2405 2116 2436 debitum
2135 2404 2331 2436 reducendum
2349 2415 2416 2436 om-

1341 2445 1386 2474 nia
1400 2444 1433 2475 &
1449 2443 1487 2474 sin
1509 2444 1552 2475 ula
1568 2444 1741 2483 Attemptata
1755 2445 1800 2476 seu
1827 2445 1928 2483 Facta,
1946 2455 1995 2483 per
2017 2444 2214 2483 quoscumque
2235 2443 2348 2476 Incolas
2366 2453 2415 2476 aut

1340 2482 1476 2551 {timitos
1521 2484 1588 2522 egni
1603 2483 1691 2515 nostri
1707 2483 1840 2523 Angliae,
1858 2493 1958 2515 contra
1971 2483 2096 2514 formam
2110 2481 2353 2516 Conventionum
2366 2483 2413 2515 seu

1373 2531 1422 2551 reu
1445 2531 1526 2552 arum

1378 2530 1485 2598 Ntfiaer
1505 2545 1642 2592 faitarum
1661 2563 1695 2593 ὃς
1718 2562 1849 2592 initarum
1870 2561 1943 2591 inter
1964 2560 2130 2591 Dominum
2152 2562 2190 2590 E.
2210 2570 2298 2599 nuper
2314 2563 2410 2598 Regem

1340 2597 1471 2638 Angliae,
1490 2599 1587 2630 Avum
1603 2599 1749 2638 nostrum,
1767 2599 1957 2637 Subditosque
1971 2599 2029 2636 ejus
2040 2608 2074 2629 ex
2091 2609 2160 2637 una,
2179 2599 2230 2638 &,
2246 2600 2328 2630 clarae
2348 2609 2412 2629 me-

1340 2638 1457 2676 moriae,
1475 2638 1580 2668 David
1591 2639 1621 2668 de
1645 2640 1733 2677 Bruys
1753 2638 1785 2667 de
1807 2640 1895 2668 Scotia
1930 2636 2075 2674 quondam
2096 2637 2223 2667 Fratrem
2245 2637 2329 2675 ipsius
2351 2637 2409 2668 Avi

1338 2675 1447 2714 nostri,
1462 2675 1522 2714 jam
1538 2676 1735 2716 Defunetum,
1753 2675 1864 2715 ejusque
1878 2661 2014 2706 Vaffallos
2029 2676 2063 2707 &
2076 2674 2214 2707 Subditos
2235 2675 2409 2714 qualescum-

1340 2724 1414 2784 qugt,
1433 2715 1670 2793 {igrilteffiffigffifi
1694 2753 1878 2793 Principem,
1898 2753 2061 2792 Robertum,
2079 2751 2331 2793 Consanguineum
2355 2763 2410 2784 no-

1338 2790 1445 2830 strum,
1463 2793 1495 2822 de
1510 2796 1600 2823 Scotia
1615 2792 1871 2836 confirmatarum,
2366 2830 2372 2835 ¹

1376 2829 1413 2862 Et
1428 2832 1580 2869 specialiter
1593 2833 1627 2862 ad
1643 2831 1780 2870 Qerelas
1793 2840 1923 2862 omnium
1938 2831 1972 2862 &
1993 2829 2185 2871 singulorum,
2202 2830 2251 2868 qui
2271 2829 2308 2861 de
2329 2828 2362 2859 In
2374 2839 2407 2860 u-

1337 2870 1401 2906 riis,
1424 2871 1463 2900 eis
1481 2879 1581 2901 contra
1601 2871 1728 2902 formam
1745 2869 1886 2900 dictarum
1908 2869 2107 2908 Treugarum,
2130 2871 2160 2899 in
2180 2868 2303 2906 partibus
2364 2878 2407 2897 ar-

1338 2908 1467 2938 chiarum
1482 2909 1637 2946 (videlicet)
1653 2908 1690 2939 de
1701 2909 1726 2938 la
1741 2907 1901 2947 Estmarche
1913 2908 1947 2938 &
1959 2908 1985 2937 la
1999 2906 2185 2947 W’stmarche,
2204 2905 2301 2943 Regni
2314 2905 2405 2935 nostn‘

1337 2946 1466 2985 Angliae,
1484 2947 1564 2978 faCtis
1577 2948 1622 2978 seu
1636 2947 1812 2985 perpetratis,
1830 2947 1968 2983 conqueri
1984 2945 2143 2982 voluerint,
2160 2943 2348 2982 audiendum,
2367 2944 2402 2975 &

1337 2985 1448 3023 plenam
1464 2986 1498 3016 δε
1512 2986 1635 3017 celerem
1647 2984 1789 3023 Justitiam
1802 2983 1869 3014 inde
1882 2982 2062 3022 faciendum,

1373 3022 1411 3054 Et
1425 3022 1460 3054 ad
1471 3025 1568 3054 omnia
1582 3026 1616 3055 ὃς
1631 3023 1748 3063 singula,
1765 3032 1848 3061 quae,
1866 3030 1967 3052 contra
1981 3020 2104 3051 formam
2117 3019 2255 3051 didiasum
2269 3019 2400 3060 Treuga-

1334 3062 1642 3139 ἓῗέᾯί’.1ξξὲνὶέυὲῗιίὲξ(ῐξ
1653 3061 1784 3137 ῑὲἲηίξὲἳεε
1798 3058 2400 3137 ἕξᾟὲὶῗῗοῗεῖῖῃὲοξᾊῃηὲῧιςὲἓιρτὲοᾞῗ

1527 3123 1538 3138 2
2390 3121 2401 3137 2

1334 3139 1429 3169 debite
1443 3139 1657 3169 reformandum
1667 3162 1676 3175 ,

1371 3176 1411 3207 Et
1432 3176 1466 3206 ad
1489 3187 1591 3207 omnes
1609 3179 1642 3209 &
1661 3176 1799 3216 singulos,
1818 3176 1848 3206 in
1869 3175 1922 3206 hac
1943 3183 2019 3214 parte
2033 3174 2259 3214 Delinquentoe,
2277 3173 2398 3206 arestan-

1332 3214 1421 3252 dum,
1444 3215 1631 3253 capiendum,
1657 3215 1690 3246 &
1709 3214 1956 3252 incarcerandum,
1973 3214 2008 3245 &
2025 3214 2104 3252 juxta
2124 3223 2225 3244 eorum
2248 3213 2398 3245 Demetita

1332 3254 1428 3284 debite
1444 3254 1638 3292 puniendum,
1932 3274 1934 3276 μ

1371 3291 1410 3322 Et
1423 3292 1456 3322 ad
1471 3293 1650 3323 consimilem
1664 3291 1916 3322 Reformationem
1929 3291 1963 3322 &
1977 3290 2164 3321 Punitionem
2177 3289 2213 3321 de
2226 3289 2308 3320 dieto
2315 3288 2399 3321 Con-

1332 3330 1484 3370 sanguineo
1499 3331 1597 3362 nostro
1606 3354 1616 3370 ,
1631 3333 1664 3363 &
1679 3330 1858 3362 Hominibus
1868 3330 1922 3361 suis
1934 3329 1971 3359 de
1984 3329 2098 3366 Scon‘a,
2115 3329 2195 3366 super
2216 3328 2398 3365 Attempmtis

1333 3380 1383 3407 per
1398 3379 1462 3407 eos,
1480 3370 1514 3400 δε
1530 3371 1567 3401 eis
1581 3371 1780 3408 Adhaerentes‚
1798 3377 1897 3400 contra
1917 3367 2053 3398 Subditos
2074 3366 2206 3405 nostros,
2223 3367 2395 3405 petendum,

1331 3407 1558 3446 prosequendum
1570 3431 1580 3447 ,
1599 3410 1632 3440 &
1648 3408 1708 3439 fieri
1721 3408 1902 3444 faciendum,

1372 3446 1410 3477 Et
1424 3446 1459 3477 ad
1474 3448 1570 3491 omnia
1585 3448 1619 3478 &
1635 3446 1756 3484 singula,
1773 3456 1839 3485 (με
1853 3446 1882 3475 in
1897 3445 1951 3475 hac
1964 3451 2041 3482 parte
2054 3443 2207 3475 necess'aria
2226 3443 2331 3475 fiierint
2349 3442 2397 3475 vei

1333 3494 1490 3554 Ορὲῗῗέἒὸ
1504 3483 1965 3560 ἷῗὲῗῇῗὲἀῗιξέξὲἓῗὲὼὶἧὲ,
1983 3520 2132 3560 Quum,
2146 3520 2238 3558 Tra,
2256 3519 2301 3551 vei
2321 3517 2396 3550 nuo

1333 3561 1480 3600 vestrum,
1497 3562 1533 3592 ad
1551 3571 1645 3593 certos
1665 3561 1737 3591 Dies
1757 3562 1791 3592 &
1813 3560 1913 3599 Loca,
1929 3561 2008 3597 super
2023 3560 2082 3590 hoc
2133 3568 2211 3603 rvos
2223 3556 2395 3596 praefigenda

1333 3603 1366 3633 &
1381 3601 1465 3632 etiam
1479 3600 1652 3639 elonganda,
1668 3598 1809 3637 praemiffa
1819 3599 1920 3630 omnia
1930 3598 1964 3630 &
1977 3597 2081 3637 singula
2121 3605 2214 3636 crans,
2227 3596 2262 3627 ὅτ.
2275 3603 2396 3633 exequa-

1335 3641 1404 3670 mini
1418 3640 1446 3668 in
1462 3639 1553 3669 forma
1570 3638 1722 3676 praedidia,
2228 3671 2234 3678 ⁸

1371 3678 1462 3715 Super
1481 3676 1626 3714 praemiffis
1645 3685 1739 3708 autem
1757 3676 1893 3707 omnibus
1913 3675 1948 3706 &
1966 3674 2092 3713 singulis,
2116 3671 2248 3717 faciendis
2264 3671 2299 3702 &
2320 3669 2394 3702 effe-

1335 3717 1460 3747 &ualiter
1479 3714 1664 3756 adimplendis
1678 3738 1689 3754 ,
1713 3714 1813 3745 damus
1832 3715 1866 3746 &
1888 3714 2098 3757 committimus
2117 3712 2215 3748 vobis,
2240 3709 2393 3753 Quatuor,

1333 3756 1459 3791 Tribus,
1474 3754 1508 3785 &
1523 3753 1646 3784 Duobus
1660 3752 1806 3791 vestrfim,
1823 3762 1855 3783 ut
1869 3761 2066 3790 praemittitur,
2082 3749 2193 3788 plenam
2205 3748 2239 3779 &
2253 3747 2390 3786 liberam,

1333 3794 1453 3825 Tenore
1465 3791 1665 3830 Praesentium,
1683 3790 1875 3828 Potestatern3
2160 3825 2175 3830 ..
2390 3829 2393 3831 ,

1373 3831 1520 3862 Universis
1534 3832 1568 3861 ὅ(
1582 3831 1693 3869 singulis
1708 3829 1953 3872 Vicecomitibus,
1971 3823 2189 3870 Constabularus
2203 3823 2392 3868 Castrorum,

1334 3871 1367 3900 &
1384 3870 1519 3901 Villarum
1537 3866 1712 3907 Majoribus,
1728 3867 1854 3906 Ballivis,
1872 3865 2028 3909 Ministris,
2043 3864 2078 3893 &
2099 3862 2156 3906 alus
2176 3862 2320 3907 Fidelibus
2335 3873 2392 3894 no-

1334 3908 1395 3938 stris
1407 3932 1416 3946 ,
1442 3909 1473 3937 in
1491 3907 1614 3945 partibus
1635 3908 1668 3939 &
1692 3905 1838 3937 Dominiis
1857 3903 1997 3946 praedichs
2011 3924 2022 3938 ,
2040 3909 2105 3944 'tam
2126 3900 2392 3945 mfrauLibertateQ

1334 3948 1419 3983 quarn
1434 3954 1525 3982 eXtra,
1542 3943 1668 3983 Dantes,
1685 3945 1808 3975 Tenore
1821 3942 2020 3976 Praesentium,
2038 3948 2067 3968 in
2081 3937 2223 3970 Mandatis
2256 3939 2316 3970 uod
2335 3949 2391 3971 vo-

1333 3985 1392 4022 bis,
1411 3983 1563 4023 Qatuor,
1581 3982 1706 4021 Tribus,
1721 3984 1755 4014 &
1770 3980 1894 4019 Duobus
1910 3974 2059 4015 vestrum,
2077 3978 2107 4007 in
2122 3987 2180 4015 prae
2214 3979 2219 3984 '
2244 3988 2266 4008 is
2284 3977 2391 4021 sacien-

1333 4022 1375 4052 dis
1395 4022 1429 4053 ὃς
1451 4021 1639 4059 exequendis,
1656 4019 1837 4052 Intendentes
1859 4016 1929 4054 sint,
1948 4013 2150 4056 Consulenres,
2165 4016 2200 4049 &
2220 4015 2393 4047 Auxiliantes

2321 4062 2396 4092 ‘2³05

2542 287 2555 319 ᾧ
