2561 4251
7 287 74 320 Ann.
89 286 131 317 D.

7 335 71 393 iiiiii
75 334 111 399 43.

6 403 112 476 {⁰5²³
155 431 297 487 REX,
315 431 420 461 <irretio
437 431 485 461 fibi

6 483 63 509 3c0t.
85 478 130 506 28.

5 522 28 545 Ε.
45 526 116 553 3.m.

14 1898 67 1923 An.
86 1894 118 1920 28

42 1942 107 1998 ibij.

18 2019 54 2037 m·
72 2019 98 2037 2.

19 2094 151 2130 ‘V.807.
170 2114 191 2144 b

23 2925 99 2957 Ann.
110 2924 151 2956 D.

21 2974 76 3030 ΑῘΞ
81 2973 129 3031 52ss

49 3062 53 3067 ’
61 3062 125 3108 ibid.

749 172 850 214 ET
934 174 1200 216 ACTA

218 350 267 381 De
287 344 490 387 exonerando,
508 346 600 392 fhper
625 343 812 379 Liberatione
837 346 950 380 David
969 346 1005 380 de
1028 351 1132 398 Brnys.

418 471 422 474 ὓ
522 430 646 470 Johanni
665 431 701 462 de
720 430 898 472 Conpelant,
916 431 1093 465 Vicecomiti
1112 433 1212 465 nostro

231 470 465 507 Northumbriae,
484 454 615 500 Salutem.

189 508 269 540 Cum
285 507 529 547 affignaverinius,
547 508 666 539 dilectos
678 508 711 538 &
725 507 817 538 fideles
832 508 956 547 nostros,

192 585 371 615 Venerabiles
389 585 498 621 Patres,

190 623 321 653 Thomam
338 622 542 662 Dunolmr’zfim
549 642 559 660 ‚

195 664 237 691 Et
256 661 406 692 Grlbertum
427 660 637 700 Karlivlenft’m,

192 701 363 741 Episcopos,

191 739 370 769 l=Villielmum
390 737 421 766 de
438 737 552 777 Bohun,
577 741 705 768 Comitem
729 738 971 777 Norhamptom‘ae,
989 737 1215 776 Cozfirrguineum

227 777 359 815 nostrum,

191 818 337 845 Henricum
355 818 387 846 de
401 820 498 857 Percy,

189 856 232 884 Et
250 852 419 894 Radulphum
434 857 465 885 de
478 850 595 892 Nevill,

191 931 237 962 Ad
259 931 356 962 David
375 932 410 963 de
433 933 516 970 Brus,
535 929 717 961 prisonarium
738 927 865 960 nostrum
887 928 922 960 de
938 928 1053 967 Scotia,
1072 938 1087 959 a
1103 927 1219 959 Prisona

156 969 265 1008 nostra,
281 970 330 1001 sub
353 972 433 1001 certis
459 968 692 1005 conditionibus,
710 968 780 997 inter
801 967 934 1006 quosdam
950 968 1084 998 Nuncios
1099 968 1131 997 δί
1145 966 1202 996 Pro
1213 984 1221 989 -

156 1017 295 1039 curatores
313 1009 434 1048 nostros,
453 1010 485 1039 ὃς
507 1007 637 1045 quosdam
661 1005 695 1036 N
699 1007 797 1036 uncios
820 1007 854 1036 &
878 1006 1076 1037 Procuratores
1095 1015 1128 1036 ex
1143 1014 1220 1043 parte

159 1047 229 1077 dien
246 1047 341 1078 David
357 1049 430 1077 initis
444 1047 476 1077 &
490 1045 685 1082 concordatis,
700 1044 926 1083 deliberandum,

194 1086 267 1116 Tibi
288 1087 466 1123 praecipimus
488 1086 565 1122 quod
582 1083 748 1122 praedictum
766 1083 878 1121 David,
897 1084 925 1113 in
941 1081 1080 1113 Custodia
1101 1082 1149 1113 tua
1161 1083 1221 1120 jam

159 1124 342 1161 existentem,
358 1123 496 1161 praefatis,
512 1122 672 1160 Episcopis,
689 1121 817 1159 Comiti,
836 1120 984 1160 Henrico,
1001 1123 1034 1152 ὃς
1056 1120 1222 1160 Radulpho,

162 1163 296 1200 Qi.1tuor
304 1184 314 1200 ,
339 1162 462 1199 Tribus,
488 1162 532 1191 vel
555 1161 674 1191 Duobus
693 1169 808 1197 eorum,
840 1161 907 1190 cum
930 1169 964 1190 ex
986 1168 1063 1197 parte
1084 1160 1224 1198 ipsorum,

161 1201 306 1239 Qiatuor,
320 1200 443 1238 Trium,
462 1199 505 1230 vel
520 1199 650 1230 Duorum
664 1208 778 1236 eorum,
797 1198 873 1238 super
897 1199 954 1228 hoc
975 1207 1008 1228 ex
1031 1208 1106 1236 parte
1127 1198 1224 1228 nostra

162 1239 243 1269 fueris
257 1238 455 1277 pi-aemunitus,
474 1248 522 1276 per
537 1238 733 1273 indenturam,
752 1236 817 1266 inde
833 1237 902 1267 inter
918 1246 945 1268 te
966 1237 998 1267 &
1019 1237 1166 1274 praefatos,
1183 1237 1224 1267 E-

162 1277 307 1315 piscopos,
326 1278 495 1315 Comitem,
515 1276 692 1313 Henricum,
709 1275 742 1305 δε
763 1274 954 1314 Radulpliuni,
971 1275 1120 1314 Quatuor,
1139 1276 1222 1313 Tres,

162 1315 208 1346 vel
226 1315 310 1346 Duos
326 1325 443 1353 eorum,
469 1315 558 1345 modo
581 1314 678 1344 debito
703 1312 927 1352 conficiendam,
955 1313 1105 1352 deliberes,
1132 1314 1166 1344 ad
1186 1314 1225 1344 fa-

165 1354 301 1385 ciendum
319 1354 354 1384 de
374 1354 425 1383 Illo
444 1353 519 1390 quod
538 1353 574 1382 eis
592 1363 640 1390 per
658 1351 725 1381 Nos
744 1351 848 1388 plenius
867 1352 906 1382 est
924 1353 1094 1398 injunctum.

204 1392 341 1422 Volumus
354 1393 433 1421 enim
450 1400 478 1421 te
492 1390 630 1422 Custodia
646 1390 773 1428 praedicti
791 1389 902 1428 David,
922 1400 991 1420 cum
1014 1391 1103 1428 ipsum
1125 1390 1164 1421 sic
1177 1390 1225 1422 de-

166 1431 336 1468 liberaveris,
353 1441 400 1468 per
413 1429 612 1460 Ostenlionem
627 1429 705 1466 liujus
719 1427 811 1458 Brevis
823 1429 856 1459 &
871 1428 1045 1459 Indemturae
1066 1429 1227 1469 praedffitae,

167 1479 232 1507 erga
247 1468 313 1498 Nos
329 1470 361 1498 &
376 1468 510 1498 Haeredes
526 1467 632 1497 nostros
646 1467 798 1497 exonerari.

237 1505 323 1537 Teste
341 1506 423 1544 Rege
441 1506 514 1544 apud
536 1503 841 1543 Westmonasterium,
868 1504 985 1536 decimo
1011 1504 1056 1536 die
1079 1504 1227 1537 oetobris.

667 1584 721 1612 Per
737 1579 819 1621 thiaem
836 1584 931 1621 Regem
949 1580 987 1616 ὠ
1006 1581 1159 1613 Concilium.

311 1719 360 1751 De
374 1718 538 1762 ficuritate
557 1727 611 1763 pro
637 1715 749 1749 David
769 1715 806 1749 de
830 1719 908 1749 Erus
930 1717 1081 1763 capienda.

15 1817 90 1849 Arm.
107 1814 148 1847 D·
171 1802 313 1858 REX,
333 1803 452 1834 Dileffls
467 1804 500 1834 ὅ(
518 1802 657 1833 Fidelibus
668 1802 735 1840 suis,
756 1802 881 1834 Ricardo
896 1802 1053 1843 Tempest,
1070 1803 1232 1835 Constabu-

38 1866 51 1886 1
60 1864 122 1896 354.

249 1842 317 1872 lario
340 1842 433 1872 Casti-i
458 1841 543 1872 nostri
571 1840 709 1872 Berewici
735 1841 815 1878 super
841 1841 1002 1880 Twedam,
1032 1843 1065 1873 &
1091 1842 1233 1881 Magistro

123 1913 131 1921 ,
164 1881 292 1919 johanni
309 1881 343 1911 de
361 1880 502 1919 Boulton,
520 1879 684 1911 Camerario
702 1879 799 1910 nostro
816 1879 901 1911 dietae
917 1879 1003 1911 Villae
1019 1879 1167 1920 Berewici,
1184 1882 1234 1913 Sa-

170 1921 268 1951 lutern.

208 1959 308 1989 Sciatis
326 1958 406 1996 quod
423 1958 507 1997 Nos,

206 1997 257 2027 De
272 1996 368 2027 vestris
381 1997 509 2027 fidelitate
523 1997 556 2027 &
573 1995 829 2034 circumspeetione
844 1996 1033 2036 confidentes,

208 2036 255 2066 Ad
267 2036 427 2073 juramenta
441 2037 474 2066 ὃς
490 2036 692 2072 Securitatem,

210 2075 229 2094 *ς
251 2075 328 2104 Ouae
347 2075 429 2103 nobis
453 2073 512 2103 fieri
535 2073 654 2104 debeant
679 2084 694 2104 a
719 2073 858 2111 Praelads,
885 2072 1087 2112 Magnatibus,
1112 2074 1235 2105 Nobili-

193 2101 478 2182 us,qbffiercatoribu3,
495 2113 529 2143 δε
547 2111 604 2142 aliis
618 2111 653 2142 de
671 2111 785 2150 Scotia,
807 2111 884 2151 super
912 2112 1045 2144 Articulis
1069 2113 1102 2144 ὃς
1122 2112 1234 2144 Condi-

173 2161 242 2183 ttoni
266 2162 296 2182 us

213 2190 245 2220 In
263 2175 382 2228 quidam
397 2188 559 2226 ludentum,
577 2187 655 2226 super
669 2188 881 2220 Deliberatione
901 2188 995 2220 David
1011 2189 1047 2220 de
1062 2189 1161 2229 Bruys,
1176 2190 1238 2220 Pri-

173 2229 274 2260 sonarit
295 2229 399 2266 nostri,
415 2229 487 2258 inter
510 2227 646 2266 quosdam
666 2227 801 2258 Nuncios
824 2227 935 2258 nostros
956 2238 989 2258 ex
1013 2228 1093 2258 Parte
1115 2229 1188 2266 una,
1205 2230 1238 2260 &

174 2267 310 2305 quosdam
333 2266 483 2304 Praelatos,
501 2266 667 2303 MagnateS,
686 2266 718 2296 &
736 2265 803 2296 alios
824 2265 860 2296 de
880 2266 996 2305 Scotia,
1014 2266 1088 2305 apud
1110 2267 1237 2299 Novum

173 2305 308 2336 Castrum
322 2305 398 2342 super
411 2305 526 2344 Tyriam
537 2304 639 2334 ultimo
655 2303 804 2343 confeffli,
823 2306 976 2344 contentis,

213 2343 325 2374 Nostro
341 2345 460 2374 nornine
474 2342 630 2374 Petendum
643 2343 675 2373 &
692 2342 915 2383 Recipiendum,

208 2382 318 2420 Vobis,
335 2384 368 2413 &
382 2382 496 2412 cuilibet
507 2379 652 2420 vestrum,
667 2389 764 2412 tenore
784 2381 977 2421 praesentium,
996 2381 1108 2420 plenam
1131 2392 1240 2414 conce-

173 2421 268 2452 dimus
284 2420 470 2459 Potestatem3

208 2459 313 2490 Ratum
333 2459 365 2489 &
385 2458 509 2489 Gratum
526 2458 647 2489 habituri
664 2458 797 2503 quicquid
820 2469 870 2497 per
888 2470 959 2498 vos,
984 2460 1029 2490 vel
1047 2459 1163 2490 alterurn
1189 2470 1240 2491 ve-

173 2497 282 2566 strihm,
300 2497 409 2528 ACtum
427 2497 473 2528 vel
489 2497 614 2528 Gestum
631 2497 715 2529 fuerit
730 2507 759 2528 in
781 2496 949 2538 praemiffis,
969 2498 1002 2529 &
1020 2499 1146 2537 quolibet
1164 2509 1238 2537 prae-

175 2546 217 2566 mi
243 2545 338 2566 orum.

212 2574 246 2605 In
260 2575 357 2612 cujus,
374 2575 435 2605 ἃς.

176 2652 196 2682 b
213 2652 218 2657 .
244 2613 332 2644 Teste
346 2613 431 2651 Rege
444 2613 517 2652 apud
531 2613 829 2655 Westmonasterium,
839 2614 957 2645 decimo
971 2605 1072 2654 quinto
1085 2614 1131 2647 die
1144 2614 1240 2647 Oete-

197 2662 241 2683 ns.
1069 2665 1072 2667 ⁴

218 2790 267 2821 De
291 2788 509 2822 Praemzmiendo
530 2789 575 2823 ad
598 2790 819 2871 iJZereffindum
842 2788 1059 2825 Deliberationi
1083 2790 1196 2826 David

640 2852 654 2872 e
678 2842 781 2887 Bruys.

231 2921 316 2962 EX,
335 2923 452 2954 Dilee'to
466 2923 535 2962 fibi,
548 2923 671 2963 Johanni
691 2924 726 2955 de
744 2924 927 2964 Coupeland,
945 2924 1123 2957 Vicecomiti
1143 2926 1241 2958 nostro

248 2962 469 2993 Northumbriae
478 2986 486 3001 ,
505 2962 639 2993 Salutem.

215 3000 294 3032 Cum
312 3003 452 3031 mittamus
468 3001 618 3071 qUOsdmel’
638 3001 786 3040 praelatos,
812 3001 979 3040 Magnates,
1004 3003 1037 3033 &
1055 3002 1124 3034 alios
1144 3004 1243 3035 Nobi·

174 3038 227 3078 les,
246 3039 337 3070 fideles
354 3039 476 3078 nostrOS,
494 3039 568 3078 apud
614 3040 688 3070 illam
706 3040 829 3072 nostram
847 3040 933 3072 Novi
961 3040 1053 3072 Castri
1076 3044 1154 3079 luper
1177 3043 1242 3081 Ty-

179 3088 249 3108 riam
261 3101 271 3116 ,

218 3116 277 3147 Pro
291 3116 502 3147 Deliberatione
517 3116 613 3147 David
626 3116 663 3148 de
677 3117 764 3155 Brus,

216 3155 364 3185 Prisonarii
383 3155 486 3193 nostri,
504 3156 535 3186 in
554 3154 671 3186 Prisona
689 3155 803 3194 nostra,
821 3156 852 3185 in
874 3155 975 3187 Castro
994 3156 1093 3188 nostro
1117 3156 1243 3197 ibidem,

180 3193 329 3231 existentis,

217 3232 274 3262 Sub
288 3233 368 3262 certis
381 3231 491 3262 Formis
504 3232 537 3262 &
552 3231 772 3263 Conditionibus
785 3233 856 3263 inter
870 3232 1007 3266 Nuncios
1019 3232 1128 3264 nostros
1140 3244 1174 3264 ex
1187 3234 1243 3265 una

181 3269 279 3308 Parte,
296 3271 328 3301 &
345 3269 477 3308 quosdam
492 3269 639 3309 Praelatos,
659 3270 820 3309 Magnates,
837 3272 871 3302 &
884 3273 953 3303 alios
969 3272 1094 3303 Nobiles
1114 3274 1150 3303 de
1171 3273 1244 3304 Sco—

154 3306 164 3320 '
184 3308 236 3344 tia,
255 3319 287 3339 ex
300 3308 400 3347 altera,
418 3309 508 3346 initis,
527 3310 560 3339 &
576 3319 624 3347 per
637 3309 703 3339 Nos
715 3308 906 3349 concordatis,

223 3346 378 3384 Facienda,

222 3383 296 3414 Tibi
315 3386 521 3415 committimus
539 3386 571 3416 ὃς
592 3386 770 3423 praecipimus
792 3385 872 3424 quod
898 3388 1067 3423 praemunias
1094 3388 1127 3418 ὃς
1144 3390 1246 3419 excites

190 3432 292 3452 omnes
304 3422 422 3453 Barones
435 3424 469 3454 &
485 3423 609 3462 Milites,
626 3425 661 3455 de
677 3423 824 3454 Comitatu
841 3425 995 3472 praedicto,
1013 3425 1084 3455 infra
1094 3426 1246 3458 Libertates

187 3462 220 3492 δε
244 3469 334 3504 eirtra,
351 3461 429 3498 quiid
449 3462 516 3501 ipsi,
532 3461 582 3493 sub
605 3463 684 3500 gravi
707 3462 881 3493 forisfaetura
901 3464 1013 3501 nostra,
1038 3464 1247 3496 Deliberationi

188 3499 342 3538 praedictae,
349 3499 382 3528 ad
390 3500 465 3529 diem
474 3502 551 3538 super
567 3501 623 3531 hoc
639 3500 862 3539 statutum2apud
876 3501 1042 3539 praediCtam
1049 3502 1154 3532 Villam
1164 3503 1249 3534 Novi

194 3537 306 3574 Castri,
322 3545 428 3575 quanto
445 3537 589 3569 decentius
603 3547 751 3577 poterunt,
769 3539 906 3578 intersint,
925 3540 958 3570 &
972 3539 1092 3578 praefatis
1109 3540 1249 3582 Praelatis,

188 3575 380 3614 MagnatibuS,
398 3574 431 3604 &
444 3575 502 3605 aliis
517 3576 658 3608 Fidelibus
672 3577 782 3616 nostris,
800 3579 829 3607 in
847 3577 1057 3610 Fulcimentum
1071 3580 1249 3619 eorumdem,

187 3613 323 3653 quamdiu
343 3612 440 3650 Scon‚
456 3615 505 3651 qui
525 3614 633 3646 ibidem
659 3626 711 3654 pro
732 3615 942 3647 Deliberatione
954 3617 1091 3654 praeditsta
1105 3620 1251 3658 venerint,

188 3654 255 3684 illuc
279 3660 438 3695 morentur,
451 3651 593 3694 'affistant‚
610 3655 644 3685 &
663 3654 725 3692 ipsis
743 3654 919 3685 Intenderites
940 3655 991 3686 sint
1010 3656 1044 3687 ὃς
1065 3656 1252 3697 Auxiliantes,

189 3700 271 3731 prout
287 3692 326 3721 eis
339 3699 407 3720 tunc
419 3698 580 3728 injungetur
592 3700 625 3721 ex
640 3700 716 3729 parte
730 3692 839 3722 nostra:

225 3729 262 3760 Et
279 3730 349 3767 hoc,
367 3728 436 3758 sicut
454 3727 521 3758 Nos
538 3729 572 3759 &
586 3728 734 3759 Honorem
751 3730 880 3761 nostrum
897 3731 1008 3770 diligis,
1026 3733 1060 3764 &
1077 3743 1194 3769 gravem
1202 3733 1251 3763 In-

188 3768 385 3805 dignationem
400 3765 526 3796 nostram
539 3767 641 3797 evitare
656 3767 789 3806 volueris,
807 3769 898 3799 modis
911 3771 1046 3801 omnibus
1061 3770 1161 3811 facias,
1184 3772 1251 3803 Nos

190 3806 227 3837 de
246 3805 424 3836 Nominibus
447 3805 576 3844 illorum,
594 3815 663 3844 quos
679 3805 716 3849 fic
735 3808 896 3846 praemuniri
919 3808 1033 3847 feceris,
1050 3811 1097 3847 qui
1110 3809 1144 3840 ad
1162 3810 1252 3841 Diem

200 3845 235 3874 ὃς
247 3843 360 3874 Locum
374 3843 524 3882 praedietos
535 3853 595 3874 non
609 3851 747 3881 venerint,
764 3843 976 3877 inCancellaria
990 3847 1085 3879 nostra
1100 3848 1254 3880 certificans

154 3885 158 3890 ⁴
195 3881 325 3912 distincte
339 3883 371 3913 &
386 3883 492 3920 aperte.

234 3919 266 3949 ln
282 3922 374 3960 cujus,
392 3921 452 3951 ὅτε.

200 3996 265 4026 bris.

236 4116 309 4144 Tem.
327 4116 384 4144 ΙΙΙ.
403 4116 434 4143 Ρ.
461 4118 482 4145 Ι.

265 3957 352 3988 Teste
366 3958 449 3997 Rege
463 3958 537 3998 apud
552 3957 851 3996 Westmonastetium,
869 3959 986 3992 decimo
999 3964 1096 4002 quinto
1109 3963 1156 3995 die
1165 3963 1260 3996 octo-

1282 174 1758 219 PUBLICA.
2249 199 2329 239 105

2328 298 2402 330 Arm.
2417 295 2465 330 ng

1250 361 1299 393 De
1322 357 1477 393 Condne'iu
1501 370 1556 406 pro
1579 359 1752 404 Obsidibus,
1780 362 1875 408 fitper
1899 361 2115 399 Deliberatione
2144 365 2259 401 David
2278 367 2314 402 de
2331 347 2439 404 [1354.

1535 410 1645 458 Briqs‚
1671 412 1702 442 in
1725 411 1872 457 Angliam
1896 416 2042 446 venturis.
2332 378 2448 480 {1¹²2}

2359 475 2364 480 .
2386 463 2411 488 3.

1252 490 1382 562 REX
1400 491 1548 523 Univerfis
1563 492 1596 523 &
1612 480 1723 531 singulis
1736 495 1977 536 Vicecotnitibus,
1995 498 2055 528 &o
2094 499 2226 532 Salutem,
2358 491 2423 520 ibid,

1353 531 1452 561 Sciatis
1468 531 1566 569 quod,

1291 567 1373 599 Cum
1387 570 1418 598 in
1433 569 1571 599 Tradbitu

1292 606 1366 636 Inter
1392 607 1526 645 quosdam
1553 591 1687 638 N'uncios
1712 609 1820 639 nostros
1843 620 1877 641 ex
1900 612 1955 643 una
1980 612 2085 652 Parte,
2118 615 2150 646 &
2177 617 2312 656 quosdam

1253 643 1593 688 PraelatOSQMagnates,
1618 647 1651 677 &
1677 646 1746 677 alios
1772 648 1899 679 Nobiles
1921 651 1957 681 de
1975 651 2072 682 Scotia
2094 662 2127 683 ex
2146 653 2226 685 Parte
2244 656 2296 687 alifi

1252 682 1330 719 super
1349 682 1564 726 Deliberatione
1584 684 1678 727 David
1697 685 1732 715 de
1749 684 1851 724 Bruys,
1870 687 2016 719 Prisonarii
2034 690 2139 729 nostri,
2157 693 2253 723 habito
2304 680 2316 696 ³

1293 719 1475 752 Contineatur
1487 722 1564 762 qubd
1581 723 1645 753 Filii
1658 724 1846 761 quorumdam
1863 726 2034 766 Nobilium,
2050 729 2082 759 &
2102 729 2147 759 alii
2161 731 2197 761 de
2211 717 2307 762 Scotifi

1254 757 1338 797 usque
1353 759 1386 788 ad
1402 770 1549 790 numerum
1566 761 1681 798 Viginti
1704 761 1909 801 Personarum,
1927 767 2007 796 nobis
2027 767 2175 798 liberentur
2207 770 2236 800 in
2258 754 2321 801 Re3

1255 805 1316 839 gno
1339 797 1434 827 nostro
1455 799 1587 836 Angliae,
1606 799 1657 828 sub
1676 798 1812 830 Custodia}
1833 801 1942 840 nostra,
1960 805 1993 834 ad
2012 804 2145 845 Sumptus
2168 791 2228 839 si'ios
2271 819 2319 839 ro-

1256 843 1346 902 priffi,
1364 837 1516 874 moraturi,
1535 837 1564 866 in
1577 836 1698 868 Obsides
1712 848 1764 875 pro
1776 838 1857 869 dieto
1871 839 1963 871 David
1973 865 1983 880 ,
2250 819 2270 847 P

1331 883 1380 912 os,

1295 911 1428 942 Volentes
1440 912 1587 944 Securitati
1602 913 1744 945 dictorum
1760 914 1918 954 Obsidum,
1934 917 1972 948 sic
1994 919 2022 948 in
2043 918 2154 950 dietum
2176 920 2320 960 Regnum

1258 948 1385 979 nostrum
1402 951 1516 988 Angliae
1529 961 1725 992 venturorum,
1743 954 1905 992 providere,

1261 1027 1266 1031 η
1293 987 1472 1031 Suscepinius
1485 991 1556 1028 iplos
1569 991 1704 1029 Obsides,
1721 991 1831 1030 Equos,
1850 993 1883 1023 &
1904 993 2032 1025 Hernesia
2054 995 2098 1026 sua
2117 1006 2323 1038 quaecumque,

1259 1035 1288 1055 in
1301 1026 1412 1057 dietum
1429 1027 1566 1065 Regnum
1582 1029 1707 1060 nostrum
1729 1031 1861 1069 Angliae,
1879 1042 1914 1061 ex
1937 1034 2017 1063 causa
2037 1034 2190 1073 praedidta,
2206 1039 2325 1067 venien-

1260 1065 1297 1094 do
1317 1065 1377 1101 ὥς.
1390 1074 1472 1104 prout
1488 1070 1517 1096 in
1532 1071 1634 1097 caeteris
1648 1068 1680 1096 de
1694 1069 1831 1099 Conduelu
1845 1072 1957 1100 Litoris.

1294 1087 1327 1133 in
1351 1106 1446 1148 cujus,
1464 1106 1526 1136 &c.
1544 1106 1626 1146 usque
1642 1106 1676 1136 ad
1698 1107 1784 1136 finem
1808 1118 1916 1139 novem
1938 1109 2106 1149 Annorum,
2132 1111 2197 1149 post
2217 1111 2325 1143 Datarn

1261 1142 1458 1182 praesentium,
1477 1145 1610 1181 proximo
1633 1145 1824 1184 sequentium,
1848 1147 1969 1184 plenarie
1992 1149 2221 1188 completorum,
2245 1151 2328 1182 dura-

1259 1189 1340 1211 turas.

1263 1219 1387 1288 br{este
1401 1219 1486 1258 Rege
1500 1221 1571 1259 apud
1586 1220 1889 1262 Westrnonasterium,
1906 1224 2021 1256 decimo
2036 1226 2155 1264 septimo
2167 1227 2215 1258 die
2230 1226 2328 1260 Octo-

1406 1399 1425 1419 *
1441 1400 1489 1432 De
1513 1401 1649 1432 Licentia
1672 1399 1822 1434 vacillandi
1844 1403 1990 1436 Duellum
2016 1407 2047 1436 in
2071 1408 2183 1439 Scoria.
2348 1409 2402 1439 *V
2416 1410 2483 1439 808.

1265 1483 1385 1538 REX
1405 1484 1540 1514 omnibus
1563 1484 1670 1516 Ballivis
1690 1486 1723 1517 ὃς
1744 1485 1884 1517 Fidelibus
1904 1487 1972 1528 suis,
1989 1488 2024 1519 ad
2040 1499 2110 1528 quos
2122 1513 2132 1529 ,
2153 1492 2214 1522 &c.
2251 1492 2332 1524 Salu-
2350 1496 2427 1528 Ann.
2441 1495 2483 1527 D.

1338 1532 1403 1568 [ἐφ’
1460 1563 1468 1571 ,
2373 1544 2457 1576 1354-

1302 1559 1401 1592 Sciatis
1417 1561 1516 1600 quod,
2352 1579 2409 1604 An,
2437 1573 2485 1602 23,

1302 1599 1399 1639 Cum,
1416 1600 1532 1631 dilectus
1547 1600 1580 1631 &
1595 1599 1680 1631 fidelis
1695 1600 1805 1642 noster,
1824 1602 1994 1642 Willielmus
2006 1603 2147 1643 Heroun,
2166 1609 2332 1646 coram,di-
2352 1617 2379 1640 E.
2402 1623 2429 1649 3.

1268 1636 1343 1682 lecito
1357 1640 1389 1670 &
1405 1638 1479 1669 fideli
1494 1638 1608 1676 nostro,
1625 1639 1787 1671 Wintelmo
1802 1641 1838 1672 de
1858 1642 1974 1680 Bohun,
1992 1641 2112 1673 Comite
2134 1644 2332 1684 Norbampto—
2347 1657 2415 1680 scot.

1268 1686 1340 1715 niae,
1359 1677 1491 1708 Domino
1510 1677 1546 1708 de
1564 1677 1644 1708 Valle
1667 1678 1777 1709 Anandi
1798 1681 1828 1710 in
1844 1680 1958 1719 Scotia,
1977 1681 2065 1711 versus
2081 1682 2244 1719 ‚Iohannem
2258 1685 2330 1716 Wa-
2350 1692 2395 1718 28.
2410 1694 2441 1717 Ε.
2461 1691 2488 1727 ςζ

1268 1715 1337 1754 layse
1363 1719 1394 1746 ὅς
1417 1716 1609 1746 Willielmum
1632 1716 1796 1757 Prudhom,
1813 1721 1849 1749 ad
1868 1718 2110 1750 Convincendum
2127 1731 2174 1751 eos
2194 1723 2230 1758 de
2248 1723 2331 1754 Felo-
2346 1738 2372 1757 m
2403 1738 2427 1759 rt

1270 1754 1318 1784 nia
1339 1755 1372 1785 ὃς
1394 1754 1615 1793 Depraedatione
1636 1754 1784 1793 Equorum
1808 1757 1889 1795 ipsius
1910 1758 2061 1789 Willielmi
2080 1758 2223 1802 Heroun,
2240 1762 2335 1801 prose-
2378 1751 2384 1761 ⁹

1271 1802 1418 1876 finiidIgtii,
1438 1831 1580 1876 Johannes
1602 1832 1636 1862 &
1657 1831 1832 1878 Willielmus
1853 1833 2018 1878 Prttdhom‚
2050 1835 2085 1867 ad
2108 1836 2339 1871 Prosecutionem

1273 1871 1354 1908 ipsius
1366 1870 1517 1900 Willielmi
1535 1870 1674 1914 Heroun,
1691 1871 1758 1902 mde
1773 1872 1916 1911 Allocuti,
1933 1875 2091 1905 asseruerint
2110 1877 2181 1913 ipsos
2199 1877 2235 1907 de
2257 1877 2341 1910 Felo-

1274 1910 1324 1939 nia
1346 1909 1483 1947 praedicta
1501 1909 1651 1951 culpabiles
1673 1919 1732 1939 nori
1754 1910 1850 1949 fuiiie,
1867 1912 1900 1941 &
1914 1912 1971 1942 hoc
1985 1922 2033 1951 per
2047 1912 2179 1952 Corpora
2190 1915 2250 1954 sua,
2265 1917 2342 1954 juxta

1278 1948 1388 1986 Legem
1409 1949 1443 1979 &
1466 1946 1708 1978 Coniuetudinem
1727 1949 1828 1980 Terrae
1850 1948 1970 1989 Scotiae,
1988 1951 2015 1982 ie
2029 1962 2126 1983 contra
2139 1954 2251 1986 dietum
2266 1955 2344 1987 Wil-

1275 1987 1405 2017 lielmum
1419 1986 1542 2017 Heroun
1551 2008 1560 2024 2
1575 1985 1619 2016 seu
1634 1986 1740 2026 aliquos
1751 1986 1788 2017 de
1802 1988 1871 2026 suis,
1889 1988 2039 2020 defendere
2053 1992 2234 2031 optulerunt,

1307 2024 1494 2063 Praefatusque
1518 2024 1702 2055 Willlielmus
1723 2025 1862 2064 Heroun,
1895 2027 1928 2057 ad
1950 2028 2060 2060 dietam
2081 2029 2228 2062 Feloriiam
2250 2031 2343 2063 versus

1275 2063 1347 2102 ipsos
1373 2063 1535 2102 johannem
1564 2063 1596 2093 &
1624 2062 1821 2095 Willielmum
1850 2064 2019 2106 Prudhom,
2044 2077 2095 2106 per
2122 2067 2205 2099 Duos
2234 2070 2342 2101 Homi-

1276 2112 1325 2133 nes
1346 2101 1422 2141 suos,
1440 2112 1509 2133 cum
1531 2100 1588 2130 Dei
1608 2101 1764 2141 adjutorio,
1784 2102 1984 2143 Probandum‚
2008 2107 2038 2136 in
2058 2106 2133 2137 dieti
2156 2107 2248 2139 Terra
2269 2109 2340 2140 Sco-

1276 2142 1342 2178 tiae,
1359 2140 1379 2170 si
1393 2141 1429 2172 de'
1452 2141 1534 2171 nobis
1547 2139 1582 2170 ad
1597 2139 1654 2170 hoc
1667 2140 1811 2172 licentiam
1821 2142 1905 2180 poffit
1917 2142 2035 2184 habere,
2054 2143 2080 2177 se
2100 2146 2203 2184 optulit
2222 2147 2283 2179 fore
2296 2159 2346 2187 pa-

1278 2188 1402 2255 ratgtiger
1415 2227 1471 2261 quo
1485 2217 1567 2262 nobis
1582 2217 1743 2262 supplicayit
1757 2218 1853 2262 utrsibi
1861 2242 1872 2258 ,
1890 2220 1924 2251 ad
1941 2220 2140 2253 Probationem
2152 2224 2229 2255 illam
2242 2226 2273 2256 in
2286 2225 2346 2257 for-

1278 2256 1325 2288 m&
1338 2255 1474 2295 praedieta
1488 2255 1667 2296 facrendum,
1686 2257 1845 2288 Licentiam
1860 2259 2018 2291 concedere
2031 2262 2164 2301 velimus,

1313 2296 1399 2334 Nos,
1422 2294 1624 2332 Supplicationi
1640 2295 1789 2338 ‚praedieiae
1810 2306 1978 2342 annuentes,
2008 2299 2042 2330 ad
2066 2300 2172 2331 dietam
2193 2299 2343 2333 Probatio-

1278 2332 1910 2416 33321¹51}ss&ssffffisszffsrssssaeiffl‘i‘?
1920 2337 2344 2417 Sssgssssi‘ssissffiafississi]

1280 2412 1366 2450 dam,
1388 2410 1480 2441 eldem
1502 2410 1663 2441 Willielmo
1682 2410 1816 2451 Heroun,
1847 2420 1944 2443 tenore
1966 2415 2160 2455 praesentium,
2186 2418 2346 2450 Licentiarn

1278 2450 1413 2493 dedimus·
1421 2447 1587 2487 specialem,
1602 2448 1640 2479 Et
1654 2450 1711 2480 hoc
1723 2451 1815 2489 vobis,
1825 2450 1859 2482 ὃς
1871 2452 2005 2483 omnibus
2019 2453 2086 2492 aliis,
2093 2464 2214 2493 quorum
2227 2458 2348 2497 interest,

1278 2489 1480 2520 innotescnnus
1494 2498 1542 2525 per
1558 2487 1713 2526 praesentes.

1284 2545 1291 2554 ·
1317 2527 1352 2558 In
1368 2527 1464 2565 cujus,
1484 2527 1545 2557 &c.

1278 2605 1340 2636 O&
1352 2565 1441 2636 {ege
1470 2564 1556 2604 Rege
1581 2564 1654 2604 apud
1678 2564 1985 2607 Westmonasterium,
2014 2571 2148 2603 vicefimo
2175 2573 2281 2605 octavo
2298 2574 2345 2604 die

1341 2615 1360 2635 0
1382 2615 1403 2635 ri
1419 2628 1425 2635 .

2040 2649 2095 2678 Per
2111 2649 2193 2689 ipfimz
2209 2653 2314 2689 Regem.

1417 2803 1465 2835 De
1490 2799 1682 2846 Potestatibus
1699 2800 1790 2848 fitper
1813 2804 1960 2837 :fraciam
1982 2816 2084 2838 coram
2108 2808 2204 2852 Papa.

1283 2887 1407 2943 REX
1424 2887 1591 2935 Univerfis,
1607 2886 1641 2918 ad
1655 2897 1740 2926 quOS,
1753 2888 1814 2919 &c.
1849 2889 1982 2921 Salutem.
2361 2897 2435 2928 Am.
2453 2895 2498 2926 D.

1378 2927 1526 2959 Noveritis
1542 2926 1640 2965 quod,
2391 2945 2475 2975 1354.

1313 2965 1396 2997 Cslm
2362 2978 2413 3003 An.
2430 2973 2476 3001 28.

1312 3004 1395 3043 Juxta
1405 2989 1609 3041 'Condietum
1627 3002 1736 3047 pridem
1752 3004 1881 3036 habitum
1894 3015 2011 3045 coram,
2030 3004 2201 3040 Reverendo
2213 3011 2244 3041 in
2259 3011 2330 3042 Chri
2363 3019 2390 3040 Ε.
2400 3021 2426 3051 3.

1281 3042 1325 3073 sto
1341 3043 1437 3081 Patre,
1458 3041 1596 3072 Guidone
1608 3041 1752 3080 Episcopo
1768 3043 1926 3083 portuensi,
1941 3047 2013 3076 inter
2032 3046 2168 3079 Nuncios
2190 3050 2296 3081 nostros
2311 3052 2342 3080 &
2360 3056 2453 3080 Fraoc.

1281 3082 1421 3112 Nuncios
1435 3080 1588 3112 Adversarii
1600 3080 1688 3111 nostri
1700 3081 1840 3121 Franci-ae,
2365 3093 2409 3117 20⁸.
2422 3094 2451 3117 Ε,
2463 3097 2491 3125 3.

1319 3119 1481 3151 Miserimus
1496 3119 1660 3162 Solempnes
1674 3118 1880 3159 Procuratores,
1893 3122 1939 3152 seu
1951 3122 2085 3154 Nuncios
2094 3124 2214 3164 nostros,
2232 3125 2264 3155 ad
2273 3135 2345 3163 prae·
2361 3139 2400 3156 m.
2419 3137 2447 3155 ι.

1280 3159 1413 3197 sentiam,
1432 3157 1603 3189 Sanfflffiml
1618 3158 1723 3197 Patris,
1739 3159 1861 3189 Domini
1875 3159 2050 3200 Innocentii,
2065 3163 2175 3193 Sancitae
2193 3163 2344 3194 Univerla-

1281 3199 1313 3228 lis
1327 3197 1459 3228 Ecclefiae
1474 3197 1585 3228 Summi
1596 3195 1761 3240 'Pontificis,
1777 3198 1811 3228 ad
1826 3199 2022 3231 Tratfi'tandum
2038 3203 2072 3232 &
2092 3201 2344 3240 Concordandum,

1282 3238 1355 3267 inter
1370 3236 1439 3274 alia,
1457 3245 1554 3266 coram
1574 3234 1653 3265 dieto
1674 3236 1797 3266 Summo
1819 3236 1977 3276 Pontifice,
1996 3249 2062 3270 cum
2080 3240 2158 3270 disto
2182 3241 2345 3270 Adverssrio

1282 3275 1398 3312 nostro,
1417 3276 1462 3305 seu
1479 3273 1655 3310 Deputandis
1668 3275 1704 3304 ab
1717 3285 1763 3313 eo,
1781 3276 1816 3305 de
1833 3275 1908 3307 Pace
1921 3277 2096 3315 Finali‚inter
2111 3279 2178 3308 Nos
2193 3280 2226 3308 ὃς
2243 3278 2346 3317 ipsum,

1281 3315 1360 3352 super
1375 3313 1509 3343 omnibus
1525 3312 1642 3342 Debatis
1656 3313 1689 3343 &
1704 3313 1925 3354 Controversiis,
1945 3317 2016 3346 inter
2028 3317 2096 3345 Nos
2109 3317 2141 3346 &
2161 3315 2249 3353 ipsum
2265 3326 2348 3348 exor-

1283 3354 1332 3390 tis,
1352 3353 1385 3382 &
1400 3351 1550 3389 specialiter
1564 3351 1642 3388 super
1652 3351 1720 3389 Jure
1736 3353 1811 3390 quod
1826 3353 1963 3384 habemus
1976 3356 2008 3385 &
2025 3354 2125 3384 habere
2148 3356 2297 3394 poterimus
2311 3355 2347 3386 ad

1284 3390 1432 3422 Coronam
1446 3390 1480 3420 &
1495 3389 1635 3426 Regnum
1652 3390 1795 3429 Franciae,
1816 3402 1863 3429 per
1876 3392 1934 3422 Dei
1949 3393 2082 3430 gratiam,
2100 3394 2238 3432 ineunda,
2256 3395 2288 3425 ὅ(
2304 3395 2347 3425 su-

1285 3440 1334 3468 per
1358 3430 1398 3460 eis
1425 3428 1652 3466 transigendum,
1684 3429 1717 3459 &
1741 3429 1860 3467 Terras,
1885 3432 1917 3461 &
1936 3432 2003 3468 alia,
2023 3441 2104 3468 quae,
2122 3433 2224 3462 virtute
2242 3434 2348 3463 Trans-

1286 3469 1408 3537 Zffionis
1442 3467 1617 3505 hujusmodi,
1646 3468 1748 3498 habere
1781 3469 1933 3506 debemus,
1959 3469 2111 3506 petendum
2145 3471 2179 3503 ὃς
2209 3473 2349 3511 τεςίρὲεῃὲ

1309 3516 1375 3544 um,

1324 3544 1393 3575 Nos
1400 3567 1410 3582 ,

1326 3583 1360 3614 In
1375 3581 1438 3613 casu
1458 3593 1516 3621 quo
1528 3582 1619 3626 ditssius
1632 3581 1780 3626 Tractatus
1799 3583 1990 3626 prosperetur,
2010 3585 2028 3615 si
2052 3585 2141 3618 forsan
2163 3589 2351 3627 superaliqui-

1288 3622 1339 3652 bus
1354 3620 1475 3659 Castris,
1492 3621 1606 3659 Terris,
1625 3620 1669 3650 vel
1683 3621 1838 3658 Dominus,
1858 3633 1920 3659 (με
1937 3625 1974 3654 iic
1988 3625 2068 3655 nobis
2080 3626 2190 3658 liberari
2203 3628 2246 3657 seu
2261 3638 2351 3658 rema-

1289 3670 1357 3690 nere
1377 3660 1513 3697 debeant,
1532 3660 1564 3690 &
1583 3668 1683 3689 eorum
1707 3658 1858 3690 Liinitibus
1879 3661 2042 3695 Difficultas
2061 3665 2176 3696 imineat
2195 3668 2239 3696 reu
2257 3666 2353 3698 Deba-

1289 3707 1521 3781 turssiei‘iderantes
1544 3734 1690 3765 Debatum
1714 3734 1758 3765 vel
1782 3735 1991 3771 Difficultatem
2008 3741 2165 3780 hujusmodi
2184 3742 2283 3776 debite
2301 3745 2351 3784 def

1291 3776 1427 3846 elassaglde
1443 3810 1572 3841 fidelitate
1586 3811 1620 3841 &
1635 3811 1889 3851 circumspectione
1903 3818 2040 3857 provida,

1333 3888 1546 3921 Venerabilium
1560 3886 1673 3918 Parrum
1682 3910 1692 3928 ,

1339 3931 1379 3960 W
1380 3927 1480 3957 illielmi
1488 3949 1498 3964 ,
1515 3927 1696 3966 Norwicenfis
1714 3928 1833 3968 Episcopi
1843 3953 1852 3969 ,

1339 3970 1381 3996 Et
1402 3964 1559 4007 Asichaielir,
1575 3964 1665 3996 Electi
1683 3967 1874 4009 Londomenfis
1894 3968 2052 4010 confirmati.

1341 4006 1406 4041 Ac,
1424 4003 1548 4032 fidelium
1563 4003 1723 4036 nostrorum
1737 4006 1918 4045 dilectorum,

1343 4043 1481 4072 Bernardi
1498 4043 1583 4079 Ezit',
1602 4045 1713 4073 Domini
1730 4045 1762 4073 de
1780 4044 1915 4083 Lebreto,

1345 4080 1472 4112 Gnidonis
1492 4080 1524 4111 de
1543 4082 1651 4120 Briau,
1670 4085 1781 4112 Domini
1801 4084 1832 4113 de
1851 4083 2001 4123 Laghern,

1737 4120 1769 4150 O
2303 4126 2369 4163 Gali
