2561 4251
225 124 276 173 58

84 204 216 240 final).
231 203 352 246 Unsze,
369 208 444 247 Dys,
463 207 563 244 Noef,
580 204 672 244 Ruit,
689 206 757 245 Sept
771 227 782 244 ,

108 253 193 285 1390.
231 245 268 276 de
283 255 353 284 eux,
371 247 413 276 sur
427 254 517 276 toutes
532 245 565 276 &
580 244 720 275 chescune
731 245 779 275 des

83 285 210 320 λὶιῑι.»

791 206 866 275 ἐξ,
885 205 979 246 Synk,
996 203 1124 247 Quare,
1146 213 1187 235 ou
1200 203 1290 234 Trois

840 244 898 274 oses
911 242 1078 282 avantdites,

271 282 310 315 Et
321 284 357 315 de
370 283 557 321 Confert-ner,
577 292 630 322 pur
640 281 730 314 Nous
762 283 796 314 ὃς
811 292 862 320 pur
881 289 942 312 nom
961 279 1045 311 Heiis
1061 303 1072 319 ,
1098 281 1132 312 &
1156 279 1294 318 Ratifier,

233 320 262 353 A
283 331 359 359 teet,
377 322 411 352 &
425 322 575 389 Apssm'e‘
589 329 660 352 touz
675 321 714 351 les
724 305 832 352 &boses
843 319 1012 357 avantdites,
1029 319 1063 349 &
1084 317 1223 350 chescune
1243 318 1295 349 d'i-

232 360 525 448 {gelsessz'iigclssuimir
533 421 544 437 ,
557 408 596 429 ou
607 397 704 429 suflier
717 397 791 428 estre
803 397 853 429 fait
863 407 904 429 ou
919 405 1023 435 venue,
1035 406 1074 428 en
1088 395 1186 428 ascune
1193 404 1296 435 temps,

231 445 249 468 ²
259 436 496 508 lffceci’inffiimer
506 482 568 506 noz
581 473 692 506 Lettres
707 472 928 506 Confirmatoim
950 473 1115 507 toutesfoitz
1132 482 1188 513 que
1204 471 1297 511 requ'u

231 511 418 591 ‘nffiqmp'at
430 550 661 596 Tesmoignance
675 550 712 582 de
726 548 820 582 nostre
837 550 942 582 Grand
955 549 1035 588 seu,
1053 560 1069 580 a
1083 548 1180 581 nostre
1201 547 1297 579 Palais

198 599 201 601 “
230 586 265 618 ἁ
282 587 390 629 Wissni.
409 589 436 621 le
450 591 509 620 viii.
527 599 594 627 ‚our
606 589 754 627 d’Averil,
767 588 834 620 l¹An
849 589 887 620 de
898 588 994 621 Grace
1010 587 1112 628 Mille,
1131 586 1297 626 Troiscens,

83 909 162 942 Anti.
176 910 217 944 D.

81 959 208 1029 ⁸23⁹&

85 1031 114 1056 R.
136 1037 161 1057 2.

81 1068 141 1094 rat.
153 1075 199 1107 ¹3.

82 1108 111 1133 R.
132 1114 159 1135 2.

80 1148 106 1180 1>-
129 1152 156 1179 3·

81 1190 118 1208 m.
141 1190 183 1217 ¹5-

66 2750 157 2780 ΝΠ.

63 2791 131 2826 672.

64 3632 140 3666 Ann.
154 3633 196 3668 D.
211 3621 265 3678 R

86 3680 170 3711 1390.

62 3715 115 3740 An.
137 3721 178 3747 ¹3·

63 3752 93 3779 R.
116 3758 142 3775 2.

62 3790 124 3816 rae.
137 3796 179 3824 ¹3·

63 3827 94 3852 R.
115 3835 139 3853 2.

63 3868 90 3901 1·
113 3873 138 3900 3-

62 3910 101 3929 τι.
119 3911 163 3939 ¹5·

229 625 404 668 Qatrevins
417 629 450 661 ὅ(
466 627 548 669 DyS,
564 629 600 661 ὅ(
613 628 651 660 de
665 627 761 661 nostre
776 626 880 668 Regae
893 627 1062 660 Tieszifine.

228 694 230 696 Ι
720 707 780 737 Par
796 703 822 735 Ie
836 707 887 736 Roi
905 702 943 741 (θ’
953 703 1007 744 [οι
1024 702 1136 744 conseil.

410 832 459 867 De
476 831 663 875 Restitutione
682 832 907 879 Temporalium
931 831 1108 880 (ssavensts.

231 914 370 973 REX,
384 915 490 948 diiecro
504 917 554 948 sibi
591 918 733 948 Eduardo
750 919 854 957 Adon,
870 917 1013 949 Escaetori
1029 916 1080 947 suo
1094 918 1121 946 in
1142 914 1298 948 Comitan-

268 992 273 998 ,
305 956 358 986 bus
371 957 490 993 Salopiae
502 957 536 987 ὃς
550 941 729 996 staffordiae,
750 968 783 989 ac
799 957 932 989 Marciiia
951 956 1085 995 waniae,
1107 956 1212 986 eisdem
1233 953 1297 986 Co-

233 994 372 1025 mitatibus
383 995 536 1034 adjacente,
553 995 685 1026 Salutem.

268 1031 349 1063 Cum
365 1033 512 1064 Dominus
530 1036 650 1064 Summus
674 1032 804 1075 Pontifex
818 1057 827 1072 ‚
844 1043 931 1074 nuper
952 1040 1069 1064 vacante
1087 1031 1214 1064 Ecclesia
1236 1029 1296 1075 05¹⁶

233 1070 346 1101 thedrali
363 1071 520 1109 Affaveufi,
540 1082 589 1111 per
607 1082 750 1111 mortem,
769 1074 852 1104 bouae
866 1072 1014 1103 memoriae
1028 1096 1038 1110 ,
1056 1073 1204 1101 Laurentii
1227 1070 1291 1101 ulti-

233 1110 275 1138 mi
294 1109 413 1149 Episcopi
426 1110 482 1141 loci
495 1110 580 1150 illius,
598 1111 691 1143 eidem
705 1111 840 1142 Ecclesiae
854 1111 905 1150 de,
923 1110 1028 1141 dilecto
1049 1110 1132 1141 nobis
1152 1110 1183 1139 in
1205 1106 1293 1138 Chri-

233 1146 294 1186 sto,
314 1147 479 1178 Alexandro
493 1150 586 1180 Bache
600 1149 741 1182 Asiavensi
757 1149 877 1188 Εἱεᾶο,
900 1148 1018 1179 Ordinis
1038 1148 1167 1179 Fratrum
1185 1147 1294 1177 Praedi-

228 1194 357 1216 catorum
374 1186 550 1226 Profeffore,
567 1190 597 1219 in
613 1188 777 1219 Sacerdotio
789 1187 956 1226 constituto,
971 1186 1005 1219 &
1020 1188 1051 1217 in
1065 1187 1148 1219 Sacra
1161 1185 1291 1216 Theolo-

228 1225 274 1260 gia
289 1223 340 1253 Ma
362 1225 430 1256 istro
467 1226 635 1266 providerit,
653 1227 791 1265 &ipsum
806 1228 837 1257 in
850 1226 1024 1264 Episcopum
1039 1224 1098 1257 loci
1124 1224 1199 1258 illiue,
1213 1223 1293 1254 Prae-

228 1261 327 1306 fecerit
365 1303 369 1307 -
390 1248 555 1309 Pastorem,
573 1266 641 1295 licut
653 1275 701 1303 per
717 1265 824 1296 Literas
836 1264 969 1309 Bullatasi
992 1264 1043 1295 sius
1060 1264 1185 1296 Domini
1205 1261 1292 1294 Sum-

228 1300 447 1369 mffonufiw'
465 1302 563 1334 Nobis
574 1304 640 1335 inde
654 1303 787 1342 dirceus,
807 1304 889 1334 nobis
903 1313 961 1334 con
1002 1311 1032 1342 t,

301 1349 333 1370 os

264 1376 321 1407 Pro
335 1363 371 1409 eo
382 1379 459 1417 quod
473 1379 548 1410 idem
565 1379 720 1421 Episcopus
730 1381 865 1411 omnibus
875 1381 909 1411 δε
924 1380 1036 1420 singulis
1059 1377 1179 1418 Verbis,
1197 1379 1227 1409 in
1247 1377 1292 1409 di-

227 1415 392 1459 &isLiteris
407 1417 517 1448 Bullatis
530 1421 687 1458 contentis,
707 1419 804 1450 Nobis
828 1419 862 1450 &
880 1418 1011 1450 Coronae
1036 1418 1139 1448 nostrae
1159 1416 1291 1456 praejudi-

225 1454 357 1494 cialibus,
373 1455 391 1485 s
425 1458 490 1495 nte,
507 1457 614 1496 palam,
633 1459 666 1489 ὅ(
681 1458 805 1498 expresse
820 1453 1029 1496 Renunciavit,
1043 1457 1078 1489 &¹
1101 1455 1211 1487 Gratiae
1236 1465 1289 1486 no-

225 1492 286 1523 strae
300 1493 381 1523 humi
393 1495 442 1524 iter
454 1495 478 1524 se
491 1494 630 1533 submisit,

262 1530 396 1562 Volentes
409 1532 502 1562 eidem
518 1533 659 1573 Episcopo
675 1534 806 1566 Gratiam
818 1534 911 1565 facere
922 1533 1086 1572 specialem,

246 1611 250 1616 .
263 1569 402 1610 Cepimus
417 1571 594 1603 Fideliratem
608 1571 670 1609 &c.
684 1581 763 1613 prout
779 1577 808 1603 in
816 1572 949 1617 similibus
962 1572 994 1602 de
1013 1571 1190 1613 nestit-tione
1210 1572 1291 1601 Lire-

225 1618 271 1638 m.
511 1623 514 1626 ⁴

262 1645 351 1678 Teste
364 1646 446 1687 Rege
459 1648 531 1688 apud
548 1648 823 1690 Wstmonasterium‚
839 1650 975 1681 vicesimo
987 1648 1094 1681 oetavo
1108 1648 1154 1679 die
1175 1646 1289 1686 Aprilis.

667 1727 720 1756 Per
738 1728 830 1756 Breve
848 1726 880 1756 de
898 1728 1019 1756 Privato
1032 1725 1130 1765 sigillo.

256 1797 412 1831 Consimile
426 1799 516 1833 Breve
527 1800 671 1842 dirigitur,
687 1800 794 1833 dimo
808 1800 927 1834 Clerico
943 1801 1030 1843 Regis
1043 1825 1054 1843 ,
1071 1800 1201 1842 Johanni
1223 1802 1287 1832 Wo-

224 1837 319 1868 &haus
328 1860 338 1878 ,
352 1838 519 1870 Camerario
533 1839 620 1881 Regis
633 1839 771 1881 Cestriae,
786 1841 836 1872 sub
850 1841 949 1874 eadem
962 1840 1046 1873 Dm.

255 1913 295 1948 Et
309 1914 481 1948 Mandatum
494 1916 535 1948 est
551 1916 693 1949 Militibus
705 1918 766 1950 &ez

540 2054 634 2098 Super
658 2051 760 2086 fallis
781 2053 966 2086 Amorum

199 2168 202 2172 .
226 2135 283 2192 R
293 2131 365 2203 Et}
381 2134 530 2166 Univerfis
543 2135 576 2166 ὃ(
589 2135 701 2177 singulis
714 2135 964 2177 vicecomitibus,
979 2136 1014 2170 ad
1027 2146 1101 2177 quos
1120 2137 1184 2171 διε.
1209 2137 1290 2171 Salu-

261 2208 360 2242 Sciatis
375 2211 481 2250 quod,

258 2247 338 2292 Cum
353 2252 457 2297 Daviif
467 2250 501 2280 de
514 2250 675 2292 Lindesbye,
693 2253 730 2284 de
744 2252 839 2284 Scotia
852 2252 954 2292 Miles,
974 2263 1063 2294 nuper
1072 2275 1082 2291 ‚
1108 2252 1289 2286 Auuoritaze

217 2286 282 2318 salvi
298 2286 472 2320 Conduous
487 2289 594 2327 nostri,
611 2290 680 2321 infra
694 2290 724 2322 R
763 2302 833 2322 num
847 2291 977 2323 nostrum
992 2292 1019 2322 A
1071 2293 1122 2330 iae,
1148 2292 1184 2323 ad
1248 2302 1286 2323 ae-

219 2325 286 2358 dnm
299 2326 384 2357 Fadia
399 2328 557 2359 Armorum
571 2328 679 2371 ibidem
697 2340 746 2367 per
768 2330 923 2369 ciendum,
941 2340 1010 2362 cum
1065 2332 1069 2337 '
1094 2330 1100 2336 '
1123 2331 1143 2360 ti
1163 2303 1288 2362 &5310-

217 2373 286 2396 vem
299 2364 445 2403 Personas,
463 2365 499 2397 de
512 2366 654 2398 Societate
667 2368 700 2398 δε
717 2368 884 2400 Retinenda
899 2369 963 2406 sua,
982 2369 1041 2408 ipso
1104 2368 1153 2401 vid
1169 2370 1200 2400 in
1216 2369 1286 2401 Nu-

216 2412 298 2446 mero
311 2404 360 2434 illo
372 2413 542 2444 computato
576 2405 714 2443 venisset,
732 2407 765 2438 ὃς
780 2408 810 2437 in
824 2407 927 2438 eodem
945 2407 1054 2447 Regno
1068 2406 1168 2438 nostro
1191 2407 1284 2440 adhuc

215 2440 326 2480 existat,
344 2443 522 2482 intenditque
540 2428 646 2488 diutius
660 2467 670 2482 ‚
692 2454 742 2485 per
762 2446 870 2476 modici
893 2447 1028 2484 temporis
1052 2445 1191 2489 spatium,
1213 2447 1284 2478 infra

214 2479 351 2518 Regnum
366 2481 496 2512 nostrum
509 2482 679 2520 praedictum
694 2493 806 2515 moram
820 2483 968 2516 trahere&
979 2493 1143 2516 continuare
1158 2485 1192 2516 ad
1204 2495 1284 2523 quae-

213 2518 280 2549 dam
295 2519 379 2550 andua
391 2519 542 2557 Negotia,
561 2520 712 2552 Personam
729 2523 806 2553 suam
823 2524 967 2562 propriam
984 2524 1144 2563 tangentia,
1167 2524 1282 2557 interim

297 2557 422 2594 endum,
441 2558 571 2589 Licentia
588 2559 683 2590 nostra
697 2561 848 2600 mediante,

216 2620 233 2639 Ι,
273 2599 347 2639 ⁸cisa(
356 2596 392 2626 ad
408 2596 558 2628 instantem
574 2596 799 2636 Requilitionem
821 2601 830 2630 i
851 2599 902 2631 sius
922 2599 1040 2638 David,
1067 2600 1114 2632 cui
1138 2599 1190 2631 hac
1215 2602 1280 2632 vice

212 2633 338 2677 tricinum
353 2633 447 2664 sumus
459 2637 596 2678 gratiose)
614 2635 781 2678 suscepimus
796 2639 824 2675 ip
836 2648 885 2669 um
905 2639 1023 2676 David,
1039 2648 1109 2670 cum
1124 2637 1277 2677 Viginti&

212 2671 339 2716 Novem
351 2671 479 2704 Pei-sonis
512 2673 649 2711 randiths,
667 2675 702 2705 de
723 2675 864 2707 Societate
885 2677 920 2708 Sc
940 2677 1102 2708 Retinentia
1123 2677 1168 2708 sua
1184 2700 1193 2715 ,
1218 2678 1278 2717 ipso

213 2708 310 2741 David
325 2721 354 2754 iii
368 2711 472 2741 eodem
523 2721 623 2742 umero
637 2721 818 2751 computato,
836 2724 870 2744 ac
884 2724 953 2744 cum
975 2715 1063 2753 Equis
1083 2716 1116 2746 δε
1135 2715 1279 2748 Hemesiis

211 2750 232 2768 ⁸
253 2748 323 2787 fiiis,
342 2748 413 2779 infra
428 2749 569 2787 Regnum
582 2750 712 2781 nostrum
726 2751 916 2789 praedititum,
932 2751 967 2784 eii.
988 2753 1024 2783 de
1043 2754 1136 2792 causa,
1162 2764 1277 2785 moran-

212 2787 270 2825 do,
290 2788 323 2818 &
338 2787 442 2819 deinde
457 2789 488 2819 ad
505 2788 599 2819 Partes
613 2789 669 2820 suas
685 2791 808 2831 proprias
824 2790 989 2829 redeunde,
1005 2791 1035 2821 in
1059 2791 1167 2824 salvum
1187 2793 1221 2824 &
1240 2794 1279 2826 se-

212 2835 313 2858 curum
327 2825 516 2858 Conductum
531 2827 673 2866 nostrum,

247 2863 429 2896 Dumtamen
442 2866 540 2909 aliquis
556 2864 688 2898 Proditor
704 2866 818 2904 Nobis,
834 2875 882 2898 aut
896 2866 1003 2906 Regno
1020 2866 1132 2905 nostro,
1150 2877 1198 2900 aut
1208 2869 1279 2900 Ban-

212 2904 287 2933 nitus
302 2903 337 2933 ab
353 2903 475 2943 eodem,
493 2905 543 2935 iub
558 2903 667 2935 Colore
689 2905 722 2936 &
745 2906 886 2936 Tuitione
910 2905 1093 2937 Praesentium
1108 2928 1119 2945 ,
1137 2906 1275 2946 Regnum

212 2940 343 3010 {instrum
357 2942 545 2982 praedifium,
562 2943 592 2974 in
606 2942 754 2976 Comitiva
767 2944 849 2983 ipsius
863 2943 957 2975 David
972 2967 983 2983 ‚
1008 2954 1067 2976 non
1086 2945 1276 2986 ingrediatur,

225 2989 259 3010 eu
275 2988 399 3011 moretur

245 3017 394 3049 >Volumus
404 3003 496 3050 'etiam
507 3020 589 3057 quod
604 3020 681 3051 idern
695 3020 792 3052 David
811 3020 990 3052 Armaturam
1013 3020 1217 3061 sufficientem,
1236 3025 1278 3056 se-

213 3065 284 3087 cum
296 3057 456 3095 trussatam,
474 3067 526 3095 pro
542 3057 663 3089 Persona
676 3058 723 3089 sua
738 3061 848 3100 propria
862 3068 972 3090 tanturn
986 3082 997 3098 ,
1016 3059 1050 3091 ad
1072 3059 1276 3100 perficiendum

214 3095 468 3140 Fasta‘praedieta,
483 3095 579 3127 secum
594 3097 720 3136 deferre,
737 3098 858 3137 ducere,
876 3098 909 3130 &
928 3097 1031 3130 habere
1045 3098 1135 3132 vahat
1148 3121 1159 3137 ,
1174 3100 1276 3140 absque

214 3142 650 3218 mffirdggev‘iiffiugchdiiiiibet
664 3174 793 3206 vestrum
807 3174 982 3207 Mandamus
996 3174 1058 3210 &a
1073 3182 1107 3207 ut
1128 3179 1158 3208 in
1172 3180 1276 3207 ceteris

215 3209 251 3240 de.
261 3211 399 3241 eandum
410 3213 525 3242 ntem.

250 3247 286 3280 In
299 3249 450 3318 cujusdssoe.
470 3259 520 3287 per
541 3249 625 3281 Duos
646 3250 761 3283 Menses
782 3250 888 3283 Datam
907 3251 1088 3285 Praesentium
1109 3252 1274 3286 immediate

278 3296 356 3318 ent&
391 3296 518 3319 uramras.

279 3324 338 3358 este
352 3324 434 3367 Rege
449 3326 522 3366 apud
537 3326 794 3368 Wstmonasterium
804 3351 812 3366 ‚
831 3328 946 3361 decimo
957 3337 1058 3370 quarto
1071 3329 1118 3361 die
1137 3328 1233 3361 Maii.

839 3407 893 3435 Per
909 3404 991 3445 ipficm
1007 3409 1113 3444 Regem.

211 3286 230 3319 s

302 3541 361 3572 Pro
383 3537 543 3572 Militibus
568 3542 662 3573 Ducis
679 3540 714 3573 de
750 3540 836 3573 Gelre
851 3566 860 3582 ‚
885 3539 921 3573 de
945 3539 1175 3576 Annuitan'bus.

266 3622 331 3655 EX
351 3623 500 3662 omnibus,
520 3625 553 3655 ad
571 3635 661 3665 quos,
680 3626 743 3658 &c.
768 3624 900 3657 Salutem.

319 3662 417 3694 Sciatis
432 3663 529 3702 quod,

250 3698 298 3730 De
311 3700 410 3732 Gratia
425 3701 519 3731 nostra
531 3701 658 3742 speciali,
681 3703 714 3734 &
736 3702 977 3740 consideratione,
1009 3703 1105 3734 dilecti
1126 3701 1159 3734 &
1183 3700 1271 3734 fidelis

212 3734 419 3777 Consanguinei
435 3739 542 3777 nostri,
561 3744 645 3770 Ducis
658 3741 690 3771 de
704 3740 794 3778 Gelre,
809 3739 1007 3772 Conceffimus
1017 3765 1027 3780 ,
1046 3740 1151 3772 dilecto
1171 3741 1270 3777 nobis,

213 3772 342 3817 Jahnm'
356 3778 386 3807 de
402 3781 498 3816 Lm,
514 3777 708 3818 primogenito
732 3777 856 3810 Domini
877 3779 912 3810 de
934 3779 1058 3819 Heynbe
1106 3802 1116 3818 ,
1142 3777 1270 3809 Consan-

213 3818 317 3856 ἕψῃ-60
331 3816 410 3853 ipsius
425 3815 527 3860 Ducis,
542 3817 574 3847 ἃ
588 3827 641 3855 pro
655 3817 735 3847 bono
749 3817 870 3860 Servitio
885 3817 961 3856 quod
974 3818 1049 3849 idem
1057 3788 1201 3858 ἷῐέὼωηαε
1213 3827 1269 3848 no-

215 3849 257 3878 bis
278 3854 418 3893 impendet
442 3865 469 3883 in
490 3855 634 3893 futurum,
660 3855 787 3886 Centum
810 3855 924 3893 Libras,
950 3856 1138 3894 percipiendas
1161 3855 1269 3895 fingulis

213 3887 302 3918 Annis
314 3891 348 3919 ad
361 3891 540 3923 Scaccarinm
553 3892 699 3932 nostrum,
719 3893 753 3924 ad
768 3893 923 3924 Terminos
940 3894 1037 3925 Sant‘ii
1061 3894 1212 3926 Michaelis
1233 3894 1267 3925 δε

211 3923 344 3964 P²sChae2
360 3937 408 3965 per
422 3931 540 3969 aequales
556 3931 721 3970 Portiones,
739 3931 774 3962 ad
789 3940 877 3962 totam
894 3932 990 3963 Vitam
1015 3933 1095 3970 ipfius
1112 3931 1266 3972 johanni-5,

210 3962 421 4038 veffwvsqug‘
427 3977 479 4004 pro
490 3968 570 4002 Statu
583 3971 632 4002 fiio
645 3971 722 4003 aliter
736 3970 897 4004 duxerimus
909 3970 1106 4004 ordinandum.

294 4012 374 4042 cujus
422 4014 449 4035 c.

696 114 1501 167 coNvEeroNES,
1556 116 1943 168 LITERAE,

2405 183 2529 219 AnnD

1363 198 1454 234 Teste
1467 202 1550 243 Rege
1563 203 1637 244 apud
1652 202 1931 244 Wstmonasterinm,
1948 203 2093 238 vicefiino
2110 205 2157 237 die
2174 203 2258 239 Maii·
2429 209 2515 265 ,ᾗσι
2532 210 2541 220 ‘

2410 265 2462 292 nic.
2478 274 2505 294 ι.

1733 282 1789 311 Per
1805 283 1898 312 Breve
1917 280 1950 310 de
1967 281 2084 311 Privato
2102 281 2201 321 Sigillo-

506 360 704 400 ependencez,
723 369 777 397 que
790 359 846 390 ensi
860 358 967 389 serront
981 357 1134 395 accordez,
1150 358 1216 388 sanz
1223 357 1301 395 jam-*
1333 354 1505 388 Consimiles
1522 356 1628 388 Literas
1639 355 1728 396 Regis
1742 357 1846 390 habent
1857 357 2016 395 subscripti,
2033 357 2070 389 de
2087 357 2211 390 Summis
2232 357 2397 400 subscriptis,

1371 394 1406 426 ad
1416 395 1592 426 Terminum
1604 393 1682 426 Vitae
1690 418 1700 434 ,
1714 396 1764 426 sub
1775 395 1873 427 eadem
1888 395 1981 434 Data,
1997 395 2147 436 videlicet,

1373 468 1535 502 Edmundus
1551 471 1742 513 Endiffihorp,
1758 472 1904 504 Dominus
1918 471 1954 505 de
1966 471 2199 512 Gripenchanen.
2215 471 2303 507 Miles
2322 483 2397 515 prz-

1336 507 1408 541 dieti
1422 509 1533 550 Ducis,
1550 511 1587 542 de
1599 510 1814 551 Qinquaginta
1828 510 1930 542 Libris.

1720 589 1774 618 Per
1792 591 1886 620 Breve
1902 588 1935 619 de
1950 590 2070 619 Privato
2087 587 2187 627 sigillo.

1374 646 1508 695 Henri‘cus
1524 666 1659 697 Dominae
1677 665 1710 697 de
1728 664 1856 705 Ghemen,
1874 665 1961 696 Miles
1973 665 2045 697 disti
2057 665 2151 699 Ducis
2163 688 2173 704 ,
2191 665 2228 697 de
2247 664 2396 707 Quinqua-

1335 703 1413 741 ginta
1430 702 1532 734 Libris.

1784 743 1837 772 Per
1855 743 1947 772 Breve
1965 742 1998 772 de
2015 743 2133 772 Privato
2151 741 2250 781 sigillo.

1335 819 1436 827 -υ

1359 864 1418 902 Ad
1433 869 1548 915 Papam
1561 894 1573 911 ,
1595 870 1684 915 Regis
1699 868 1735 906 (ᾐ-
1757 870 1915 901 Procerum
1943 869 2071 910 Lirem,
2091 867 2185 917 [ἔφη
2210 869 2377 904 Horrenda

1642 913 1811 960 Exceffibus
1834 919 1929 951 Curia
1951 919 2099 951 Romam.

2415 1007 2484 1039 Ann
2501 1007 2543 1042 D.

1375 1075 1590 1117 circumspecta
1609 1077 1690 1109 Sedis
1710 1077 1886 1116 Apostolicae
1907 1076 2086 1109 Providentia
2106 1078 2218 1110 summe
2236 1079 2323 1111 debet
2342 1080 2399 1112 esse
2414 1056 2527 1123 aluiz}-

1335 1111 1457 1153 solicita,
1475 1125 1506 1146 ut
1521 1115 1724 1157 Omnipotenti
1740 1116 1807 1147 Deo
1818 1116 1916 1155 (cujus
1933 1118 1963 1146 in
1976 1117 2074 1147 Terris
2091 1117 2164 1149 Vice
2184 1118 2330 1157 fungitur)
2342 1120 2397 1150 sin—
2410 1127 2439 1152 R.
2461 1134 2488 1152 2.

1334 1154 1407 1183 ceris
1421 1156 1565 1186 mentibus
1581 1155 1729 1194 serviatur,
1743 1155 1776 1187 &
1791 1153 1893 1185 Cultus
1907 1164 1982 1186 verae
1995 1153 2152 1194 Religionis
2173 1157 2248 1193 (fine
2270 1167 2326 1197 qua
2346 1157 2395 1189 Sa·
2409 1162 2541 1200 Claus.13.

1333 1190 1377 1259 Ιὸε
1387 1192 1443 1261 egre
1458 1203 1517 1223 non
1531 1195 1652 1232 poterit)
1672 1193 1811 1225 Numero
1824 1192 1905 1224 simul
1920 1193 1954 1225 &
1970 1192 2080 1224 Merito
2094 1217 2104 1233 ,
2122 1195 2152 1225 in
2170 1195 2219 1226 fibi
2238 1196 2395 1228 commissis
2409 1204 2438 1228 R.
2460 1210 2487 1229 2.

1367 1240 1393 1260 vi
1418 1241 1448 1261 us
1463 1241 1497 1262 au
1516 1241 1594 1263 eatur
2431 1261 2437 1266 .
2457 1249 2485 1267 2.

1375 1268 1426 1308 Et,
1444 1240 1701 1310 quiagprobz'ibiliter
1714 1270 1857 1301 credimus
1871 1269 2027 1301 Devotioni
2041 1270 2200 1303 Sanetitatis
2222 1271 2324 1303 vestrae
2345 1272 2395 1304 hu·
2412 1245 2449 1305 ξη.
2469 1287 2498 1312 4.

1330 1306 1490 1375 {luscemodi
1505 1309 1592 1340 ineffe
1608 1309 1796 1348 propositum,
1812 1310 1934 1340 maxime
1947 1319 2014 1340 cum
2023 1310 2083 1348 jam
2096 1310 2206 1349 pridem
2221 1310 2256 1342 ad
2271 1311 2399 1349 Aposto-

1345 1345 1380 1376 'ci
1393 1347 1523 1378 culminis
1538 1347 1578 1378 Di
1599 1349 1716 1379 nitatem
1726 1349 1807 1378 eratis
1819 1347 1948 1387 assumpti
1963 1348 2096 1379 divinitus
2111 1372 2122 1388 ‚
2146 1359 2206 1387 prae
2225 1359 2256 1379 m
2313 1350 2395 1381 itudi-

1334 1392 1371 1427 ne
1385 1384 1517 1430 Scientiae
1530 1388 1563 1430 βε
1579 1357 1714 1425 ξΙίτωῐίε,
1733 1386 1968 1430 speramus,quod
1983 1386 2166 1431 Apostolatsis
2180 1387 2264 1418 vestri
2315 1389 2399 1419 isere-

1334 1429 1377 1453 t10
1390 1423 1511 1455 studebit
1529 1435 1558 1455 ιη
1579 1426 1714 1456 omnibus
1738 1428 1905 1456 Animarum
1924 1425 2010 1456 Saluti
2032 1426 2201 1464 consulere,
2223 1426 2339 1458 Error&
2363 1428 2397 1459 &

1333 1459 1469 1494 Scandala
1484 1463 1520 1493 de
1533 1463 1641 1502 Regno
1655 1463 1790 1495 Ecclesiae
1812 1473 1978 1502 removere,
2002 1464 2099 1495 fovere
2116 1464 2277 1505 Justitiatn,
2300 1465 2400 1496 Ausus-

1334 1508 1392 1537 que
1403 1500 1586 1533 Temerarios
1599 1512 1758 1542 amputare,
1777 1503 1811 1534 &
1852 1512 1883 1532 ut
1901 1512 1991 1533 unum
2010 1502 2137 1534 dicamus
2152 1525 2162 1541 ,
2185 1503 2253 1534 nulli
2273 1505 2398 1536 omnino

1333 1538 1406 1569 velle
1420 1549 1543 1579 nocere,
1562 1540 1600 1571 set
1613 1542 1748 1572 omnibus
1760 1542 1790 1571 iri
1806 1525 1938 1572 Comani
1958 1542 2105 1581 prodesse,
2126 1550 2157 1573 ut
2177 1551 2238 1574 non
2259 1552 2326 1583 qua‘.
2347 1542 2395 1574 sua

1333 1574 1412 1616 sunt,
1429 1578 1467 1609 set
1479 1588 1544 1617 quae
1555 1579 1619 1618 jesu
1635 1579 1741 1610 Christi
1753 1589 1878 1618 quaerere
1897 1578 2032 1609 videatur.

1369 1613 1554 1648 Confidimus
1565 1627 1660 1648 autem
1673 1617 1850 1656 Apostolicae
1864 1617 2031 1648 Celsitudini
2045 1625 2148 1649 notum
2161 1617 2219 1650 effe
2230 1619 2346 1658 qualiter
2364 1620 2396 1651 in

1334 1651 1442 1694 Regno
1456 1655 1556 1686 nostro
1579 1655 1688 1696 Angliae
1730 1655 1950 1695 Progenitorum
1969 1656 2151 1696 nostrorum,
2173 1656 2314 1696 Regnum
2335 1659 2397 1690 An-

1331 1692 1412 1731 gliae,
1429 1704 1463 1724 ac
1475 1694 1634 1726 Procerum
1649 1695 1682 1726 ει
1695 1678 1835 1725 incisum
1845 1694 1916 1725 dicti
1932 1693 1961 1724 R
1998 1696 2039 1733 ni,
2057 1697 2161 1726 niente>
2174 1697 2323 1728 recolenda
2331 1695 2395 1728 De-

1332 1732 1417 1776 votio
1433 1733 1466 1763 ad
1483 1732 1586 1763 Divini
1600 1732 1702 1764 Cultus
1715 1741 1898 1773 augmentum
1910 1703 2074 1777 *coffiruxit
2096 1733 2232 1766 Ecclesias
2245 1758 2256 1774 ,
2272 1736 2306 1767 ὅ(
2326 1735 2394 1774 ipfiis

1331 1770 1432 1809 amplis
1443 1771 1551 1802 dotavit
1565 1771 1803 1810 Possessionibus,
1821 1772 1854 1802 &
1869 1770 2024 1811 privilegiis
2038 1773 2165 1804 maximis
2183 1775 2392 1812 communivit3

1332 1817 1442 1847 ponens
1454 1810 1488 1841 δε
1502 1810 1676 1842 constituens
1694 1811 1713 1830 *⁸
1733 1812 1762 1841 in
1775 1809 1879 1841 eisdem
1895 1809 1979 1841 Viros
1996 1809 2116 1842 Idoneos
2130 1811 2165 1842 &
2181 1811 2327 1850 spirituales
2349 1812 2392 1844 A-
2408 1818 2424 1834 ⁴
2436 1818 2502 1848 VII.

1330 1847 1469 1887 gricolas,
1506 1850 1534 1879 ui
1544 1849 1658 1887 Agrum
1672 1847 1795 1880 Domini
1805 1848 1950 1888 diligenter
1963 1848 2135 1880 Studuerunt
2145 1851 2293 1889 excolere,
2309 1852 2342 1883 &
2356 1851 2393 1883 de
2407 1859 2470 1894 ⁶73-

1332 1886 1477 1919 reddendo
1485 1858 1597 1919 ‘issructu
1612 1888 1788 1932 temporibus
1804 1887 1855 1918 suis
1867 1887 2002 1932 Domino
2023 1887 2193 1919 laudabiliter
2215 1888 2394 1928 respondere3

1331 1924 1406 1957 adeo
1419 1935 1450 1958 ut
1465 1935 1533 1958 tunc
1549 1927 1605 1959 esse
1618 1927 1757 1958 videretur
1771 1927 1921 1967 impletum
1935 1936 1962 1956 in
1978 1926 2102 1957 Ecclesia
2122 1927 2295 1967 Anglicana,
2314 1929 2395 1965 quod

1332 1962 1440 1995 Semen
1452 1966 1558 1996 cecidit
1571 1967 1600 1996 in
1614 1967 1737 1997 Terram
1758 1967 1865 1996 bonam
1879 1988 1888 2003 ,
1907 1966 1940 1997 &
1962 1964 2100 1996 Fructum
2120 1967 2210 1997 attulit
2230 1967 2397 2006 copiosum,

1331 2002 1407 2046 aliud
1419 2004 1623 2043 Tricesimum,
1641 2006 1674 2038 &
1686 2004 1757 2034 aliud
1772 2003 2073 2043 Sexageiimum,aliud
2086 2012 2181 2035 autem
2195 2004 2229 2035 ad
2244 2005 2396 2046 perfeetio-

1329 2050 1373 2072 ms
1387 2040 1590 2074 Centenarium
1607 2044 1709 2074 meruit
1719 2043 1872 2083 pervenire.

1365 2078 1414 2111 Set
1427 2080 1615 2113 Horrendum
1628 2082 1699 2112 visu!
1718 2083 1752 2114 &
1769 2080 1958 2112 Lacrimabile
1975 2079 2018 2111 est
2040 2080 2145 2113 Auditu
2161 2080 2168 2111 Ε
2186 2081 2223 2112 de
2242 2080 2392 2114 Modernin

1328 2117 1469 2157 Agricolis
1485 2121 1553 2159 qui,
1572 2121 1713 2151 mittentes
1729 2129 1848 2150 manum
1861 2121 1895 2150 ad
1910 2119 2042 2150 Aratrum
2056 2143 2066 2158 ,
2096 2128 2231 2158 ceperunt
2252 2129 2328 2152 retro
2348 2132 2391 2152 re-

1328 2156 1450 2196 spicere,
1467 2169 1590 2198 quorum
1605 2158 1618 2190 Ι
1659 2158 1721 2189 avia
1740 2159 1816 2197 Ager
1831 2158 2006 2189 Dominicus
2018 2158 2159 2189 sterilescit
2175 2158 2314 2198 incultus,
2331 2169 2392 2191 non

1641 2198 1745 2228 tibulos
1759 2199 1932 2235 germinare,
1954 2198 2047 2228 immo
2065 2197 2138 2237 quasi
2159 2196 2233 2237 Pigri
2256 2197 2392 2230 Hominis

1336 999 1622 1062 Biia-tissima
1641 999 1797 1040 Pura,

1327 2196 1434 2227 cessans
1449 2198 1547 2236 Spinas
1562 2200 1595 2229 &

1328 2234 1404 2275 Ager
1415 2235 1500 2274 esset,
1515 2246 1562 2268 aut
1577 2236 1667 2267 Vinea
1681 2236 1743 2266 Viri
1766 2236 1849 2267 Stulti
1865 2259 1876 2275 ,
1900 2244 1989 2266 totam
2012 2235 2112 2266 misere
2133 2236 2240 2275 replent
2259 2234 2390 2275 Urtieae,

1325 2275 1457 2310 operiunt
1470 2275 1658 2314 Superficiem
1672 2276 1730 2311 ejus
1745 2274 1851 2314 Spinis,
1870 2275 1903 2306 ὃ(
1921 2274 2040 2305 Materia
2056 2274 2195 2312 Lapidum
2208 2274 2336 2306 flebiliter
2348 2274 2391 2306 est

1323 2311 1484 2352 destruGa3
1500 2315 1589 2352 dum,
1610 2324 1660 2351 per
1675 2313 1888 2352 Impositiones,
1907 2312 2097 2351 provisiones,
2116 2313 2150 2344 &
2166 2312 2391 2352 Reservationes,

1324 2351 1384 2380 tim
1398 2353 1554 2391 generales,
1571 2354 1657 2392 quam
1670 2353 1816 2391 speciales,
1841 2361 1891 2391 per
1913 2351 2016 2382 Sedern
2038 2351 2249 2391 Apostolicam,
2273 2362 2332 2382 non
2351 2353 2388 2384 ad

1324 2388 1451 2421 Pastore
1461 2391 1580 2422 idoneos
1600 2392 1628 2421 in
1652 2391 1784 2422 Ecclesiis
1804 2390 1977 2429 deputandos
1990 2413 2000 2428 ,
2024 2389 2060 2421 set
2081 2390 2115 2420 ad
2137 2389 2248 2421 Primos
2267 2390 2387 2422 Fructus

1322 2429 1488 2460 cumulatius
1500 2429 1689 2469 aggregandos
1706 2453 1715 2469 ,
1740 2431 1773 2460 &
1797 2429 1932 2468 Regnum
1955 2429 2067 2467 Angliae
2084 2429 2132 2460 suo
2150 2429 2296 2460 Thesauro
2322 2427 2385 2460 Pri-

1322 2467 1447 2498 vandum
1457 2490 1467 2507 ,
1484 2477 1514 2500 ut
1530 2468 1649 2499 Fructus
1661 2469 1753 2507 operis
1765 2468 1946 2499 verisimiliter
1963 2468 2067 2498 indicat
2079 2467 2236 2507 usurpatos,

1357 2506 1906 2576 3531?ffifssfflssrffifinfffssffiffifflffi
1919 2505 2311 2582 Efflffntffffizlssfflfflffie
2349 2555 2370 2576 0

1321 2583 1478 2624 minicum,
1496 2583 1574 2615 Oves
1587 2582 1695 2614 Christi
1711 2584 1780 2614 fiunt
1793 2582 1884 2622 praeda
1903 2582 2069 2626 Luporum,
2085 2583 2118 2613 δε
2140 2583 2196 2619 piae
2214 2581 2384 2622 Progenito-

1320 2631 1383 2651 rum
1397 2622 1558 2653 nostrorum
1575 2632 1607 2653 ac
1624 2621 1781 2653 Procerum
1795 2622 1828 2653 &
1844 2621 1983 2651 Fidelium
1997 2620 2199 2659 hleemofinae,
2216 2630 2317 2652 contra
2333 2631 2384 2652 eo-

1320 2660 1451 2691 rumdem
1465 2660 1650 2701 Intentiones‚
1666 2661 1696 2691 in
1710 2659 1893 2699 Voluptatem
1908 2659 2047 2691 transeunt
2060 2660 2095 2691 &
2110 2658 2227 2690 Delitias
2243 2659 2384 2698 Indigno-

1318 2708 1470 2768 ruiffiberae
1488 2737 1649 2782 Elee‘ciones
1661 2737 1848 2782 Ecclesiarum
1862 2735 2073 2781 Cathedralium
2086 2737 2120 2768 &
2144 2736 2258 2767 aliarum
2279 2736 2385 2777 Digni-

1320 2783 1426 2815 tatum,
1447 2776 1593 2815 Majorum
1608 2777 1641 2808 &
1660 2776 1810 2807 Minorum
1833 2776 2041 2812 Electivarum,

1357 2815 1489 2854 Qiarum
1506 2816 1616 2847 dudum
1631 2814 1806 2846 Collationes
1819 2814 1852 2845 ad
1867 2813 2061 2854 Progenitorae
2073 2811 2183 2843 nostros
2203 2812 2297 2853 Reges
2318 2813 2381 2844 An-

1318 2852 1401 2892 gliae‚
1420 2856 1448 2884 in
1463 2854 1576 2891 lingulis
1591 2853 1755 2885 earumdem
1773 2852 2069 2891 Vacationibus,Jure
2082 2851 2133 2882 suo
2152 2851 2181 2882 R
2220 2853 2247 2882 'o
2260 2875 2271 2891 ‚
2296 2855 2380 2889 perti-

1320 2892 1441 2930 nebant,
1457 2893 1490 2923 &
1506 2895 1541 2924 de
1555 2894 1656 2931 quibus
1671 2893 1740 2923 dicti
1756 2891 1955 2931 Progenitoroe
1970 2890 2078 2928 nostri,
2100 2890 2134 2920 ad
2156 2891 2185 2919 in
2226 2892 2314 2920 ntiam
2334 2892 2377 2921 di-

1321 2930 1377 2960 &ae
1390 2931 1466 2961 Sedis
1483 2931 1656 2970 Apostolicae
1671 2929 1867 2961 concesserunt
1879 2938 1939 2973 ut,
1950 2930 2012 2966 ipsis
2034 2928 2204 2959 Vacantibus
2218 2949 2229 2966 ,
2254 2929 2284 2960 in
2303 2928 2378 2959 futu-

1318 2965 2298 3049 fflssisssz‘ssssss'ffgffif‘ssflfizzffiefifizssssff‘s'?ffsffiflffimm
2320 3003 2379 3035 Eli-

1316 3045 1542 3114 gendgssicentia
1555 3046 1700 3088 primitiis,
1717 3055 1750 3076 ac
1765 3015 1843 3076 gadiis
1855 3043 2049 3075 Elefflonibus
2061 3042 2228 3074 eorumdem
2247 3053 2373 3081 peteren.

1318 3091 1328 3113 t
1350 3094 1363 3113 r
1493 3109 1499 3115 .

1331 3086 1555 3190 Ylslegigniitiqliac
1570 3131 1645 3160 parte
1660 3120 1851 3152 Conceffione
1865 3129 1913 3160 per
1927 3119 2031 3151 sedem
2047 3118 2241 3158 Apostolicam
2262 3129 2296 3150 ex
2309 3129 2374 3151 cer-

1317 3168 1346 3191 ta
1371 3170 1474 3191 cientia

1355 3184 1509 3229 Modicuin
1522 3199 1645 3230 omnino
1658 3208 1703 3229 aut
1718 3198 1826 3228 nullum
1842 3197 1991 3228 sortiuntur
2005 3196 2160 3235 effectum,
2179 3198 2271 3227 immo
2295 3196 2374 3235 quod

1313 3246 1328 3266 a
1343 3235 1448 3267 Seculis
1464 3238 1616 3268 inauditum
1632 3237 1689 3275 est,
1707 3236 1850 3267 Humanae
1866 3236 1943 3268 Artis
1956 3235 2087 3266 industria
2101 3244 2212 3266 tanturn
2225 3235 2371 3266 didicitA-

1312 3276 1418 3306 varitiae
1435 3275 1592 3313 Famulari,
1610 3284 1640 3306 ut
1655 3276 1674 3306 si
1688 3276 1762 3306 sorte
1778 3276 1892 3307 unicam
1907 3274 2063 3305 Ecclesiam
2075 3273 2270 3305 Cathedralern
2291 3283 2372 3305 vaca-

1313 3323 1376 3343 care
1389 3315 1555 3354 contigerit,
1575 3315 1630 3345 Sex
1644 3323 1690 3345 aut
1706 3314 1843 3353 Qiinque
1860 3313 2069 3343 Transsationes
2091 3312 2197 3342 Seduni
2217 3312 2320 3351 Episco
2340 3323 2370 3344 a-

1311 3351 1382 3382 lium
1396 3355 1534 3384 continuo
1550 3354 1743 3391 celebrantur,
1761 3362 1820 3383 non
1837 3361 1865 3382 ut
1877 3351 1912 3381 de
1932 3350 2042 3381 Virtute
2057 3350 2088 3380 fit
2109 3351 2235 3381 transitus
2253 3352 2282 3381 in
2333 3352 2370 3380 ir-

1312 3400 1402 3421 tutem
1437 3392 1557 3430 uousque
1572 3392 1650 3422 Deus
1664 3391 1798 3422 Deorum
1814 3392 1841 3420 in
1856 3389 1933 3429 Syon
1949 3388 2070 3419 benifice
2086 3388 2228 3426 videatur,
2243 3389 2281 3420 set
2294 3390 2368 3428 poti-

1312 3440 1361 3468 us,
1379 3438 1409 3461 ut
1432 3430 1508 3461 olvat
1520 3431 1632 3462 uberius
1646 3431 1695 3468 qui
1711 3429 1777 3460 Sali't
1795 3429 1876 3460 altius
1889 3450 1901 3466 ‚
1924 3429 1957 3459 &
1980 3427 2094 3467 Ymago
2115 3426 2233 3458 Caesaris
2255 3429 2284 3458 in
2303 3427 2371 3458 Do-

1313 3477 1395 3499 mum
1410 3467 1533 3500 Domini
1554 3469 1744 3507 multipliciter
1759 3491 1770 3507 ‚
1792 3466 1831 3497 set
1851 3475 1943 3498 tamen
1965 3465 2210 3497 abhominabiliter
2223 3489 2234 3506 ,
2251 3465 2365 3497 transfe-

1310 3515 1385 3537 ratur

1346 3532 1495 3578 Cc’eteriim
1508 3546 1537 3576 in
1551 3553 1660 3576 tantum
1676 3542 1807 3584 processit
1822 3543 1991 3575 Provisionis
2010 3543 2044 3576 &
2063 3541 2271 3574 Reservaticznis
2286 3540 2365 3584 Abu-

1312 3583 1369 3624 sio,
1388 3584 1467 3623 quod
1484 3583 1638 3625 Dignitates
1652 3582 1784 3614 Ecclefiae
1798 3582 1894 3621 Regni
1909 3581 1998 3612 nostri
2019 3582 2053 3613 δε
2074 3581 2213 3612 Beneficia
2232 3579 2366 3618 Pinguio-

1309 3633 1336 3653 ra
1344 3646 1355 3662 ‚
1373 3622 1478 3654 Curata
1491 3624 1525 3654 &
1537 3632 1597 3653 non
1610 3621 1730 3659 Curata,
1748 3620 1918 3658 Alienigenis
1935 3621 2137 3655 conferuntur,
2153 3617 2291 3661 interdum
2304 3617 2364 3646 for-

1308 3662 1380 3693 tasiis
1392 3661 1491 3692 Nobis
1504 3661 1620 3692 feraliter
1640 3659 1780 3698 Inimicis,
1803 3660 1837 3689 &
1849 3659 1904 3689 aliis
1917 3668 2059 3698 nunquam
2080 3656 2290 3692 RefidentibuS,
2307 3663 2361 3685 nec

1307 3701 1422 3731 residere
1433 3700 1589 3731 valenttbus
1601 3701 1630 3730 in
1646 3699 1766 3737 eisdem,
1785 3699 1833 3736 qui
1849 3697 1972 3738 Lignam
1985 3707 2044 3728 non
2059 3696 2229 3735 intelligunt,
2244 3701 2297 3723 nec
2311 3702 2363 3723 co-

1308 3737 1535 3777 gnoscuntOves
1550 3738 1604 3768 suas
1638 3748 1692 3768 nec
1707 3748 1721 3768 a
1736 3737 1786 3766 suis
1801 3736 1912 3767 Ovibus
1926 3736 2143 3776 cognoscuntur.
2245 3769 2250 3774 ,

1344 3777 1489 3808 Interdum
1503 3778 1586 3808 etiam
1608 3761 1716 3807 fneolae
1739 3774 1834 3815 Regni
1851 3775 1941 3806 nostri
1960 3796 1970 3813 ,
1994 3772 2141 3804 occasione
2165 3768 2363 3814 Prowfionum

1305 3815 1480 3854 hujusmodi,
1499 3824 1559 3845 non
1581 3816 1677 3845 vocati
1697 3825 1712 3844 a
1727 3812 1795 3843 Deo
1810 3835 1821 3851 ,
1845 3821 1978 3852 tanquam
2000 3811 2095 3841 Aaron
2108 3831 2118 3846 ²
2135 3807 2172 3852 set
2190 3807 2364 3852 Ambmoflss

1306 3854 1419 3884 aestibus
1434 3855 1541 3893 agitati,
1559 3863 1626 3883 cum
1643 3853 1662 3883 S
1671 3862 1683 3883 1
1692 3859 1720 3883 M
1728 3861 1748 3881 o
1758 3859 1780 3881 N
1790 3858 1809 3880 Ε
1829 3850 1867 3880 Μ
1877 3862 1897 3881 A
1906 3860 1928 3881 G
1937 3860 1970 3889 o,
1994 3845 2192 3890 Ecclesiasticae
2218 3845 2361 3893 Praelatio-

1306 3894 1348 3923 nis
1360 3891 1489 3931 Officiis,
1506 3900 1605 3922 contra
1625 3891 1742 3922 Sanctos
1762 3888 1895 3919 Canones
1907 3914 1916 3927 ‚
1934 3889 1960 3918 se
1978 3888 2105 3925 ingerunt
2129 3893 2310 3923 importune,
2326 3884 2363 3915 de

1303 3930 1404 3969 quibus
1417 3930 1487 3961 dicit
1503 3928 1664 3968 Dominus,
1683 3939 1733 3968 per
1745 3926 1935 3967 Prophetam,
1953 3925 2004 3963 Ipsi
2017 3923 2166 3953 currebant
2181 3923 2215 3954 δε
2230 3922 2294 3968 Ego
2301 3931 2362 3953 non

1303 3969 1451 3999 mittebam
1469 3977 1528 3998 eos:
1550 3967 1679 3998 Mortem
1692 3968 1778 3997 etiam
1794 3973 1853 3994 non
1884 3971 2026 4002 nunquam
2048 3961 2200 3993 desiderant
2226 3962 2363 3999 aliorum,

1301 4007 1460 4046 inquorum
1467 4006 1494 4038 se
1507 4006 1615 4046 sperant
1627 4005 1769 4040 Beneficia
1782 4002 1975 4040 Succeffmoe,
1993 3999 2056 4040 Qui
2069 4009 2186 4039 omnes,
2194 3999 2365 4068 Animansii:
