2561 4251
28 0 32 102 l

27 105 29 174 l
705 137 816 179 ET
901 131 1170 177 ACTA

38 249 54 270 n
75 235 117 268 D.
132 231 268 275 praedicis
281 226 421 267 steterint,
436 225 558 258 Actibus
571 223 730 257 Scolasticis
742 231 861 262 vacent,
880 224 914 256 δε
927 224 1081 267 quicquam
1093 228 1194 252 contra

37 262 82 310 ‚8²2
136 273 246 305 Statum
258 270 330 302 dieti
343 266 466 300 Domini
477 265 591 296 Summi
607 263 751 294 Pontificis
772 262 864 293 modo
885 262 1053 293 Scismanco
1074 270 1134 290 non
1151 268 1192 289 at-

19 330 22 335 ·
37 304 42 320 ²
59 300 92 347 2⁶
136 317 276 349 temptent
295 307 353 339 ullo
372 304 479 342 modo;
496 305 547 342 Sc,
565 303 584 333 fi
604 312 703 333 eorum
717 302 814 339 aliquis
826 301 902 331 secus
919 300 1037 344 ¹fecerit,
1056 298 1131 328 unde
1153 298 1193 341 le-

36 341 43 348 .
76 339 85 347 ’
134 349 235 390 gitime
255 344 401 378 Convinci
419 342 522 382 poterit
542 343 574 372 in
591 349 713 378 eventu,
730 348 799 370 tunc
821 339 976 377 quemlibet
996 336 1195 380 eorum,·tal1-

135 398 177 420 ter
198 388 374 419 deviantem,
394 390 463 412 cum
485 381 566 410 omni
582 379 659 418 Juris
679 379 709 408 in
726 378 780 409 hac
794 388 872 416 parte
891 378 984 415 rigore
1005 374 1142 418 castigetis
1159 375 1193 404 &

135 425 270 465 puniatis,
286 429 371 461 prout
385 418 474 459 Legei
489 419 578 449 nostri
594 417 706 456 Angliae
727 417 822 447 forent
841 417 870 446 in
892 415 964 445 Casu
982 412 1121 444 consimili
1142 422 1194 450 pu-

132 464 264 534 nie'ffi'ste
277 497 360 538 Rege
374 495 449 535 apud
463 493 752 528 Westmonasterium
761 516 770 530 ,
790 491 905 530 Qinto
918 490 964 521 die
978 489 1157 533 Decembris.

618 570 673 599 Per
685 571 820 606 Magnum
833 566 987 598 Concilium.

821 648 863 675 Et
878 652 940 675 erat
953 647 1064 675 Patens.

139 789 198 822 Pro
214 783 352 832 Epifiopo
368 779 570 823 Norwicenfi‚
591 779 688 826 fitpra
704 780 869 819 Cruenta,
894 775 938 808 ad
962 773 1076 808 ditium
1102 775 1198 808 Anti-

351 840 464 877 papam
479 826 701 862 Debellandum
710 854 720 870 ‚
747 822 981 859 Proclamanda.

17 938 54 960 ,m
77 924 109 957 D
142 915 269 978 REX
288 914 438 946 Univerfis
454 914 488 945 &
506 912 616 956 fingulis
635 910 884 955 VicecomitibuS,
910 907 1070 947 Maioribus
1083 932 1093 946 ,
1118 906 1201 938 Balli-

18 951 93 1008 Ὶχςὲπ..
112 948 120 957 .
219 957 278 994 vis,
305 952 459 991 Ministris,
484 952 518 983 &
539 952 597 982 alus
618 949 762 981 Fidelibus
779 949 848 986 suis,
865 947 900 978 ad
922 957 1014 986 quos,
1030 948 1091 979 &c.
1118 945 1203 977 Salu-

11 1005 14 1012 ¹
152 1005 207 1026 em.

23 1019 39 1036 ι’
56 1009 84 1034 6.
137 1004 150 1028 t
175 1033 257 1064 Cum
291 1027 487 1062 Sanfflffimus
499 1028 528 1058 in
539 1027 657 1058 Christo
670 1026 752 1058 Pater
765 1027 798 1058 δε
815 1025 978 1062 Dominus,
990 1023 1137 1055 Dominus
1149 1025 1204 1052 Ur-

8 1054 76 1112 linx.
92 1082 119 1108 5,
141 1071 246 1111 banur,
264 1056 373 1101 bivina
387 1066 588 1110 Providentia,
607 1069 650 1097 Pa
666 1077 685 1095 a
696 1069 881 1110 senua-per
893 1063 986 1110 Bullas
998 1064 1055 1093 suas
1075 1061 1202 1109 Aposto-

8 1119 20 1153 l-
139 1111 206 1142 neas
241 1118 322 1140 more
336 1105 482 1136 Romanae
496 1104 594 1135 Curiae
607 1104 650 1135 Bu
661 1105 742 1142 latas,
759 1105 792 1135 &
816 1113 845 1133 m
864 1102 958 1140 aliqua
975 1109 1053 1146 parte
1074 1101 1120 1132 sua
1141 1110 1203 1145 non

8 1129 107 1191 ’ζ’-ἰη
141 1135 293 1193 [υςρςᾈες,
311 1146 341 1191 in
356 1142 654 1213 virmffssobfdientff
668 1142 857 1210 mandgerit,
868 1140 1027 1208 Venerabili
1040 1149 1070 1170 in
1085 1138 1204 1207 Cssr!sts(e

8 1194 11 1255 ῖ
143 1177 1203 1265 {saian{3335,m:0&123.;aed251‚2'2i2..puisiBiiezzizssffljp&

7 1267 9 1273 ¹
143 1262 304 1303 hujusmodi
322 1260 489 1292 Crucmtam
510 1260 621 1290 summe
650 1265 873 1295 concernentia,
904 1263 1006 1286 contra
1032 1254 1204 1298 Robertum',

7 1277 9 1308 Ι
142 1303 216 1333 olim
235 1299 417 1332 Cardinalem
438 1297 561 1329 Bafilicae
581 1297 747 1328 Duodecim
767 1294 977 1334 Apostolorum
991 1293 1143 1336 vulgariter
1162 1292 1206 1322 di-

143 1342 243 1379 ἂυιη,
260 1336 422 1377 Gebuenfim
441 1339 612 1376 Antipapam
630 1334 811 1375 Scismaticum
829 1335 863 1366 &
883 1332 1069 1372 Apostatam,
1094 1330 1206 1374 ejusque

145 1378 315 1418 Complices
327 1378 360 1408 &
373 1376 523 1413 Fautores,
541 1375 718 1412 Receptores
733 1383 817 1411 atque
830 1371 1002 1416 CredenteS,
1021 1369 1114 1401 Manu
1128 1369 1207 1415 sorti,

146 1419 181 1451 δε
202 1417 260 1447 aliis
279 1416 331 1447 viis
350 1416 385 1447 &
404 1413 498 1444 modis
519 1422 553 1443 ex
570 1412 728 1451 hujusmodi
750 1412 927 1443 Auctoritate
953 1409 1003 1454 .s¹b¹
1029 1406 1184 1440 commlssa
1198 1428 1208 1445 ,

145 1456 348 1496 prosequatur,
366 1461 451 1492 prout
464 1453 493 1482 in
507 1451 592 1482 Bullis
605 1451 747 1489 praediffis
761 1450 867 1487 plenius
881 1455 1060 1486 continetur,

187 1494 272 1532 Nos,
298 1492 332 1523 ad
353 1491 465 1522 laudem
485 1489 560 1527 Dei,
587 1491 621 1521 &
641 1491 683 1520 ob
705 1488 909 1519 Defenfionem
929 1486 1043 1517 Sanetae
1063 1484 1208 1515 Romanae

148 1532 307 1569 Ecclesiae,
331 1540 364 1560 ac
385 1526 606 1566 Expeditionem
627 1527 805 1558 Guerrarum
827 1524 985 1568 nostrarum
1000 1547 1010 1564 ,
1045 1524 1082 1554 de
1100 1522 1207 1554 affensu

149 1569 280 1602 Concilii
299 1567 405 1606 nostri,
424 1566 613 1598 concessimus
633 1567 666 1597 &
692 1566 851 1596 Licentiam
870 1563 999 1594 dedimus
1012 1563 1070 1607 tam
1087 1562 1208 1607 praefato

149 1609 311 1648 Episcopo,
328 1606 416 1644 quam
432 1604 656 1643 quibuscumque
672 1604 769 1641 Ligeis
781 1603 883 1634 nostris
896 1603 929 1633 &
941 1601 1107 1640 Regnicolis
1142 1601 1209 1630 Lai-

148 1650 192 1680 cis
211 1648 245 1678 &
266 1645 402 1682 clericis,
421 1642 597 1674 Secularibus
612 1643 645 1674 &
659 1642 866 1680 Regularibus,
884 1640 1086 1684 cujuscumque
1098 1623 1209 1677 gntus,

149 1686 268 1717 Ordinis
289 1683 334 1714 seu
349 1681 533 1713 Conditionis
547 1681 667 1720 fuerint,
685 1683 734 1720 qui
748 1691 816 1711 cum
831 1679 949 1718 praefato
964 1679 1107 1723 Episcopo
1121 1687 1210 1710 trans-

149 1726 193 1757 ire
208 1723 352 1757 voluerint
361 1744 371 1761 ,
391 1720 472 1766 quod
487 1720 536 1758 ipfi
549 1720 582 1751 ad
598 1720 703 1751 dic‘mm
719 1718 898 1787 Cruciatanh,
910 1726 1011 1762 contra
1023 1717 1134 1762 dietum
1148 1717 1210 1747 An-

149 1771 291 1839 3533:ss
307 1762 342 1830 ἶῖξ
356 1757 864 1840 {iffibssicffigssssffipffrffiii‘}effla?
876 1756 1076 1839 {32332355
1084 1756 1209 1839 522³}AE

151 1840 320 1878 Superbiam
346 1838 380 1869 ὅ(
401 1836 586 1867 Pertinaciam
607 1835 676 1865 disti
698 1835 848 1876 Antipapae
867 1834 901 1865 &
921 1834 971 1864 11b1
992 1833 1209 1864 Adhaerentium

151 1877 359 1915 Debellandas,
377 1874 469 1906 modo
483 1874 631 1905 Guerrino
643 1875 676 1905 &
693 1873 873 1910 Manuforti,
891 1872 1006 1903 transire
1021 1871 1143 1915 poffint,
1157 1871 1211 1902 illis

151 1926 264 1954 tamen,
279 1916 328 1954 qui
339 1913 535 1983 nob‘iscumd&
549 1922 619 1968 curn
631 1911 932 1981 {aeterisnlv—Iagnatibus
946 1909 1044 1949 Regni
1055 1909 1144 1941 nostri
1157 1920 1210 1949 pro

152 1955 269 2024 (ἓξὲξ
277 1959 637 2027 ξῗίῗὸῃξιιοὲἰὲῗὸευέιξῇῗὲἓῑ
650 1960 780 2034 Jgsssffilrsn
795 1988 970 2033 Injungirnus
988 1989 1027 2032 δε.
1037 1986 1212 2033 Mandarnus

152 2032 235 2073 quod
256 2031 356 2062 omnia
371 2031 406 2061 &
426 2028 532 2067 fingula
550 2027 712 2066 Praemiffa‚
736 2038 765 2058 in
785 2027 873 2058 Locis
891 2027 940 2057 ubi
961 2026 1062 2056 melius
1080 2025 1213 2063 expedire

152 2071 295 2110 videritis,
312 2070 375 2102 tam
391 2069 462 2099 infra
484 2067 654 2105 ubertates,
679 2067 768 2105 quam
790 2074 880 2104 extra,
909 2065 1023 2104 publice
1046 2065 1212 2103 proclamari

151 2111 280 2181 ἡςῗιὲίῗσ
295 2144 382 2186 Rege
395 2144 470 2187 apud
482 2143 759 2186 Wstmonasterium,
776 2143 863 2175 Sexto
878 2142 924 2174 die
939 2141 1121 2173 Decembris.

8 2003 21 2024 Ι
38 2002 106 2032 vn.

0 2051 65 2080 '‘373-

636 2224 690 2253 Per
703 2221 784 2262 ipsum
794 2223 890 2259 Regem
902 2218 940 2256 ό·
955 2218 1107 2250 Concilium.

382 2354 433 2387 De
446 2364 502 2386 non
519 2349 662 2386 mittendo
676 2349 721 2385 ad
731 2350 980 2385 Parliamentum.

3 2460 5 2465 ι
157 2439 278 2498 REX
292 2439 453 2478 Omnibus,
470 2439 506 2471 ad
521 2448 610 2478 quOS,
623 2439 684 2470 &e
702 2437 835 2468 Salutem.

0 2457 134 2540 Λιιξξέὶ
177 2518 182 2523 .
244 2479 352 2524 ‘Sciatis
365 2478 462 2517 quod,
478 2478 514 2508 de
527 2476 628 2522 Grati}⁴
642 2476 737 2508 nostra
756 2475 882 2515 speciali,
900 2474 988 2522 ΕΘΝ
998 2483 1013 2505 c
1022 2482 1040 2505 Ε
1051 2482 1063 2506 s
1073 2482 1085 2505 s
1094 2482 1107 2505 1
1116 2480 1144 2504 M
1153 2481 1175 2504 u
1184 2481 1216 2512 S,

4 2539 55 2567 ⁴¹⁶·
71 2539 100 2566 ⁶·
154 2516 377 2586 ddiffiissi'ffi'
395 2511 1002 2597 &255²AEssss²2ffassiffi‘ssussgss‘ss'2iffiiqa
1020 2551 1106 2583 «ιω
1130 2551 1214 2596 vince

3 2580 36 2644 ξ’
52 2585 96 2641 ²⁸6
156 2592 249 2629 Muro
267 2593 305 2625 de
327 2594 409 2625 Petra
430 2594 464 2625 &
483 2593 572 2624 Calce
586 2616 596 2632 ‚
620 2594 648 2623 in
669 2591 865 2622 Relistentiam
886 2592 1098 2628 Inimicorum,
1123 2591 1143 2621 si
1164 2601 1214 2629 qui

22 2622 60 2643 Μ·
100 2636 107 2642 ”
156 2633 260 2664 Villam
274 2633 348 2663 illam
360 2632 449 2663 forsan
463 2632 595 2662 invadere
609 2630 728 2668 vellent,
745 2640 889 2668 apponere
904 2629 1069 2667 intendunt,
1087 2629 1121 2659 ad
1137 2629 1215 2667 quod

4 2655 135 2719 ξιιξι·
155 2670 238 2709 Opus
263 2670 441 2710 implendum
467 2670 583 2701 firmum
610 2670 791 2708 Propositum
811 2670 870 2708 jam
893 2668 1065 2707 sumpserunt
1086 2668 1157 2698 licut
1175 2667 1218 2697 di-

155 2717 291 2786 cuthiod
312 2748 381 2786 ipsi,
399 2757 450 2785 per
472 2748 612 2786 Qinque
633 2746 748 2784 Annos,
766 2747 901 2784 proximo
916 2745 1075 2789 sequentes,
1094 2743 1218 2788 plenarie

157 2785 318 2824 completos
339 2787 451 2823 penitus
470 2786 522 2816 lint
543 2786 693 2815 Exonerati
717 2785 749 2814 ad
765 2784 937 2814 mittendum
953 2783 998 2814 seu
1013 2781 1216 2813 inveniendum

156 2825 265 2862 aliquos
276 2823 506 2863 Comburgenses
519 2823 582 2854 suos
594 2823 681 2853 dictae
700 2822 782 2852 Villae
792 2822 827 2851 ad
843 2822 1023 2852 parliamenta
1046 2820 1155 2858 nostra,
1174 2822 1218 2850 in-

156 2864 198 2894 fra
213 2862 291 2893 idem
305 2870 415 2902 tempus
429 2861 567 2900 tenenda,
580 2862 615 2891 ita
630 2861 738 2898 semper
753 2860 835 2898 quod
848 2860 934 2890 iidem
948 2858 1100 2897 Burgenses
1107 2860 1218 2890 dietum

156 2901 265 2939 opus,
289 2901 359 2930 infra
381 2901 532 2938 praedietos
552 2900 692 2939 Qinque
712 2898 811 2930 Annos
826 2922 836 2938 ,
866 2898 1012 2938 perficiant
1030 2900 1110 2937 juxta
1132 2897 1219 2929 Posse

156 2939 255 2976 suum,
272 2947 302 2969 ut
315 2939 482 2976 praedierum
497 2939 548 2970 est.

231 2977 265 3008 In
277 2979 373 3017 cujus,
391 2978 452 3009 &c.

192 3015 283 3051 Teste
295 3016 379 3060 Rege
395 3015 469 3060 apud
484 3014 759 3057 Wstmonasterium,
774 3015 947 3047 duodecimo
962 3014 1008 3046 die
1018 3013 1202 3046 Decembris.

636 3096 691 3125 Per
704 3096 798 3124 Breve
810 3094 842 3124 de
856 3096 975 3123 Privato
988 3090 1087 3130 Sigillo.

331 3226 379 3260 De
396 3222 542 3258 Navibus
558 3223 721 3268 arestandis
733 3236 788 3271 pro
807 3225 939 3272 Paffizgio
958 3228 1053 3272 Regis.

8 3316 85 3348 Arm,
97 3315 139 3348 D,
156 3308 289 3366 REX,
308 3307 415 3352 dile&o
437 3308 472 3340 &
492 3306 567 3340 fideli
584 3308 650 3346 suo,
670 3308 792 3339 Waltero
811 3313 878 3339 Fitz
901 3312 1032 3348 Wauter,
1059 3309 1218 3340 Admirallo

28 3356 115 3395 1382.
230 3347 322 3380 Flotae
336 3346 468 3378 Navium
484 3346 574 3378 versus
588 3356 676 3384 partes
688 3347 831 3386 Boreales,
849 3348 981 3379 Salutem.

7 3397 59 3423 An.
73 3397 102 3423 6.
195 3383 382 3417 Advertentes
425 3385 519 3416 ualiter
541 3384 654 3415 Carolus
687 3385 878 3424 Adversarius
898 3385 984 3425 noster
998 3390 1120 3417 Franciae
1135 3385 1218 3416 Prin-

7 3435 36 3460 ῃ,
54 3442 80 3462 2,
157 3423 271 3463 cipalis,
287 3423 438 3466 subjugata·
450 3423 499 3453 fibi
520 3423 643 3454 maxima
661 3410 742 3455 i’arte
762 3425 916 3463 Flandriae,
940 3434 1005 3463 quae
1024 3425 1061 3455 de
1084 3424 1220 3455 Amicitia

7 3472 82 3500 tran.
93 3472 121 3500 6.
157 3461 254 3493 nostra
266 3462 416 3499 existebat,
427 3470 487 3499 Jam
498 3461 533 3493 ad
547 3461 745 3493 Obfidendum
761 3462 865 3493 Villam
880 3462 1006 3493 nostram
1021 3462 1217 3501 Calesii,cum

9 3511 119 3538 Ram.
158 3502 242 3531 omni
256 3500 341 3531 Poffe
353 3500 420 3537 suo,
437 3509 521 3540 prout
537 3500 765 3532 certitudinaliter
778 3501 981 3540 intelleximus,
999 3502 1025 3531 se
1039 3500 1148 3533 festinat
1182 3501 1219 3532 de

13 3552 56 3582 ¹5·
156 3539 328 3570 avisamento
341 3539 374 3570 &
389 3536 496 3569 assensu
510 3537 611 3577 Magni
627 3537 755 3570 Concilii
769 3539 876 3578 nostri,
889 3539 924 3570 ad
938 3539 1136 3571 Resistendum
1190 3550 1220 3570 a-

157 3576 226 3610 litiae
239 3577 311 3609 dieti
327 3576 483 3608 Adversarii
497 3575 603 3616 nostri,
620 3577 654 3608 &
669 3578 704 3608 ad
716 3578 877 3617 hujusmodi
890 3578 1097 3616 Obfidionem,
1116 3578 1136 3608 fi
1154 3589 1219 3617 quae

157 3615 285 3655 ibidem,
307 3614 386 3655 quod
407 3615 491 3653 absit,
517 3614 590 3645 faeta
608 3615 716 3653 fuerit,
734 3617 847 3647 favente
868 3616 1025 3655 Domino,
1048 3616 1220 3648 Removen-

157 3652 227 3685 dum
236 3679 246 3693 ,
254 3664 370 3686 necnon
382 3654 423 3684 ob
430 3653 771 3694 RecuperationemJuris
786 3655 876 3685 nostri
891 3655 969 3693 quod
980 3655 1014 3686 ad
1023 3655 1173 3686 Coronam
1182 3656 1217 3687 δε

158 3688 296 3732 Regnum
313 3693 442 3724 Franciae
456 3693 570 3736 notorie
581 3693 741 3730 optinemus
748 3703 797 3732 ,ac
806 3693 1012 3724 Defensionem
1021 3693 1116 3732 Regni
1129 3694 1218 3724 nostri

158 3729 272 3770 Angliae
284 3730 460 3764 &Ecclesiae
467 3730 633 3769 Anghcanae
647 3731 813 3769 meliorem,
821 3733 949 3770 cepimus
961 3731 1076 3762 firmum
1086 3732 1219 3770 Propofi-

157 3775 221 3798 tum
240 3770 274 3801 δε
295 3769 478 3801 Voluntatem
497 3769 651 3806 perfeetam
671 3770 763 3800 versus
782 3779 872 3809 partes
891 3769 1100 3801 Transmarinas
1115 3793 1124 3809 ,
1149 3780 1218 3801 cum

158 3805 309 3839 Comitiva
322 3807 499 3846 Procerum,
519 3807 706 3846 Magnatum,
720 3809 753 3840 &
768 3807 924 3838 Nobilium
938 3809 1124 3847 plurimorum
1135 3808 1219 3847 ,Ma-

157 3851 199 3875 nu
213 3844 298 3884 ibrti,
316 3856 384 3878 curn
399 3847 484 3878 omni
497 3845 675 3877 festinatione
695 3845 836 3885 poffibili‚
854 3847 969 3879 volente
989 3847 1141 3886 Domino,
1156 3857 1220 3886 per·

157 3881 287 3914 sonaliter
300 3884 461 3924 proficisci,

193 3919 232 3954 Et
251 3921 320 3952 ideo
338 3923 438 3962 vobis,
455 3925 484 3954 in
507 3923 577 3954 Fide
590 3924 624 3955 ὃς
640 3922 786 3960 Ligeantia
801 3923 902 3961 quibus
915 3924 998 3954 nobis
1012 3925 1165 3962 tenemini,
1183 3925 1218 3956 &

154 3967 240 3998 prout
251 3958 440 4003 Salsa-tionem
456 3960 551 4002 Regni
566 3961 657 3993 nostri
671 3961 783 4001 Angliae
819 3961 955 3993 Eccleliae
965 3963 998 3993 &
1013 3962 1095 3992 Villae
1117 3964 1218 4001 praedi-

153 3996 271 4029 &orum
286 3997 409 4037 diligitis,
427 3997 542 4031 firmiter
554 4000 746 4040 injungendo,
763 3984 934 4030 Mandamus
946 4000 1026 4070 ιὲυὸά
1048 4001 1157 4040 statim,
1175 4003 1219 4032 vi—

152 4035 186 4067 fis
199 4034 398 4074 praesentibus,
415 4045 448 4067 ac
462 4040 597 4071 omnibus
612 4039 670 4072 aliis
683 4037 887 4079 praetermissis‚
901 4040 935 4072 &
977 4039 1137 4072 xcusatione
1150 4050 1220 4080 qua—

205 4077 279 4107 m.
293 4077 352 4105 111.
365 4076 399 4105 P.
421 4076 480 4104 ΠΙ.

1255 133 1735 175 PUBLICA.
2223 145 2296 184 145

1234 228 1361 257 cumque
1372 219 1548 257 cessante,ac
1555 218 1690 249 Periculis
1699 228 1780 257 ,quae
1794 228 1829 249 ex
1845 218 2013 258 negligentia
2029 219 2058 248 in
2072 218 2127 248 hac
2142 223 2220 255 parte
2231 227 2300 248 eve-
2314 215 2388 245 Ann—
2399 213 2441 245 D.

1238 259 1300 287 nire
1313 258 1444 295 possent,
1460 258 1556 288 debite
1578 257 1774 295 consideratis,
1793 257 1929 287 universas
1952 260 1984 288 ὅτ.
2006 257 2124 294 singulas
2143 255 2242 286 Naves
2264 258 2296 286 &
2333 255 2419 293 1382-

1236 296 1286 326 alia
1301 295 1370 326 Vasa
1383 305 1572 334 quaecumque
1587 295 1708 335 Portagii
1721 294 1834 333 Viginti
1850 296 2004 325 Doliorum
2026 297 2058 326 δε
2079 295 2165 332 ultra,
2180 295 2241 325 tam
2260 295 2295 324 de
2308 294 2360 321 Ric.
2380 302 2408 319 2·

1239 333 1346 372 Regno
1359 334 1460 364 nostro
1473 335 1519 364 An
1541 335 1605 372 liae,
1622 336 1710 371 quam
1723 333 1759 363 de
1774 333 1830 364 aliis
1846 333 1972 363 Partibus
1991 334 2235 371 quibuscumque,
2253 334 2297 362 in-

1237 372 1279 402 fra
1294 372 1472 403 Admiratum
1486 382 1522 403 ve
1548 383 1610 402 rum
1622 374 1680 410 jam
1694 372 1855 411 existentia,
1873 373 1906 402 &
1918 381 2030 402 exnunc
2048 371 2153 410 futura,
2171 371 2207 402 de
2224 380 2299 403 tem-

1239 420 1311 449 pore
1323 411 1351 439 in
1366 418 1492 448 tempus,
1510 411 1614 440 faciatis
1629 410 1764 446 Arestari,

1277 448 1317 478 Ita
1332 448 1413 487 quod
1428 449 1527 479 omnia
1540 449 1639 478 Naves
1654 449 1687 479 δε
1702 448 1771 479 Vasa
1785 448 1946 487 hujusmodi
1969 449 2088 478 habeatis
2109 447 2245 486 prompta
2263 450 2298 481 ὃς

1241 485 1354 524 Parata,
1370 486 1442 524 apud
1463 486 1662 524 Sandwicum,
1681 488 1710 516 in
1733 486 1815 516 Festo
1837 487 1933 518 Sanffl
1950 486 2078 524 Hillarii,
2096 489 2230 524 proximo
2253 487 2299 519 fu-

1241 533 1321 563 turo,
1338 524 1372 554 ad
1387 524 1539 561 ultimum,
1555 524 1590 554 ad
1610 523 1836 555 Deserviendum
1857 525 1955 555 Nobis
1977 534 2030 563 pro
2048 524 2178 561 Paffagio
2201 525 2299 557 nostro

1241 564 1275 594 &
1297 564 1417 593 aliorum
1442 561 1581 592 Fidellurn
1601 562 1781 601 nostrorum,
1800 563 1848 601 qui
1871 572 1904 593 ex
1926 564 2012 594 caulis
2034 564 2190 601 praedicitis,
2208 565 2301 595 versus

1241 600 1338 670 {artis
1357 601 1582 638 Transmarinas,
1598 601 1628 630 in
1650 599 1798 632 Comitiva
1819 600 1931 639 nostra,
1950 610 1980 632 ut
1999 603 2194 641 praemittitur,
2215 611 2302 633 trans-

1254 649 1310 670 reta
1333 648 1392 669 unt.

1278 677 1368 709 Teste
1389 676 1472 717 Rege
1486 678 1560 715 apud
1576 675 1834 716 Wstmonasterjum
1843 701 1852 715 ,
1867 677 2041 709 duodecimo
2055 678 2103 710 die
2119 678 2301 710 Decembris.

1720 754 1772 782 Per
1787 752 1868 792 ipfiam
1882 756 1976 791 Regem
1989 753 2027 788 ὠ·
2045 754 2197 785 Concilium.

1282 829 1420 871 Confimile
1432 832 1524 859 Breve
1537 829 1663 866 dirigitur
1673 828 1797 867 Johanni
1813 829 1930 860 Roches
1939 855 1948 867 ,
1967 831 2124 862 Admirallo
2137 831 2223 863 Flotae
2238 835 2304 865 Na-

1244 873 1322 900 vium
1336 869 1429 908 versus
1438 876 1532 907 partes
1543 867 1745 905 Occidentales‚
1757 867 1810 906 fitb
1825 869 1917 898 eadem
1930 872 2022 899 Data.

1343 991 1367 1015 *
1388 994 1436 1026 De
1450 994 1579 1026 Nnnciis
1595 992 1697 1037 verfhs
1716 993 1834 1025 Ducem
1850 992 2015 1026 Hollandiae
2031 994 2196 1029 mittendis.
2320 995 2337 1012 ⁴⁸
2348 996 2417 1025 VII·

1249 1076 1362 1134 REX
1386 1077 1520 1108 universis
1540 1078 1573 1108 &
1596 1077 1707 1116 singulis
1730 1076 1840 1108 Amicis
1862 1079 1895 1109 &
1916 1077 2056 1108 Benivolis
2075 1079 2142 1118 suis,
2169 1082 2198 1112 in
2217 1080 2309 1113 Parti-
2325 1073 2400 1101 Asm-
2413 1071 2454 1103 D·

1320 1118 1372 1147 bus
1389 1116 1591 1148 Transmarinis
1609 1115 1768 1147 constitutis
1774 1140 1784 1155 ,
1803 1126 1918 1147 necnon
1942 1117 2117 1157 Admirallis,
2143 1120 2205 1151 ὅτε.
2231 1120 2312 1152 Salu-
2326 1111 2439 1177 A1322⁴

1249 1161 1318 1185 tem.
2355 1161 2379 1177 n.
2415 1171 2421 1178 ·

1287 1193 1386 1224 Sciatis
1401 1193 1498 1232 quod,
2326 1192 2355 1215 R.
2378 1198 2405 1215 ²·

1289 1231 1388 1271 Cum,
1404 1232 1525 1263 dilectos
1541 1230 1669 1270 nostros,
1688 1230 1816 1262 Thomam
1833 1232 1952 1274 cheyne,
1970 1233 2156 1272 Armigerum
2178 1234 2311 1267 Camerae
2326 1230 2415 1254 Franc.

1253 1269 1374 1313 nostrae,
1395 1273 1437 1300 W
1438 1269 1575 1300 illielmum
1588 1273 1752 1309 Brampton,
1771 1271 1804 1301 ὃς
1818 1272 1946 1302 Thomam
1962 1274 2077 1313 Wyght,
2095 1273 2182 1304 Cives
2202 1274 2312 1307 Civita-
2328 1268 2391 1295 ⁶·R·
2412 1275 2439 1293 ²‘

1251 1315 1285 1338 tis
1305 1308 1409 1339 nostrae
1430 1309 1609 1347 Londoniae,
1627 1319 1660 1340 ac
1683 1308 1861 1339 Willielmum
1884 1313 2006 1349 Leaute,
2025 1313 2057 1343 &c
2083 1315 2223 1350 Hugonem
2247 1316 2312 1354 ΗΧ]-
2326 1314 2364 1333 m·
2385 1313 2427 1338 ’4-

1252 1345 1330 1375 thum
1344 1347 1431 1377 Cives
1447 1346 1576 1379 Civitatis
1588 1347 1691 1378 nostrae
1707 1347 1882 1386 Lincolniae,
1902 1359 2000 1388 penes,
2019 1350 2182 1389 Nobilem,
2199 1353 2232 1383 &
2254 1352 2312 1384 Po-

1253 1393 1359 1415 tentem
1379 1385 1500 1424 Virum,
1517 1385 1697 1423 Albrightum
1718 1389 1821 1416 Ducem
1842 1387 1988 1417 Holandiae
2009 1389 2042 1419 &
2064 1388 2209 1428 Selandiae,
2229 1390 2313 1422 Con-

1253 1422 1433 1462 sanguineum
1448 1424 1578 1455 nostrum
1594 1423 1782 1463 cariffimum,
1801 1435 1833 1456 ac
1847 1434 1934 1456 certas
1955 1426 2090 1457 Civitates
2109 1429 2142 1459 &
2164 1428 2249 1460 Villas
2270 1431 2313 1468 ip-

1255 1460 1307 1491 sius
1320 1461 1428 1501 Ducis,
1447 1473 1500 1500 pro
1539 1462 1681 1492 uibusdam
1696 1462 1847 1502 Negotiis,
1867 1464 1936 1495 Nos
1953 1466 1987 1496 &
2009 1465 2117 1496 Statum
2140 1465 2239 1505 Regni
2260 1478 2316 1499 no-

1254 1499 1303 1530 stri
1317 1500 1483 1540 Angliae,ac
1538 1509 1698 1531 ercatorum
1712 1501 1833 1532 e'usdem
1847 1503 1880 1533 &
1893 1503 2013 1533 aliorum
2028 1503 2228 1536 Mercatorum
2241 1516 2316 1544 quo-

1254 1548 1462 1579 rumcumque,
1476 1538 1512 1569 de
1527 1538 1660 1569 Amicitia
1674 1548 1713 1569 no
1741 1549 1770 1570 ra
1783 1539 1962 1571 existentium
1972 1565 1980 1579 ,
2000 1543 2101 1572 intime
2116 1547 2316 1575 concernenti-

1255 1576 1323 1616 bus,
1341 1578 1453 1609 favente
1467 1577 1618 1615 Domino,
1635 1576 1755 1608 feliciter
1775 1578 1979 1618 expediendos,
1994 1582 2053 1619 jam
2064 1604 2073 1619 ,
2091 1581 2127 1611 de
2145 1583 2317 1615 aviiamento

1254 1615 1380 1647 Concilii
1393 1616 1500 1655 nostri,
1515 1616 1676 1647 duxerimus
1690 1615 1932 1655 transmittendos,

1292 1654 1353 1685 Vos
1368 1653 1489 1686 Amicos
1503 1655 1535 1686 ἃ
1552 1653 1703 1685 Benivolos
1717 1653 1829 1685 nostros
1839 1654 1989 1693 specialiter
2005 1656 2191 1694 Requirimus
2204 1659 2237 1690 ὃς
2250 1659 2318 1690 Ro-

1254 1702 1376 1732 gamus,
1401 1694 1484 1725 vobis
1507 1693 1601 1732 Ligeis
1621 1692 1656 1723 &
1676 1692 1815 1723 Fidelibus
1836 1693 1937 1724 nostris
1950 1718 1959 1732 ‚
1986 1693 2102 1725 firmiter
2123 1696 2320 1737 injungendo,

1255 1732 1417 1763 mandantes
1435 1731 1516 1771 quod
1558 1732 1627 1762 curn
1649 1731 1770 1770 praefati,
1797 1731 1944 1771 Thomas,
1962 1732 2152 1771 willielmus,
2169 1736 2319 1775 Thomas,

1253 1770 1426 1802 willielmus
1441 1793 1451 1810 ‚
1474 1771 1508 1802 δε
1523 1755 1561 1800 ’H

1254 1810 1367 1848 Paffus,
1385 1810 1429 1840 seu
1445 1808 1599 1840 Distrietus
1612 1807 1735 1845 vest’rOS,
1754 1817 1788 1838 ex
1801 1809 1854 1839 hac
1869 1810 1963 1847 causa,
1980 1810 2150 1849 transierint,
2168 1811 2214 1844 seu
2231 1822 2320 1843 trans-

1254 1850 1315 1879 ierit
1330 1872 1340 1886 ,
1357 1848 1429 1885 ipsos
1447 1848 1481 1879 &
1500 1856 1600 1878 eorum
1623 1847 1795 1885 quemlibet,
1815 1847 1904 1877 nostri
1928 1850 2045 1887 intuitu,
2064 1850 2187 1888 benigne
2203 1850 2314 1882 Pertra-

1254 1887 1351 1924 ἂεῑίε,
1368 1885 1591 1924 Manuteneatis,
1610 1885 1781 1924 protegatis,
1798 1885 1831 1916 &
1849 1885 2031 1925 Defendatis,
2047 1897 2079 1917 ac
2092 1889 2130 1917 eis
2144 1887 2318 1928 Consilium,

1254 1925 1419 1963 Auxilium,
1438 1925 1471 1956 &
1486 1925 1626 1956 Favorem
1642 1923 1829 1961 impendatis,
1848 1933 1932 1962 prout
1951 1935 2001 1957 vos
2022 1926 2120 1956 Amici
2136 1927 2168 1957 ὅ(
2189 1927 2318 1960 Benivoli

1255 1964 1344 1995 nostri
1359 1964 1464 1995 velletis
1479 1962 1615 1994 Nuncios
1627 1962 1673 1993 seu
1688 1961 1833 1992 Homines
1847 1962 1970 2001 vestros,
1989 1964 2060 1994 infra
2075 1963 2247 1996 Potestatem
2264 1977 2319 1997 no-

1256 2003 1358 2041 stram,
1376 2004 1404 2032 in
1426 2001 1499 2033 Casu
1520 2001 1677 2038 consimili,
1696 2001 1854 2038 pertractari
1890 2011 1950 2032 non
1966 2002 2118 2033 inferentes
2131 2004 2188 2041 eis,
2205 2004 2250 2035 seu
2268 2015 2321 2036 eo-

1257 2051 1321 2073 rum
1341 2042 1439 2080 alicui,
1456 2042 1486 2071 in
1505 2040 1650 2078 Personis,
1666 2039 1768 2077 Bonis,
1785 2047 1832 2070 aut
1854 2024 1953 2070 Rebus
1974 2040 2026 2071 suis
2048 2041 2201 2080 aliquibus,
2224 2043 2319 2075 versus

1257 2090 1347 2117 partes
1367 2079 1513 2118 praedietas
1535 2078 1646 2114 eundo,
1663 2077 1771 2108 ibidem
1792 2078 1951 2115 morando,
1970 2079 2002 2110 ὃς
2024 2080 2142 2117 exinde,
2159 2081 2323 2121 redeundo,

1257 2119 1410 2158 Injuriam,
1430 2116 1613 2154 Molestiam,
1632 2116 1818 2154 Dampnum,
1836 2117 2028 2156 Violentiam,
2046 2118 2196 2158 Arestum,
2221 2119 2320 2159 Impe-

1257 2158 1418 2189 dimentum
1429 2156 1562 2195 aliquod,
1579 2157 1624 2187 seu
1640 2154 1825 2192 Gravamen,

1297 2196 1335 2228 Et
1359 2196 1379 2226 sl
1401 2195 1469 2233 quid
1488 2197 1543 2234 eis,
1560 2195 1607 2226 vel
1629 2203 1730 2224 eorum
1743 2194 1841 2231 alicui,
1860 2193 2048 2226 Forisfaemm
2064 2195 2120 2225 five
2134 2195 2321 2236 Iniuriarum,

1257 2236 1303 2267 seu
1325 2243 1425 2266 contra
1443 2234 1532 2273 ipsos,
1548 2233 1594 2265 seu
1615 2242 1715 2264 eorum
1736 2232 1873 2270 aliquem,
1891 2234 1983 2264 minus
1998 2234 2094 2264 debite
2109 2234 2320 2272 Attemptatum

1258 2275 1341 2305 fuerit
1351 2297 1360 2313 ,
1375 2273 1404 2303 id
1421 2274 1477 2311 eis,
1497 2273 1530 2303 &
1545 2281 1646 2303 eorum
1661 2271 1792 2310 cuilibet,
1811 2271 1868 2302 [ωε
1881 2271 2015 2303 dilatione
2029 2273 2127 2304 debite
2143 2271 2263 2311 Corrigi
2284 2275 2320 2305 &

1258 2313 1426 2345 Reformari
1439 2311 1552 2342 faciatis.

1331 2351 1366 2382 111
1381 2351 1459 2389 cujus
1494 2351 1554 2381 &o

1257 2430 1278 2461 b
1295 2389 1365 2435 Dat.
1381 2389 1455 2428 apud
1467 2375 1609 2421 'Palatium
1622 2387 1713 2428 Regis
1728 2386 1869 2427 Wstmon.
1883 2387 1999 2419 decimo
2015 2396 2117 2427 quarto
2132 2388 2177 2419 die
2192 2387 2322 2427 Decem-

1279 2440 1324 2460 ris.

1563 1779 1621 1809 ugo
1635 1792 1645 1808 ,
1669 1769 1716 1800 seu
1737 1779 1839 1800 eorum
1859 1771 1958 1808 aliquis
1971 1795 1981 1809 ,
2004 1782 2051 1808 per
2073 1772 2171 1811 Loca,
2196 1774 2320 1814 Portus,

1733 2468 1786 2495 Per
1801 2465 1883 2504 ipfim
1897 2467 1992 2503 Regem
2004 2464 2039 2500 ⁴&
2058 2464 2210 2497 Concilium.

1421 2592 1471 2623 De
1490 2587 1641 2623 Conduflu
1652 2600 1707 2636 pro
1725 2590 1853 2622 Nunciis
1869 2591 1991 2622 Comitis
2008 2588 2168 2623 Flandriae.

1264 2674 1383 2733 REX
1399 2674 1565 2712 Univerfis‚
1583 2675 1644 2706 &c.
1664 2675 1796 2706 Salutem.
2342 2679 2416 2711 Αῃῃ,
2427 2677 2469 2710 D,

1361 2715 1457 2745 Sciatis
1470 2713 1550 2751 qubd
1559 2736 1568 2750 ,
1604 2740 1606 2743 .
2359 2720 2446 2758 1383·

1299 2752 1380 2784 Cum
1393 2751 1538 2790 Johannes
1551 2753 1583 2781 de
1600 2754 1628 2782 V
1628 2750 1721 2791 illeyrn
1736 2750 1839 2789 Miles,
1857 2762 1924 2782 cum
1939 2750 2064 2782 Duobus
2087 2751 2142 2782 aliis
2166 2750 2323 2791 Militibus,
2337 2762 2387 2785 Aa.
2404 2760 2433 2786 6.

1262 2792 1296 2823 &
1317 2801 1376 2822 uno
1393 2791 1529 2828 Clerico,
1545 2800 1578 2820 ac
1602 2792 1686 2821 certis
1702 2791 1757 2820 aliis
1770 2790 1900 2820 Personis
1915 2791 1950 2819 de
1965 2800 2066 2820 eorum
2084 2790 2199 2820 Familia
2213 2793 2245 2822 δε
2260 2790 2323 2821 Co·
2334 2801 2362 2824 R.
2381 2806 2408 2822 2.

1262 2831 1360 2861 mitiva
1370 2852 1379 2866 ,
1397 2839 1431 2859 ex
1445 2838 1521 2866 parte
1535 2832 1642 2858 Comitis
1658 2828 1813 2866 Flandriae,
1830 2839 1884 2865 pro
1900 2828 1980 2865 iplius
1996 2827 2122 2858 Comitis
2138 2827 2271 2867 Negotiis
2289 2831 2322 2860 &
2336 2834 2439 2861 1bidem.

1260 2869 1415 2899 Voluntate
1428 2867 1507 2906 super
1520 2869 1601 2898 certis
1618 2866 1761 2904 Materiis,
1779 2868 1862 2896 nobis
1875 2867 1907 2896 &
1922 2865 2060 2896 Concilio
2079 2866 2176 2896 nostro
2201 2868 2324 2905 expresse
2334 2882 2371 2900 m.
2390 2882 2434 2909 13.

1261 2906 1448 2943 declarandis,
1466 2906 1500 2936 ad
1513 2905 1640 2937 nostram
1656 2905 1851 2943 praesentiam,
1871 2914 1901 2935 ut
1916 2904 2117 2943 intelleximus,
2137 2905 2166 2934 in
2189 2907 2323 2942 proximo

1262 2946 1295 2977 fit
1315 2954 1463 2983 venturus,

1299 2984 1386 3022 Nos,

1299 3022 1357 3054 Pro
1369 3022 1492 3060 ipsorum
1507 3020 1640 3051 Adventu
1650 3043 1659 3058 ,
1678 3019 1782 3059 Mora,
1800 3020 1833 3051 ὃς
1847 3018 1973 3051 Receffu
1989 3019 2089 3050 securis
2103 3020 2137 3051 δε
2153 3021 2253 3059 quietis
2272 3031 2326 3052 vo·

1262 3062 1364 3100 lentes,
1382 3070 1412 3092 ut
1425 3061 1579 3097 convenit,
1598 3059 1764 3096 providere,

1300 3101 1478 3138 Suscepimus
1494 3097 1774 3136 ipsumJohannem,
1793 3106 1906 3127 necnon
1920 3096 2072 3135 praedieffis
2093 3096 2177 3127 Duos
2200 3095 2324 3133 Milites,

1262 3149 1294 3170 ac
1312 3149 1403 3170 unum
1425 3137 1589 3174 Clericum,
1608 3135 1750 3166 veniendo
1769 3137 1797 3165 in
1820 3135 1959 3172 Regnum
1980 3135 2109 3165 nostrum
2131 3135 2259 3174 Angliae,
2273 3144 2324 3174 per

1262 3177 1439 3209 Dominium
1460 3176 1492 3205 ὃ(
1513 3173 1686 3204 Potestatem
1709 3173 1823 3212 nostra,
1845 3174 1905 3204 ram
1926 3183 1976 3211 per
1995 3173 2117 3204 Terram
2135 3196 2144 3211 ,
2169 3174 2253 3211 quam
2294 3182 2324 3203 er

1264 3216 1366 3255 Mare,
1382 3214 1416 3245 ad
1433 3212 1614 3243 Praesentiam
1627 3212 1773 3251 nostram,
1789 3221 1823 3242 ex
1840 3210 1930 3242 Causa
1946 3212 2094 3250 praedifta,
2113 3213 2167 3241 una
2182 3221 2249 3241 cum
2271 3183 2325 3240 {Ji-

1263 3257 1334 3294 ginti
1349 3255 1405 3285 aliis
1421 3251 1546 3282 Personis
1560 3251 1711 3288 Equitibus
1724 3251 1760 3280 de
1777 3261 1877 3281 eorum
1894 3250 2009 3280 Familia
2024 3250 2068 3280 scu
2089 3249 2253 3287 Comitiva,
2271 3249 2325 3278 ibi-

1263 3296 1331 3326 dem
1347 3290 1499 3328 morandO,
1516 3288 1575 3325 &c.
1594 3297 1625 3318 ut
1639 3293 1667 3318 in
1675 3288 1806 3328 fimilibus
1820 3289 1851 3318 de
1866 3288 2002 3318 Conduft'u
2016 3291 2128 3318 Literis.

1301 3332 1334 3363 In
1350 3332 1443 3369 cujus,
1461 3330 1521 3360 &c.
1541 3327 1626 3366 usque
1639 3327 1673 3358 ad
1688 3327 1802 3359 Festum
1816 3328 1946 3364 Paschae,
1965 3328 2097 3364 proximo
2111 3327 2255 3363 futurum,
2269 3324 2324 3361 du·¹

1263 3379 1374 3402 raturas.

1300 3409 1368 3441 Dat.
1388 3410 1418 3439 in
1428 3404 1533 3438 Palatio
1549 3404 1648 3436 nostro
1663 3404 1805 3446 Wstmon.
1822 3404 1939 3435 decimo
1952 3401 2027 3433 sexto
2043 3403 2087 3434 die
2099 3401 2231 3440 Januarii.

1740 3484 1794 3511 Per
1805 3478 1887 3519 ipfiem
1901 3483 1995 3518 Regem
2010 3478 2048 3514 ὠ·
2064 3478 2217 3510 Concilium.

1512 3609 1560 3641 De
1580 3607 1734 3641 Condnfflu
1747 3617 1801 3652 pro
1823 3609 1898 3652 Rege
1914 3607 2075 3637 szarrae.

1262 3696 1343 3758 LE
1358 3697 1430 3726 Ror
1447 3704 1463 3725 a
1476 3701 1546 3724 touz
1561 3701 1650 3729 ceux,
1669 3692 1718 3730 qui
1730 3701 1777 3721 ces
1792 3689 1901 3721 Lettres
1915 3698 2047 3726 verront,
2066 3687 2169 3718 Salutz.
2336 3696 2411 3728 Ann-
2423 3696 2465 3730 D·

1362 3734 1458 3765 Corne
1472 3756 1480 3769 ,
1511 3732 1537 3761 le
1560 3730 1685 3761 Puiffant
1708 3729 1810 3760 Prince
1824 3751 1833 3767 ,
1865 3727 1889 3758 le
1911 3731 1965 3767 Roy
1984 3729 2015 3756 de
2037 3729 2136 3756 Navai
2145 3736 2174 3755 re
2189 3748 2199 3763 ,
2227 3724 2325 3756 nostre
2366 3738 2451 3776 1333·

1261 3773 1418 3804 Treschere
1438 3772 1471 3801 &
1492 3769 1628 3799 Tresame
1651 3767 1765 3806 Cosyn,
1785 3767 1836 3797 soit
1859 3777 1874 3797 a
1897 3768 1977 3796 venir
1997 3776 2043 3803 par
2066 3765 2163 3795 devers
2178 3764 2266 3795 Nous
2288 3774 2322 3794 en
2334 3782 2385 3803 A,
2402 3778 2431 3805 5·

1262 3811 1359 3841 nostre
1376 3809 1508 3841 Roialme
1521 3806 1713 3845 d'Englete1·i·e
1723 3829 1732 3844 ,
1747 3816 1763 3836 a
1779 3816 1813 3836 ce
1826 3815 1882 3844 que
1897 3814 1969 3835 nous
1984 3806 2131 3842 elperonS,
2141 3813 2188 3840 par
2202 3812 2324 3834 aucunes
2334 3820 2363 3842 R.
2385 3825 2413 3841 ,Π

1262 3850 1355 3880 causes
1368 3851 1416 3886 qui
1429 3857 1443 3876 a
1459 3856 1493 3876 ce
1510 3847 1528 3875 li
1545 3853 1679 3875 moevent
1693 3870 1703 3881 ,
1977 3882 1981 3886 .
2334 3852 2396 3880 lb„-
2412 3860 2448 3879 m*

1300 3888 1400 3918 Savoir
1422 3895 1493 3916 vous
1512 3884 1610 3914 saisons
1631 3893 1686 3921 que
1705 3882 1794 3913 Nous
1817 3893 1832 3913 a
1847 3881 1941 3912 nostre
1954 3881 1995 3911 dit
2009 3879 2143 3916 Consyn,
2162 3881 2196 3910 ὃς
2218 3890 2233 3910 a
2255 3889 2382 3926 touz14,

1263 3925 1303 3957 ses
1317 3926 1398 3956 Gens
1412 3932 1504 3961 queux
1520 3923 1537 3941 *Ε
1553 3922 1658 3952 serront
1672 3931 1686 3951 e
1700 3933 1706 3951 l
1723 3922 1749 3965 sa
1765 3921 1947 3958 Corripaigne
1970 3927 2071 3956 ianque
2092 3928 2107 3947 a
2130 3917 2268 3948 Nombre
2289 3919 2325 3948 de
2337 3930 2350 3945 a
2369 3928 2435 3955 Vn,

1265 3964 1362 3995 Centz
1376 3962 1508 3993 Parsones
1522 3970 1537 3990 a
1553 3958 1656 3989 Chival
1670 3970 1744 3989 ovec
1759 3969 1830 3990 tou7.
1843 3960 1900 3987 len:-
1914 3957 1995 3987 Biens
2010 3957 2199 3994 ᾳυεέςυιιφς,
2219 3959 2265 3989 qui
2293 3958 2399 4002 115375·
2437 3958 2440 3964 ’

1263 4002 1368 4040 soient,
1390 4008 1512 4031 venantz
1528 4008 1575 4036 par
1588 3997 1687 4029 devers
1702 3997 1805 4035 Nous,
1824 3996 1970 4033 Passantz,
1989 3994 2198 4038 Dcmurrantz,
2216 3995 2249 4025 &
2265 3994 2326 4026 Re-

1263 4048 1430 4077 tournantz,
1448 4048 1498 4077 par
1511 4036 1613 4074 Meer,
1631 4038 1665 4070 &
1680 4047 1729 4075 par
1742 4038 1762 4066 Ἰ
1774 4045 1853 4073 erre,
1872 4036 1982 4066 Axmez
1993 4036 2025 4065 ὁ(
2047 4034 2220 4072 Deiarmez,
2239 4042 2328 4062 avons

1755 4074 1786 4105 T
2239 4070 2330 4101 Done
