2561 4251
240 96 320 143 146

87 176 163 208 Ann.
175 175 216 208 D.
236 175 323 206 Done
338 177 370 208 86
386 173 519 208 Ottroie,
537 169 665 202 Donoris
678 171 711 202 &
727 170 896 206 Ottroions‚
915 176 962 205 par
974 175 1022 195 ces
1044 164 1206 201 Presentes,
1222 162 1303 199 bon,

113 217 198 256 1383.
231 215 315 253 loial,
332 217 409 252 seur,
428 214 460 244 &
478 209 538 241 sauf
549 209 698 248 Conduit,
866 246 871 251 Π

87 259 139 286 Ric-
161 267 187 285 2.
273 255 310 285 Et
332 255 370 283 les
392 253 548 282 Afieurons
565 251 598 281 &
613 250 798 280 Promertons
834 245 980 276 loialmeiit
999 243 1033 273 &
1053 241 1097 284 sur
1118 248 1183 271 tout
1205 237 1303 269 nostre

234 293 375 327 Honour,
393 291 452 329 qiis
464 289 609 327 n’auront‚
625 289 726 318 durant
740 287 765 316 le
779 268 891 314 'fier-me
904 283 940 312 de
955 290 1001 311 ces
1015 284 1152 319 prelentes
1174 278 1303 314 Lettres,

235 331 331 367 Male,
353 329 479 366 Vilaine,
499 326 646 367 Damage,
662 336 698 356 ne
713 323 945 362 Empechement
959 329 1099 357 aucunes,
1118 327 1153 348 en
1167 316 1304 361 Rarsones

235 380 270 400 ne
292 380 327 398 eii
351 368 448 405 Biens,
465 376 518 406 pur
540 366 646 403 Dette,
663 375 699 394 rie
722 373 773 400 pur
798 361 938 399 Marque,
956 368 993 388 ne
1013 369 1064 398 pur
1081 355 1246 401 Repriiaill,
1263 364 1304 385 ou

235 418 288 446 pur
302 407 476 446 Obligacion
492 415 618 443 aucune,
638 414 674 432 ne
687 412 735 440 par
749 401 932 440 quelconque
945 407 1024 428 autre
1039 395 1131 428 Caule
1144 404 1185 426 ou
1204 393 1304 425 Occa-

235 447 295 477 11011
309 455 401 476 avenu
414 446 517 476 devant
531 454 577 475 ces
592 444 707 479 beares,
1033 474 1038 478 ,

271 483 309 514 Ε1
322 495 377 522 que
386 508 394 522 ,
409 493 492 514 toutz
505 485 539 514 &
553 491 668 519 quantes
682 481 756 510 foitz
772 479 859 517 plerra
873 488 888 508 a
900 475 997 507 nostre
1011 472 1176 518 ditCousyin
1191 480 1302 515 retour-

231 533 280 554 ner
304 533 380 554 ovec
403 523 442 553 ses
463 523 521 552 ditz
539 520 641 552 Gentz
663 521 697 551 &
714 518 798 549 Biens
817 518 1021 551 entreiemeiit,
1040 512 1057 542 il
1080 512 1105 542 le
1127 510 1217 549 puisse
1237 511 1303 540 faire

232 563 432 594 franchement
451 563 485 592 &
505 561 700 596 liberalmeiit,
718 557 783 588 sanz
805 566 840 586 ce
863 566 917 594 que
933 565 961 598 es
978 552 1114 595 blaveos,
1136 549 1242 587 Portz,
1261 559 1302 580 ou

230 601 358 640 Paffiages
373 600 409 631 de
423 608 482 630 noz
497 599 674 637 Seignuries,
692 607 728 627 ne
741 607 776 627 en
792 595 817 625 la
834 594 934 632 Meet,
954 593 972 622 il
986 600 1024 621 eit
1040 598 1150 620 aucune
1173 588 1302 627 Delaye‚

229 640 437 671 Perturbacinn
447 661 456 677 ,
472 638 701 676 Empechement
710 659 720 675 ,
739 645 776 665 ne
793 633 892 664 Areste
905 640 1014 664 aucune
1025 639 1078 668 pur
1091 637 1203 659 aucune
1210 626 1302 658 Cause

229 689 316 710 corne
329 679 369 709 dit
383 678 438 715 est,
804 713 809 718 ·
1220 705 1225 710 1

270 718 299 748 Si
317 717 478 755 Mandons,
497 727 547 754 per
561 726 607 747 ces
620 715 758 754 presentes
781 713 847 742 bien
866 718 989 747 acertes,
1008 719 1024 739 a
1045 714 1117 738 touz
1141 704 1302 748 Admiralrr,

231 756 395 795 Capitains,
416 755 619 793 Chastelleins,
637 751 842 789 conestables,
862 745 1074 792 Mirescliaulx,
1091 746 1213 784 Jugges,
1238 742 1303 773 Vis-

231 805 340 833 contz,
368 793 474 833 Mairs,
500 794 608 832 Bailifs,
633 791 794 829 Provostz,
820 791 853 821 δε
876 790 948 820 leurs
970 788 1183 853 Lieuteriant‘ssf
1203 782 1304 827 Gentz

231 834 363 872 d'Armes
378 857 387 873 ,
414 834 537 865 Archers
551 857 560 872 ,
583 835 617 865 ὃς
641 841 731 863 autres
751 830 945 866 quelconques
966 825 1111 862 Officers,
1177 821 1303 860 mistres,

233 873 335 913 Licges
359 874 392 904 ὃς
413 873 550 912 Subgitz,
569 872 656 902 sibien
681 881 730 909 par
744 869 854 906 Terre,
875 875 962 898 come
976 875 1024 903 par
1041 863 1195 907 Meer‚'en
1209 869 1303 892 toutes

231 922 292 944 rioz
306 911 465 948 Seiunuries
479 914 511 943 &
527 911 639 949 Poairs,
658 921 714 948 que
727 907 824 939 nostre
839 906 948 945 present
960 903 1022 934 saus
1031 901 1208 944 Conduitv&
1217 900 1304 931 Seure

231 951 393 993 promesse,
412 962 446 982 en
467 952 492 982 la
512 961 627 981 manere
646 950 695 988 qui
716 947 802 979 desuz
822 946 864 977 est
884 944 941 982 dit,
958 945 992 976 &
1010 941 1137 987 meultz,
1155 942 1175 970 11
1195 939 1302 970 meultz

232 1001 339 1032 poerit,
359 991 389 1021 ils
404 990 520 1028 gardent
534 991 567 1021 &
583 987 821 1026 accompliffent,
838 986 906 1016 bien
921 985 954 1015 ὃ(
977 980 1140 1018 loialrnent,
1158 977 1194 1009 de
1212 986 1302 1018 poynt

233 1041 269 1061 en
306 1039 392 1069 oynt,
411 1030 475 1060 111111,
489 1039 506 1069 y
519 1031 576 1060 rien
590 1026 768 1064 enfreindre‚
808 1065 813 1070 ·
1224 1057 1230 1062 ‚

273 1040 310 1100 11111
325 1079 381 1107 que
394 1068 489 1098 nostre
501 1068 542 1098 dit
556 1067 674 1106 Cousyn
687 1066 717 1096 ils
742 1070 884 1096 receivent
898 1060 1021 1092 eliescun
1040 1068 1077 1089 en
1101 1057 1172 1102 leurs
1195 1055 1303 1094 Lieux,

230 1106 426 1147 Jtirisdiffioris
441 1107 474 1138 &
489 1106 638 1138 Destroitz
651 1105 717 1135 bien
735 1103 767 1135 &
783 1099 1056 1134 honourablement,
1069 1097 1103 1128 &
1118 1103 1230 1140 treitent
1239 1095 1303 1139 Luy

235 1148 269 1179 ὃς
282 1148 298 1176 s
294 1158 322 1177 es
336 1147 436 1177 Gentz
448 1147 513 1176 bien
527 1144 749 1187 graciousement
764 1142 796 1173 ὃς
809 1140 1122 1176 amiablement,come
1136 1135 1168 1166 ils
1180 1134 1302 1165 feroient

232 1186 329 1217 nostre
345 1185 485 1224 persone,
1238 1212 1244 1217 -

270 1224 308 1255 Et
329 1234 366 1254 ne
388 1224 498 1262 facerit,
524 1234 560 1254 en
582 1232 691 1254 aucune
715 1230 847 1257 manere,
869 1228 905 1249 ne
927 1215 1094 1258 consentent
1114 1211 1188 1244 estre
1209 1210 1257 1261 fait
1276 1211 1303 1242 le

231 1264 390 1302 contraire,
408 1264 450 1293 sur
466 1264 548 1302 peine
561 1262 597 1292 de
612 1261 769 1292 Forfaiture
783 1269 820 1290 en
834 1256 929 1295 Corps
945 1257 978 1287 &
994 1265 1030 1285 en
1046 1253 1146 1290 Biens,
1167 1253 1201 1283 δε
1223 1249 1303 1281 den-

232 1312 336 1334 courre
354 1302 451 1332 nostre
465 1301 653 1340 indignacion
668 1310 684 1330 a
700 1308 771 1329 touz
783 1299 879 1335 jours,
1031 1333 1036 1338 ι
1168 1328 1183 1340 ν

271 1341 337 1371 Mes
353 1341 449 1380 qu'iis,
467 1340 511 1372 sur
526 1350 605 1371 toute
620 1338 745 1376 Foialte,
764 1337 893 1373 Amour,
912 1334 946 1365 δε
961 1330 1135 1378 0061111066
1148 1339 1167 1368 q
1178 1328 1208 1359 ils
1231 1337 1303 1358 nous

231 1379 352 1419 devent,
374 1379 470 1410 nost-re
485 1379 525 1413 dit
541 1378 659 1417 Cousyn
673 1378 706 1409 &
726 1377 764 1408 ses
785 1374 885 1406 Geni-z.
905 1372 999 1416 eident
1019 1372 1052 1402 δε
1074 1368 1250 1411 Confortent
1273 1376 1302 1397 es

231 1429 327 1452 toutes
349 1418 448 1450 choses
469 1418 528 1457 q'ils
551 1426 692 1456 purront3
717 1426 764 1454 par
786 1413 850 1454 ensy
869 1413 896 1443 le
916 1411 1055 1443 veullions
1076 1407 1150 1440 estre
1168 1406 1218 1437 fait
1236 1405 1303 1436 sanz

231 1470 271 1500 po
285 1469 322 1489 vnt
338 1459 373 1488 de
386 1457 507 1488 defaulte
521 1467 560 1487 ou
575 1455 721 1486 difficulte.
1094 1487 1100 1492 ·
1158 1485 1164 1491 ⁶

300 1509 318 1528 n
340 1497 575 1533 Tesmoignance
595 1494 630 1525 de
650 1494 733 1532 quele
753 1492 838 1524 chose
860 1500 932 1521 nous
951 1498 1042 1520 avons
1065 1486 1115 1518 fait
1129 1483 1197 1515 faire
1211 1482 1302 1515 cestes

232 1547 292 1568 noz
308 1536 418 1567 Lettres
432 1535 581 1573 Parentes,
600 1544 615 1564 a
628 1533 712 1564 durer
729 1542 777 1572 par
789 1541 828 1562 un
847 1529 895 1561 An
918 1533 1110 1560 comencoent
1131 1523 1158 1555 le
1175 1522 1247 1563 Jour
1265 1524 1302 1553 de

232 1574 339 1613 Pasque
353 1574 501 1613 proschein
519 1583 630 1604 venant.
988 1605 993 1611 ¹

271 1615 354 1646 Don.
372 1624 388 1645 a
401 1612 497 1644 nostre
513 1613 607 1652 Palays
623 1611 659 1642 de
674 1606 889 1650 Wstmonstier,
905 1606 932 1638 le
948 1615 1005 1636 xvi.
1021 1604 1094 1644 Jour
1109 1601 1146 1634 de
1156 1601 1271 1642 Januer.

777 1687 837 1716 Par
852 1683 877 1714 Ie
893 1685 944 1714 1201·
960 1681 998 1717 ὀ·
1011 1679 1065 1721 son
1082 1678 1195 1720 Conftil.

591 1749 1299 1769 Μ

388 1826 447 1856 Pro
464 1825 540 1869 Rege
556 1822 708 1853 Navarrae
721 1845 730 1861 ‚
757 1817 794 1851 de
813 1818 951 1865 Navugia
962 1812 1134 1863 praestando.

81 1921 148 1953 An„
177 1920 205 1951 D
234 1909 365 1970 REX,
391 1907 500 1938 dilectis
521 1907 555 1938 &
576 1905 703 1936 fidelibus
723 1904 792 1941 suis,
812 1901 988 1947 Maioribus,
1001 1901 1122 1942 Juratis‚
1138 1902 1302 1942 caeterisque

110 1944 181 1990 1732
208 1944 214 1951 ”
308 1949 412 1980 Probis
433 1947 598 1977 hominibus
619 1945 652 1976 ὃς
670 1942 886 1974 Habitatoribus
900 1940 1059 1973 Civitatiim
1071 1942 1182 1973 suarum
1196 1942 1302 1973 Burde—

81 1980 195 2027 An.³6³
235 1988 314 2030 galiae
328 1988 361 2018 ὃς
376 1986 517 2022 Baioniae,
536 1985 661 2016 Salutem
913 2021 919 2026 .
1178 2020 1183 2026 ι

80 2042 100 2066 R
133 2047 145 2063 2
273 2026 375 2064 Cum,
396 2024 570 2063 Magnificus
584 2022 739 2061 Princeps,
757 2019 991 2060 Consanguineus
1006 2018 1102 2050 noster
1118 2018 1304 2059 Cariffimus,

54 2088 57 2094 ,
81 2060 193 2113 yps-cs&
236 2069 297 2097 Rex
311 2067 475 2102 Navarrae,
493 2073 546 2101 pro
561 2061 727 2101 quibusdam
742 2059 846 2098 caufis,
861 2058 950 2099 ipsum
966 2058 1000 2088 ad
1021 2058 1079 2103 boc
1102 2060 1303 2097 moventibus,

81 2119 110 2143 R.
133 2125 144 2143 2
179 2124 216 2142 m,
233 2107 264 2136 in
285 2103 424 2144 Regnum
446 2103 574 2133 nostrum
599 2100 726 2139 Angliae,
743 2098 777 2129 ad
796 2097 924 2129 nostram
946 2097 1143 2137 Praesentiam,
1162 2107 1303 2137 proponat

83 2162 127 2182 ῃ,
153 2138 158 2143 ”
236 2144 372 2183 (ducente
384 2142 530 2180 Domino)
549 2140 676 2172 celeriter
689 2136 896 2176 retransferre,

307 2192 340 2212 os

268 2182 393 2259 gmina,
414 2230 479 2259 quae
499 2229 552 2258 pro
574 2217 655 2257 ipsius
676 2215 889 2260 Consanguinei
909 2214 998 2246 nostri
1021 2224 1054 2247 ac
1069 2215 1126 2255 ejus
1141 2214 1303 2249 Comitivae

230 2259 366 2293 Adventu
382 2260 486 2291 fuerint
502 2266 658 2296 oportuna,
677 2254 735 2285 fieri
750 2256 783 2287 &
799 2265 887 2294 parari
903 2255 1049 2293 volentes,

266 2299 374 2338 Vobis,
400 2300 433 2329 &
454 2298 570 2328 cuilibet
591 2292 737 2333 vestrum,
762 2293 933 2332 requirendo
958 2293 1131 2335 Mandamus
1151 2293 1255 2333 quod,
1280 2294 1301 2326 fi

228 2339 358 2378 praefatus
378 2336 612 2376 Consanguineus
626 2333 740 2371 noster,
759 2343 811 2372 pro
824 2333 1066 2364 Transsretatione
1079 2332 1126 2363 1115,
1138 2343 1171 2364 36
1190 2333 1300 2365 Homi-

228 2388 298 2408 num
314 2378 347 2408 &
362 2377 503 2408 Gentium
519 2375 656 2412 suorum,
673 2381 709 2404 ex
723 2372 777 2403 hac
790 2372 890 2410 causa,
910 2371 1045 2403 Navibus
1070 2371 1116 2403 seu
1139 2371 1301 2404 Marinariis

228 2416 383 2455 aliquibus,
398 2417 427 2446 in
441 2414 562 2453 partibus
575 2412 709 2444 Dominii
723 2410 812 2442 nostri
829 2412 1007 2450 Aquitaniae,
1022 2411 1188 2450 indiguerit,
1204 2413 1300 2444 eidem

230 2455 452 2492 Coiisinguineo
468 2453 568 2483 nostro
583 2450 760 2491 Navigium,
779 2450 829 2480 sibi
846 2452 875 2480 in
898 2450 952 2481 hac
975 2459 1051 2488 parte
1071 2460 1238 2487 competens
1264 2453 1298 2483 &

230 2496 433 2531 ncceissriuni,
451 2502 566 2523 necnon
583 2490 754 2521 Marmarios
769 2488 958 2527 sufficientes,
976 2489 1046 2520 cum
1068 2498 1102 2519 ex
1120 2499 1198 2527 parte
1221 2492 1300 2529 ipsius

233 2531 443 2569 Coniangtiinei
464 2530 554 2562 nostri
573 2530 652 2568 super
671 2530 729 2559 1106
752 2528 873 2566 requisiti
891 2528 1013 2567 fueritis,
1040 2527 1092 2559 suis
1114 2529 1299 2570 Sumptibus,

230 2573 316 2609 parari
332 2571 364 2600 δε
381 2571 483 2600 habere
498 2570 603 2599 faciatis
617 2567 748 2603 indilate,

269 2609 307 2639 Et
329 2609 403 2646 linc,
432 2609 499 2638 sicut
523 2607 591 2637 Nos
613 2608 646 2638 ὃς
670 2606 826 2637 Honorem
846 2604 975 2636 nostrum
997 2605 1124 2646 diligitis,
1144 2607 1298 2639 nullatenus

228 2657 376 2679 omittatis.

267 2687 337 2717 Dat.
355 2687 385 2716 in
399 2685 505 2716 Palatio
519 2683 617 2714 nostro
635 2681 744 2721 IVestm.
764 2683 820 2712 xvi.
839 2681 885 2712 die
894 2682 1027 2721 Januarii.

714 2761 767 2789 Per
779 2758 863 2798 ipsum
877 2760 972 2795 Regem
986 2757 1024 2794 ό·
1041 2761 1193 2793 Concilium.

694 47 1517 126 CONVENTIONES„
1574 74 1968 128 LITERAE‚

1347 159 1489 191 visionem
1503 160 1584 198 ipsius
1599 160 1736 192 Ecclesiae
1752 159 1982 194 ordinationi&
1996 159 2187 201 Dispofitioni
2199 160 2306 193 nostrae
2325 163 2360 194 ea
2380 164 2427 196 vi-
2441 162 2531 200 Arm„

1347 208 1383 229 ce
1394 197 1525 228 duximus
1547 200 1700 236 specialiter
1721 197 1950 238 Reservandasm
1969 199 2164 232 Decernendo
2183 209 2291 232 extunc
2307 200 2423 233 irritum
2469 204 2529 244 138:

1347 239 1383 280 ὃς
1403 236 1490 267 Inane
1511 235 1531 267 si
1551 238 1646 275 iecus,
1661 237 1740 275 super
1764 237 1832 274 hiis,
1849 247 1896 280 per
1910 240 2112 280 quoscunque,
2128 241 2224 280 quavis
2241 239 2425 282 auctoritate,
2437 245 2490 276 Ric.
2507 241 2529 275 a]

1347 277 1465 306 scienter
1483 276 1528 306 vel
1543 276 1707 312 ignoranter
1720 277 1871 315 contigerit
1884 279 2052 316 attemptari.
2491 282 2496 288 ”
2526 286 2529 290 ”

1383 313 1580 345 Postmodum
1595 316 1685 352 vero,

1386 352 1508 384 Praefata
1530 352 1673 390 Ecclesia,
1699 362 1748 391 per
1769 351 1896 382 Obitum
1919 352 2043 391 ejusdem
2062 354 2173 396 Rogeri
2191 355 2324 396 Episcopi
2369 357 2420 396 qui

1346 400 1423 460 giuda
1438 389 1605 437 Romanam
1620 390 1740 423 Curiam
1758 389 1849 422 Diem
1869 392 1964 423 claufit
1986 401 2165 434 eirtremum,
2181 395 2299 436 pastoris
2319 379 2418 429 solatio

1367 441 1384 461 e
1413 439 1497 469 itura,

1385 468 1473 507 Nos,

1383 505 1540 538 Vacatione
1553 508 1712 546 hujusmodi
1728 508 1874 549 fidedignis
1890 508 2020 541 relatibus
2034 509 2198 550 intelleffli,

1384 545 1432 576 Ad
1449 546 1646 577 Provisionem
1662 549 1742 585 ipsius
1756 548 1890 579 Eccleliae
1906 550 2027 580 celerem
2044 549 2077 579 &
2091 549 2223 588 felicem,
2351 579 2353 582 .

1383 583 1432 615 De
1447 595 1500 622 qua
1515 585 1606 616 nullus
1624 596 1725 625 praeter
1740 587 1808 616 Nos
1825 587 1859 617 eft
1873 588 1936 618 vice
1958 589 1985 618 se
2007 589 2196 619 intromittere
2216 595 2343 626 potuerat
2364 601 2416 622 ne-

1345 632 1402 661 que
1417 633 1527 666 poterat
1536 648 1545 662 ,
1564 624 1768 655 Reservatione
1782 626 1815 656 &
1831 625 1959 657 Decreto
1972 627 2172 657 obsistentibus
2185 627 2344 664 supradietis
2355 653 2365 667 ‚

1385 661 1440 692 Ne
1455 663 1510 701 ipla
1527 662 1651 694 Ecclesia
1666 664 1782 700 prolixae
1797 663 1962 694 Vacationis
1980 675 2167 703 exponeretur
2183 664 2401 708 incommodis,

1371 699 1508 732 *Par-emis
1525 703 1557 733 ὃ(
1574 703 1687 733 iolicitis
1704 701 1801 732 studiis
1816 702 2010 741 intendentes,

1384 737 1455 770 Post
1477 739 1722 772 Deliberationem
1737 765 1746 779 ,
1780 751 1865 782 quam
1889 740 1926 770 de
1947 740 2130 779 praeficiendo
2158 743 2251 774 eidem
2280 743 2419 776 Ecclesiae

1345 777 1498 849 Persianam
1514 781 1613 811 utilem
1628 781 1662 812 ὃ(
1675 781 1760 811 etiam
1774 779 1948 811 fructuosam
1960 790 2029 811 cum
2045 780 2187 813 Fratribus
2197 783 2300 815 nostris
2316 784 2417 816 habui-

1346 826 1409 848 mus
1443 819 1472 848 ili
1493 828 1587 850 entem

1384 828 1519 888 nemrim
1532 858 1581 895 ad,
1596 843 1740 889 'diieuum
1753 857 1860 896 fliium,
1879 858 2009 889 rhomam
2023 858 2168 900 anathole,
2191 859 2325 892 Eiectum
2340 861 2418 893 Lan-

1345 894 1495 928 davensem
1505 920 1515 936 ,
1535 896 1653 928 Ordinis
1666 896 1796 928 Fratrum
1812 897 2058 936 Praedicatorum,
2073 897 2266 929 Professorem
2281 900 2311 931 in
2331 899 2416 932 Sacra

1345 933 1525 974 Theologia,
1546 935 1719 974 Magistrum
1736 936 1768 967 in
1781 936 1947 967 Sacerdotio
1963 936 2172 975 constitutum,

1382 972 1440 1004 Cui
1461 975 1498 1005 de
1519 975 1678 1015 Religionis
1697 976 1763 1006 zelo
1777 998 1788 1013 ,
1814 975 1977 1007 Literarum
1997 976 2139 1014 Scientia,
2165 975 2242 1008 Vitae
2261 977 2418 1018 munditia,
2499 978 2501 980 ’
2520 1005 2525 1009 ,
2555 975 2561 1010 l

1344 1011 1493 1044 honestate
1508 1013 1631 1044 Morum
1642 1013 1849 1052 ,Spiritualium
1864 1014 2043 1052 providenti-:i
2052 1039 2062 1053 ,
2077 1017 2110 1047 ὃ(
2123 1015 2345 1053 Temporaiium
2360 1019 2418 1048 cir-

1343 1052 1579 1090 cumspectione,
1597 1052 1709 1090 aliisque
1724 1052 1927 1090 multiplicium
1942 1051 2090 1086 Virtutum
2112 1052 2228 1086 Meritis
2249 1054 2324 1093 apud
2347 1054 2418 1087 Non

1344 1090 1492 1134 laudabilia
1506 1091 1686 1123 Testimonia
1700 1091 1902 1130 perhibentur,

1381 1129 1547 1161 Direxiriius
1561 1131 1662 1162 oculos
1675 1129 1782 1161 nostrae
1797 1132 1918 1169 mentis,

1383 1167 1502 1207 Qibus
1514 1170 1650 1200 omnibus
1666 1169 1760 1201 debita
1784 1169 1971 1201 meditatione
2013 1169 2128 1207 ensatis,
2141 1170 2179 1202 de
2197 1170 2326 1204 Persona
2343 1171 2417 1205 diffl

1344 1206 1453 1237 :thoma
1475 1207 1585 1248 Elem,
1605 1208 1706 1239 Nobis
1723 1209 1757 1240 δε
1779 1208 1882 1240 eisdem
1904 1208 1928 1239 F
1930 1180 2045 1239 ratrigus
2065 1208 2187 1248 nostris,
2202 1211 2244 1240 ob
2266 1210 2416 1243 dictorum

1344 1244 1460 1277 suorum
1478 1248 1647 1286 exigentiam
1670 1247 1862 1286 Meritorum,
1886 1247 2021 1287 accepta,
2039 1248 2090 1286 ipsi
2113 1247 2290 1280 Landavensi
2311 1248 2417 1281 Eccle-

1346 1284 1406 1321 fiae,
1421 1285 1459 1316 de
1477 1286 1680 1324 praedidrorum
1696 1287 1823 1317 Fratrum
1835 1286 2001 1318 nostrorum
2018 1285 2175 1326 Concilio,
2193 1287 2361 1320 311610111316
2373 1288 2419 1320 Aa·

1344 1323 1486 1392 postolicsa'
1497 1325 1692 1363 providimus,
1708 1326 1856 1364 ipsumque
1870 1326 1908 1356 illi
1934 1325 2114 1364 praefecimus
2132 1327 2162 1357 in
2182 1325 2361 1364 Episcopum
2381 1328 2417 1359 &

1370 1361 1516 1402 astorem,
1547 1363 1656 1395 Curam
1685 1366 1719 1396 &
1750 1363 2037 1395 Adniinistrationern
2061 1364 2141 1403 ipsius
2165 1364 2300 1396 Eccleliae
2320 1365 2417 1398 eidem

1344 1398 1475 1472 Tbomge
1496 1402 1599 1434 Electo
1619 1405 1650 1434 in
1672 1404 1866 1442 spiritualibus
1889 1404 1922 1435 &
1943 1403 2165 1441 Temporalibus
2182 1404 2308 1444 plenarie
2329 1414 2418 1436 com·

1344 1448 1446 1472 mitten
1468 1450 1504 1479 0,

1381 1478 1416 1510 In
1437 1481 1501 1519 illo,
1521 1482 1570 1519 qui
1591 1482 1751 1519 impertitur
1769 1481 1881 1512 Gratias
1899 1481 1933 1513 δε
1951 1481 2065 1520 largitur
2079 1481 2216 1521 Praemia,
2238 1482 2418 1515 confidentes

1343 1518 1424 1555 quod
1435 1520 1533 1550 eadem
1550 1519 1688 1558 Ecclesia,
1707 1531 1757 1558 per
1771 1520 1852 1558 ipfius
1865 1519 1996 1551 Thomae
2008 1519 2103 1551 Eieeri
2117 1519 2418 1559 circumspectionem

1341 1558 1493 1595 providam
1514 1559 1548 1589 ὃ(
1568 1558 1783 1590 Proaidentiam
1803 1558 2059 1597 circumspectam,
2077 1560 2129 1590 sub
2150 1561 2207 1598 ejus
2229 1559 2306 1591 felici
2322 1560 2418 1599 Regi·

1344 1597 1439 1635 mine,
1458 1597 1571 1628 dextera
1587 1597 1711 1628 Domini
1726 1598 1776 1628 sibi
1788 1597 1929 1629 affistente
1943 1598 2079 1637 propitia,
2097 1598 2238 1629 salubriter
2251 1600 2286 1630 &
2302 1602 2418 1637 prospe·

1342 1635 1375 1664 re
1388 1636 1441 1666 diri
1463 1646 1540 1674 etur,
1557 1646 1591 1667 ac
1605 1646 1680 1676 grata
1694 1639 1722 1667 in
1738 1636 1841 1667 eisdem
1857 1636 2048 1674 Spiritualibus
2062 1638 2095 1668 &
2109 1635 2335 1676 Temporalibus
2355 1638 2416 1670 sus·

1343 1675 1429 1710 cipiet
1457 1685 1633 1706 ncremen-ra.
1673 1675 1754 1706 Cum
1768 1677 1861 1713 itaque
1883 1675 1950 1712 (Fili
1970 1673 2133 1713 Cariffime)
2156 1676 2188 1708 sit
2208 1677 2317 1708 virtutis
2339 1685 2415 1714 opus

1344 1711 1404 1743 Dei
1420 1713 1570 1744 Ministros
1585 1715 1712 1754 ben'gno
1726 1713 1835 1745 Favore
1847 1713 1996 1754 prosequi,
2012 1723 2045 1744 ac
2061 1724 2112 1744 eos
2128 1712 2232 1746 Verbis
2252 1716 2287 1748 &
2306 1714 2416 1754 Operi-

1343 1750 1414 1790 bus,
1432 1762 1485 1791 pro
1504 1754 1588 1792 Regis
1602 1753 1718 1784 AEterni
1734 1753 1839 1791 gloria,
1857 1754 2003 1791 venerari,
2017 1752 2203 1784 serenitatem
2222 1753 2346 1793 Regiam
2367 1763 2415 1785 ro-

1343 1799 1444 1828 gamus
1459 1793 1492 1823 &
1509 1792 1656 1823 hortamur
1679 1794 1785 1823 attente
1822 1793 1951 1830 quatinus
1971 1793 2095 1822 eundem
2116 1791 2270 1831 Ε166111111,
2286 1794 2321 1824 &
2341 1802 2414 1830 prae-

1343 1829 1429 1861 fatam
1451 1829 1608 1862 Ecctesiam
1631 1831 1784 1862 Landaven
1797 1841 1843 1861 em
1863 1829 1920 1861 suae
1939 1828 2027 1861 Curae
2047 1829 2231 1861 commistam
2245 1853 2256 1870 ,
2279 1831 2388 1863 habens
2401 1854 2414 1871 ,

1344 1878 1399 1907 pro
1412 1869 1509 1900 nostra
1523 1871 1555 1901 &
1572 1869 1749 1908 Apostolicae
1762 1870 1842 1901 Sedis
1855 1871 2023 1907 reverentia,
2042 1869 2062 1888 ²*
2078 1868 2414 1908 propenfidsComtnen-
2432 1868 2452 1889 *¹
2473 1871 2543 1910 vn,

1344 1907 1444 1947 datos,
1467 1909 1538 1947 ipsos
1561 1909 1677 1947 benigni
1699 1909 1811 1940 Favoris
1829 1909 1931 1940 auxilio
1954 1908 2144 1947 prosequaris3
2169 1910 2207 1939 ita
2229 1908 2312 1947 quod
2333 1909 2412 1940 idem
2434 1917 2499 1948 377,

1345 1945 1480 1986 Electus,
1495 1957 1553 1978 tuae
1566 1947 1745 1979 Cellitudinis
1760 1947 1845 1978 fultus
1866 1947 2013 1987 praesidio,
2027 1948 2057 1977 in
2076 1947 2232 1978 commisso
2254 1947 2305 1979 sibi
2324 1946 2413 1980 Curae

1344 1985 1493 2017 Pastoraiis
1510 1986 1622 2018 Officio
1636 1987 1737 2025 possit,
1753 1985 1822 2017 Deo
1837 1987 1981 2026 propitio,
1997 1986 2150 2025 prosperari
2160 2011 2169 2024 ,
2186 1996 2221 2017 ac
2241 1987 2293 2018 tibi
2311 1987 2416 2019 exinde
2521 2009 2527 2014 -
2540 2007 2561 2034 ’ᾖ

1343 2024 1466 2095 ηᾶᾨαό
1474 2026 1603 2070 perennis
1622 2025 1698 2058 Vitae
1718 2026 1870 2064 praemium
1892 2026 1925 2058 &
1946 2035 1962 2056 a
1981 2025 2066 2057 nobis
2085 2025 2227 2066 condigna
2245 2027 2415 2065 proveniant

1345 2073 1360 2095 a
1392 2074 1422 2094 io
1470 2074 1612 2096 ranarum.

1382 2130 1450 2173 Dari
1469 2144 1561 2174 Romae
1575 2143 1648 2182 apud
1671 2144 1803 2174 Sanam
1820 2145 1950 2183 Petrum,
1966 2143 2044 2176 xviii.
2060 2142 2114 2174 kal.
2131 2139 2292 2183 Februarii,
2309 2132 2414 2181 Potite

1344 2179 1446 2213 ficariis
1461 2181 1551 2213 nostri
1565 2182 1652 2214 Anno
1667 2183 1790 2222 Qinto.

1420 2328 1472 2361 De
1490 2325 1574 2360 Clero
1592 2323 1728 2359 Eborum
1745 2329 1911 2361 Provincia
1929 2324 2135 2365 convocando;
2157 2329 2195 2366 ό*
2209 2323 2342 2373 fhbsz'dio

1776 2379 1804 2409 C
1801 2375 1974 2410 oncedendo.
2548 2417 2561 2447 Α

1345 2469 1483 2527 REX,
1501 2471 1664 2503 Venerabili
1677 2472 1706 2503 in
1722 2470 1844 2503 Christo
1865 2471 1944 2504 Patri
1964 2474 2007 2504 A.
2025 2471 2126 2503 eadem
2144 2471 2250 2511 gratia,
2267 2470 2415 2511 Archiepia
2435 2481 2554 2516 Arm-D

1416 2510 1493 2552 chpo
1504 2511 1643 2549 Eborum,
1663 2512 1775 2551 Angliae
1788 2511 1925 2550 Primari,
1943 2511 2079 2542 Salutem.
2460 2531 2472 2552 1
2499 2505 2561 2561 g3‚'.

1379 2547 1463 2593 Clara
1480 2551 1619 2580 memoria
1632 2550 1812 2581 recordantes
1826 2550 1960 2588 qualiter,
1979 2549 2129 2593 Vicelimo
2140 2549 2256 2618 (Ἒιιηο
2274 2549 2321 2580 die
2337 2548 2410 2587 Sep-
2431 2531 2494 2589 Aa}
2503 2564 2532 2590 6,
2548 2555 2561 2589 2]

1340 2587 1478 2625 tembris,
1497 2588 1600 2619 ultimo
1615 2591 1775 2626 praeteriro,
1792 2597 1965 2626 exponentes
1981 2586 2087 2626 Vobis,
2105 2598 2155 2625 per
2193 2598 2260 2619 reve
2281 2587 2410 2618 nostrum
2430 2605 2461 2628 R.
2482 2609 2508 2628 2,
2552 2616 2554 2621 ,

1342 2622 1486 2665 Regium,
1506 2626 1583 2657 Mala
1597 2628 1822 2667 quamplurima,
1840 2628 1873 2658 &
1887 2626 2079 2658 intollerabilia
2095 2627 2178 2657 nobis
2192 2628 2225 2658 δε
2239 2627 2334 2665 Ligeis
2357 2635 2413 2656 no·
2429 2639 2517 2676 Claufi
2536 2633 2561 2669 6,

1342 2662 1422 2703 stris,
1440 2675 1491 2703 per
1503 2664 1642 2696 Hostium
1658 2665 1822 2697 nostrorum
1836 2665 2014 2696 Invasionem
2027 2665 2126 2702 saepius
2139 2665 2229 2704 illata,
2246 2667 2297 2704 qui
2321 2664 2411 2702 Nos,
2431 2682 2526 2715 R·²·P·
2540 2685 2561 2704 1,

1342 2701 1481 2743 Regnum
1494 2704 1625 2735 nostrum
1639 2705 1766 2745 Angliae,
1780 2715 1814 2736 ac
1829 2703 1986 2736 Ecclesiam
2001 2704 2207 2743 Anglicanam,
2222 2706 2346 2736 omnino
2360 2703 2412 2735 de·
2431 2725 2467 2745 m,
2484 2724 2512 2753 3,

1343 2740 1466 2781 struere,
1484 2742 1587 2781 absque
1600 2743 1819 2781 intermissione,
1833 2744 1942 2774 solicite
1959 2741 2181 2781 Mactstnanrur,

1381 2780 1474 2812 Unde
1487 2780 1574 2820 Nos,
1593 2783 1623 2812 iri
1638 2782 1830 2814 Salvationem
1844 2780 1930 2813 status
1943 2780 2079 2812 Ecclesiae
2094 2781 2258 2822 praedistae,
2274 2791 2308 2812 ac
2331 2780 2414 2821 Reg-

1343 2819 1372 2849 ni
1387 2820 1420 2851 δι
1435 2819 1537 2859 Populi
1549 2821 1715 2852 nostrorum
1731 2820 1940 2852 Defensionem
1954 2820 2134 2851 necessariam
2144 2843 2154 2858 ‚
2171 2831 2205 2852 ac
2220 2830 2336 2858 propter
2351 2818 2414 2850 Re-

1291 2872 1297 2879 ·
1343 2857 1492 2890 sistentiam
1504 2858 1645 2890 Hostium
1661 2860 1828 2891 nostrorum
1848 2859 2070 2898 praedidlorum,
2087 2858 2196 2890 Census
2216 2859 2250 2889 &
2272 2858 2413 2896 Expensns

80 2912 179 2941 tvm,
540 2898 567 2924 ³3ss
594 2900 651 2931 Pro
670 2896 790 2944 Jizcobo
806 2895 842 2930 de
860 2896 992 2947 Lindsey.

81 2971 210 3020 3111111).
289 2986 366 3023 EX,
385 2996 434 3024 pcr
456 2984 559 3015 Literas
578 2984 634 3015 suas
653 2983 799 3022 Parentes,
817 2993 867 3022 per
886 2993 977 3014 unum
1001 2982 1119 3014 Annum
1142 2983 1302 3024 duraturaS,

106 3029 179 3067 1383
304 3025 419 3062 suscepit
445 3026 472 3054 in
493 3024 598 3053 salvum
623 3024 656 3055 ὃς
670 3023 798 3053 securum
813 3022 1005 3053 Conductum
1018 3022 1115 3061 suurn,
1132 3033 1166 3053 ac
1181 3023 1211 3052 in
1228 3023 1302 3054 Pro-

84 3072 137 3095 An.
163 3073 193 3096 0.
232 3064 392 3094 tec'iioneni
408 3064 441 3094 &
459 3062 662 3093 Defcnlionem
679 3062 735 3093 suas
755 3061 900 3100 speciales,
921 3060 1064 3092 Nobilem
1086 3063 1198 3098 virum,
1214 3061 1303 3099 Jaco-

81 3111 110 3135 R.
134 3116 158 3134 2.
235 3101 297 3131 bum
311 3104 342 3132 de
356 3101 507 3141 Lyndese‘je
522 3101 557 3130 de
571 3101 666 3131 Scotia
683 3100 826 3139 Militem,
845 3110 877 3130 ac
894 3099 1024 3130 Centum
1040 3099 1172 3130 Personas
1185 3100 1302 3138 Equites

80 3150 148 3172 Scor.
169 3146 195 3171 6.
236 3142 265 3172 in
281 3141 431 3171 Comitiva
446 3142 488 3170 sua
498 3163 506 3177 ,
525 3139 667 3170 veniendo
682 3141 710 3169 in
726 3139 863 3177 Regnum
879 3139 966 3177 Regis
981 3139 1110 3178 Angliae,
1125 3149 1179 3177 pro
1190 3138 1303 3171 divertis

80 3188 112 3211 F..
131 3192 202 3210 2.m.
238 3180 529 3218 Peregrinatioriibus,
548 3179 653 3209 ibidem
668 3178 758 3209 versus
775 3178 913 3208 8306111111
930 3177 1058 3207 Thamara
1070 3176 1302 3216 Cantuarienfi’m,

82 3222 111 3250 6.
234 3213 457 3258 Waiiyngliam,
477 3218 509 3248 ὃς
522 3217 587 3246 alibi
604 3218 651 3246 ubi
667 3218 704 3247 eis
716 3218 864 3255 placuerit,
880 3216 1029 3254 faciendis,
1047 3218 1077 3247 in
1092 3217 1196 3246 eodem
1217 3216 1302 3254 Reg-

234 3269 273 3288 110
287 3258 376 3294 Regis
393 3256 548 3293 morando,
564 3257 597 3287 &
613 3256 715 3286 exinde
728 3255 914 3293 declinando,
933 3265 1047 3285 necnon
1064 3254 1301 3294 Hernefia,Mo-

235 3308 344 3333 ueram,
360 3295 484 3334 Jocalia,
504 3294 619 3333 Equos,
638 3294 716 3333 Res,
732 3296 763 3325 ὃς
778 3294 856 3324 Bona
871 3293 916 3324 sua
930 3304 1131 3332 quaecumque.

270 3336 361 3367 Teste
375 3333 457 3375 Rege
471 3334 545 3372 apud
560 3331 835 3373 l¹li=stn1onasterium,
850 3333 905 3364 xvi.
925 3334 970 3363 die
981 3333 1112 3371 januarii.

703 3413 758 3441 Per
773 3408 877 3440 Billam
890 3409 921 3440 de
936 3412 1057 3442 Privato
1071 3409 1169 3450 Sigillo.

605 3549 694 3581 Bulla
711 3546 746 3580 de
763 3545 938 3589 Provfione.

108 3685 120 3705 1
333 3673 376 3703 sto
392 3673 482 3710 Filio,
502 3672 617 3701 Ricardo
633 3675 697 3709 Regi
711 3671 824 3709 Angliae
837 3670 939 3701 Illustri
952 3671 1093 3710 Salutem,
1112 3672 1145 3702 &
1156 3668 1305 3708 Apostoli-

87 3718 139 3740 Ai.
161 3716 187 3742 ό.
239 3718 300 3739 carn
322 3711 565 3741 13eiiedi6tionein.

88 3756 117 3779 R.
140 3761 167 3778 2.
279 3749 387 3779 Gratia:
408 3750 512 3779 divine
533 3750 684 3786 praemium
702 3749 735 3779 δε
750 3748 882 3778 humanae
897 3748 1000 3778 Laudis
1015 3748 1193 3786 praeconium
1206 3748 1304 3785 acqui-

88 3793 129 3817 Ex
144 3790 202 3816 Ori·
243 3787 328 3823 ritui·,
347 3788 364 3816 11
388 3798 435 3824 per
459 3788 600 3817 Seculares
621 3786 768 3824 Principes
785 3786 925 3822 Praelatis,
943 3788 1096 3824 praeserrim
1113 3785 1304 3816 Ecclesiarum

85 3827 226 3864 gi72e.10fra
245 3823 453 3854 Catlicdralium
470 3826 614 3864 Regimini
630 3826 1001 3863 praelidentibuS,oportuni
1016 3826 1131 3857 Favoris
1146 3824 1306 3862 praeiidium

89 3866 204 3894 Turrim.
243 3862 276 3892 ἃ
291 3862 382 3891 honor
397 3864 503 3893 debitus
519 3864 703 3902 impendatur.

90 3915 116 3931 a.
134 3902 163 3933 6.

87 3636 154 3667 Αηῃ
179 3635 219 3667 Ι),
251 3635 261 3688 Ι
294 3634 423 3686 ,Rhama
438 3632 593 3673 Epzfiopus,
611 3633 715 3664 Servus
731 3633 887 3664 Servorum
902 3632 976 3670 Dei,
996 3631 1148 3663 Cariffimo
1166 3632 1195 3661 in
1217 3630 1304 3661 Chri-

129 3675 193 3714 383.

115 3728 121 3738 1

282 3899 403 3929 Dudum
428 3902 562 3938 liquidem
579 3925 588 3939 ,
612 3904 698 3932 bonae
720 3902 886 3939 memoriae,
913 3905 1021 3939 Rogerio
1042 3904 1096 3941 Epi
1109 3909 1166 3939 copo
1187 3903 1304 3931 Lauda·

241 3937 333 3978 vevfi,
354 3938 497 3980 Regimini
521 3941 707 3970 Landavensis
728 3939 863 3970 Ecclesiae
885 3942 1066 3979 praeiidente,
1123 3950 1170 3978 os,
1189 3941 1305 3978 cupien-

241 3985 280 4006 tes
293 3976 385 4006 eidem
403 3976 552 4016 hecleiiae,
572 3980 642 4008 cuni
658 3989 721 4009 61111
739 3988 838 4008 vacare
852 3980 1047 4018 contingeret,
1066 3989 1113 4015 per
1135 3979 1306 4016 operationis

241 4014 346 4045 nostrae
360 4014 561 4054 ministerium,
576 4017 674 4047 utilem
691 4018 724 4048 δε
739 4018 880 4056 ydoneam
894 4018 1039 4056 praeiidere
1053 4017 1206 4049 Personam
1215 4016 1306 4056 ,Pro-

1342 2896 1541 2929 inestimabiles
1555 2893 1702 2930 effundere
1715 2908 1877 2938 oporteret,

1383 2936 1465 2981 Quas
1485 2936 1601 2975 quidem
1622 2936 1762 2978 Expensas
1785 2936 1940 2975 perficere,
1957 2935 2061 2974 absque
2084 2934 2225 2966 Fideliurn
2245 2934 2413 2967 nostrorum

1340 2972 1890 3058 Juixrlagrkijiigie,rgggjdvffierffigfidavimus
1913 3011 1993 3056 quod
2007 3035 2018 3051 ,
2042 3012 2212 3056 convocatis
2231 3011 2354 3056 Praelatis
2377 3012 2413 3044 δε

1344 3049 1434 3082 Clero
1459 3037 1567 3083 V⁷estrae
1591 3052 1770 3089 Provinciae,
1794 3053 1828 3084 &
1852 3051 1989 3090 Negotiis
2008 3050 2150 3095 praedicstis
2172 3060 2210 3081 eis
2225 3051 2354 3095 expositis
2375 3051 2411 3082 &

1343 3089 1505 3130 declaratis,
1524 3091 1596 3129 ipsos
1609 3091 1645 3121 ad
1663 3090 1825 3121 Subsidium
1839 3099 2006 3127 competens
2019 3099 2049 3119 in
2064 3089 2122 3120 hoc
2135 3089 2227 3128 Casu,
2246 3089 2363 3128 Nobis,
2381 3099 2412 3120 in

1343 3128 1603 3167 Supportationem
1617 3128 1812 3166 Expensarum
1837 3129 2055 3167 praedictarum,
2074 3126 2308 3159 Concede-ndum
2329 3128 2415 3158 indu‘-

1344 3169 1462 3205 ceretis,
1478 3169 1513 3200 &
1528 3168 1563 3198 ad
1577 3168 1636 3198 hoc
1650 3167 1803 3199 efficaciter
1820 3169 1998 3208 apponeretis
2012 3166 2110 3198 Partes
2125 3167 2244 3205 vestras,

1383 3205 1474 3236 Vobis
1485 3207 1543 3244 jam
1558 3205 1743 3246 significamus
1756 3205 1852 3246 quod,
1872 3205 2044 3236 Venerabilis
2059 3203 2142 3237 Pater
2159 3205 2324 3236 Willielmus
2343 3207 2410 3236 Ar-

1342 3244 1511 3284 chiepiscopus
1532 3245 1751 3286 Cantuarienfis,
1779 3247 1838 3284 (cui
1858 3255 1912 3284 pro
1934 3245 2095 3284 hujusmodi
2116 3243 2358 3283 Convocatione,
2381 3244 2415 3276 in

1343 3282 1497 3315 Provincia
1511 3285 1556 3314 sua
1569 3285 1711 3322 facienda,
1731 3294 1782 3323 per
1797 3284 1887 3315 Breve
1903 3283 2033 3315 nostrum
2049 3283 2173 3314 similiter
2194 3282 2412 3322 Mandavimus)

1341 3322 1444 3360 aliique
1465 3322 1576 3353 Praelati
1599 3333 1632 3354 ac
1657 3322 1760 3354 Clerus
1780 3323 1868 3354 distae
1889 3322 2053 3354 Provinciae
2068 3322 2123 3353 suae
2138 3332 2223 3352 unam
2238 3321 2412 3360 Decimam,

1340 3360 1377 3391 de
1397 3371 1497 3392 eorum
1522 3360 1668 3392 Beneficiis
1690 3361 1893 3393 Ecclesiasticis
1915 3361 2038 3400 ejusdem
2064 3359 2271 3392 cantuariensis
2285 3360 2412 3392 Provin-

1342 3401 1412 3437 ciae,
1438 3399 1539 3431 Nobis
1561 3402 1645 3432 certis
1665 3400 1811 3432 Terminis
1831 3400 2013 3438 solvendam,
2038 3399 2073 3430 ad
2095 3400 2265 3438 captandam
2285 3398 2413 3430 nostram

1342 3437 1374 3469 R
1412 3440 1467 3469 iarn
1482 3439 1726 3478 Benivolentiam,
1745 3441 1866 3479 gratuite
1881 3438 2096 3478 concesserunt,

1376 3448 1474 3509 Vobis
1496 3478 1543 3515 (de
1566 3488 1626 3517 quo
1643 3479 1754 3508 summe
1776 3477 1960 3515 confidimus)
1975 3479 2004 3508 in
2020 3476 2088 3508 Fide
2101 3477 2136 3509 &
2150 3476 2334 3516 Dilectione,
2351 3476 2415 3515 qui-

1342 3517 1397 3547 bus
1417 3518 1501 3547 nobis
1518 3518 1672 3556 tenemini,
1691 3516 1796 3547 iterum
1821 3516 1967 3555 rogando,
1987 3515 2156 3547 Mandantes
2174 3517 2306 3555 quatinus
2318 3515 2416 3552 gravi-

1343 3556 1398 3586 bus
1423 3554 1557 3586 Periculis
1585 3558 1670 3594 (quae
1691 3555 1826 3586 Ecclefiae
1846 3556 1880 3586 &
1903 3555 2013 3593 Regno
2036 3555 2179 3593 praediffis
2195 3554 2291 3593 patulo
2310 3553 2414 3593 intuitu

1343 3595 1464 3624 iminere
1476 3594 1657 3632 conspicitis)
1674 3595 1785 3624 attentis
1798 3592 1951 3632 debiteque
1964 3594 2126 3635 propensis,
2142 3604 2176 3624 ac
2198 3591 2347 3636 1361111106
2369 3589 2414 3636 di-

1344 3633 1449 3663 latione
1469 3633 1694 3663 Convocatione
1711 3632 1899 3663 Praelatorum
1922 3634 1956 3663 &
1979 3632 2058 3663 Cleri
2077 3631 2178 3663 vestrae
2198 3630 2362 3661 Provmciae
2384 3638 2415 3660 in

1344 3670 1471 3702 Ecclesia
1485 3671 1562 3702 Beati
1573 3669 1650 3702 Petri
1666 3670 1816 3710 Eborum,
1835 3681 1865 3701 ut
1880 3670 1922 3701 est
1937 3673 2039 3709 moris,
2057 3671 2150 3709 eisque
2164 3669 2221 3700 tiim
2242 3668 2324 3699 dietis
2345 3667 2414 3699 Ne-

1344 3712 1428 3749 gotiis
1443 3712 1475 3742 ὃς
1493 3709 1645 3748 Periculis,
1665 3710 1752 3747 quam
1769 3709 1966 3741 Concessione
1988 3709 2089 3740 Nobis
2109 3718 2160 3747 per
2182 3706 2303 3737 Clerum
2326 3706 2415 3738 dictae

1347 3748 1552 3779 Cantuarienfis
1569 3748 1735 3779 Provinciae
1755 3748 1792 3779 de
1815 3759 1869 3778 una
1891 3747 2035 3785 Decima,
2060 3757 2092 3779 ut
2113 3746 2308 3784 praemittitur,
2325 3746 2416 3784 sadia,

1346 3788 1489 3818 declaratis
1506 3810 1516 3825 ,
1541 3787 1614 3825 ipsos
1636 3787 1672 3817 ad
1692 3787 1853 3825 hujusmodi
1876 3786 2052 3823 Decimam,
2085 3784 2131 3815 seu
2152 3783 2224 3813 aliud
2248 3784 2414 3829 Subsidium

1346 3836 1515 3864 competens
1529 3827 1563 3857 &
1575 3826 1763 3864 aequivalens,
1780 3827 1809 3856 in
1825 3825 2080 3867 Supportationem·
2098 3821 2289 3866 Expensarum
2310 3822 2415 3861 praedi-

1347 3866 1475 3903 ciarum,
1494 3865 1528 3895 &
1548 3863 1755 3895 Defensionem
1776 3864 1912 3895 Eccleiiae
1931 3864 1964 3893 &
1988 3863 2091 3903 Regni,
2102 3860 2323 3905 praedictorum,
2343 3861 2413 3891 No-

1347 3903 1391 3933 bis
1409 3903 1657 3941 Concedendum,
1675 3904 1708 3934 &
1732 3902 1768 3933 ad
1787 3902 1903 3933 Festum
1925 3900 2056 3937 Paschae,
2075 3903 2120 3929 1611
2135 3900 2221 3930 31111111
2238 3899 2328 3930 1)16111
2348 3901 2412 3929 bre-

1347 3952 1415 3971 vem
1429 3943 1462 3972 &
1478 3943 1689 3979 propinquum,
1708 3951 1776 3972 cum
1790 3941 1871 3970 omni
1892 3937 2068 3969 solicitudine
2091 3938 2147 3976 qua
2166 3940 2307 3977 poteritis,
2322 3940 2356 3971 &
2374 3947 2412 3969 eo

1347 3981 1489 4016 specialius
1507 3990 1566 4017 quo
1583 3981 1705 4010 maxima
1716 3979 1836 4009 habetur
1850 3976 2007 4014 nec-emtas,
2025 3975 2163 4009 inducatis
2182 3977 2217 4010 &
2239 3977 2413 4016 procuretis,

1350 4019 1383 4048 ὅ(
1397 4020 1472 4050 circa
1485 4019 1544 4050 hoc
1557 4017 1681 4050 corditer
1697 4018 1732 4050 &
1746 4016 1864 4048 fideliter
1878 4015 2024 4063 laboretis,
2356 4049 2416 4083 Pro
