2561 4251
202 161 250 200 52

682 139 1479 193 οοΝνΕΝΤῚοΝΕς,

1536 140 1925 191 LITERAE3

49 232 124 264 Ann.
141 230 173 261 D
235 233 400 265 Consimilis
417 233 539 273 Littera,
558 234 591 266 &
604 234 728 272 ejusdem
742 235 844 265 tenoris
858 234 894 264 de
910 235 1000 264 verbo
1013 233 1047 263 ad
1063 232 1201 268 verbum,
1216 239 1267 271 eqe-
1310 226 1416 270 tiones,
1432 227 1467 258 ad
1481 236 1571 259 totam
1585 230 1672 273 vitam
1689 228 1765 260 suam
1775 252 1784 268 ‚
1801 226 1846 259 vel
1865 227 2006 266 quousque
2021 225 2071 272 fibi
2089 225 2126 258 de
2140 225 2282 258 Ducentis
2299 225 2387 273 Mer·
2406 216 2481 254 Knn.
2495 219 2540 257 D.

69 279 153 310 1350.
198 279 272 310 cepta
291 272 339 301 illa
356 271 501 311 Claufiaela‚
516 283 567 304 vos
584 274 604 303 fi
618 274 724 311 placet,
737 276 815 317 usque
830 273 867 302 ibi
881 273 944 310 quia
959 271 1087 301 sustinere
1102 280 1160 300 non
1176 268 1269 306 possu-
1312 273 1382 293 cans
1394 265 1493 296 Terrae
1507 267 1552 297 vel
1574 267 1718 298 Reddufis
1738 278 1787 306 per
1804 266 1935 304 Annum,
1962 266 2020 297 tot&
2035 265 2094 297 vita
2116 266 2162 296 suii
2185 265 2337 304 habmdis,
2355 276 2384 297 m
2426 271 2511 302 1350.
2522 300 2529 301 ἶ

49 311 115 338 Edi).
134 318 147 345 3
154 332 159 338 .

200 320 278 348 ῐηυς,
297 310 349 341 fuit
362 311 485 347 diredhi,
505 311 672 341 Reverendo
695 312 784 349 Patri,
801 311 906 348 Episco
926 320 945 339 o
973 308 1163 346 Penestrensi,
1181 307 1268 338 Vice-

200 349 382 387 cancellario,
397 349 587 381 sacrosanctae
602 350 743 381 Romanae
758 349 891 380 Eccleiiae
933 347 1055 378 ardinali.

198 476 248 508 De
271 475 372 506 Terris
395 476 426 506 in
449 473 618 515 Hibernia,
645 474 741 518 juxta
768 471 996 506 Ordinationem
1021 476 1052 504 in
1076 471 1264 504 Parliamen-

277 531 306 553 to
329 522 516 568 Anglicaw,
548 532 650 555 contra
675 519 801 563 Hostiles
824 522 965 568 Incursias
986 518 1184 565 defendendis.

179 644 182 649 Ι
205 605 345 660 REX,
360 606 523 637 Venerabili
544 607 573 636 in
593 603 712 636 Christo
730 604 821 645 Patri,
841 604 880 637 R.
900 606 999 638 eadem
1020 603 1124 643 grati-⁶⁴2,
1144 601 1267 633 Archie-

281 645 399 683 piscopo
414 645 650 683 Armachanenfi,
668 644 799 675 Salutem.

237 682 317 714 Cum
340 694 451 721 nuper,
478 693 510 713 ex
536 684 614 721 gravi
640 682 871 722 Conquestione,
890 682 1029 713 Fidelium
1052 680 1212 711 nostrorum
1230 678 1266 709 de

156 721 161 727 '
198 719 356 760 Hibernia,
374 724 402 751 in
422 722 541 758 generali
558 720 744 752 Parliamento
764 722 877 760 nostro,
896 720 968 759 apud
982 718 1267 750 westmonasterium

200 759 378 798 convocato,
393 760 564 803 accipientes
579 760 655 800 quod
674 761 823 791 Hibernici
842 759 943 796 nostri,
962 759 995 789 δε
1008 757 1170 788 nostrorum
1185 756 1267 786 Fide-

144 800 150 805 '
199 797 269 828 lium
285 798 417 836 InimiCi,
435 798 535 829 Terras
550 797 775 830 &Poffeffiones
791 799 912 867 igorum
931 797 1084 833 Fidelium,
1101 796 1141 825 ob
1158 795 1268 825 Defen-

49 2139 177 2176 ⁰Vr67o.

47 2218 124 2249 Ann.
141 2218 181 2249 D.

73 2267 156 2296 1350.

46 2301 100 2325 ΑΗ.
118 2307 162 2333 24.

47 2340 78 2363 Ε.
101 2344 127 2374 3.

45 2378 103 2402 Pas.
122 2383 167 2409 24.

46 2416 77 2439 Ε.
100 2418 164 2449 3.p.

52 2458 120 2479 Lm.
135 2452 180 2479 26.

66 3602 143 3634 Ann.
156 3600 188 3630 D

98 3648 182 3679 1350-

66 3683 119 3707 Aa.
140 3688 185 3713 24-

66 3722 98 3745 Ε.
123 3726 149 3752 3.

68 3755 183 3784 Liberat-

73 3803 118 3826 24.
134 3797 162 3818 E.
178 3801 201 3828 3.

69 3840 106 3859 m.
122 3839 150 3866 5.

191 3568 305 3630 .RE

199 837 283 866 sionis
304 835 479 875 Defed'tum,
497 837 583 867 indies
602 837 772 875 invaserunt,
829 836 1045 874 epraedationes,
1062 834 1216 872 incendia,
1234 834 1266 864 &

198 875 307 911 Strages
326 874 429 912 Populi
446 875 594 913 facientes,
610 876 643 906 ὃς
664 876 752 913 plures
766 876 865 905 Terras
878 876 910 906 &
927 874 1007 904 Loca
1020 873 1157 903 hostiliter
1177 882 1267 902 occu-

197 921 311 952 pantes,
335 923 386 951 pro
406 913 552 943 salvatione
576 914 633 944 tam
652 914 776 944 Honoris
803 913 909 951 Regii,
929 914 1013 950 quam
1038 911 1137 941 Fidelis
1164 909 1266 948 Populi

196 951 301 990 nostri,
321 952 355 983 &
377 951 499 989 ipsorum
512 952 682 992 Terrarum,
701 953 736 983 de
754 953 838 983 totius
852 950 1031 981 Parliamenti
1046 949 1197 987 consensu,
1214 949 1266 979 du-

195 991 316 1021 serimus
330 990 534 1028 ordinandum,

236 1028 330 1066 Quod
352 1028 476 1059 Nobiles
494 1029 526 1059 δε
542 1028 587 1059 alii
609 1031 798 1068 quicumque,
825 1028 967 1059 Dominia
988 1028 1020 1058 &
1036 1026 1139 1069 Terras
1158 1025 1265 1055 ibidem

195 1065 342 1105 habentes,
359 1068 477 1106 eadem,
495 1077 564 1098 cum
579 1078 678 1098 eorum
692 1068 835 1106 Exitibus,
852 1076 950 1097 contra
968 1065 1129 1108 hujusmodi
1137 1062 1265 1107 Hostiles

197 1104 327 1136 Incursus
346 1115 395 1143 per
416 1105 458 1143 se,
477 1106 520 1136 vel
534 1116 582 1143 per
593 1107 674 1143 alios⁷
692 1107 798 1137 virilius
818 1105 1008 1143 defensarent,
1025 1103 1151 1141 alioqum
1172 1102 1267 1132 Exitus

195 1143 355 1181 hujusmodi
369 1145 403 1174 &
417 1144 572 1175 Proventus
587 1145 622 1175 de
634 1145 732 1175 Terris
746 1144 870 1182 ipsorum
884 1144 1000 1181 colligi,
1016 1143 1049 1173 ὃς
1064 1143 1141 1172 circa
1156 1140 1265 1171 Defen-

197 1182 303 1212 fionem
318 1182 485 1213 earumdem
500 1184 603 1221 apponi
618 1193 665 1220 per
677 1184 743 1214 alios
756 1183 927 1223 faceremus,

229 1219 348 1258 jamque
361 1221 574 1252 intellexerimus
588 1221 666 1259 quod
681 1232 748 1258 vos,
763 1221 813 1251 sub
829 1221 924 1251 colore
942 1220 1095 1256 Licentiae,
1112 1227 1196 1256 quam
1212 1227 1265 1248 vo-

195 1258 237 1288 bis
260 1258 464 1298 concessimus,
481 1260 515 1290 ad
533 1259 652 1290 Curiam
668 1259 838 1297 transeundi,
857 1260 981 1288 maxime
1004 1267 1058 1295 pro
1075 1257 1196 1300 generali
1215 1255 1265 1286 In—

193 1295 337 1334 dulgentia
357 1308 373 1328 a
389 1296 524 1328 Domino
539 1298 660 1328 Summo
681 1297 821 1328 Pontifice
841 1298 870 1326 in
893 1297 1015 1335 partibus
1038 1296 1148 1333 Angliae
1170 1304 1264 1332 impe-

195 1335 307 1373 tranda,
326 1337 354 1365 in
376 1336 476 1366 mdem
495 1344 719 1374 commorantes,
737 1336 884 1374 quaedam,
901 1345 964 1373 quae
980 1334 1193 1364 Detraffionem
1212 1334 1265 1371 Ju-

193 1374 229 1403 ris
244 1373 330 1404 nostri
344 1373 450 1412 Regii,
467 1374 762 1414 Commotionemque
776 1373 876 1411 Populi
897 1373 985 1404 nostri
999 1373 1100 1403 Terrae
1112 1372 1210 1410 ipsius,
1229 1381 1263 1402 ac

194 1411 362 1449 periculosos
382 1413 506 1443 Eventus
523 1412 705 1443 verisimiliter
726 1421 919 1450 procurarent,
937 1413 1084 1449 impetrare
1095 1433 1104 1448 ,
1122 1411 1155 1441 &
1172 1409 1266 1441 Pecu—

193 1451 287 1488 niam,
306 1460 436 1488 quantam
459 1452 494 1481 de
513 1451 607 1481 vestris
629 1452 662 1482 &
679 1452 854 1488 vestrorum,
879 1452 935 1481 tam
955 1449 1152 1486 Clericorum,
1178 1459 1262 1486 quam

195 1488 365 1528 Laicoruin,
384 1489 556 1520 Redditibus
574 1489 709 1527 colligere
724 1491 861 1528 poteritis,
878 1489 912 1519 ad
928 1499 978 1519 vos
1000 1487 1179 1518 transmittere
1198 1488 1262 1517 niti-

194 1528 286 1565 mini,
305 1538 359 1558 nec
374 1527 577 1558 Desenfionem
591 1536 637 1558 aut
656 1528 814 1559 Pecuniam
834 1529 970 1567 aliquam,
988 1527 1063 1557 unde
1083 1526 1183 1556 Terrae
1201 1525 1261 1556 Ec-

195 1565 283 1595 clesiae
298 1566 395 1596 vestroe
409 1575 505 1597 contra
519 1567 664 1597 dictorum
682 1566 818 1597 Hostium
834 1565 1007 1603 Invasiones,
1027 1575 1090 1603 qux
1107 1564 1176 1594 fiunt
1189 1565 1263 1594 coti-

195 1603 259 1641 die,
277 1604 389 1634 defendi
405 1614 552 1643 poterunt,
569 1605 725 1643 dimifistis,
743 1606 812 1635 ficut
825 1605 883 1634 Rei
896 1604 992 1635 Exitus
1003 1604 1062 1634 satis
1078 1604 1195 1641 probat,
1212 1612 1264 1632 un—

195 1642 232 1672 de
250 1642 408 1679 plurimum
423 1644 639 1682 conturbamur,

233 1680 299 1710 Nos
319 1681 452 1718 (volentes
471 1681 579 1712 dictam
597 1682 835 1720 ordinationem,
853 1682 922 1711 sicut
936 1682 1090 1718 convenit,
1107 1679 1259 1715 observari)

196 1719 280 1750 vobis
294 1720 474 1757 mandamus,
491 1719 643 1751 districtius
658 1722 850 1758 injungentes,
870 1720 949 1758 quod
962 1720 994 1749 ad
1010 1719 1097 1749 dietas
1112 1718 1261 1755 partesHi-

193 1758 314 1795 berniae,
333 1759 393 1788 vilis
414 1758 606 1798 praesentibus,
625 1759 752 1798 redeatis,
770 1760 803 1789 &
824 1759 914 1789 dieras
934 1758 1034 1788 Terras
1057 1756 1190 1787 Ecclefiae
1213 1767 1263 1787 ve-

197 1795 261 1826 strae
294 1797 347 1826 una
368 1806 437 1827 cum
453 1796 592 1827 Fidelibus
607 1797 707 1828 nostris
725 1799 841 1836 partium
861 1798 1033 1832 vicinarum,
1051 1805 1151 1826 contra
1169 1795 1266 1825 dictos

197 1818 324 1864 Hostiles
337 1834 477 1873 Incussus,
516 1844 579 1866 rout
592 1836 626 1866 ad
646 1846 696 1866 vos
717 1838 828 1873 attinet,
847 1834 957 1865 defendi
975 1834 1096 1872 faciatis,
1113 1843 1166 1864 nec
1182 1835 1265 1873 quic-

197 1882 302 1912 quam,
318 1874 396 1910 quod
411 1875 439 1903 in
453 1883 491 1903 no
518 1875 542 1903 ri
560 1875 756 1912 praejudicium
767 1897 777 1912 ,
793 1874 837 1904 seu
858 1873 975 1903 honoris
996 1874 1081 1910 Regii
1103 1871 1264 1903 Detraffio-

197 1920 263 1954 nem
276 1933 285 1948 ,
304 1920 350 1942 aut
371 1911 457 1942 fidelis
472 1911 573 1950 Populi
588 1912 674 1943 nostri
689 1912 931 1944 Commotionem
948 1911 1046 1942 cedere
1062 1911 1148 1941 valeat
1163 1919 1264 1942 attem-

197 1957 285 1987 prens.

233 1986 320 2018 Teste
334 1986 419 2027 Rege
432 1989 506 2028 apud
518 1989 804 2021 westmonasterium
814 1989 919 2021 oetavo
933 1989 978 2019 die
993 1989 1141 2019 Februarii.

495 2113 523 2139 ἔξ
542 2117 591 2149 De
615 2113 779 2149 Pifi‘oribus
801 2113 965 2163 Eligendis.

204 2199 327 2261 REX
346 2200 493 2232 Univerfis
508 2203 541 2234 &
560 2200 673 2239 singulis
687 2201 931 2240 vicecomitibus,
952 2199 1124 2240 Majoribus,
1142 2200 1268 2241 Ballivis‚

279 2240 437 2279 Ministris,
456 2241 488 2271 δε
504 2241 562 2271 aliis
576 2241 599 2271 F
601 2240 716 2272 idelibus
737 2240 805 2279 suis,
823 2241 881 2271 tam
901 2239 974 2271 infra
995 2240 1164 2280 Libertates,
1181 2242 1267 2281 quarn

201 2288 293 2318 extra,
310 2279 344 2310 ad
359 2289 445 2318 qu05,
463 2280 524 2310 &c.
540 2279 672 2310 Salutem.

237 2318 334 2349 Sciatis
354 2317 435 2355 quod
457 2318 673 2355 assignavimus,
690 2317 826 2348 dssecstum
843 2317 942 2356 nobis,
960 2316 1121 2354 Hugonem
1143 2317 1179 2358 de
1197 2317 1268 2349 San-

202 2357 251 2387 &o
267 2357 398 2394 Albano,
413 2355 586 2393 Magistrum
599 2355 767 2394 Pietorum,
784 2366 837 2393 pro
852 2356 1087 2394 Operationibus,
1107 2357 1135 2386 in
1155 2356 1269 2395 Capena

203 2394 301 2426 nostrii
315 2395 346 2424 in
357 2393 463 2424 Palatio
480 2394 578 2424 nostro
591 2393 887 2425 westmonasteriensi
902 2394 1268 2436 faciendis,affignat0rum‚

202 2434 236 2464 ad
252 2432 419 2471 capiendum
433 2433 466 2463 &
480 2432 642 2469 eligendum
658 2442 699 2463 tot
722 2433 848 2463 Pistor&
872 2433 905 2463 &
927 2433 993 2463 alios
1012 2433 1181 2472 operarios,
1199 2444 1268 2473 quot

200 2482 252 2510 pro
266 2471 486 2509 Operationibus
501 2471 551 2501 illis
571 2471 588 2501 f
591 2472 705 2502 :ciendis
725 2472 868 2503 neceisarii
886 2471 1006 2509 fuerint,
1024 2473 1054 2502 in
1073 2473 1141 2503 locis
1156 2473 1205 2503 ubi
1221 2483 1268 2504 ex-

200 2511 295 2548 pedire
316 2509 433 2547 viderit,
451 2510 508 2538 tam
533 2509 603 2540 infra
626 2509 796 2548 Libertates,
813 2511 896 2548 quam
917 2519 1008 2548 extra,
1033 2511 1062 2540 in
1079 2511 1269 2543 Comitatibus

199 2549 331 2587 Kantiae,
353 2546 563 2586 Middlesexiae,
581 2547 716 2586 Effexiae,
733 2549 831 2579 Surriae
847 2549 880 2579 &
895 2547 1037 2579 Suffexiae.

237 2587 275 2618 Et
290 2587 324 2617 ad
341 2586 493 2625 Operarios
506 2586 567 2616 illos
583 2586 665 2624 usque
682 2586 820 2618 Palatium
842 2586 971 2617 nostrum
988 2587 1155 2627 praedidhm
1173 2589 1267 2619 venire

199 2623 504 2667 faciendumaibidem
518 2627 547 2654 in
565 2625 710 2664 Obsequio
725 2626 837 2664 nostro,
856 2625 890 2656 ad
904 2625 991 2656 Vadia
1006 2626 1114 2664 nostra,
1132 2628 1267 2667 quamdiu

198 2664 308 2695 necesse
323 2663 405 2693 fuerit
415 2684 424 2698 ,
442 2671 613 2701 moraturos,

236 2702 275 2733 Et
287 2702 354 2732 ideo
367 2701 448 2730 vobis
469 2701 633 2732 mandamus
646 2702 723 2741 qubd
746 2701 838 2732 eidem
855 2701 997 2741 Hugoni,
1012 2704 1042 2732 in
1062 2703 1208 2740 praemiffis
1226 2703 1267 2735 fa-

201 2741 307 2772 ciendis
330 2742 363 2770 &
377 2739 558 2778 exequendis,
575 2738 750 2771 Incendentes
766 2741 834 2778 sitis,
852 2740 1052 2779 Consulentes,
1069 2741 1102 2771 δε
1125 2742 1269 2773 Auxilian-

200 2788 240 2810 tes
255 2781 400 2818 quotiens,
414 2777 452 2820 ,ὃς
467 2788 568 2816 prout,
588 2788 634 2815 per
648 2779 740 2817 ipsum
756 2779 932 2817 Hugonem,
950 2778 1029 2817 super
1047 2781 1122 2817 hoc,
1141 2790 1174 2810 ex
1190 2791 1267 2819 parte

200 2818 311 2855 nostrii,
329 2818 434 2848 suerius
447 2818 616 2854 praemuniti.

235 2859 269 2890 In
289 2857 382 2894 cujus,
399 2853 461 2883 ὅτε.

273 2894 357 2926 Teste
369 2895 454 2930 Rege
468 2893 540 2932 apud
557 2892 843 2925 Westmonasterium
852 2916 861 2931 ,
878 2893 993 2924 decimo
1006 2893 1110 2925 οᾶανο
1125 2894 1173 2926 die‘
1186 2894 1268 2927 Mar-

199 2944 240 3005 uu.
779 2972 832 3001 Per
851 2969 955 3000 Billam
970 2970 1163 3010 Thesaurariae.

202 3050 315 3082 Eodem
331 3050 420 3080 modo
435 3048 603 3083 assignantur
617 3047 776 3085 subscripti,
794 3047 829 3078 ad
842 3047 1000 3085 hujusmodi
1009 3046 1148 3087 Pietores,
1167 3051 1195 3079 in
1205 3049 1268 3081 Co-

237 3087 545 3165 raegsshibg'subscriptss
554 3110 564 3126 ‚
582 3086 747 3123 eligendum
762 3086 794 3116 &
809 3086 991 3125 capiendum,
1008 3087 1058 3117 sub
1069 3087 1166 3118 eadem
1175 3087 1269 3128 Daci,

206 3204 349 3252 Jolgannes
377 3202 526 3233 Athelard
541 3206 571 3232 in
595 3200 774 3232 eomitatibus
799 3199 921 3231 Lincoln.
947 3200 1052 3231 Norht.
1070 3204 1157 3232 Oxon.
1177 3204 1272 3234 VVarr.

207 3246 378 3358 Βξῖὶξᾶζζ.
392 3277 555 3318 Nightegale
580 3281 610 3309 in
633 3277 808 3309 comitatibus
840 3276 967 3307 Cantebr.
1000 3280 1089 3307 Hunt.
1113 3278 1206 3318 Nmff
1232 3279 1270 3315 &a

859 3356 911 3384 Per
928 3353 1037 3384 eandem
1056 3354 1168 3385 Billam.

320 3485 378 3516 Pro
401 3484 533 3518 Gnidone
556 3483 592 3518 de
615 3485 708 3516 Brian
719 3509 728 3525 ‚
745 3481 837 3528 fhper
850 3479 970 3523 strenuo
996 3479 1083 3522 Gesta
1099 3481 1167 3525 sito.

313 3567 343 3598 X
363 3568 561 3606 ThefiurariO,
579 3569 611 3600 &
629 3568 794 3599 Camerariis
808 3566 873 3604 suis,
893 3566 1028 3609 Salutem..

318 3607 397 3637 Cum
412 3616 480 3644 nos,
498 3608 594 3644 quinto
609 3607 725 3637 decimo
739 3606 783 3636 die
795 3606 932 3644 januarli,
951 3606 1086 3641 proximo
1100 3606 1259 3643 praeterito,

255 3645 466 3676 Considerantes
479 3653 552 3683 grata
565 3646 596 3675 ὃ(
611 3645 753 3676 laudabilia
767 3644 899 3681 obsequia
916 3643 998 3672 nobis
1011 3652 1058 3680 per
1067 3665 1075 3679 ,
1093 3643 1228 3674 (inedium
1243 3646 1276 3675 &

219 3683 329 3714 fidelem
344 3682 488 3720 nostrum,
507 3681 672 3712 Guidonem
685 3684 719 3713 de
736 3683 823 3723 Bryan
839 3693 854 3712 a
868 3682 918 3711 diu
934 3680 1126 3718 multipliciter
1136 3682 1278 3721 impensa,

221 3732 255 3752 ac
269 3723 377 3752 bonurn
391 3720 514 3751 Gestum
525 3719 620 3758 suum,
636 3722 665 3750 in
679 3722 779 3752 ultimo
794 3721 939 3751 Confliffliu
949 3742 958 3757 ,
976 3721 1045 3749 inter
1059 3719 1124 3749 Nos
1143 3721 1177 3750 δε
1198 3722 1278 3758 quos-

222 3761 288 3790 dam
305 3760 438 3790 inimicos
449 3757 558 3789 nostros
571 3757 696 3788 Francia:
710 3759 780 3796 apud
789 3759 928 3790 Calesium
942 3759 1054 3796 habito,
1074 3757 1213 3788 Vexillum
1225 3769 1278 3789 no-

223 3797 310 3828 strum
323 3798 427 3827 ibidem
444 3805 542 3827 contra
553 3795 644 3825 dietos
657 3795 791 3827 Inimicos
809 3796 920 3827 nostros
940 3796 1088 3834 prudenter
1107 3795 1279 3836 deferendo,

224 3835 335 3867 &illud
351 3835 488 3866 Erectum
502 3833 659 3864 sustinendo
676 3833 783 3865 strenue
802 3836 834 3866 δτ-
852 3844 994 3872 potenter,

260 3874 305 3903 Ac
318 3873 440 3904 volentes
474 3872 573 3902 roinde
585 3871 673 3908 ipsum
687 3871 871 3910 Guidonem,
890 3883 970 3910 prout
983 3872 1105 3912 Regiam
1118 3871 1200 3903 decet
1207 3872 1279 3903 Mu—

219 3911 410 3948 nificentiam,
428 3911 449 3941 l&
468 3921 548 3940 unere
558 3909 712 3947 prospicere
728 3911 863 3949 gratioso,

258 3948 482 3979 Conceflerimus
496 3959 548 3985 pro
562 3948 678 3985 Nobis,
695 3948 727 3978 δί
747 3947 912 3978 Haeredibus
925 3949 1039 3987 nostris,
1058 3948 1150 3979 eidem
1164 3948 1279 3979 Guido-

221 3988 250 4017 ni
266 3987 409 4017 Ducentas
424 3987 547 4023 Marcas,
562 3986 751 4023 percipiendas
766 3986 874 4020 lingulis
890 3987 977 4017 Annis
993 3987 1026 4017 ad
1035 3987 1215 4017 Scaccarium
1225 3998 1278 4017 no—

218 4025 325 4063 strum,
340 4025 375 4056 ad
391 4025 544 4055 Terminos
556 4024 669 4055 Pascha:
684 4024 717 4055 &
732 4024 828 4056 Sandii
843 4024 1009 4064 Michaelis,
1027 4035 1073 4064 per
1084 4025 1201 4064 aequales
1208 4025 1275 4056 Por-

1309 302 1378 346 loco
1396 307 1572 343 competenti
1587 307 1736 336 fecerimus
1759 304 1921 344 providere,
1940 313 2025 342 prout
2038 305 2068 334 in
2089 305 2188 336 Literis
2210 304 2311 335 nostris
2331 303 2386 336 Pa·
2404 303 2473 332 Ξάν-
2493 312 2520 340 3·

1311 341 1448 379 tentibus,
1467 344 1532 374 inde
1548 345 1705 382 confec‘tis,
1721 344 1830 382 plenius
1843 343 2021 390 continetur,
2130 377 2134 380 ,

1345 379 1443 423 'Vobis
1459 382 1624 413 mandamus
1637 383 1715 421 quod
1729 382 1825 412 eidem
1840 381 1974 412 Guidoni
1992 381 2119 412 Centum
2135 381 2268 424 Marcas,
2285 382 2322 413 de
2338 382 2385 413 di-

1311 417 1365 446 Ctis
1381 417 1521 449 Ducentis
1536 419 1659 460 Marcis,
1676 421 1712 451 de
1724 420 1867 451 Termino
1881 418 1996 450 Paschae
2015 422 2152 457 proximo
2171 425 2328 460 praeterito,
2345 421 2382 451 de

1307 455 1454 524 {gesturo
1467 458 1579 497 nostro,
1596 459 1706 490 solvatis
1717 460 1795 498 juxta
1808 467 1936 490 tenorem
1952 458 2107 489 Literarum
2128 459 2286 493 nostrarum
2311 465 2384 499 prce,

1328 503 1351 524 lc
1369 505 1457 524 arum.
2238 506 2240 510 '

1348 532 1436 563 Teste
1453 532 1540 572 Rege
1556 535 1628 573 apud
1645 535 1947 574 Westmonasterium,
1966 536 2062 574 primo
2079 533 2125 566 die
2143 533 2254 573 Aprilis.

2367 570 2385 597 ⁶,-

1307 660 1366 692 Pro
1398 657 1576 693 Unentibus
1598 658 1873 708 Archiepiftopatus
1905 662 2124 705 Cantuarieqlz's
2154 660 2191 694 de
2221 661 2378 696 Pardona-

1709 714 1785 742 tione
1809 709 1970 754 Palefridi.

1311 793 1460 848 REX,
1478 794 1585 826 diledto
1598 794 1717 826 Clerico
1739 795 1807 834 suo,
1825 793 1986 825 Willielmo
2004 795 2042 826 de
2061 795 2236 834 Eppeworth
2252 819 2263 834 ,
2287 806 2379 835 nuper

1389 833 1512 864 Custodi
1527 834 1744 871 Temporalium
1765 830 2030 871 Archiepiscopatfis
2046 831 2253 866 Cantuarienfis
2275 845 2380 867 vacan-

1308 873 1357 910 tis,
1375 872 1405 902 in
1421 871 1513 903 Manu
1526 872 1619 902 nostra
1632 872 1810 903 existentium
1820 895 1830 910 ,
1849 872 1982 902 Salutem.

1346 910 1446 949 Cum,
1463 919 1494 941 ut
1513 912 1688 949 accepimus,
1704 920 1780 942 certa
1803 910 1936 941 Pecuniae
1953 910 2078 947 summa,
2096 911 2126 940 in
2144 911 2265 948 qualibet
2285 911 2379 944 Vaca—

1307 950 1386 980 tione
1410 949 1676 987 Archiepiscopatfis
1690 950 1707 967 '³‘
1724 949 1869 988 praediffl,
1886 960 1901 980 a
1923 948 2099 979 Tenentibus
2117 949 2240 988 ejusdem
2262 949 2378 983 levanda

1307 989 1426 1018 nomine
1442 986 1590 1024 palefridi,
1606 988 1689 1018 nobis
1703 987 1872 1026 debeamur,

1339 1026 1462 1094 {amque
1477 1037 1532 1057 una
1547 1025 1679 1057 Pecuniae
1695 1026 1828 1065 Summa,
2264 1062 2268 1064 ,

1371 1075 1399 1095 er
1414 1073 1538 1095 mortem
1572 1066 1658 1095 bonae
1673 1066 1838 1103 memoriae,
1854 1064 1990 1103 Johannis
2012 1064 2050 1096 de
2065 1064 2191 1104 offord,
2207 1074 2297 1104 nuper
2311 1064 2379 1098 Ele-
2399 1092 2402 1095 Δ

1307 1102 1346 1133 <sti
1361 1103 1536 1133 Cantuarien
1548 1113 1569 1133 is
1585 1102 1755 1134 Confirmati
1763 1126 1775 1141 ,

1343 1140 1379 1171 Et
1393 1141 1476 1172 altera
1489 1142 1648 1181 hujusmodi
1663 1142 1799 1179 Summa,

1344 1179 1399 1210 Per
1415 1188 1560 1218 mortem,
1579 1181 1659 1211 clarae
1675 1181 1837 1219 memoriae,
1853 1179 1982 1211 Thomae
1994 1179 2030 1211 de
2045 1179 2250 1221 Bradewardyn
2259 1204 2269 1221 ,
2286 1191 2378 1220 nuper

1307 1218 1522 1257 Archiepiscopi
1540 1219 1615 1250 Loci
1631 1219 1717 1257 illius,

1342 1256 1465 1325 Rationke
1482 1258 1671 1288 Vacationum
1685 1257 1950 1296 Archiepiscopatus
1974 1257 2117 1296 praediffi,
2137 1258 2167 1288 in
2181 1266 2267 1289 manu
2281 1258 2379 1292 nostra

1304 1303 1372 1326 tunc
1389 1300 1440 1326 exn
1457 1297 1565 1326 entium
2324 1298 2331 1307 ”

1341 1335 1368 1365 Α
1389 1334 1476 1378 diciis·
1493 1319 1687 1374 Tene’ntibus,
1713 1336 1831 1380 nomine
1858 1333 2081 1372 Palefridorum,
2098 1333 2134 1365 ad
2156 1343 2228 1372 opus
2247 1334 2379 1367 nostrum

1305 1382 1354 1410 per
1370 1383 1420 1403 vos
1435 1382 1597 1412 exigantur,
1615 1383 1643 1404 ut
1657 1384 1835 1414 accepimus,

1342 1410 1425 1449 Nos,
1443 1411 1476 1442 ad
1499 1412 1749 1451 supplicationem,
1769 1411 1939 1442 Venerabilis
1953 1410 2059 1450 Patris,
2078 1411 2204 1442 Simonis
2220 1421 2298 1443 nunc
2319 1412 2375 1444 Ar-

1302 1450 1475 1488 chiepiscopi
1491 1450 1547 1481 loci
1564 1451 1710 1490 praediffi,
1727 1453 1764 1481 ne
1777 1451 1847 1481 dieti
1860 1451 2005 1480 Tenentes
2026 1450 2127 1480 exinde
2140 1451 2240 1481 nimiae
2253 1450 2378 1489 Depres—

1303 1488 1371 1518 sioni
1386 1488 1573 1527 subiciantur,
1594 1490 1811 1528 pardonavimus
1824 1489 1905 1520 diffis
1912 1488 2088 1519 Tenentibus
2101 1489 2147 1526 id,
2165 1488 2242 1526 quod
2257 1489 2292 1520 ad
2308 1489 2378 1520 Nos

1303 1528 1426 1595 {fritirfieg
1437 1527 1473 1557 de
1488 1527 1650 1597 haugugrgiodi
1666 1527 1804 1567 Summa,
1819 1527 1882 1566 post
1891 1536 2016 1558 mortem
2025 1526 2378 1567 praedistijohannisfflro
2432 1530 2436 1533 “
2486 1529 2493 1534 “
2527 1541 2530 1544 ’

1331 1577 1345 1594 a
1357 1575 1371 1595 e
1386 1576 1406 1595 ri
1428 1576 1448 1594 o
1485 1576 1497 1595 r
1546 1577 1554 1596 1
1586 1577 1616 1597 o.

1342 1603 1377 1633 Et
1393 1575 1559 1635 ideopvobis
1572 1605 1740 1636 mandamus
1759 1604 1839 1644 quod
1855 1603 2022 1643 Exaetioni,
2040 1614 2125 1642 quam
2141 1604 2224 1634 dietis
2238 1604 2380 1635 Tenenti-³

1303 1642 1354 1672 bus
1369 1641 1478 1680 facitis,
1502 1653 1552 1680 pro
1569 1644 1700 1674 husmodi
1717 1643 1854 1681 Summi,
1871 1644 1904 1673 ad
1926 1653 1996 1680 opus
2017 1642 2144 1673 nostrum
2164 1642 2299 1682 levandi,
2315 1643 2381 1681 post

1305 1689 1428 1711 mortem
1451 1681 1685 1720 dietiJohannis,
1701 1683 1818 1712 nomine
1840 1680 2000 1719 hujusmodi
2021 1681 2172 1719 Palefridi,
2191 1683 2316 1712 omnino
2333 1681 2377 1713 su-

1304 1719 1481 1758 persedeatis,
1496 1721 1573 1757 juxta
1587 1720 1711 1751 formam
1724 1719 1935 1750 Pardonationis
1949 1719 2052 1750 nostrae
2066 1720 2248 1757 supradietae3

1341 1756 1461 1799 Proviso
1475 1758 1556 1799 quod
1570 1759 1651 1790 altera
1667 1759 1802 1797 Summa,
1820 1758 1934 1796 Nobis,
1952 1768 2001 1795 per
2017 1767 2144 1788 mortem
2157 1758 2380 1798 dic'tiThomae,

1304 1805 1338 1826 ex
1353 1806 1435 1826 causa
1449 1797 1585 1833 praedieta
1593 1820 1604 1836 ,
1621 1798 1732 1835 debita,
1750 1796 1784 1827 ad
1798 1796 1881 1834 Opus
1895 1795 2025 1827 nostrum
2039 1797 2146 1827 levetur
2162 1805 2245 1835 prout
2260 1797 2352 1828 decet.

1341 1834 1429 1865 Teste
1444 1835 1529 1873 Rege
1542 1836 1614 1874 apud
1629 1834 1931 1873 Westmonasterium,
1949 1835 2085 1866 vicefimo
2098 1835 2147 1865 die
2162 1835 2275 1873 Aprilis.

1305 1974 1364 2005 Pro
1388 1973 1534 2006 Duncano
1557 1976 1671 2007 Comite
1692 1973 1728 2007 de
1752 1974 1826 2025 Fyf,
1850 1972 1896 2007 ad
1917 1976 2021 2006 Partes
2044 1975 2143 2006 Scotiae
2156 1984 2214 2020 pro
2234 1972 2384 2022 Redempd

1613 2026 1689 2055 tione
1705 2023 1768 2068 fica
1792 2021 1945 2069 quirenda
1967 2019 2074 2055 eundo.

1372 2106 1397 2138 E
1408 2106 1439 2138 X
1457 2107 1592 2139 omnibus
1614 2107 1723 2140 Ballivis
1740 2108 1774 2140 ὃ(
1801 2107 1942 2139 Fidelibus
1959 2106 2011 2138 suis
2023 2129 2033 2146 ,
2058 2107 2094 2138 ad
2117 2117 2205 2147 quos,
2224 2107 2285 2139 &c.
2304 2108 2385 2141 Sala-⁴

1346 2154 1560 2225 Scia‘Z‘S'qusd,

1345 2223 1426 2254 Cum
1441 2224 1598 2256 Duncanus
1613 2224 1722 2255 Comes
1736 2222 1772 2255 de
1786 2224 1857 2264 Fyf,
1874 2221 2042 2255 Prisonarius
2062 2223 2157 2255 noster
2176 2225 2207 2254 in
2222 2223 2311 2256 Turri
2327 2235 2382 2257 no-

1309 2261 1361 2292 stra
1376 2261 1554 2302 Londoniae,
1571 2264 1607 2293 ab
1620 2263 1717 2294 eadem
1729 2264 1817 2294 Turri
1829 2262 1863 2294 ad
1878 2261 1972 2293 Partes
1986 2263 2106 2301 Scotiae,
2125 2273 2177 2301 pro
2191 2262 2383 2304 Redemptio·

1308 2311 1344 2331 ne
1356 2300 1401 2331 suxi
1415 2303 1582 2341 quaerenda,
1600 2301 1637 2332 de
1652 2302 1783 2333 Licentia
1797 2300 1892 2332 nostr&
1906 2301 1937 2332 fit
1953 2302 2145 2340 profeeturus,
2406 2292 2449 2317 “¹''

1347 2339 1525 2379 Suscepimus
1538 2343 1628 2382 ipsum
1649 2340 1820 2379 Comitem,
1838 2339 1948 2379 eundo,
1965 2350 2035 2371 cum
2052 2340 2221 2372 Duodecim
2241 2339 2383 2372 Homini-
2403 2331 2433 2358 B*
2451 2337 2477 2366 3·
2530 2369 2537 2379 ,
2557 2340 2560 2379 ff

1309 2378 1360 2409 bus
1383 2377 1547 2418 Equitibus,
1565 2379 1656 2411 versus
1676 2379 1772 2411 Partes
1794 2379 1959 2418 praedietas,
1983 2379 2017 2410 ὃς
2036 2379 2141 2410 abinde
2160 2378 2245 2417 usque
2261 2380 2380 2411 Turrim
2405 2370 2473 2395 ⁸⁶⁰³·
2491 2375 2560 2419 ²4⁰2

1310 2417 1435 2447 nostram
1460 2419 1624 2457 praediffitam
1646 2418 1806 2456 redeundo,
1825 2419 1855 2448 in
1876 2416 2091 2448 protectionem
2114 2417 2148 2449 &
2175 2417 2382 2450 Defenfionem
2406 2409 2439 2434 F..
2455 2414 2483 2443 3·
2499 2414 2561 2453 ¹⁸⁸³?

1308 2455 1452 2496 nostram,
1471 2468 1585 2488 necnon
1599 2459 1628 2487 in
1642 2457 1748 2487 salvum
1762 2457 1796 2488 &
1808 2456 1936 2487 securum
1951 2456 2141 2487 OonduEtum
2155 2456 2298 2487 nostrum:
2427 2464 2434 2471 “
2556 2463 2559 2466 “

1344 2494 1380 2525 Et
1396 2494 1470 2541 ider>
1490 2497 1572 2527 vobis
1594 2496 1774 2534 mandamus,
1792 2495 1852 2531 &c.
1862 2501 1946 2533 prout
1967 2498 1998 2524 in
2008 2494 2142 2535 fimilrbus·
2160 2495 2192 2524 de
2214 2497 2384 2528 Protefflm

1307 2535 1483 2610 Llsgrlcsujus,
1500 2572 1561 2603 &c.
1580 2572 1665 2611 usque
1684 2571 1719 2603 ad
1733 2571 1848 2603 Festum
1865 2571 1978 2602 Natalis
1999 2571 2125 2602 Domini
2145 2572 2280 2611 proximo
2303 2572 2380 2605 fiatu-

1306 2610 1533 2687 ml'lq'etllgaltluggse'
1547 2649 1620 2688 apud
1635 2648 1942 2688 Westmonasterium,
1960 2649 2101 2680 tricesimo
2115 2648 2162 2679 die
2177 2649 2288 2687 Aprilis.

1307 2779 1356 2811 De
1380 2775 1521 2820 Potestate
1535 2798 1546 2815 ‚
1570 2790 1608 2810 ex
1632 2780 1724 2811 Parte
1748 2777 1882 2824 Angh'ae,
1909 2775 1953 2810 ad
1973 2776 2184 2810 Traflandnm
2199 2777 2292 2824 fhper
2310 2780 2377 2814 Pa-
2558 2750 2561 2852 i

1376 2838 1406 2859 ce
1429 2827 1480 2859 vel
1501 2829 1627 2873 Treugis
1649 2838 1719 2859 cum
1742 2828 1903 2872 Deputatis
1927 2824 2115 2871 Adverfhrii
2138 2828 2281 2861 Franciae.

1365 2911 1507 2948 Niverfis,
1526 2911 1670 2950 praesentes
1686 2911 1788 2942 Literas
1810 2911 1988 2949 inspecturis,
2006 2909 2179 2948 Edwardus,
2196 2909 2256 2941 Dei
2275 2911 2379 2950 gratia,
2400 2918 2477 2950 Arm,
2491 2918 2561 2950 ΒΜ

1358 2989 1364 2997 Ἰ
1383 2950 1447 2994 Rex
1462 2950 1590 2981 Franciae
1604 2951 1638 2981 &
1654 2950 1788 2987 Angliae,
1806 2950 1840 2980 &
1854 2950 1999 2981 Dominus
2008 2948 2176 2987 Hiberniae,
2194 2949 2328 2980 Salutem.
2425 2967 2510 2998 1350-
2556 2968 2561 2991 l

1343 2989 1894 3070 ffgaffidfflffie{osdircumspefflpoe‚
1914 3023 2099 3070 Diled‘torum
2118 3025 2152 3056 &
2168 3025 2306 3070 Fidelium
2320 3037 2375 3058 no·
2398 3000 2473 3072 ἐξ,
2485 3005 2530 3034 ²4⁸
2540 3005 2561 3061 >l

1308 3064 1427 3096 strorum
1437 3089 1447 3104 ,
1466 3065 1640 3096 Venerabilis
1653 3064 1756 3102 Patris,
1772 3063 1924 3093 Willielmi
1937 3063 2132 3095 Norwicenfis
2145 3063 2294 3104 Episcopi,
2312 3065 2374 3096 Ro-
2398 3077 2471 3104 Fran.
2482 3081 2526 3110 ²4·
2539 3091 2543 3101 ‚
2555 3073 2561 3101 ι

1309 3105 1383 3134 berti
1398 3104 1432 3134 de
1448 3103 1559 3134 Ufford
1576 3103 1698 3134 Comitis
1715 3101 1860 3133 Suffolciae
1893 3102 2023 3132 Thomae
2046 3101 2134 3141 Cok,
2150 3103 2184 3134 ὅ(
2198 3102 2322 3134 Roberti
2338 3105 2377 3135 de
2398 3116 2428 3140 E.
2444 3121 2516 3150 3,m.
2553 3102 2561 3140 ι’

1309 3142 1396 3172 Herle
1411 3142 1559 3179 Capitanei
1573 3141 1657 3172 Villae
1673 3141 1775 3171 nostrae
1788 3141 1824 3171 de
1841 3125 1958 3181 Caleys,
1976 3140 2283 3185 plenius-confidentes,
2421 3174 2430 3182 ‚
2510 3144 2514 3149 '
2555 3152 2561 3174 i

1347 3180 1393 3210 Ad
1407 3180 1603 3211 Ti'aeiandum
1617 3181 1650 3212 ὅ(
1666 3179 1909 3210 Concordandum
1945 3189 1997 3217 pro
2008 3179 2120 3219 Nobis,
2136 3180 2313 3211 &Nomine
2326 3191 2380 3212 no-

1311 3219 1384 3256 stro,
1401 3229 1468 3249 cum
1484 3218 1619 3262 Praelatis,
1636 3218 1834 3256 Magn-atibus,
1852 3218 1885 3249 ὃ(
1899 3202 1959 3248 aliis
1973 3227 2008 3248 ex
2019 3218 2104 3262 'Parte
2120 3218 2277 3249 Adversarii
2288 3220 2376 3251 nostri

1311 3258 1436 3288 Franciae
1451 3257 1629 3296 deputandis,
1645 3257 1721 3295 super
1736 3256 1808 3287 Pace
1823 3258 1856 3297 ᾅῑ
1879 3256 2062 3296 Concordia,
2079 3258 2130 3294 &,
2146 3257 2167 3286 fi
2186 3257 2316 3294 expedire
2335 3259 2379 3287 vi-

1310 3296 1418 3333 derint,
1435 3296 1513 3333 super
1532 3296 1672 3332 Treugis,
1690 3296 1745 3326 sive
1766 3295 1934 3326 Suflerentizi
1947 3294 2083 3334 Guerrae,
2103 3297 2176 3326 inter
2194 3295 2261 3326 Nos
2279 3295 2314 3326 &
2332 3296 2387 3327 di·.

1311 3336 1391 3365 <stum
1408 3333 1605 3365 Adversarium
1620 3334 1745 3364 nostrum
1758 3333 1899 3372 ineundis,

1348 3372 1385 3403 Et
1399 3372 1433 3402 ad
1448 3382 1498 3410 ea,
1516 3383 1579 3410 quae
1592 3373 1629 3403 fic
1641 3373 1757 3404 adlata
1772 3373 1805 3403 &
1820 3372 1992 3403 concordata
2004 3370 2124 3410 fuerint,
2141 3381 2319 3411 quacumque
2327 3372 2377 3404 Se·

1310 3412 1425 3443 curitate
1437 3410 1601 3441 firmandum
1609 3434 1619 3450 ,

1348 3450 1394 3480 Ac
1411 3449 1613 3488 Securitatem,
1630 3460 1694 3490 quae
1713 3449 1796 3480 nobis
1816 3450 1846 3479 in
1859 3449 1913 3479 hac
1936 3455 2014 3486 parte
2031 3445 2092 3477 fieri
2111 3446 2229 3488 debeat,
2247 3448 2379 3489 stipulan-

1312 3488 1382 3518 dum
1397 3488 1430 3518 &
1445 3488 1655 3526 recipiendum,
2374 3502 2377 3503 ⁷

1349 3526 1388 3556 Et
1401 3526 1436 3556 de
1452 3526 1612 3565 praemissu,
1632 3527 1713 3564 plene
1726 3526 1760 3556 ὅτ
1773 3524 1889 3555 fideliter
1901 3524 2094 3563 observandis,

1348 3565 1478 3594 Necnon
1491 3565 1526 3594 ad
1538 3566 1635 3594 omnia
1647 3566 1680 3595 ὃς
1695 3564 1811 3602 singula,
1828 3573 1891 3601 quae
1902 3564 1931 3592 in
1947 3563 2000 3594 hac
2015 3572 2090 3602 parte
2112 3564 2260 3595 necessaria
2273 3563 2379 3597 fuerint

1313 3604 1358 3636 vel
1372 3612 1525 3640 oportuna,
1543 3603 1721 3640 faciendum,
1739 3603 1822 3632 etiam
1837 3602 1856 3631 fi
1870 3600 2040 3632 Mandatum
2052 3604 2162 3641 exigant
2174 3602 2307 3640 speciale,

1352 3641 1481 3679 Eisdem,
1500 3641 1659 3680 Episcopo,
1678 3640 1809 3678 Comiti,
1824 3639 1974 3678 Thomae,
1990 3641 2024 3671 &
2037 3640 2185 3676 Roberto,
2202 3640 2324 3679 Tribus,
2341 3643 2375 3673 δῦ

1316 3681 1440 3712 Duobus
1464 3689 1561 3709 eorum
1589 3680 1723 3718 (quorum
1744 3679 1859 3709 alterum
1881 3679 2081 3716 praedictorum
2101 3678 2233 3716 Episcopi
2259 3680 2293 3710 &
2315 3679 2378 3710 Co-

1316 3722 1391 3750 mitis
1410 3718 1515 3748 Unum
1535 3717 1590 3748 effe
1612 3717 1752 3753 volumus)
1772 3718 1902 3756 plenam,
1918 3727 2014 3749 tenore
2032 3716 2229 3755 praesentium,
2243 3719 2379 3749 concedi-

1317 3769 1379 3789 mus
1391 3758 1423 3788 &
1438 3758 1647 3787 committimus
1660 3755 1848 3793 Potestatem3

1354 3797 1372 3816 ²*
1390 3796 1588 3826 promittentes
1609 3794 1677 3825 Nos
1698 3795 1804 3825 Ratum
1825 3795 1859 3826 &
1879 3795 2002 3826 Gratum
2019 3792 2161 3822 habituros
2178 3793 2313 3831 quicquid
2331 3804 2380 3832 per

1316 3835 1443 3872 eosdem,
1460 3832 1653 3873 Episcopum,
1671 3832 1837 3871 Comitem,
1853 3834 2019 3869 Th0mam‚
2040 3831 2074 3861 &
2097 3829 2275 3874 Robertum,
2291 3833 2381 3872 Tres,

1317 3875 1361 3904 vel
1378 3873 1460 3903 Duos
1472 3882 1569 3903 eorum
1590 3874 1722 3910 (quorum
1737 3873 1852 3903 alterum
1867 3870 2064 3911 praeditstorum
2073 3867 2212 3913 *Episcopi
2227 3871 2261 3901 δε
2275 3870 2379 3902 Comi-

1317 3914 1350 3942 tis
1364 3921 1450 3942 unum
1465 3910 1522 3940 esse
1531 3910 1672 3947 volumus)
1692 3910 1800 3941 Αᾶὶυω
1812 3910 1857 3941 vel
1872 3908 1996 3939 Gestum
2009 3907 2092 3937 suent
2112 3917 2142 3938 m
2162 3908 2308 3945 praemiffis
2318 3933 2328 3948 ‚
2346 3910 2380 3942 &

1316 3950 1442 3990 quolibet
1455 3948 1670 3986 praemifforum.

1353 3989 1386 4019 ln
1404 3988 1499 4024 quuS,
1516 3988 1577 4017 &c.
1964 4022 1969 4028 ¹
2081 4022 2086 4027 ¹

1390 4025 1459 4056 Dat.
1476 4026 1505 4056 in
1523 4025 1630 4057 Palatio
1647 4025 1746 4056 nostro
1763 4023 1889 4056 Westrn.
1906 4022 2024 4054 decrmo
2041 4030 2140 4060 quinto
2157 4022 2203 4055 die
2222 4023 2304 4055 Maii.

2547 3278 2561 3321 ..ἃ

2404 3783 2424 3805 *
2432 3783 2537 3820 V·⁶7⁸··
2546 3781 2561 3808 ὃ.

2336 4064 2382 4093 De
