2561 4251
778 169 889 209 ET
974 171 1239 214 ACTA

62 252 140 284 Ann.
156 251 198 287 D.
208 259 277 292 tiens
291 258 324 289 &
342 262 426 295 prout
439 254 515 285 idem
532 253 647 287 Locum
662 253 790 286 nostrum
804 263 901 287 tenens
917 256 955 286 eis
967 255 1034 288 scire
1050 258 1147 290 fecerit
1159 267 1193 290 ex
1206 268 1269 299 par-

62 289 169 330 51361.
211 308 238 331 te
259 296 362 327 nostra.

63 333 131 360 Ἐάν·
152 342 178 370 3-
238 333 272 366 In
289 334 384 371 cujus,
396 332 457 362 &c.
530 357 534 359 ,

265 371 334 403 Dat.
351 370 425 409 apud
438 368 727 401 Westmonasterium
736 393 745 408 ,
765 371 859 408 primo
871 370 918 401 die
927 371 1004 410 julii.

615 448 669 477 Per
685 445 767 485 ipfitnz
785 449 881 486 Regem
899 446 938 483 ὠ
956 447 1106 480 Concilium.

203 523 295 588 ET
312 522 476 555 mandatum
489 523 531 554 est
545 523 675 553 universis
694 523 728 554 δε
749 524 862 560 singulis
881 523 1106 564 Archiepiscopis
1118 549 1128 565 ,
1146 526 1263 565 Episco—

282 564 340 601 piS,
356 562 531 600 Abbatibus,
548 561 695 591 Prioribus
709 585 719 600 ,
745 561 908 593 Comitibus
919 584 928 600 ,
952 563 1122 602 Baronibus,
1140 565 1263 595 Viceco-

200 601 316 633 mitibus
326 625 337 639 ,
356 599 530 638 MaJ'oribus,
549 598 671 637 Ballivis‚
690 600 843 638 Ministris,
862 602 895 632 &
910 601 967 631 aliis
981 601 1121 633 Fidelibus
1136 603 1223 640 Regis
1232 605 1261 632 in

200 637 357 677 Hibernia,
372 639 442 669 infra
457 638 626 674 Liberti-ires,
645 638 678 668 &
694 648 784 676 extra,
804 639 883 677 quod
904 640 1020 678 praerato
1039 640 1155 670 Locum
1176 641 1223 670 Re
1243 642 1264 670 is

200 680 331 717 tenenti,
343 680 372 707 in
384 676 529 716 praemiffis
540 677 674 706 omnibus
687 678 721 708 ὃς
736 677 864 716 fingatis,
884 677 1019 716 Pareant,
1039 678 1184 708 Obediant
1229 688 1264 707 n-

198 717 331 754 tendant,
348 717 381 746 &
396 714 611 754 Respondeant,
629 717 757 753 quotiens
778 717 810 746 &
832 725 917 754 prout
935 716 1012 745 idem
1031 715 1148 759 Locum
1171 700 1261 755 fiegss

198 763 296 824 teiEans
311 754 425 822 ei5,sseu
440 763 540 784 eorum
555 753 654 792 alicui,
671 754 741 784 scire
754 754 852 785 fecerit
864 763 897 784 eii
910 762 989 792 parte
1003 753 1098 793 Regis.

283 801 302 823 t.
322 801 352 823 ut
377 802 452 830 upra.

197 868 288 931 ET
304 868 468 914 mandatum
483 867 523 899 est
534 867 714 934 Justiciariiss
727 865 901 911 Cancellario
916 889 925 905 ,
947 867 980 898 &
1003 867 1190 913 Thesaurario
1201 868 1257 916 Hi-

274 908 396 946 bernite,
412 918 460 946 qui
474 917 550 937 nunc
566 907 643 944 sunt,
663 916 712 949 ve-
727 915 775 944 qui
797 915 852 949 pro¹
877 914 1007 945 tempore
1026 907 1129 938 fuerint
1142 929 1151 944 ,
1177 907 1257 945 quod

218 946 315 977 raefato
330 946 443 977 Locum
456 945 543 984 Regis
557 944 676 982 tenenti,
704 953 734 973 in
756 943 899 982 praemiffis
919 945 1054 976 omnibus
1074 946 1107 976 &
1129 945 1259 984 singulis,

223 994 333 1023 areant,
352 983 513 1019 obediant,
529 981 678 1013 Intendant
691 1006 701 1019 ,
726 980 759 1013 &
781 982 981 1020 Respondeant
995 1007 1004 1022 ,
1027 984 1159 1023 quotiens
1181 984 1258 1014 idem

197 1024 315 1055 Locum
333 1023 421 1062 Regis
434 1030 533 1052 tenens
545 1021 601 1058 eis,
618 1020 665 1051 seu
678 1030 779 1052 eorum
801 1021 899 1060 alicui,
923 1022 989 1052 scire
1010 1022 1107 1053 fecerit
1127 1032 1160 1053 ex
1181 1032 1257 1062 parte

265 1073 294 1092 IS.

196 1063 225 1094 R
267 1110 303 1131 at.
323 1108 355 1130 ut
370 1098 460 1136 ὥρη.

196 1176 376 1183 ..ᾔ-..-ύ-

297 1225 347 1257 De
372 1222 610 1256 Prot-[amatione
625 1219 773 1266 facienda
791 1232 846 1268 pro
871 1223 968 1255 Terra
991 1219 1152 1257 Hiberniae.

49 1323 125 1355 Αῃῃ,
141 1323 183 1354 D,
194 1311 250 1366 R
260 1308 285 1338 E
295 1307 523 1376 {ymciiciinglriti
544 1304 656 1337 Kantiae
674 1306 808 1338 Salutem.

46 1364 155 1435 ‘433363'3
225 1359 431 1423 Auditouquod
444 1356 535 1415 ”ls'er'ra
548 1383 641 1428 nostra
655 1383 822 1428 Hiberniae,
920 1422 926 1427 .
961 1421 967 1427 ⁶

51 1423 133 1476 5⁵⁴31³
158 1423 166 1429 “
233 1423 287 1453 Per
305 1423 508 1454 invalescentes
527 1433 543 1453 a
565 1422 612 1453 diu
632 1422 857 1452 Hibernicorum
883 1420 1071 1452 Inimicorum
1091 1421 1253 1454 nostrorum

194 1461 339 1500 Incursus,
358 1471 471 1501 propter
484 1462 683 1498 impotentiam
698 1460 837 1490 Fidelium
851 1458 1016 1490 nostrorum
1031 1483 1040 1497 ,
1065 1460 1252 1492 habitantium

190 1502 220 1530 in
235 1500 353 1537 eadem,
372 1501 406 1531 &
421 1509 468 1539 per
482 1500 540 1529 hoc
554 1498 633 1537 quod
648 1498 813 1537 Magnates,
831 1498 864 1528 &
878 1497 922 1528 alii
936 1520 945 1535 ,
971 1497 1007 1528 de
1026 1498 1135 1537 Regno
1155 1500 1252 1530 nostro

190 1538 319 1577 Angliae,
337 1537 439 1568 Terras
449 1539 479 1568 in
492 1547 522 1568 ea
535 1538 683 1575 habentes,
710 1535 914 1566 Commodum
932 1536 1073 1566 dicfftarum
1096 1537 1252 1569 Terrarum

185 1577 294 1608 suarum
309 1576 346 1607 ab
358 1576 456 1607 eadem
471 1576 563 1607 Terra
574 1576 705 1614 capiunt,
723 1575 757 1606 ὅτ,
772 1574 977 1605 Defenfionem
991 1575 1115 1614 aliquam
1135 1587 1195 1608 non
1211 1577 1252 1608 fa-

182 1623 263 1648 ciunt

221 1637 326 1684 Taiitae
346 1652 475 1685 Vastitati
496 1653 530 1684 &
550 1651 750 1684 Destruecioni
771 1651 961 1683 miserabiliter
979 1651 1110 1683 subicitur
1125 1676 1134 1692 ,
1154 1655 1251 1693 quod,

186 1693 236 1723 nisi
252 1692 335 1724 Deus
348 1699 470 1731 avertat,
489 1692 522 1723 ὃς
535 1691 654 1722 celerius
670 1691 854 1722 Succurratur
869 1691 980 1731 eidem,
996 1691 1030 1721 ad
1046 1692 1164 1723 totalem
1180 1692 1250 1724 Per-

183 1731 324 1762 ditionem
339 1731 368 1761 in
385 1733 516 1769 proximo
530 1730 694 1769 deducetur,

220 1769 276 1800 Per
288 1769 366 1807 quod
375 1792 384 1808 ,
399 1779 452 1809 pro
466 1769 624 1801 Salvatione
638 1768 777 1807 ejusdem,
795 1767 997 1799 Ordinavimus
1008 1767 1177 1800 Leonellum
1185 1770 1248 1800 Co-

183 1809 284 1839 mitem
296 1808 449 1848 Ultoniae,
465 1808 570 1838 Filium
581 1807 713 1839 nostrum
727 1806 915 1845 carissimum,
934 1815 1005 1837 curn
1024 1806 1139 1845 Ingenti
1160 1808 1248 1840 Exer-

183 1848 260 1886 citu,
278 1847 313 1877 ad
327 1847 449 1878 Terram
465 1846 631 1887 praedidtam
645 1845 798 1884 destinare,
907 1884 913 1889 ι

217 1885 256 1916 Et
269 1886 344 1916 idem
359 1886 442 1916 Filius
456 1885 552 1916 noster
567 1886 602 1917 ad
616 1886 674 1916 hoc
687 1884 714 1915 se
727 1885 843 1923 paravit,
860 1883 893 1915 &
901 1892 961 1928 jam
976 1883 1129 1928 Promptus
1140 1885 1245 1925 existat,

176 1933 247 1954 cum
261 1934 321 1954 non
335 1924 454 1954 modico
473 1934 594 1955 numero
615 1925 799 1955 Armatorum
821 1924 855 1954 &
877 1922 1087 1961 Sagittariorum
1100 1946 1110 1962 ,
1136 1925 1170 1955 ad
1190 1924 1247 1956 Iter

177 1963 258 1994 flium
272 1962 363 1993 versus
379 1971 468 2001 partes
482 1963 539 1994 illas
551 1962 760 2001 arripiendum,

216 2001 254 2031 Et
268 2001 333 2031 ideo
349 2001 421 2032 Tibi
436 2002 616 2042 praecipimus
631 2000 712 2038 quod
727 2000 836 2037 statim,
853 1998 914 2030 vifis
926 1999 1124 2040 praesentibus,
1142 2002 1172 2032 in
1188 2002 1241 2033 fin-

178 2039 249 2078 gulis
264 2039 334 2070 locis
347 2038 512 2071 Comitatus
534 2039 686 2078 praedicti,
713 2040 761 2069 ubi
778 2037 909 2076 expedire
930 2037 1048 2076 videris,
1071 2040 1186 2079 publice
1207 2050 1242 2071 ex

177 2086 257 2115 parte
273 2078 371 2109 nostrzi
384 2079 552 2116 proclamari
566 2078 649 2108 facias
665 2100 676 2116 ‚
701 2076 903 2119 quod-omnes
921 2098 930 2113 ‚
955 2075 990 2106 de
1014 2077 1120 2116 Regno
1142 2077 1240 2109 nostro

175 2115 304 2155 Angliae,
324 2116 426 2147 Terras
439 2118 468 2147 in
481 2116 556 2146 dieta
570 2115 660 2146 Terra
673 2115 823 2146 Hiberniae
844 2114 976 2144 habentes
996 2115 1006 2150 (
1022 2125 1145 2153 quorum
1166 2117 1242 2147 Ter-

178 2164 218 2184 rae
232 2165 283 2192 per
297 2155 388 2186 distes
410 2154 546 2185 Inimicos
568 2153 679 2185 nostros
697 2154 761 2184 sunt
781 2155 954 2192 occupatae)
973 2162 1079 2196 quanto
1099 2157 1243 2194 potentius

175 2201 307 2231 poterunt
343 2193 436 2224 versus
449 2193 537 2224 ἀίἃαε
551 2201 639 2230 partes
654 2191 804 2222 Hiberniae
818 2201 888 2222 eum
901 2200 982 2221 omni
995 2192 1134 2224 celeritate
1146 2194 1172 2224 se
1186 2202 1240 2225 tra·

175 2232 260 2270 hant,
277 2217 324 2262 vel
334 2232 401 2262 alios
412 2231 579 2262 sufficientes
594 2231 679 2261 Loco
696 2231 737 2261 sui
752 2229 858 2273 ibidem
873 2230 1001 2273 mittant,

214 2270 256 2301 Ita
268 2270 347 2309 quod
363 2271 415 2301 fint
431 2270 536 2301 ibidem
552 2292 562 2308 ,
587 2271 616 2299 in
639 2269 772 2300 Adventu
792 2268 860 2299 dicii
882 2268 945 2298 Filii
965 2268 1054 2299 nostri
1074 2269 1108 2300 ad
1129 2271 1239 2303 easdem

175 2316 281 2347 parteS,
300 2308 333 2339 ad
345 2307 447 2339 Terras
461 2309 518 2339 suas
532 2308 677 2347 praediistas
691 2308 900 2346 recipiendum,
909 2307 942 2336 ὅ(
956 2317 999 2350 eas
1014 2307 1239 2349 inhabitandum,

171 2347 331 2416 c(ftfdiddtaitci1
344 2347 467 2378 Terram
485 2348 500 2365 ’¹‘
520 2345 693 2385 Hiberniae,
712 2348 767 2378 una
788 2357 858 2377 cum
881 2345 938 2376 aliis
961 2344 1102 2377 Fidelibus
1120 2348 1239 2388 nostris,

192 2395 256 2416 een
276 2395 311 2416 en
334 2396 396 2416 um·

209 2424 289 2455 Scire
300 2409 403 2454 facien's
415 2424 517 2456 eisdem
530 2424 629 2464 quod,
647 2423 698 2454 nisi
712 2423 747 2454 ad
759 2423 847 2454 duitas
861 2429 950 2461 partes
964 2422 1125 2464 Hiberniae,
1140 2425 1168 2455 in
1178 2425 1237 2456 sor-

171 2471 220 2493 ma
234 2463 367 2500 praedicta
402 2464 539 2501 venerint,
554 2463 645 2493 didius
661 2462 744 2492 Filius
758 2462 854 2492 noster
877 2471 961 2501 quem
974 2462 1089 2493 Locum
1103 2463 1233 2495 nostrum

170 2509 318 2532 tenentem
331 2503 359 2531 in
375 2485 466 2532 Terra
479 2501 614 2542 praedi&a
629 2501 840 2537 constituimus)
858 2509 961 2530 omnes
981 2500 1083 2532 Terras
1102 2502 1233 2542 illorum,

193 2540 223 2569 ui
236 2539 270 2570 ad
285 2540 392 2571 diritam
406 2539 529 2571 Terram
543 2539 708 2577 Hiberniae,
725 2541 754 2570 in
772 2539 903 2570 Adventu
915 2538 985 2568 dieti
1002 2538 1064 2569 Filii
1078 2540 1165 2570 nostri
1180 2542 1232 2572 ibi-

194 2587 256 2616 em,
275 2589 334 2609 non
351 2580 496 2617 venerim,
513 2588 561 2616 per
572 2579 666 2609 diffitos
681 2578 818 2608 Iniinicos
831 2585 997 2615 occupatan,
1016 2578 1074 2609 aliis
1095 2579 1234 2611 Fidelibus

173 2616 292 2654 nostris,
311 2617 360 2655 qui
374 2627 417 2647 eas
433 2616 588 2661 Recipere,
605 2618 638 2648 ὃ(
652 2616 823 2654 inhabitare,
841 2626 874 2647 ac
896 2615 1059 2646 Defendere
1080 2618 1235 2658 voluerint,

173 2657 292 2686 nomine
305 2655 402 2686 nostro
413 2655 549 2694 donabit,
566 2657 605 2685 eis
618 2657 829 2693 imperpetuum
845 2654 1030 2692 remansuras,

212 2694 249 2724 Et
264 2695 300 2724 de
313 2705 366 2731 eo,
383 2694 461 2732 quod
476 2694 543 2724 inde
558 2694 673 2731 feceris,
688 2704 740 2724 nos
752 2695 780 2724 in
796 2693 969 2724 Cancellaria
982 2693 1086 2731 nostra,
1105 2695 1173 2725 citra
1181 2695 1235 2725 Fe-

174 2730 250 2761 stum
267 2732 362 2762 Sanffi
377 2733 535 2770 Laurentii,
554 2733 686 2770 proximo
701 2733 827 2763 futurum
841 2755 851 2771 ,
877 2731 973 2762 reddas
997 2731 1132 2763 distinete
1154 2735 1188 2765 ὅ(
1207 2745 1236 2765 a-

175 2772 256 2808 perte
272 2771 418 2800 certiores:

211 2808 249 2839 Et
264 2808 339 2846 hoc,
357 2808 407 2838 sub
421 2807 596 2839 forisfactura
611 2809 745 2839 omnium

170 2846 324 2877 nullatenus
334 2848 453 2877 omittas.

243 2884 333 2916 Teste
346 2885 428 2925 Rege
439 2885 511 2924 apud
524 2883 815 2916 westmonasterium
834 2883 958 2914 fecundo
979 2883 1024 2914 die
1035 2883 1113 2923 Julit

45 1478 182 1516 Olfius-35-

43 1520 74 1544 E.
91 1526 114 1552 3.

45 1563 82 1583 m.
98 1555 177 1583 21.d.

29 2351 51 2372 θ
71 2351 123 2380 VI.

31 2389 95 2428 328.

761 2816 825 2846 quae
841 2808 924 2838 nobis
938 2807 1098 2839 forisfacere
1115 2811 1234 2850 poteris,

801 2963 855 2991 Per
871 2960 954 3001 ipfrm
969 2963 1073 2998 Regem.

171 3039 337 3070 Confimilia
351 3039 448 3071 Brevia
461 3038 620 3079 diriguntur
631 3038 745 3078 singulis
764 3038 992 3070 vicecomitibus
1006 3047 1056 3076 per
1078 3038 1211 3080 Angliam

208 3079 258 3109 sub
272 3079 370 3109 eadem
385 3079 467 3110 Data.

215 3204 308 3249 Super
331 3205 514 3236 promotione
537 3202 699 3252 Andruym'
714 3201 863 3246 Abbatis,
888 3206 924 3241 (ῥ’
941 3204 1011 3235 aliis
1033 3207 1176 3250 negotiis,

549 3252 697 3297 respondet
719 3254 813 3298 Papa.

16 3336 93 3369 Ann.
108 3336 150 3368 D.
166 3335 375 3394 INnocentius
394 3335 549 3375 Episcopus
563 3359 574 3373 ,
603 3335 704 3367 Servus
722 3336 876 3367 Servorum
905 3336 961 3367 Dei
976 3360 986 3375 ,
1011 3334 1167 3369 Cariffimo
1193 3339 1221 3369 in

38 3377 122 3415 1361.
212 3374 328 3404 Christo
342 3375 426 3413 Filio,
444 3373 585 3406 Edwardo
598 3374 675 3414 Regi
691 3375 802 3415 Angliae
815 3374 932 3413 illustri,
951 3375 1074 3406 Salutem
1087 3378 1120 3408 &
1142 3377 1223 3416 Apo-

15 3419 66 3443 An.
86 3426 97 3452 3
103 3425 146 3450 5.¹
164 3412 294 3443 stolicam
307 3412 548 3444 Benediffloriem.

14 3456 46 3481 Β.
68 3463 93 3490 3.
202 3451 316 3481 Pridem
324 3473 334 3489 ,
349 3451 383 3481 ad
397 3452 521 3482 nostram
534 3451 698 3482 accedentes
711 3451 903 3490 praesentiam,
921 3452 992 3482 certi
1002 3452 1044 3483 tui
1063 3452 1220 3484 Ambaffia-

14 3494 54 3519 Ex
67 3496 126 3519 Au-
164 3497 237 3520 tores
251 3490 260 3526 (
270 3499 356 3527 quos,
374 3490 593 3520 consideratione
608 3489 751 3521 Mittentis
764 3492 797 3521 δε
810 3499 910 3520 eorum
927 3491 1033 3529 insuper
1048 3491 1144 3521 multae
1153 3502 1218 3531 pru-

15 3535 78 3566 togr.
161 3528 265 3559 dentiae
277 3536 310 3558 ac
324 3528 497 3558 discretionis
510 3529 629 3567 intuitu,
643 3529 766 3567 benigne
781 3528 961 3568 suscepimus)
986 3528 1106 3565 plurima
1126 3540 1141 3560 a
1165 3540 1217 3560 no-

161 3567 220 3604 bis,
238 3567 307 3604 tuis,
326 3575 354 3596 ut
366 3566 557 3605 percepimus,
572 3575 646 3606 grata
659 3567 857 3606 conceptibus,
874 3576 927 3604 pro
943 3575 1022 3605 parte
1033 3565 1216 3606 Regis,mul-

160 3605 190 3636 ta
204 3604 345 3644 diligentia
360 3603 541 3643 postularunt.

199 3643 237 3674 Et
253 3643 394 3683 primurn,
411 3641 484 3672 dum
498 3643 526 3671 in
540 3640 673 3672 Romanii
687 3642 791 3681 Curifi,
817 3644 908 3674 adhuc
928 3644 958 3673 in
978 3642 1108 3673 humanis
1121 3667 1130 3681 ,
1148 3653 1213 3683 age-

161 3692 219 3720 ret,
236 3682 321 3712 bonae
335 3681 499 3717 memoriae,
517 3679 645 3710 Thomas
658 3681 812 3718 Episcopus
824 3682 954 3719 Eliensis,
974 3683 1056 3711 nobis
1069 3682 1211 3713 humiliter

160 3719 346 3758 supplicfirunt
359 3727 389 3750 ut
405 3728 503 3749 omnes
515 3717 681 3756 Proceffus,
698 3718 807 3748 dudum
821 3721 848 3749 in
860 3720 935 3749 dicta
950 3719 1038 3749 Curia
1051 3720 1160 3751 habitos
1180 3723 1208 3751 in

160 3759 251 3796 causa,
270 3768 333 3796 quse
367 3768 396 3788 er
409 3757 530 3788 eundem
545 3756 720 3795 Episcopum
736 3766 836 3795 contra
849 3758 1015 3795 nonnullos,
1031 3759 1089 3788 tam
1108 3759 1212 3789 Praela-

158 3804 218 3834 tos,
235 3798 320 3836 quam
336 3768 480 3834 glericos,
498 3796 530 3825 ὃς
545 3793 684 3825 Seculares
696 3795 827 3825 Personas
839 3795 902 3825 alias
921 3797 1094 3833 vertebatur,
1109 3798 1211 3827 anulla-

158 3844 189 3865 re
199 3856 209 3872 ,
224 3835 257 3865 &
272 3834 609 3865 Excornmunicationum
625 3833 778 3864 Sententias
787 3833 914 3870 relaxare,
931 3833 966 3864 de
979 3832 1152 3871 Apostolicae
1159 3836 1211 3867 Se-

162 3872 204 3902 dis
221 3871 437 3911 Munificentia,
453 3873 648 3913 dignaremur,

200 3909 261 3947 Ac,
280 3911 380 3942 deinde
394 3911 495 3942 eodem
510 3910 652 3949 Epilcopo
671 3910 782 3940 noviter
798 3911 827 3939 in
848 3909 980 3940 Romana
1002 3909 1088 3941 Curia
1110 3911 1210 3942 defun-

163 3948 229 3985 ἂο,
249 3948 326 3984 super
339 3949 435 3980 eadem
450 3949 590 3979 Petitione
604 3948 716 3988 apudN
718 3958 750 3978 os
763 3947 872 3985 praefati
885 3949 927 3979 tui
934 3948 1147 3981 Ambaffiatores
1163 3961 1213 3982 ve-

160 3987 318 4018 hementius
329 3986 501 4026 institerunt,

198 4024 265 4055 Nos
278 4025 377 4063 igitur,
393 4026 462 4064 tuis,
478 4026 615 4064 quantum
627 4035 693 4056 curn
711 4026 780 4056 Deo
791 4025 945 4063 poterimus
958 4047 969 4064 ‚
993 4025 1075 4057 Votis
1093 4027 1211 4057 condes-

158 4063 280 4099 cendere
292 4064 451 4103 cupientes,
467 4066 608 4097 omnes&
619 4064 742 4104 singulos
758 4064 925 4104 Proceffus,
945 4064 1089 4097 interdicti
1109 4066 1139 4099 in
1162 4065 1211 4104 Uff

1325 174 1799 219 Pontica
2316 188 2368 235 45·

1306 260 1490 300 niverlitates,
1507 261 1550 292 seu
1566 261 1754 301 Suspensionis
1775 264 1805 293 in
1827 263 1957 301 Capitula
1971 287 1981 301 ,
2003 258 2226 303 suspendendos:
2252 275 2286 298 ac
2306 266 2364 298 Εἷς·
2378 258 2508 300 Antii}

1307 301 1577 331 communicationis
1592 300 1743 331 Sententias
1755 302 1784 331 in
1797 301 1946 339 singulares
1962 302 2110 342 Personas,
2129 313 2244 344 propter
2258 305 2363 336 dictam
2399 306 2485 344 1361.

1308 338 1418 367 causam
1428 360 1438 376 ,
1453 339 1521 368 oliin
1536 341 1564 369 in
1580 340 1690 377 praefata
1702 339 1790 370 Curia
1802 340 1866 371 latas
1878 342 1912 372 ὃς
1926 341 2031 372 habitas
2043 367 2052 378 ,
2081 343 2126 372 seu
2147 342 2365 380 quomodolibet
2376 345 2443 374 Edv.
2465 355 2491 384 3:

1307 375 1511 423 promulgatas,
1534 377 1567 408 ὃς
1589 387 1778 417 quaecumque
1789 378 1856 409 inde
1877 380 1985 417 iecuta,
2009 380 2095 418 usque
2108 381 2142 411 ad
2158 380 2273 412 Festum
2288 382 2365 412 Onia

1305 422 1387 457 nium
1410 414 1597 453 Sandtorum,
1615 418 1747 453 proximo
1768 415 1912 455 futurum,
1928 417 1964 447 de
1981 418 2157 456 Benignitate
2177 420 2362 460 Apostolica,

1305 450 1436 482 duximus
1451 452 1622 489 relaxandas,-
1640 454 1776 491 sperantes
1791 456 1913 494 i'nterea,
1932 456 2000 487 cum
2015 464 2128 495 tempus
2140 459 2266 488 tenendis
2279 458 2362 489 Con—

1304 488 1415 519 fistoriis
1426 490 1552 529 dabitur,
1570 491 1606 522 de
1621 491 1742 523 Person&
1754 493 1879 532 ydonei,
1904 496 1937 524 ὅ(
1962 494 2028 533 tibi,
2051 504 2186 535 quantum
2208 507 2276 527 curn
2295 497 2364 528 Deo

1303 529 1475 570 poterimus,
1491 529 1567 567 grati
1583 552 1591 567 ,
1610 528 1712 560 Eliensi
1726 530 1858 562 Ecclesiae
1873 532 2040 571 providere3
2056 544 2089 564 ac
2101 543 2181 572 tunc,
2198 535 2297 565 eidem
2305 535 2364 566 Ec*

1302 565 1385 596 cleiis
1400 565 1515 597 Pastore
1528 567 1594 605 suO‚
1613 577 1695 604 prout
1708 571 1860 609 convenit,
1878 570 2043 608 reformata,
2062 572 2099 602 de
2117 572 2199 602 dietis
2219 573 2361 604 Proceffi-

1304 604 1356 634 bus
1373 614 1405 634 ac
1420 605 1583 643 Sententiis,
1599 614 1682 644 prout
1696 606 1848 637 secundum
1863 607 1962 638 Deum
1976 611 2146 650 poterimus,
2171 612 2227 641 fine
2249 611 2363 643 laeiione

1300 641 1440 681 Justitiae,
1458 643 1622 682 disponere,
1639 644 1754 674 austere
1766 645 1915 684 Domino,
1933 648 2102 679 intendimus
2116 671 2126 688 ,
2152 649 2186 680 &
2205 649 2291 680 finem
2308 659 2362 690 p0-·

1302 689 1369 710 nere
1382 681 1480 711 Causae
1491 682 1650 721 praelibatae.

1341 717 1493 750 Credimus
1506 721 1584 751 enirn
1599 719 1749 750 Personam
1764 721 1847 758 ipsam
1857 745 1866 759 ,
1884 732 1967 760 quam
1981 724 2106 763 praefatae
2125 724 2260 757 Ecclefiae
2281 726 2361 758 Praea

1300 755 1452 799 fecerimus
1467 759 1495 788 in
1512 758 1686 798 Episcopum
1698 760 1732 789 δε
1745 758 1908 798 Pastorem,
1927 763 1962 791 ita
1981 772 2028 800 per
2048 772 2074 794 te
2095 763 2269 801 Benignitate
2298 765 2363 795 Re,

1300 796 1346 830 gia
1360 797 1535 861 psertractari,
1552 796 1632 835 quod
1646 797 1724 827 causa
1740 798 1795 835 ipsa
1808 798 1908 828 Finem
1922 800 2091 839 pacificum,
2115 804 2232 833 audtore
2251 803 2360 834 Domi<

1299 841 1340 861 no
1383 841 1508 863 ornetur.

1340 854 1470 914 Ulterius
1483 872 1568 902 etiam
1582 870 1670 902 iidem
1688 872 1903 905 Ambaffiatores
1922 876 1994 913 apud
2015 876 2084 907 Nos
2097 901 2106 915 ,
2124 886 2179 916 pro
2200 887 2274 917 parte
2296 885 2359 920 tua,

1301 907 1448 940 humiliter
1460 910 1637 949 institerunt,
1659 919 1689 941 ut
1702 921 1793 942 certos
1805 912 1951 944 Proccffus
1966 937 1975 952 ,
1993 914 2103 946 dudum
2123 919 2152 946 in
2173 916 2249 947 dieta
2272 918 2359 950 Curia

1301 946 1430 987 habitos,
1447 949 1481 979 ad
1501 948 1660 979 instantiam
1674 972 1684 987 ,
1707 950 1800 981 dilecti
1822 951 1907 989 Filii,
1933 953 2048 984 Abbatis
2069 953 2237 985 Monasterii
2261 956 2360 987 Sancti

1300 984 1337 1015 N
1339 986 1421 1016 icolai
1438 986 1661 1027 Andegavensis,
1676 997 1774 1018 contra
1788 989 1906 1019 dilectos
1921 990 2002 1021 Filios
2090 991 2218 1022 Priorem
2231 994 2264 1023 ὃ(
2278 994 2360 1025 Con-

1300 1033 1419 1054 ventum
1438 1025 1474 1056 de
1494 1026 1665 1065 Spaldingge
1678 1051 1688 1064 ,
1713 1027 1829 1057 Ordinis
1848 1028 1943 1058 Sanffi
1970 1029 2113 1060 Benedicti
2126 1053 2136 1069 ,
2170 1031 2360 1068 Lincolnienfi

1299 1061 1436 1095 Dioecese
1450 1087 1461 1102 ,
1478 1065 1574 1094 tollere
1587 1066 1621 1096 ὃς
1634 1065 1773 1096 annullare
1787 1066 1909 1096 iimiliter
1923 1067 2117 1107 dignaremur,

1336 1101 1405 1132 Nos
1424 1103 1516 1140 itaque
1538 1103 1629 1134 modo
1650 1104 1750 1143 simili,
1769 1104 1906 1142 quantum
1927 1116 1993 1136 curn
2016 1106 2084 1137 Deo
2106 1107 2266 1145 potuimus,
2285 1110 2358 1140 votis

1298 1138 1400 1176 Regiis
1421 1142 1560 1179 inclinati,
1579 1151 1681 1172 omnes
1703 1144 1736 1174 ὃς
1756 1143 1874 1181 singulos
1896 1143 2062 1183 Proceffus,
2082 1146 2110 1175 in
2126 1146 2239 1183 praefata
2252 1146 2357 1186 Curia,

1298 1178 1333 1207 ad
1349 1178 1511 1210 instantiam
1524 1180 1596 1210 dieti
1610 1181 1746 1220 Abbatis,
1765 1190 1865 1212 contra
1879 1180 2011 1212 Priorem
2027 1185 2060 1214 &
2078 1182 2266 1216 Conventum
2282 1195 2354 1223 prae-

1297 1215 1368 1246 fatos
1383 1218 1509 1257 habitos,
1528 1219 1573 1249 seu
1598 1219 1815 1257 quomodolibet
1831 1221 2034 1259 promulgatos,
2053 1222 2089 1252 us
2103 1233 2136 1252 ue
2158 1228 2190 1252 ao
2206 1224 2355 1263 praefatum

1297 1254 1414 1286 Festum
1434 1256 1577 1288 Omnium
1599 1258 1768 1289 Sanctorum
1792 1258 2011 1298 suspendendos,
2029 1262 2061 1292 ἃ
2102 1263 2358 1293 xcoinmunicatio-

1299 1302 1370 1336 num
1392 1295 1546 1326 Sententias
1566 1296 1687 1327 limiliter
1708 1297 1837 1327 duximus
1858 1298 2028 1335 relaxandas,
2049 1309 2129 1338 prout
2152 1302 2248 1330 omnia
2261 1301 2356 1339 latius,

1297 1341 1373 1362 vivae
1392 1335 1470 1364 vocis
1490 1334 1648 1365 ministerio
1663 1359 1672 1373 ,
1689 1335 1793 1372 praefati
1815 1337 1854 1365 tui
1878 1336 2096 1368 Ambaffiatores
2116 1348 2255 1376 exponere
2275 1349 2356 1378 pote-

1296 1379 1379 1413 runt,
1393 1371 1411 1391 ³*
1421 1372 1453 1402 ὃ(
1468 1373 1496 1402 in
1512 1374 1628 1411 nostris,
1647 1374 1714 1404 inde
1727 1373 2046 1412 conficiendis,Litteris
2060 1377 2167 1414 plenius
2183 1378 2287 1409 videbit
2296 1377 2356 1408 Re-

1295 1417 1338 1446 gia
1352 1409 1488 1440 Serenitris
1503 1413 1651 1441 contineri.

1335 1446 1554 1491 Eromotionem
1574 1460 1707 1489 quoque,
1726 1451 1821 1481 dileeti
1844 1451 1922 1488 Filii,
1941 1451 2222 1491 Magisti·ijohannis
2236 1453 2354 1494 Barnet,

1297 1484 1431 1517 Coeleeti
1451 1487 1684 1526 Herefordenfis,
1704 1489 1737 1518 ad
1758 1489 1912 1519 Ecclesiam
1926 1489 2168 1522 Hei-efordenlem
2182 1493 2266 1523 iidem
2281 1494 2356 1524 Am-

1297 1523 1454 1556 baffiatores
1472 1527 1574 1565 nobis,
1598 1536 1650 1566 pro
1672 1535 1748 1564 parte
1769 1526 1817 1557 tufa
1830 1551 1840 1565 ,
1859 1527 1988 1558 fecerunt
2008 1530 2150 1561 humiliter
2170 1531 2356 1563 commenda-

1294 1569 1362 1593 tam.

1333 1601 1402 1633 Nos
1414 1604 1485 1634 vero
1501 1602 1621 1634 Causam
1633 1603 1792 1642 hujusmodi
1805 1602 2001 1634 Coeleffionis
2009 1627 2018 1642 ,
2037 1605 2142 1635 dilecto
2159 1606 2232 1637 Filio
2244 1608 2354 1647 nostro,

1293 1639 1468 1682 Androyno,
1486 1643 1557 1672 tituli
1574 1642 1744 1673 &mistorum
1756 1641 1895 1680 Johannis·
1908 1644 1939 1673 ὃς
1956 1643 2035 1673 Pauli
2050 1644 2205 1674 Presbitero
2221 1645 2355 1676 Cardina-

1292 1678 1330 1717 li,
1349 1680 1480 1710 duximus
1494 1681 1746 1717 committendam,-
1768 1681 1818 1718 &,
1837 1690 1973 1718 quantum
1990 1682 2070 1712 bono
2086 1683 2176 1713 modo
2188 1685 2354 1722 poterimus,

1293 1717 1395 1755 absque
1410 1719 1521 1749 laesione
1529 1718 1666 1757 Justitiae,
1683 1720 1736 1749 tuis
1751 1719 1910 1749 curabimus
1924 1719 2058 1750 delideriis
2072 1721 2260 1758 complacere.

1332 1755 1423 1794 Super
1443 1756 1762 1795 Promotioneautem‚
1779 1756 1873 1787 dilecti
1888 1757 1966 1795 Filii,
1986 1759 2134 1798 Androyni
2149 1760 2266 1790 Abbatis
2283 1760 2354 1791 Mo-

1290 1794 1402 1825 nasterii
1424 1795 1630 1834 Cluniacenfis,
1648 1795 1847 1827 Matisconenfi
1869 1795 2021 1835 Dioecese,
2039 1797 2073 1826 ad
2088 1797 2281 1829 Cardinalatiis
2297 1799 2353 1829 Di-

1289 1835 1426 1872 gnitatem
1443 1838 1512 1871 (pro
1526 1845 1585 1873 quo
1599 1835 1698 1872 nobis,
1712 1844 1813 1873 praeter
1826 1835 1905 1871 haec,
1924 1845 1976 1874 pro
1991 1845 2067 1872 parte
2079 1835 2143 1874 tufi,
2159 1837 2264 1875 praefati
2279 1838 2352 1868 Am-

1290 1871 1464 1909 basfiatores,
1481 1874 1538 1903 tam
1552 1872 1678 1912 diligenti
1692 1872 1835 1911 instantii,
1850 1873 1935 1911 quam
1950 1874 2063 1904 instanti
2075 1875 2233 1914 diligentia,
2251 1877 2299 1913 sup
2320 1877 2352 1906 li-

1289 1911 1410 1947 carunt)
1430 1911 1521 1941 nichil
1533 1920 1642 1942 certum
1651 1934 1662 1950 ,
1680 1911 1835 1942 absentibus
1848 1912 1932 1949 paene
1945 1913 2082 1942 omnibus
2097 1913 2238 1944 Fratribus
2250 1886 2353 1946 noAEris

1288 1950 1434 1980 Romanae
1451 1948 1587 1980 Ecclesiae
1608 1949 1819 1987 Cardinalibus,
1835 1960 1849 1979 a
1873 1949 1984 1989 praefata
2004 1949 2109 1989 Curia,
2127 1960 2240 1990 propter
2254 1954 2352 1984 immi-

1285 1998 1357 2058 Eens
1370 1988 1502 2058 hosrrendi
1515 1989 1548 2020 δε
1563 1987 1686 2026 pestiferi
1700 1988 1804 2018 Morbi
1818 1987 2010 2027 Contagium,
2026 1989 2191 2029 respondere
2205 1992 2350 2030 possiimus

1307 2038 1323 2058 e
1365 2037 1400 2056 rae
1413 2036 1479 2058 enti.

1322 2036 1403 2097 (ἔξω
1431 2074 1524 2096 autem
1546 2073 1658 2104 tempus
1678 2064 1823 2105 ydoneum
1844 2065 1964 2103 negotiis
1984 2064 2163 2103 disponendis
2183 2067 2345 2108 advenerit,

1287 2104 1434 2135 Abbatem
1455 2105 1565 2143 ipsum,
1586 2105 1665 2141 cujus
1683 2103 1756 2142 apud
1776 2102 1844 2133 Nos
1864 2104 1896 2134 &
1918 2103 2021 2133 Sedem
2038 2105 2235 2143 Apostolicam
2251 2109 2347 2138 multi-

1285 2144 1368 2181 plicia
1379 2143 1548 2182 jamdudum
1567 2143 1668 2172 merita
1688 2142 1846 2172 claruerunt
1856 2166 1866 2181 ,
1897 2142 1958 2172 Tui
1972 2143 2193 2174 conlideratione
2206 2145 2240 2175 &
2253 2146 2346 2176 dieto-

1285 2191 1350 2212 rum
1369 2182 1537 2212 meritorum
1554 2181 1668 2211 suorum
1689 2181 1806 2218 intuitu,
1823 2181 1852 2210 in
1872 2179 1922 2209 suis
1944 2182 2147 2218 promovendis
2161 2182 2346 2222 Honoribus,

1285 2219 1388 2251 habere
1404 2219 1574 2250 intendimus
1592 2218 1856 2256 commendatum,
1879 2218 1950 2248 Tuis
1963 2221 1992 2249 in
2006 2219 2064 2250 hoc
2077 2231 2201 2251 annuere
2217 2221 2300 2253 Votis
2311 2225 2344 2254 δε

1286 2260 1464 2297 complacere
1484 2257 1649 2295 Desideriis,
1668 2265 1806 2295 quantum
1821 2256 1857 2300 de
1876 2256 2001 2288 Fratrum
2026 2258 2148 2297 ipsorum
2163 2259 2295 2292 Consilio
2310 2262 2344 2293 &c

1284 2296 1400 2328 Affensu
1416 2296 1566 2334 procedat,
1585 2305 1670 2334 prout
1684 2295 1752 2325 Deo
1784 2303 1937 2333 Otenmus,
1955 2298 2108 2333 cupientes.

1322 2335 1390 2367 Dat.
1404 2336 1540 2366 Avinion.
1554 2336 1583 2367 vi
1599 2334 1640 2366 Id.
1656 2334 1741 2373 Julii,
1783 2332 1946 2365 ontificatsis
1961 2334 2049 2364 nostri
2063 2346 2138 2367 anno
2151 2347 2238 2368 nono.

2368 1364 2387 1383 *Ψ
2405 1367 2455 1395 VI.

2370 1413 2433 1441 3²9⁶

1932 2409 2022 2448 Sigillo
2045 2411 2150 2450 avuffi).

1871 2485 2081 2525 Transittontan.

1609 2626 1659 2658 De
1679 2626 1817 2657 Licentia
1832 2621 2012 2658 maritandt'.

1281 2706 1412 2763 REX
1432 2709 1593 2755 Omnibus,
1610 2710 1644 2740 ad
1658 2720 1743 2750 quos,
1761 2709 1821 2754 &a
1836 2708 1970 2754 Salutem.
2106 2748 2110 2752 ²
2124 2747 2129 2752 ι
2234 2747 2248 2761 .·
2355 2713 2428 2744 Ann.
2441 2713 2482 2744 D.

1396 2747 1547 2787 Volentes,
1565 2749 1672 2779 ddecto
1695 2749 1795 2786 nobis,
1809 2747 1933 2786 Johanni
1955 2745 2064 2785 Buffet,
2079 2746 2151 2776 Filio
2172 2745 2249 2790 Petri
2270 2747 2338 2778 Bus-
2374 2754 2455 2791 1361,

1277 2782 1334 2822 fet,
1353 2796 1489 2823 praetextu
1503 2787 1573 2818 boni
1592 2787 1720 2825 Servitii,
1737 2787 1819 2817 nobis
1840 2797 1890 2826 per
1911 2786 2002 2825 ipsum
2019 2785 2181 2825 johannem
2202 2787 2337 2826 impensi,
2352 2795 2403 2819 An.
2422 2802 2467 2828 35.

1276 2823 1393 2861 gratiam
1414 2827 1505 2856 facere
1519 2827 1684 2864 specialem,
1989 2863 1994 2868 ,
2020 2863 2025 2868 ι
2275 2863 2279 2868 ,
2354 2834 2383 2856 Ε.
2406 2840 2430 2866 3.

1315 2861 1512 2895 Conceffimus
1539 2865 1573 2895 &
1595 2863 1753 2895 Licentiam
1782 2862 1911 2894 dedimus
1935 2861 2109 2893 Guillielmae
2130 2860 2166 2891 de
2188 2860 2337 2901 Coroues,
2354 2869 2417 2901 msc.
2434 2872 2481 2904 35'.

1274 2902 1421 2941 quondam
1444 2903 1541 2934 Uxori
1562 2903 1665 2943 Jacobi
1680 2902 1716 2932 de
1729 2901 1903 2932 Thalemont
1917 2900 2058 2944 defuncli,
2099 2899 2157 2943 uod
2176 2901 2245 2944 ipla,
2267 2902 2336 2931 infra
2354 2910 2380 2932 Ε.
2400 2915 2424 2941 3.

1274 2943 1411 2980 Annum,
1427 2952 1441 2972 a
1462 2950 1593 2979 tempore
1618 2942 1715 2972 mortis
1734 2940 1842 2977 praefati
1854 2939 1974 2978 Jacobi,
1992 2948 2082 2976 nuper
2124 2948 2155 2967 iri
2173 2939 2229 2977 sui,
2246 2949 2332 2970 com-
2348 2953 2382 2969 m.
2399 2953 2425 2975 9.

1272 2981 1445 3021 putandum,
1463 2981 1579 3018 praefato
1591 2980 1713 3019 johanni
1728 2977 1819 3009 Buffet
1832 2979 1960 3008 maritare
1974 2976 2001 3007 se
2016 2977 2123 3021 posset,

1311 3019 1500 3050 Remittentes
1522 3020 1548 3048 ei
1568 3027 1686 3049 omnem
1707 3016 1828 3046 Poenam
1850 3017 1883 3047 &
1899 3015 2065 3052 Infamiam,
2083 3026 2111 3045 in
2127 3015 2184 3045 hoc
2199 3015 2277 3053 casu,
2295 3016 2331 3046 de

1267 3058 1337 3097 Jure
1359 3057 1469 3095 Civili,
1494 3067 1591 3087 contra
1614 3056 1769 3093 Mulieres,
1786 3065 1850 3093 quae
1874 3054 1900 3084 se
1924 3054 1994 3084 infra
2017 3063 2125 3098 annum
2139 3076 2149 3091 ,
2166 3064 2181 3084 a
2202 3063 2329 3093 tempore

1270 3097 1372 3127 mortis
1394 3095 1531 3126 Virorum
1547 3095 1677 3134 suorum,
1693 3094 1849 3134 nupserint,
1866 3092 1995 3123 statutam
2009 3093 2043 3124 &
2058 3092 2225 3123 ordinatam.

1305 3136 1338 3166 In
1356 3136 1451 3172 cujus,
1470 3135 1530 3164 &c.
1840 3170 1845 3175 ᾗ
1930 3170 1946 3175 ..

1339 3173 1407 3204 Dat.
1423 3173 1496 3213 apud
1515 3171 1646 3210 Henlee,
1662 3170 1798 3202 vicesimo
1817 3169 1863 3200 die
1879 3168 1956 3208 Julii.

1734 3248 1788 3276 Per
1803 3245 1885 3286 ipsam
1902 3248 1997 3284 Regem
2014 3244 2052 3280 ᾤ’
2071 3243 2221 3274 Concikum.

1263 3387 1311 3418 De
1339 3387 1375 3418 V
1375 3383 1480 3416 moria
1500 3385 1580 3427 Papae
1595 3388 1700 3412 contra
1721 3376 1923 3411 Barnabonem
1940 3376 1976 3409 de
1998 3379 2034 3409 V
2034 3372 2253 3415 icc-comitibus,
2279 3377 2316 3412 &-

1325 3445 1357 3466 ro
1378 3428 1527 3475 Subssdio,
1552 3428 1587 3461 de
1607 3424 1749 3460 Gentibus
1764 3430 1926 3464 Annalis,
1943 3436 1963 3457 a
1983 3427 2079 3469 Rege,
2100 3433 2136 3454 ac
2155 3423 2318 3466 Pectmiali,

1284 3500 1287 3505 ·
1305 3480 1344 3514 ab
1363 3477 1566 3522 Ecclesiasticis
1584 3473 1728 3509 habendo.

1292 3565 1474 3596 Nnocentius
1487 3563 1656 3599 Ewiscopus,
1666 3561 1766 3591 Servus
1779 3559 1932 3589 Servorum
1948 3555 2170 3594 Dei,carissimo
2184 3566 2212 3585 in
2225 3554 2314 3600 Chri·
2331 3565 2405 3598 Am,
2418 3566 2458 3600 Di

1300 3604 1345 3634 sto
1366 3604 1456 3641 Filio,
1476 3582 1617 3632 Edwardo
1639 3600 1713 3638 Regi
1734 3598 1843 3637 Angliae
1857 3595 1958 3626 Illustri
1973 3595 2097 3626 Salutem
2112 3596 2145 3626 ὅ(
2163 3593 2311 3632 Apostoli-
2346 3609 2429 3645 1361.

1250 3643 1318 3674 bam
1335 3642 1573 3673 Benedictionem.
1983 3673 1988 3678 μ
2161 3671 2165 3676 .

1286 3681 1388 3712 Suadet
1407 3681 1489 3709 nobis
1506 3676 1622 3707 <Inclite
1643 3673 1792 3712 Princeps)
1812 3680 1857 3703 tua
1881 3672 2028 3716 Devotio,
2043 3681 2142 3714 quam,
2158 3679 2231 3700 mter
2247 3680 2304 3700 cae⁴
2315 3686 2346 3711 13.
2369 3693 2394 3720 3-

1250 3727 1325 3750 teros
1347 3718 1512 3749 Catholicos
1535 3714 1641 3744 Mundi
1664 3714 1822 3749 Principes,
1839 3711 1985 3742 laudabilia
2003 3710 2225 3752 Progenitorutn
2239 3717 2304 3739 tuo-
2317 3725 2355 3748 Ex
2375 3725 2432 3749 Ass-2

1250 3769 1316 3788 rum
1334 3757 1473 3788 imitando
1492 3753 1623 3791 vestigia,
1639 3752 1673 3782 ad
1694 3750 1761 3781 Nos
1782 3752 1816 3782 δε
1836 3750 1940 3780 Sedein
1955 3748 2154 3792 Apostolicam
2167 3756 2253 3785 getis,
2271 3756 2300 3778 ut
2314 3766 2380 3797 togr.

1247 3797 1280 3826 ad
1304 3805 1350 3827 tua
1373 3794 1510 3833 praelidia,
1529 3800 1659 3829 tanquam
1682 3789 1804 3820 Athletae
1826 3788 1964 3825 Domini,
1983 3789 2016 3817 ὃς
2038 3796 2095 3831 ejus
2107 3786 2224 3830 Sponsae
2239 3786 2300 3831 Ro-

1249 3844 1342 3865 manae
1362 3832 1494 3864 Ecclesiae
1515 3830 1622 3859 brachii
1638 3828 1790 3867 singularis,
1808 3828 1842 3870 Sc
1857 3825 2047 3871 praecariffimi
2062 3824 2140 3863 Filii,
2157 3834 2186 3854 in
2199 3824 2303 3856 nostris

1247 3874 1281 3903 δε
1294 3873 1416 3910 ejusdem
1429 3869 1561 3900 Eccleliae
1572 3866 1775 3898 necessitatibus
1783 3891 1793 3904 ‚
1811 3866 1974 3896 fiducialiter
1984 3873 2167 3907 recurramus.

1284 3912 1371 3948 Sane,
1389 3910 1455 3939 licet
1477 3906 1655 3944 jamdudum,
1672 3915 1724 3944 pro
1746 3904 1919 3936 Defensione
1940 3903 1973 3933 ὅτ.
1987 3901 2215 3941 Recuperatione
2227 3910 2300 3932 non-

1245 3951 1386 3981 nullorum
1407 3946 1568 3977 nostrorum
1592 3945 1750 3975 Civitatum
1768 3966 1778 3982 ,
1794 3943 1949 3973 Terrarum
1963 3963 1973 3984 ,
1991 3939 2161 3985 Castrorum
2173 3963 2184 3978 ,
2201 3939 2298 3984 Bono-

1245 3999 1308 4019 rum
1340 3990 1373 4018 &
1385 3985 1497 4024 Jurium
1507 4007 1516 4020 ,
1532 3985 1562 4013 in
1576 3983 1698 4022 partibus
1713 3981 1798 4012 Italiae
1813 3979 2042 4023 consistentium,
2058 3978 2300 4023 varios'nossubi-

1244 4037 1273 4057 re
1288 4011 1444 4064 ossortuerit
1457 4022 1654 4052 Solicitudines
1668 4022 1700 4052 &
1716 4021 1857 4057 Labores,
1872 4028 1904 4048 ac
1921 4027 2018 4055 gravia
2031 4026 2064 4048 ac
2077 4017 2242 4054 multiphcm
2254 4016 2298 4045 O-

1243 4074 1307 4097 nera
1327 4062 1532 4101 Expesssasum',
1548 4060 1666 4100 quibus,
1680 4059 1746 4091 tum
1766 4066 1930 4136 ῑεὲιὲοωσι
1952 4056 2074 4089 faciente
2095 4053 2301 4130 malitisffsatrfiss

2319 3648 2371 3672 Aa.
2390 3656 2433 3682 35,
