2561 4251
714 198 825 240 ET
909 202 1172 246 ACTA

11 276 69 308 lnn-
86 272 128 303 D·
150 277 198 308 the
212 277 327 311 fourme
343 279 376 311 οἱ
392 279 440 310 the
452 278 564 311 Trewis
578 282 655 320 asks,
675 282 760 314 notht
779 294 882 325 agayne
897 285 1048 319 standande
1062 289 1173 329 Riotes,

15 319 98 353 1397·
148 315 292 357 Debates,
308 328 352 358 yat
371 319 419 348 has
433 318 504 348 bene
519 319 626 351 betwix
644 321 726 351 bathe
740 332 773 361 ye
787 326 901 361 parties,
919 326 1002 357 besor
1014 329 1053 366 yis
1068 330 1158 366 tymis.

10 354 47 381 tic.
68 362 93 380 2.
185 355 228 385 IN
250 367 269 387 Y
281 366 299 386 E
320 357 363 387 W
374 367 385 386 1
397 365 450 386 TN
461 367 478 387 E
488 367 500 387 s
519 360 554 387 os
565 359 590 388 al
603 360 642 398 yis
659 359 767 398 things,
786 363 868 392 befor
883 365 1014 400 writtin',
1032 375 1066 403 ye
1088 367 1211 406 forsayde

1180 301 1217 322 na

149 391 363 425 Commiffaries
380 395 650 435 interchangeablely
665 406 694 427 to
708 400 747 437 yis
763 398 918 432 Indenturis
933 402 979 433 has
994 403 1034 434 set
1046 412 1077 434 to
1089 406 1145 444 yair
1161 406 1211 436 Se-

147 430 189 471 lis,
202 443 237 473 ye
257 433 340 472 Day,
358 433 454 473 Yher,
473 435 527 466 and
540 435 624 466 Place
637 435 814 476 beforsaydej

185 509 240 540 Sub
256 509 357 548 Sigillis
375 510 507 551 Qatuor
522 511 762 551 Commiffirriorum
775 515 966 552 praediclorum
979 520 1072 550 Scotiae
1087 519 1171 558 (viz.)

186 586 329 617 Willilem
349 588 466 619 Stewart
480 612 489 627 ,

183 624 324 664 Johannis
345 627 530 666 Remorgny,

186 663 260 694 Adae
279 665 405 696 Forestar
417 688 426 703 ,

188 703 230 731 Et
249 702 364 734 Patricii
384 702 499 741 Lumle,

189 779 374 810 Pendentibus
391 791 410 808 a
429 779 526 810 Caudt's
545 782 729 818 Pergamenae.

7 910 26 933 R
45 909 130 939 VIII.
183 905 210 933 'k
237 905 283 938 De
301 904 424 939 Orando
435 916 490 951 pro
511 908 633 942 Anima
651 904 766 939 'Thomae
785 918 876 953 nuper
895 909 991 940 Ducis
1008 909 1198 953 Glaucestriae.

0 959 83 1020 lxm.
98 984 140 1015 D.
165 990 311 1049 REX,
329 990 490 1021 Venerabili
505 990 533 1019 in
550 989 668 1035 Christo
690 989 781 1036 Patri,
803 995 837 1021 R.
862 993 960 1024 eadem
980 994 1083 1033 gratia,
1102 996 1224 1025 Archie-

33 1033 119 1065 1397·
237 1029 337 1070 piftopo
353 1029 474 1058 Eborum
488 1050 498 1065 ,
519 1027 634 1066 Angliae
650 1028 780 1073 Βητηαῑι,
799 1030 937 1062 Salutem.
956 1071 961 1076 1
1126 1073 1131 1078 ⁸

0 1069 125 1133 [ἔνι-ἐῖ-
202 1068 346 1106 Quaedam
363 1067 581 1103 Ordinationes,
597 1066 727 1106 Judicia,
743 1069 776 1099 &
800 1069 905 1100 Statura
920 1094 929 1107 ,
954 1072 1133 1110 impraesenti
1154 1071 1223 1103 Par-

162 1106 296 1137 liamento
309 1105 406 1136 nostro
415 1129 424 1144 ‚
440 1106 475 1135 de
488 1104 593 1136 assensu
610 1105 810 1137 Dominorum
822 1109 872 1145 ,ὃς
886 1108 1067 1148 Magnarum,
1087 1120 1121 1140 ac
1128 1109 1223 1141 Corn-

0 1142 143 1179 ,ClausJi-
163 1146 305 1176 munitatis
319 1144 416 1184 Regni
429 1143 517 1174 nostri
535 1143 661 1182 Angliae,
680 1155 732 1182 pro
746 1146 825 1176 bono
841 1147 961 1185 ejusdem
976 1148 1072 1187 Regni
1094 1149 1127 1180 &
1149 1149 1220 1180 Rei-

4 1185 34 1210 Β·
54 1190 80 1209 2·
160 1184 280 1224 publicae
295 1182 385 1221 faita,
405 1193 456 1213 vos
468 1181 606 1213 credimus
622 1193 680 1212 non
695 1183 789 1214 latere.
1027 1224 1033 1229 .
1102 1225 1106 1230 1

7 1225 32 1258 p.
47 1227 68 1246 1·
82 1228 120 1247 m·
199 1222 245 1253 Ad
261 1232 326 1261 quae
340 1222 398 1252 tam
412 1220 538 1251 Domini
550 1220 711 1258 Spirituales
723 1223 757 1253 ὃς
770 1221 956 1261 Temporales
973 1224 1169 1256 inviolabiliter
1187 1226 1221 1257 &

13 1257 86 1287 16·d·
160 1261 326 1292 inconcusse
346 1260 519 1291 observanda
533 1282 543 1297 ,
566 1260 597 1289 in
619 1260 763 1299 praesentia
783 1259 894 1300 nostra,
919 1263 1037 1293 vinculo
1061 1263 1222 1302 Juramenti

191 1310 208 1329 n
237 1299 341 1330 astriffi

158 1299 188 1330 su
198 1310 244 1369 Alc
254 1323 367 1368 ¹Praela’ti
380 1338 413 1368 &
427 1336 588 1374 Ordinarii,
608 1336 708 1367 vestrae
722 1338 754 1368 &
770 1336 973 1369 Cantuari'enfis
997 1338 1220 1380 Provinciarurn,

160 1376 299 1407 Censuras
309 1375 626 1407 Excommunicationis
640 1384 741 1406 contra
757 1376 962 1415 quoscumque,
980 1377 1223 1418 Ordinationibus,

156 1415 276 1455 Judiciis
291 1437 300 1454 ,
319 1417 353 1446 &
373 1414 486 1445 Sta-tutis
506 1413 647 1453 praedietis
666 1413 921 1445 Contravenientes
933 1438 943 1454 ,
970 1416 997 1446 in
1017 1416 1159 1455 futurum,
1175 1427 1223 1447 ex-

160 1454 249 1499 presse
262 1453 309 1484 vel
323 1453 457 1491 occulte,
475 1451 575 1491 Paeto,
595 1451 745 1491 Consilio,
765 1452 810 1485 vel
826 1452 953 1493 Favore,
972 1454 1153 1492 solempniter
1169 1455 1223 1485 ful-

161 1501 322 1531 minarum,

199 1531 279 1569 Nos,
940 1569 946 1575 ι
1050 1571 1055 1576 ι
1084 1569 1090 1576 Δ
1202 1572 1207 1577 ι

199 1569 338 1600 Volentes
354 1568 573 1606 Ordinationes,
587 1567 712 1608 Judicia,
731 1569 765 1600 &
777 1567 885 1599 Statuta
899 1568 1068 1609 hujusmodi,
1082 1581 1112 1600 in
1128 1580 1225 1602 omni-

164 1609 218 1639 bus
230 1609 264 1640 &
277 1608 385 1648 singulis
397 1608 449 1638 suis
466 1608 611 1644 Articulis,
630 1608 690 1637 vim
705 1616 802 1643 gerere
814 1607 847 1637 δε
860 1606 1009 1646 erfastum,

201 1646 309 1685 Vobis,
330 1646 481 1685 specialiter
496 1644 638 1684 rogando,
656 1644 846 1682 Mandamus,
865 1647 993 1684 quatinus
1005 1646 1142 1678 Censuras
1162 1647 1220 1678 Ex-

163 1685 431 1717 communicationis
442 1684 470 1714 in
485 1693 585 1713 omnes
600 1685 634 1714 &
650 1682 782 1722 singulm,
799 1682 882 1713 dietis
895 1683 1130 1716 ordinationibus
1145 1708 1154 1724 ,
1169 1685 1223 1725 Ju-

162 1724 260 1763 diciis,
278 1725 311 1754 Sc
323 1722 453 1760 Statutis,
472 1722 508 1752 de
522 1730 628 1752 caetero
649 1720 901 1757 Contravenientes
915 1744 925 1760 ,
949 1724 1073 1762 expresse
1098 1724 1143 1754 vel
1168 1735 1221 1755 oc—

165 1763 259 1801 culte,
279 1761 386 1799 Facio,
404 1760 533 1790 Confilio
549 1760 594 1789 vel
614 1759 722 1790 Favore
736 1782 745 1797 ,
769 1759 814 1789 seu
835 1768 933 1790 contra
954 1772 985 1791 ea
1025 1762 1223 1794 uomodolibet

163 1801 377 1842 prosequentes,
395 1809 444 1837 per
457 1798 670 1837 Suffraganeos,
689 1799 722 1829 &
735 1798 801 1828 alios
815 1797 948 1828 Subditos
961 1810 996 1830 ve
1023 1811 1077 1839 ros,
1095 1811 1218 1839 quorum

163 1840 295 1878 interest,
321 1837 484 1874 fulminari,
508 1837 540 1866 &
561 1836 650 1874 ipsos,
673 1844 807 1874 tanquam
827 1836 1101 1869 Excommunicatos
1114 1861 1123 1876 ,
1141 1840 1174 1870 &
1192 1841 1222 1870 in

165 1879 309 1911 Sententia
323 1877 433 1914 majoris
447 1874 761 1905 Excommunicationis
773 1875 916 1905 involutos
929 1898 938 1913 ,
964 1878 1021 1906 tam
1040 1878 1070 1907 in
1091 1877 1222 1909 Ecclefiis

164 1913 391 1953 Parochialibus,
411 1915 495 1952 quiim
510 1914 541 1943 in
554 1913 612 1943 aliis
625 1913 693 1944 locis
709 1913 846 1952 publicis,
863 1913 1025 1946 denunciari
1038 1915 1223 1957 demandetis,

269 1964 365 1984 moris.

166 1954 283 2031 utffios
297 1993 406 2030 insuper
421 1990 617 2030 Suffraganeos
631 1991 665 2022 &
680 1989 814 2021 Subditos
828 1989 950 2031 vestros,
973 2002 1022 2031 per
1041 1992 1224 2025 Provinciam

166 2032 290 2065 vestram
300 2055 309 2070 ,
327 2039 470 2061 exorantes
487 2029 566 2068 quod
578 2029 627 2067 ipsi
639 2039 691 2067 pro
705 2029 809 2060 Anima
824 2029 929 2060 Thomae
945 2042 1034 2072 nuper
1047 2035 1131 2061 Ducis
1143 2031 1225 2062 Glou-

165 2070 266 2112 cestriae
282 2070 365 2109 (Qii
377 2079 428 2109 pro
449 2077 489 2099 ter
504 2077 580 2099 certa
596 2066 725 2098 Crimina
740 2068 773 2099 &
789 2067 985 2109 Proditiones,
1001 2070 1157 2109 Enormia,
1175 2082 1224 2109 per

167 2110 278 2150 ipsum,
296 2116 395 2140 contra
446 2118 477 2137 os
491 2107 524 2138 ὃς
539 2106 713 2145 Ligeantiam
727 2106 822 2144 suam,
841 2116 1010 2146 perpetrata,
1028 2108 1063 2139 de
1076 2109 1225 2148 quibus,in

169 2149 273 2180 eodem
286 2145 495 2184 ParliamentO,
510 2145 536 2176 A
558 2145 672 2183 pellatus
685 2145 738 2175 fuit
754 2147 786 2176 &
802 2145 955 2185 Redtatus,
979 2147 1077 2177 eadem
1097 2147 1226 2179 Crimina

168 2188 202 2219 &
215 2185 408 2223 Proditiones,
426 2193 492 2215 ante
544 2192 638 2214 ortem
658 2183 732 2214 suam
746 2208 755 2222 ,
780 2183 903 2221 expresse
927 2186 1070 2217 confessus
1092 2186 1146 2217 fuit
1165 2211 1174 2226 ,
1192 2188 1226 2218 &

169 2225 279 2257 Gratiae
291 2224 394 2255 nostrae
410 2223 553 2253 humiliter
566 2223 591 2252 se
604 2223 745 2260 submisit,
763 2232 828 2260 quae
844 2224 958 2260 quidem
972 2223 1121 2255 Confessio
1133 2227 1162 2256 in
1175 2236 1225 2256 eo-

166 2263 234 2295 dem
248 2263 435 2294 Parliamento
447 2261 546 2291 nostro
557 2261 697 2301 publicata
712 2261 765 2291 fuit
778 2261 811 2291 δε
825 2262 950 2298 ostensa)
971 2263 1001 2292 in
1019 2263 1131 2301 singulis
1152 2264 1224 2295 Mis-

163 2304 216 2342 fis,
233 2301 393 2340 Suffragiis,
411 2299 678 2337 Praedicationibus,
698 2301 731 2330 ὃς
747 2298 957 2331 Devotionibus
969 2300 1020 2331 suis
1033 2325 1042 2340 ,
1061 2313 1110 2341 per
1132 2303 1226 2340 singu-

163 2343 202 2374 las
226 2341 391 2378 Parochias,
407 2338 478 2368 infra
488 2338 596 2369 didiam
609 2337 795 2368 Provinciam
810 2338 944 2377 vestram,
960 2339 1114 2371 Orationes
1134 2342 1224 2372 devo-

167 2390 206 2412 tas
220 2379 372 2417 specialiter
383 2376 577 2415 effundentes,
593 2378 627 2408 &
640 2376 740 2407 Deum
750 2376 906 2414 suppliciter
919 2387 1035 2410 exorent
1049 2381 1083 2412 &
1105 2389 1224 2417 precen-

171 2428 228 2456 tur,
246 2426 276 2448 ut
289 2417 344 2457 ipse
360 2415 483 2454 ejusdem
498 2416 628 2453 Animae,
645 2425 678 2445 ex
691 2415 733 2445 sua
749 2414 923 2454 Clementia,
940 2417 1225 2487 misericorditergro-

168 2458 326 2498 pitiaretur3
346 2453 504 2493 hujusmodi
520 2453 641 2484 Causam
657 2455 685 2484 in
698 2463 799 2484 eorum
822 2453 1072 2487 Praedicationibus
1090 2458 1124 2489 ὃς
1175 2467 1214 2488 on

170 2494 376 2535 gregationibus
388 2493 510 2530 plenarie
524 2502 557 2522 ex
578 2493 718 2522 rimentes.

208 2527 297 2566 Teste
308 2532 393 2570 Rege
407 2531 482 2570 apud
495 2533 543 2562 W
566 2530 770 2570 monasterium,
787 2531 864 2562 sexto
885 2531 932 2562 die
953 2531 1098 2564 Oitobris.

618 2610 671 2638 Per
683 2607 766 2648 ipficm
780 2611 876 2647 Regem
889 2608 928 2644 &³
943 2609 1092 2641 concilium.

209 2686 346 2727 Confimile
363 2690 456 2717 Breve
473 2686 601 2724 dirigitur
619 2685 679 2716 Th.
703 2685 924 2725 Archiepiscopo
945 2686 1135 2720 Cantuarienfi
1152 2711 1162 2728 ‚
1190 2695 1231 2720 to-

175 2730 232 2757 tius
246 2725 360 2764 Angliae
375 2728 512 2764 Primati,
521 2724 575 2764 ffib
590 2724 680 2755 eadem
695 2727 786 2754 Data.

175 2863 234 2896 Pro
249 2860 389 2908 Epiftopo
414 2859 619 2903 Dunolmensi‚
643 2859 679 2893 de
694 2862 831 2893 Licentia
849 2861 884 2906 se
910 2859 1085 2906 absentandi
1106 2873 1127 2894 a
1155 2865 1234 2897 Par-

318 2910 470 2943 liamentis
485 2935 495 2952 ‚
515 2908 576 2956 post
587 2912 765 2955 proximum
783 2908 902 2955 Salopiae
922 2909 1090 2944 tenendum.

179 2995 308 3052 REX
324 2995 470 3027 Omnibus
502 2994 537 3025 ad
552 3004 634 3033 qUOS,
647 2995 709 3026 &c.
728 2993 862 3025 Salutem.

291 3034 390 3065 Sciatis
402 3018 485 3073 quod
496 3033 576 3072 Nos,
876 3073 881 3078 1
897 3073 901 3078 Ι
972 3074 978 3080 ⁸

220 3072 435 3104 Considerantes
450 3074 507 3103 tarn
521 3070 638 3109 grandes
653 3071 778 3102 Labores
786 3072 826 3117 ⁸&
840 3070 1017 3111 Diligentias,
1035 3082 1125 3119 quos,
1139 3073 1234 3105 Vene-

180 3111 273 3141 rabilis
285 3113 314 3141 in
329 3110 448 3141 Christo
464 3110 564 3149 Pater,
584 3110 721 3140 Walterus
737 3111 877 3154 Epzfiopus
895 3111 1098 3155 Dunolmenfis‚
1116 3122 1145 3142 in
1170 3112 1236 3156 Ser-

22 3143 82 3167 Pat.
98 3149 145 3169 2¹·
180 3149 251 3179 vitio
263 3148 362 3179 nostro
411 3158 475 3180 ante
494 3149 557 3179 haec
572 3156 701 3187 tempora
714 3172 724 3187 ,
751 3150 780 3178 in
800 3148 962 3180 Cismarinis
981 3151 1015 3181 &
1034 3150 1238 3181 Transmarinis

25 3181 56 3205 R.
79 3187 106 3205 ²·
177 3187 322 3225 Partibus,
339 3171 435 3217 habuit
447 3188 481 3218 &
494 3186 634 3225 sustinuit,
653 3188 737 3226 quam
751 3196 886 3227 magnam
899 3187 1025 3220 AEtatem
1034 3199 1105 3228 ,qua
1118 3189 1153 3220 ad
1167 3198 1238 3227 prae-

27 3222 54 3253 P·
76 3226 99 3243 ¹·
122 3226 159 3245 ''¹-
175 3226 236 3257 sens
249 3224 291 3255 est
305 3225 476 3263 confractus,
569 3263 574 3269 ¹
604 3264 609 3269 ι
866 3266 871 3271 ·
926 3266 931 3272 .

28 3262 57 3290 5·
217 3263 267 3294 De
282 3263 382 3294 Gratia
395 3263 490 3308 nostra
502 3262 659 3331 slflecmh'&
673 3272 707 3292 ex
726 3271 802 3307 certa
824 3264 948 3296 Scientia
968 3265 1063 3309 nostra
1089 3265 1239 3310 Conceffi-

151 3333 154 3335 ·
178 3312 259 3371 ᾖξ’
288 3301 499 3380 ἑῐῗςῗρὲὺὲῗυῗά
515 3301 1002 3379 ipssgffdss¹33⁵rnssffrii⁵fffi¹i²t¹32mffae¹l¹
1000 3304 1073 3378 123}ss
1075 3304 1239 3380 3223350‘321

132 3407 137 3410 .
178 3378 402 3410 Parliamentum
418 3377 564 3417 nostrum,
583 3378 656 3415 apud
670 3375 775 3408 Villam
790 3378 910 3417 Salopiae
925 3379 1098 3418 tenendum,
1117 3381 1239 3418 plenarie

179 3418 376 3457 completum)
397 3427 456 3447 non
467 3425 572 3447 artetur
586 3426 640 3447 nec
654 3416 839 3455 compellatur
855 3427 904 3456 per
928 3417 1012 3455 Nos,
1036 3419 1082 3448 vel
1103 3417 1240 3450 Haeredes

178 3455 292 3486 nostros
305 3455 515 3492 praedi&os,ad
529 3453 702 3486 veniendum
718 3455 894 3494 personaliter
911 3455 946 3486 ad
960 3456 1051 3493 aliqua
1066 3455 1239 3488 Parliamen-

180 3503 209 3525 ta
222 3494 267 3525 vel
283 3493 417 3524 Concili'a
430 3493 543 3532 nostra,
559 3502 606 3523 aut
617 3493 761 3523 dictorum
774 3493 929 3524 I-laeredum
947 3493 1108 3524 nostrorum
1123 3517 1133 3533 ,
1152 3505 1240 3532 quan-

180 3533 347 3570 documque
362 3533 396 3563 &
409 3532 586 3569 ubicumque
599 3531 720 3562 tenenda
733 3531 778 3561 vel
793 3531 811 3551 ³*
831 3532 1007 3570 celebranda,
1023 3541 1121 3564 contra
1135 3534 1239 3564 volun-

181 3580 270 3602 tatem
286 3570 377 3601 suam:
397 3569 435 3600 set
447 3570 527 3609 quod
542 3569 618 3599 idem
632 3569 787 3609 Episcopus
801 3570 836 3600 de
850 3571 983 3600 omnibus
1001 3570 1156 3609 hujusmodi
1171 3571 1240 3602 Par-

182 3610 321 3641 liamentis
331 3609 364 3639 &
378 3607 520 3638 Conciliis
532 3607 560 3637 se
578 3607 732 3647 absentare,
749 3608 782 3639 &
796 3609 942 3652 ineisdem
954 3609 1146 3640 Parliamentis
1158 3620 1241 3640 com-

182 3657 280 3688 parere
293 3646 377 3685 posfit
391 3655 442 3685 per
455 3646 654 3677 Procuratores
668 3646 936 3684 suOS,sufficientem
950 3646 1126 3691 Potestatem
1139 3650 1176 3678 ab
1190 3658 1241 3678 eo-

182 3687 252 3718 dem
266 3685 409 3724 Episcopo
422 3685 563 3715 habituros
574 3684 608 3714 ad
622 3683 867 3715 Consentiendum
889 3710 899 3724 ,
921 3685 956 3715 de
975 3694 1103 3730 tempore
1119 3696 1155 3729 in·
1169 3695 1242 3718 tem-

183 3735 256 3765 ¹²¹¹⁵’
273 3724 409 3771 ⁰¹¹¹f¹³b⁰5
421 3723 472 3754 ¹³5⁵
481 3732 575 3791 ’‘³1³¹ae
589 3723 720 3791 1Ψάἀὶᾶὲ
728 3722 999 3792 Ρῑῗῑὲᾚεὲἓὲιὲἔὲ
1012 3733 1169 3793 ῑὲῗέἓέῗ
1183 3736 1242 3794 ’132

183 3763 246 3841 ἓξὲξ
277 3762 388 3832 ¹35,ss‘
396 3769 615 3844 egessisti?
636 3771 681 3791 ‘³¹¹¹
723 3770 741 3798 Ρ
762 3771 778 3843 ἦ
800 3772 819 3799 ¹³
1011 3839 1016 3844 ¹
1138 3839 1144 3845 ⁴
1174 3773 1194 3801 Ρ

223 3839 270 3870 Eo
283 3839 362 3877 qued
377 3838 505 3877 praefatus
527 3837 682 3881 Episcopus
693 3860 704 3875 ,
728 3845 834 3868 ratione
851 3836 1069 3882 Temporalium
1090 3838 1244 3882 Episcopa-

186 3876 235 3908 (ὗε
246 3877 303 3914 sui,
319 3877 354 3907 ad
368 3877 472 3916 singula
487 3876 687 3914 Parliamenta,
705 3874 740 3905 de
752 3885 922 3914 temporem
934 3885 1062 3915 tempus,
1082 3887 1177 3921 venire
1195 3879 1245 3909 de-

188 3917 237 3946 bet
272 3924 306 3945 ac
320 3923 430 3946 tenetur
480 3916 513 3946 ὃς
534 3914 676 3951 obligatur
689 3936 699 3951 ,
720 3914 800 3951 juxta
820 3914 939 3944 modum
961 3915 994 3946 &
1015 3914 1245 3946 consuetudinem

188 3938 285 3991 Reg'ni
297 3952 388 3983 nostri
401 3938 515 3990 An³gliae
524 3976 534 3991 ,
548 3963 606 3983 non
619 3951 762 3996 obstante:
1033 3991 1038 3997 α

227 3990 372 4021 Nolentes
386 3992 466 4029 quod
483 3992 558 4022 idem
573 3991 597 4021 E
620 3991 745 4034 iscopuS,
763 3998 899 4029 praetextu
923 3990 1065 4034 Absentiae
1078 4014 1087 4028 ,
1114 3998 1161 4021 aut
1186 4001 1246 4022 non

191 4027 330 4060 adventus
344 4029 383 4058 sui
404 4030 439 4059 ad
460 4030 589 4067 hujusmo
612 4030 617 4035 ’
640 4028 825 4058 Parliamenta
848 4030 880 4059 ὅ(
902 4027 1032 4059 Concilia
1056 4028 1150 4059 nostra
1163 4051 1173 4067 ,
1196 4040 1246 4067 per

192 4068 278 4105 Nos,
294 4066 341 4096 vel
354 4066 489 4097 l-laeredes
503 4068 613 4098 nostros
624 4067 773 4107 praedietos
789 4089 799 4104 ,
816 4076 861 4097 aut
875 4066 1022 4097 Ministros
1046 4066 1154 4097 nostros
1173 4089 1183 4104 ,
1200 4068 1246 4098 seu

191 4104 363 4177 ‘offlumdffi
375 4104 533 4173 [rgaerfldlum
547 4106 710 4140 nostrorum
722 4105 933 4145 quoscumque,
949 4105 1047 4137 futuris
1065 4107 1247 4145 temporibus,

243 4155 292 4175 om.
364 4167 370 4174 .
416 4166 423 4178 0
484 4166 490 4174 .

23 2984 101 3017 Ann.
116 2982 159 3015 D.

53 3032 137 3064 ¹397-

27 3066 81 3091 An.
98 3072 142 3091 21.

24 3104 55 3129 R.
76 3111 101 3129 2.

34 3548 54 3569 *
73 3548 159 3577 vm.

35 3596 81 3616 ιο.

1256 202 1731 255 PUBLICA.
2246 237 2324 280 137

1258 290 1409 330 impetatur
1418 316 1428 333 ,
1446 294 1628 336 inquietetur,
1645 298 1849 340 occafionetur,
1868 301 2030 338 molestetur
2045 305 2076 338 in
2090 305 2184 346 aliquo
2197 307 2243 339 seu
2251 319 2312 349 gra·
2324 311 2401 343 Anu.
2415 311 2458 343 D.

1255 338 1344 361 vetur.
1380 369 1384 375 .
2346 359 2432 390 1397⁴

1290 367 1323 397 Iu
1339 378 1434 407 quus,
1453 371 1514 402 &Q
2326 391 2378 416 Ric.
2394 398 2422 425 2,

1290 405 1381 438 Teste
1397 408 1479 448 Rege
1490 410 1562 448 apud
1575 411 1697 452 Castrum
1711 415 1744 446 de
1760 416 1936 457 Wyna'esbre,
1956 420 2076 458 septimo
2097 422 2144 454 die
2166 422 2306 455 octobris

1749 493 1801 523 Per
1817 495 1909 525 Breve
1923 495 1955 526 de
1972 498 2092 528 Privato
2108 499 2206 537 sigillo.

1300 560 2266 588 Ἃ

1299 610 1349 642 Βε
1371 613 1494 657 Corpore
1509 611 1626 648 Thomae
1639 627 1730 662 nuper
1747 620 1843 651 Ducis
1865 621 2044 666 Glaucistriae
2067 623 2268 662 deliberando.

1259 694 1400 747 REX,
1420 696 1756 769 dilec‘to·Consaffiuineo
1773 703 1805 733 &
1820 703 1906 749 Fideli
1922 707 1989 746 suo,
2003 708 2123 751 *Thomae
2147 713 2219 741 Duci
2240 714 2315 757 Nor]-
2330 703 2408 736 Ann·
2419 702 2462 732 D‘

1258 733 1442 801 Salmffnljrzae,
1458 735 1617 774 Capitaneo
1663 739 1717 769 111ae
1729 742 1783 771 suae
1797 741 1915 781 Calesii,
1934 745 1967 775 &
1983 755 2041 783 ejus
2058 747 2174 780 Locum
2195 758 2315 789 tenenti,
2328 749 2446 808 Αξιῖἶζ·

1297 808 1563 858 Mandamusyobis
1580 815 1658 858 quod
1674 814 1805 856 Corpus,
1822 818 1927 850 Thomae
1942 831 2031 861 nuper
2044 826 2128 853 Ducis
2138 824 2316 866 Gloucefiriae,
2330 823 2358 847 R·
2381 828 2408 845 2·

1259 856 1308 883 qui
1323 858 1428 886 nuper,
1440 850 1516 893 *dum
1530 862 1558 881 in
1574 852 1688 883 Pr1sona
1702 856 1812 894 nostra,
1830 857 1903 888 infra
1915 858 2049 890 Castrum
2065 861 2146 892 Villae
2163 866 2317 903 praedietae,
2330 856 2466 890 σῶα-Π·

1259 885 1309 915 sub
1324 885 1462 918 Custodia
1476 888 1581 927 vestra,
1600 891 1635 921 de
1652 891 1790 923 Mandato
1804 895 1919 934 nostro,
1938 897 2007 936 fuit,
2031 898 2120 930 Diem
2146 902 2225 933 suum
2241 904 2319 934 clau·
2333 899 2362 922 R.
2384 904 2410 920 2‘

1261 923 1294 966 sit
1309 933 1483 970 extremum,
1503 928 1610 972 dilecto
1626 929 1744 974 Clerico
1759 932 1876 972 nostro,
1893 935 2027 966 Richardo
2047 938 2210 980 Maudeleyn
2227 963 2237 979 ,
2262 942 2320 972 sine
2333 939 2358 969 P·
2383 942 2406 960 ¹·
2429 940 2466 962 ⁷⁷¹·

1262 961 1393 993 dilatione
1407 965 1513 1004 aliqua,
1530 967 1701 1006 deliberetis,
2339 969 2371 997 ¹8

1300 1000 1354 1045 Ad'
1361 1001 1475 1040 Corpus
1489 1006 1658 1043 praedid'tum
1671 1006 1832 1046 Alianorae‚
1852 1019 1915 1047 quae
1929 1010 1982 1041 fuit
1995 1014 2071 1043 Uxor
2080 1015 2208 1052 praedic‘li

1262 1037 1318 1069 five
1331 1049 1387 1077 ejus
1401 1042 1431 1070 in
1447 1042 1500 1072 hac
1516 1052 1591 1080 parte
1611 1044 1763 1076 Attornato
1779 1070 1789 1085 ,
1813 1047 2008 1089 liberandum,
2032 1053 2065 1082 ὃ(
2090 1053 2161 1083 infra
2185 1053 2213 1083 R

1263 1076 1392 1107 nostrum
1410 1079 1524 1118 Angli-ae
1539 1081 1719 1121 ducendum,
1746 1084 1778 1114 &
1798 1086 1829 1115 in
1849 1085 1977 1119 Ecclesia
1995 1089 2123 1121 Abbatiae
2136 1091 2209 1123 -beat

1261 1114 1556 1149 westmonasteriensi
1570 1120 1773 1165 sepeliendum,

1298 1153 1336 1184 Et
1351 1155 1408 1185 hoc
1421 1156 1575 1188 nullatenus
1587 1162 1728 1190 omittatis.

1298 1192 1386 1224 Teste
1398 1193 1479 1234 Rege
1493 1196 1566 1235 apud
1582 1198 1834 1240 Wmonasterium,
1848 1200 1962 1234 decimo
1976 1212 2074 1242 quarto
2087 1205 2134 1237 die
2149 1206 2299 1239 octobris:

2224 1019 2320 1056 Ducis,

2217 1063 2322 1093 egnum

2212 1093 2221 1122 i
2245 1092 2320 1127 Petri

1887 1280 1941 1309 Per
1955 1279 2040 1320 igsi'rm
2056 1284 2159 1320 Regem.

1527 1407 1579 1440 De
1597 1406 1788 1451 Restitutione
1810 1411 2044 1457 Temporalium.

1334 1486 1417 1531 EX,
1430 1488 1614 1533 ¹Cancellario
1628 1493 1729 1524 Terrae
1743 1495 1840 1525 nostro
1854 1495 2020 1536 Hiberniae,
2035 1497 2091 1528 five
2111 1497 2234 1530 Custodi
2248 1499 2315 1531 Ma·
2332 1496 2408 1528 Arm·
2424 1497 2467 1529 D-

1343 1534 1390 1564 gni
1407 1527 1494 1571 Sigilli
1509 1529 1597 1560 nostri
1610 1532 1638 1561 in
1653 1533 1754 1563 eadem
1768 1534 1872 1573 Terra,
1892 1537 1940 1575 qui
1954 1546 2031 1567 nunc
2045 1537 2122 1575 sunt,
2141 1538 2185 1568 vel
2198 1538 2246 1578 qui
2260 1549 2314 1579 pro
2356 1545 2440 1576 1397.

1261 1570 1392 1601 ternpore
1401 1565 1517 1604 fuerint,
1536 1567 1671 1600 Salutem.
1971 1575 1975 1577 “
2330 1578 2384 1604 An.
2407 1586 2451 1604 21-

1298 1600 1378 1632 Cam
1395 1602 1540 1645 Dominus
1555 1609 1675 1636 Summus
1692 1609 1820 1648 Pontifex
1846 1610 1979 1643 Ecclefiae
2001 1612 2170 1644 Lismorensi
2190 1615 2223 1645 ὃς
2243 1615 2318 1645 Wa-
2334 1617 2364 1640 R.
2386 1623 2413 1641 2·

1260 1640 1440 1683 tetfordenli,
1457 1644 1486 1672 in
1503 1643 1593 1674 Terra
1607 1645 1701 1676 nostra
1715 1648 1865 1686 praedieca,
1883 1660 1931 1688 per
1947 1660 2088 1689 mortem,
2106 1652 2191 1682 bonae
2206 1663 2318 1683 memo-
2335 1654 2448 1681 Pat.2i.

1259 1688 1325 1715 riae,
1343 1678 1448 1709 Thomae
1462 1681 1632 1722 Sparkefort,
1647 1685 1740 1714 ultimi
1756 1685 1887 1726 Episcopi
1902 1688 2007 1717 ibidem
2017 1711 2026 1726 ,
2050 1691 2178 1726 vacanti,
2196 1691 2232 1721 de
2246 1713 2256 1728 ,
2275 1692 2317 1721 di·
2333 1693 2363 1716 R.
2385 1698 2412 1716 2·

1259 1715 1336 1747 lecto
1350 1718 1432 1749 nobis
1444 1720 1471 1748 in
1487 1719 1619 1760 Chn'sto,
1637 1722 1769 1760 Johanne
1791 1727 1902 1762 Depyng
1924 1727 2095 1764 providerit,
2120 1728 2265 1766 ipsumque
2283 1731 2312 1759 in
2332 1733 2357 1762 Ρ·
2389 1737 2413 1755 ¹·

1260 1754 1436 1794 Episcopum
1452 1758 1506 1788 loci
1531 1759 1601 1789 illius
1623 1761 1780 1797 praefecerit
1801 1763 1834 1792 &t
1856 1763 2001 1793 Pastorem
2016 1787 2025 1803 ,
2047 1765 2116 1796 sicut
2135 1776 2183 1802 per
2207 1766 2314 1798 Literas
2330 1773 2368 1793 173-
2383 1773 2412 1801 ²2

1258 1793 1466 1863 E'uuamsstffius
1479 1796 1603 1828 Domini
1617 1799 1728 1829 Summi
1742 1799 1902 1840 Pontificis,
1920 1801 2018 1833 Nobis
2032 1803 2100 1834 inde
2114 1803 2242 1844 directas,
2259 1815 2314 1836 no-

1279 1841 1300 1861 is
1319 1842 1376 1862 con
1402 1842 1444 1872 at,

1295 1870 1361 1901 Nos

1298 1908 1356 1939 Pro
1369 1894 1407 1940 ³eo
1421 1911 1497 1947 quod
1511 1913 1586 1943 idern
1602 1912 1758 1954 Episcopus
1772 1916 1946 1948 omnibus&
1955 1917 2064 1957 singulis
2076 1917 2177 1949 Verbis
2192 1920 2218 1949 in
2231 1920 2313 1951 dietis

1261 1947 1363 1978 Literis
1375 1948 1483 1980 Bullatis
1494 1954 1644 1990 contentis,
1662 1953 1759 1984 Nobis
1770 1955 1803 1985 &
1819 1954 1946 1985 Coronae
1961 1957 2064 1987 nostrae
2077 1958 2314 1998 praeiudicialibus,

1260 1986 1351 2024 palam
1365 1987 1397 2017 ὃς
1409 1989 1531 2026 expresse
1545 1989 1750 2030 Renunciavit,
1765 1993 1797 2022 &
1812 1993 1919 2024 Gratiae
1933 1994 2035 2025 nostrae
2050 1995 2190 2025 humiliter
2211 1996 2237 2026 se
2251 1996 2314 2027 sub-

1261 2024 1353 2062 misit,
1372 2026 1440 2057 ficut
1454 2037 1502 2064 per
1516 2027 1738 2060 Instrumentum
1754 2030 1906 2062 Publicum
1921 2055 1931 2070 ,
1954 2033 2032 2070 super
2052 2034 2107 2063 hoc
2129 2035 2312 2074 confestum,

1261 2063 1370 2100 plenius
1383 2067 1484 2102 poterit
1498 2076 1644 2105 apparere,
1663 2069 1789 2099 volentes
1805 2079 1872 2100 cum
1887 2080 1923 2100 eo
1935 2081 2019 2108 agere
2035 2072 2165 2110 gratiose,

1299 2101 1434 2139 Cepimus
1450 2103 1622 2136 Fidelitatem
1637 2107 1717 2144 ipsius
1732 2106 1880 2146 Episcopi,
1898 2109 1932 2139 &
1957 2110 2141 2149 Temporalia
2161 2110 2312 2150 Episcopa-

1259 2139 1311 2208 ti'isI
1319 2141 1406 2185 illius,
1422 2140 1492 2212 &gc
1497 2150 1578 2180 prout
1591 2148 1620 2174 in
1630 2143 1754 2184 ejufinodi
1767 2147 1799 2176 de
1811 2146 1986 2187 Restitutione
2002 2150 2115 2179 Literis.

1314 2189 1332 2208 n
1346 2189 1382 2209 cu
1395 2190 1426 2210 us
1494 2191 1521 2212 c.

1295 2190 1482 2257 TesteJRSge
1494 2220 1565 2259 apud
1578 2220 1844 2262 Wstmonasterium,
1852 2222 2073 2263 decimoquarto
2084 2225 2130 2256 die
2145 2224 2294 2258 Octobris.

1701 2301 1756 2330 Per
1769 2303 1862 2331 Breve
1874 2301 1905 2331 de
1923 2304 2041 2332 Privato
2054 2301 2153 2341 Sigillo.

1295 2372 1333 2403 Et
1349 2371 1520 2405 Mandatum
1533 2374 1573 2406 est
1588 2374 1739 2416 Militibus,
1754 2379 1814 2410 ὅτε.

1359 2510 1408 2541 De
1423 2509 1564 2543 veniendo
1580 2510 1625 2544 ad
1646 2512 1887 2546 Parliamentum
1909 2514 2027 2560 SalopIae
2047 2514 2217 2549 tenendum.
2339 2531 2359 2552 :t
2383 2534 2469 2563 VHL

1341 2581 1344 2584 .
2338 2581 2384 2599 21·

1266 2593 1404 2649 REX,
1428 2595 1570 2627 cariffimo
1589 2597 1808 2638 Consanguineo
1827 2598 1900 2638 suo,
1924 2601 2023 2638 Rogero
2043 2599 2074 2630 de
2102 2603 2215 2631 Mortuo
2235 2604 2316 2631 Mari
2336 2609 2413 2639 Anu,
2426 2608 2469 2642 D,

1337 2632 1448 2664 Comiti
1463 2634 1617 2675 Marchiae,
1636 2637 1768 2668 Salutem.
2366 2656 2450 2686 1397.

1305 2670 1385 2701 Cum
1398 2683 1485 2713 nuper
1501 2674 1645 2711 quoddam
1660 2675 1876 2707 Parliamentum
1899 2676 2045 2716 nostrum,
2066 2677 2139 2716 apud
2165 2677 2317 2708 Westmo-
2337 2689 2391 2714 An.
2405 2696 2451 2714 21,

1267 2709 1416 2740 nasterium
1428 2735 1438 2749 ,
1455 2711 1501 2741 die
1515 2712 1606 2743 Lunae
1621 2715 1754 2752 proximo
1775 2714 1841 2754 post
1864 2715 1980 2746 Festum
2002 2716 2182 2747 Exaltationis
2206 2716 2320 2760 Sanssbae
2336 2729 2365 2752 R.
2386 2733 2413 2751 2.

1267 2745 1384 2788 Crucis,
1399 2751 1534 2787 proximo
1548 2754 1718 2788 praeteritum
1728 2776 1737 2790 ,
1754 2752 1925 2783 summoneri
1937 2754 2099 2792 fecerimus,
2118 2756 2151 2785 ὃς
2167 2763 2255 2784 teneri
2269 2755 2321 2784 ibi-
2332 2763 2453 2799 claust„
2463 2782 2470 2791 ,

1266 2786 1351 2826 dem,
1367 2797 1435 2818 cum
1449 2787 1570 2819 Praelatis
1601 2789 1779 2829 Proceribus,
1798 2792 1832 2823 &
1849 2791 2033 2828 Magnatibus
2048 2792 2144 2830 Regni
2157 2792 2246 2822 nostri
2254 2792 2316 2835 ᾼη-
2332 2804 2362 2828 R,
2383 2811 2411 2828 2,

1266 2825 1345 2864 gliae,
1363 2826 1441 2865 super
1455 2827 1543 2857 arduis
1555 2812 1710 2866 Ixiegotiis,
1726 2828 1808 2867 Nos,
1825 2829 1949 2867 Statum,
1968 2831 2002 2861 ὃς
2028 2830 2230 2860 Defensionem
2250 2830 2318 2875 ejus·
2329 2845 2470 2875 p‚1,m,17,

1267 2865 1332 2894 dem
1350 2864 1465 2904 Regni,
1483 2875 1516 2896 ac
1532 2865 1665 2897 Ecclesiae
1678 2867 1844 2910 Anglicanqe
1865 2869 2098 2905 contingentibus
2111 2891 2121 2907 ,
2145 2868 2318 2908 traetatuns,
2335 2877 2399 2914 dors,

1267 2903 1405 2944 suumque
1415 2903 1575 2934 Consilium
1584 2927 1593 2941 ,
1609 2913 1638 2934 ut
1652 2904 1692 2934 est
1705 2906 1805 2943 moris,
1823 2905 1991 2945 impensuris,

1305 2941 1343 2972 Et
1358 2943 1421 2982 quia
1432 2942 1508 2980 jam,
1527 2942 1692 2980 quibusdam
1706 2944 1787 2974 certis
1798 2942 1833 2974 de
1845 2942 1941 2974 Causis
1955 2968 1965 2984 ,
1989 2944 2057 2976 Nos
2077 2946 2179 2975 intime
2200 2955 2320 2977 moven-

1268 2981 1359 3020 tibus,
1377 2981 1484 3011 dietum
1498 2979 1718 3011 Parliamentum
1732 2981 1876 3019 nostrum,
1891 2982 1926 3012 de
1940 2983 2043 3014 assensu
2057 2984 2224 3014 eorumdem
2244 2984 2321 3015 Prae-

1266 3020 1404 3058 latorum,
1423 3017 1593 3057 Procerum,
1612 3020 1645 3049 &
1660 3019 1848 3058 Magnatum,
1866 3019 1954 3058 usque
1967 3021 2001 3052 ad
2023 3021 2208 3061 Qindenam
2222 3022 2321 3054 Saneti

1268 3058 1380 3088 Hillarii
1396 3058 1530 3095 proximo
1544 3057 1667 3088 futuram
1676 3080 1686 3096 ,
1702 3057 1776 3096 apud
1793 3057 1951 3098 Salopiam‚
1969 3060 1999 3090 in
2017 3060 2087 3091 statu
2100 3070 2158 3099 quo
2173 3069 2241 3091 tunc
2257 3061 2321 3100 fuit,

1269 3098 1398 3128 duximus
1411 3095 1648 3134 continuandum,
2261 3137 2267 3143 ·

1308 3134 1446 3172 Vobis,in
1461 3133 1514 3164 fide
1529 3134 1561 3165 &
1576 3133 1715 3172 ligeintia,
1723 3135 1823 3172 quibus
1837 3135 1918 3165 nobis
1932 3137 2084 3175 tenemini,
2101 3135 2218 3167 firmiter
2229 3137 2322 3174 iniun-

1270 3172 1552 3214 gendo,Mandamus
1564 3173 1832 3210 qued,c0nsiderata
1844 3173 1988 3204 diffitorum
1997 3175 2032 3205 N
2035 3176 2193 3214 egotiorum
2205 3175 2324 3206 arduita-

1272 3223 1318 3251 te,
1333 3212 1404 3250 apud
1419 3210 1577 3248 salopiam,
1596 3212 1624 3240 in
1639 3211 1791 3249 Qiindena
1812 3212 1964 3250 praediCta,
1988 3214 2162 3250 personaliter
2184 3213 2321 3257 intersitis,

1272 3251 1456 3287 Nobiscum,
1473 3259 1505 3279 ac
1519 3258 1587 3279 curn
1606 3249 1728 3280 Praelatis
1742 3272 1751 3288 ,
1778 3249 1958 3286 Magnatibus
1974 3273 1984 3289 ,
2006 3252 2040 3282 &
2064 3251 2232 3294 Proceribus
2253 3251 2324 3282 dieti

1274 3290 1371 3330 Regni
1383 3287 1482 3325 nostri,
1502 3287 1580 3326 super
1593 3287 1726 3327 Negotiis
1737 3287 1880 3318 antedidtis
1893 3289 2003 3319 ulterius
2018 3289 2168 3326 traCtaturi,
2183 3288 2324 3320 vestrum-

1275 3339 1329 3367 que
1344 3326 1501 3357 Consilium
1517 3326 1683 3364 impensuri,
1700 3328 1733 3358 ὃς
1745 3326 1819 3365 hoc,
1839 3327 1908 3357 sicut
1922 3326 1988 3357 Nos
2002 3349 2012 3364 ,
2034 3327 2068 3357 &
2091 3327 2248 3357 Honorem
2267 3337 2323 3371 no-

1274 3368 1360 3398 strum
1370 3389 1379 3403 ,
1395 3375 1428 3396 ac
1443 3364 1630 3395 Salvationem
1645 3365 1677 3395 &
1694 3364 1897 3395 Defensionem
1913 3365 2010 3408 Regni
2024 3365 2057 3395 &
2070 3364 2206 3409 Ecclesiae
2224 3365 2325 3403 praedi-

1274 3407 1406 3441 Ctorum,
1425 3401 1686 3441 expeditionemque
1698 3402 1840 3433 dietorum
1857 3402 1892 3432 N
1895 3411 2053 3446 egotiorurn
2068 3403 2190 3442 diligitis,
2207 3404 2324 3448 nullate-

1274 3455 1326 3476 nus
1338 3442 1488 3479 omittatis,
1507 3442 1562 3478 ne,
1578 3441 1656 3479 quod
1671 3442 1757 3480 absit,
1773 3451 1822 3480 per
1837 3440 1922 3470 vestri
1938 3441 2104 3485 absentiam,
2138 3451 2202 3471 uam
2222 3441 2326 3485 aliqua-

1273 3484 1334 3513 liter
1347 3480 1503 3512 excusatam
1516 3478 1617 3509 habere
1630 3479 1762 3510 nolumus
1781 3478 1830 3509 istst
1849 3479 1913 3509 vice
1925 3501 1935 3516 ‚
1961 3478 2109 3523 Expeditio
2163 3488 2327 3518 egotiorum

1275 3521 1438 3552 nostrorum
1452 3516 1652 3554 praedietorum
1667 3518 1827 3555 retardetur,
1845 3516 1891 3547 seu
1904 3517 2052 3556 aliqualiter
2066 3517 2229 3562 differaturg

1314 3558 1452 3589 Volumus
1463 3563 1555 3585 tamen
1568 3557 1602 3587 ὃς
1616 3557 1697 3586 vobis
1712 3555 1792 3594 Injun
1813 3556 1885 3585 imus
1897 3555 1973 3593 quod
2008 3556 2130 3587 uendam
2140 3555 2328 3600 sufficientem

1280 3597 1395 3628 Locum
1410 3602 1553 3624 tenentem
1566 3593 1710 3632 vestrum,
1726 3595 1754 3624 in
1799 3604 1857 3624 erra
1880 3592 1973 3636 nostra
2029 3594 2142 3638 iberniae
2158 3616 2168 3631 ,
2191 3604 2241 3637 qui
2263 3594 2331 3624 Gu-

1279 3635 1474 3666 bernationem
1489 3632 1521 3662 &
1544 3631 1591 3662 Re
1612 3633 1686 3663 imen
1707 3633 1806 3662 Terrae
1824 3632 1892 3661 illius
1905 3654 1916 3669 ,
1940 3641 1970 3660 in
1991 3631 2075 3663 vestri
2096 3632 2229 3670 absentia,
2244 3632 2330 3671 usque

1279 3674 1417 3704 Reditum
1433 3669 1559 3700 vestrum
1572 3680 1586 3700 a
1620 3670 1753 3706 eandem,
1770 3670 1870 3700 habere
1886 3668 1988 3706 valeat,
2014 3679 2066 3707 pro
2085 3680 2143 3707 quo
2163 3670 2329 3713 respondere

1279 3710 1436 3745 volueritis,
1452 3708 1519 3738 loco
1531 3708 1632 3749 yestri,
1650 3717 1713 3739 ante
1728 3707 1883 3739 Recessum
1896 3707 2019 3739 vestrum
2031 3707 2068 3738 de
2081 3708 2171 3739 Terra
2185 3707 2329 3747 praedieta,

1280 3751 1404 3782 omnino
1415 3748 1559 3785 deputetis.

1316 3787 1406 3821 Teste
1419 3785 1501 3825 Rege
1514 3784 1588 3823 apud
1602 3783 1872 3825 Wstmonasterium,
1886 3782 2001 3814 decimo
2017 3785 2115 3822 quinto
2128 3783 2173 3814 die
2179 3783 2328 3820 ijxibris.¹

1673 3864 1726 3892 Per
1739 3861 1821 3902 ipfimz
1835 3863 1930 3899 Regem
1947 3858 1985 3895 ὀ·
1999 3858 2151 3890 Concilium.
