2561 4251
728 245 829 289 ET
918 244 1182 287 ACTA
1238 239 1706 282 PUBLICA.

0 343 72 377 Ann-
84 339 125 371 D.
147 339 247 378 galiae‚
272 341 359 370 Duces
379 335 531 374 Gelrensem
551 333 590 371 ό
609 333 807 373 Juliacensem,
827 334 860 364 &
881 334 1029 370 Rupertum
1049 333 1200 366 Seniorem,

17 387 99 422 1397.
147 381 180 410 δε
194 381 341 414 Rupertum
355 375 498 414 Junizrrenz
513 374 611 404 Duces
626 373 745 403 Bavariae
757 395 766 407 ,
786 372 945 410 Johannem
960 371 991 400 de
1009 368 1121 408 Infidis,
1138 370 1202 397 Du-

0 423 46 451 Ric.
64 429 89 447 2.
148 429 201 446 cem
215 415 253 450 &
276 418 500 444 Communitatem
521 411 718 451 Januenfium,
739 411 948 441 confoederatos
971 408 1094 446 Regios,
1112 417 1144 437 ac
1159 407 1201 442 ip-

148 457 200 485 fius
213 453 309 484 omnia
324 452 479 490 Dominia,
498 451 680 487 Subdit0s4&
696 448 832 479 Vassanos
852 447 1060 486 quoscumque,
1079 454 1202 483 quorum

146 504 200 532 pro
215 501 344 528 tempore
357 491 412 529 ipse
428 491 572 521 Dominus
586 488 680 518 noster
694 487 759 517 Rex
773 488 823 516 erit
839 486 961 522 Potens,
979 485 1006 514 in
1023 484 1091 522 Jure
1105 486 1137 516 &
1150 483 1202 521 Ju-

147 532 234 568 stitia,
249 530 269 559 sl
285 539 352 559 curn
367 530 418 560 illis
434 538 514 568 agere
528 528 706 563 haberemus,
723 533 806 564 prout
825 525 887 554 haec
902 524 935 553 ὃ(
949 523 1014 560 alia,
1035 524 1063 552 in
1083 522 1203 553 reversa-

148 570 220 600 libus
234 568 350 606 Literis,
369 568 448 606 lpslus
466 567 587 597 Domini
607 563 696 594 nostri
709 563 797 602 Regis
810 562 935 602 Angliae,
952 561 987 591 de
1000 561 1137 591 Penfione
1148 569 1203 591 no-

150 608 204 639 stra
217 606 368 646 praedicta,
387 607 470 636 etiam
485 605 673 635 continentur.

188 646 222 676 In
244 655 368 683 quorum
391 642 607 674 Testimonium
627 639 757 677 Sigillum
781 637 910 669 nostrum
926 661 937 677 ,
961 647 996 668 ex
1014 645 1089 669 certa
1109 635 1205 667 nostra

150 684 292 723 Scientia,
311 683 493 713 Praesentibus
508 680 637 709 duximus
650 679 876 715 appendendum.

192 723 301 753 Datum
317 725 346 750 in
363 719 454 759 Castro
473 718 559 758 nostro
579 717 766 754 Gadesbergh,
785 717 873 746 Anno
890 714 1012 745 Domini
1036 713 1207 752 Millesimo,

154 760 391 797 Trecentefimo,
410 756 609 796 Nonagesimo
623 755 768 794 Septimo,
787 754 844 785 Die
858 754 982 792 Septima
996 751 1103 783 Mensis
1115 751 1191 790 Julii.

10 987 75 1020 Ann
96 983 138 1015 D.

11 1032 124 1094 ;„³.⁹2⁷;.

227 933 287 963 Pro
311 928 388 961 dieto
410 924 654 972 ArchiepistopO,
680 923 716 956 de
739 925 910 957 Ammitate
932 927 968 962 ὠ·
994 926 1133 959 Auxilio.

162 1022 289 1080 REX
307 1023 470 1058 Omnibus,
486 1020 521 1051 ad
539 1029 627 1059 quos,
645 1019 707 1050 &c.
727 1018 861 1049 Salutem.

258 1062 353 1093 Sciatis
368 1059 448 1098 quod
456 1081 465 1097 ,

199 1100 300 1136 Cum,
318 1097 504 1129 Reverendus
525 1098 554 1127 in
575 1096 692 1127 Christo
715 1095 814 1133 Pater,
832 1097 984 1125 Fredericus
1004 1095 1219 1136 Archiepiscopus

163 1137 334 1178 Colonienfis‚
356 1134 530 1175 Apostolicae
544 1135 622 1165 Sedis
640 1135 780 1173 Legatus,
799 1134 865 1164 iacti
890 1134 1003 1174 Imperii
1027 1135 1161 1173 Elector,
1187 1138 1219 1167 ὀί

163 1188 213 1215 per
227 1176 335 1208 Italiam
358 1174 641 1210 Archicancellarius,
662 1173 729 1203 Dux
750 1172 927 1211 Westfaliae,
947 1174 1065 1204 Amicus
1087 1175 1119 1205 Sc
1137 1175 1223 1205 fidelis

164 1215 258 1247 noster
272 1214 424 1246 cariffimus
433 1238 442 1251 ,
462 1213 489 1243 se
503 1212 628 1242 effecerit
636 1212 787 1242 Vasiallum
798 1235 807 1250 ,
826 1212 859 1241 ὃς
869 1211 1070 1241 Homaoialem
1080 1212 1210 1243 nostrum

164 1255 200 1285 ad
214 1253 313 1285 Vitam
329 1253 453 1283 nostram
468 1253 501 1282 ὃς
517 1252 609 1287 suam,
629 1249 795 1287 Nobisque,
814 1248 891 1279 bona
905 1237 986 1289 fide?
998 1251 1154 1288 promiserit
1173 1237 1224 1281 sin3

166 1303 262 1325 ceram
284 1292 474 1328 Fidelitatem,
495 1289 608 1319 Bonum
629 1288 758 1319 nostrum
780 1287 896 1318 fideliter
919 1290 1116 1326 procurando,
1136 1291 1168 1321 ὃς
1189 1291 1225 1320 de

167 1331 250 1363 Malo
265 1331 363 1361 nostro
379 1330 510 1366 vitando,
529 1328 579 1364 ὃς,
598 1327 712 1365 quando
734 1326 781 1356 fibi
800 1327 864 1356 inde
887 1326 1061 1364 constiterit,
1079 1327 1147 1357 Nos
1167 1331 1226 1358 avi-

167 1370 254 1402 sando
269 1380 302 1400 ac
318 1368 552 1406 praemuniendo,
568 1367 600 1397 ὃς
616 1367 712 1395 omnia
726 1365 776 1394 alia
793 1366 824 1394 ὃς
841 1365 943 1404 singula
957 1365 1103 1403 faciendo,
1122 1369 1225 1405 quse&

167 1407 392 1480 gusthass'allus
411 1407 444 1437 &
460 1405 637 1445 Homagialis
660 1404 758 1434 Fidelis
783 1403 919 1434 Domino
939 1404 989 1434 suo
1010 1405 1100 1435 facere
1119 1414 1228 1436 tenetur

229 1457 247 1476 o
259 1455 285 1477 et

207 1486 253 1517 Ac
269 1470 353 1516 et'iam
367 1493 467 1516 contra
479 1483 563 1521 Nos,
581 1483 613 1513 ὃς
630 1481 786 1519 Regnum,
801 1491 833 1511 ac
851 1480 990 1511 Dominia
1011 1481 1122 1519 nostra,
1141 1481 1230 1511 nulla-

172 1533 252 1556 tenus
266 1525 413 1561 faciendo,
430 1522 600 1561 quinymmo
617 1520 732 1549 debebit
755 1521 837 1550 nobis
860 1519 978 1549 fideliter
1001 1519 1104 1556 astare,
1123 1520 1155 1550 Sc
1174 1521 1230 1550 ess‘e

173 1564 284 1601 adjutor
298 1587 306 1601 ,
327 1562 428 1592 nostris
442 1561 598 1598 sumptibus
614 1559 646 1589 ὃς
659 1557 809 1596 Expenfis,
825 1566 923 1587 contra
945 1558 1140 1595 quoscumque
1155 1558 1231 1595 Inju-

174 1603 287 1632 riatores
307 1603 340 1632 ὃς
362 1601 498 1630 Inimicos
519 1597 632 1628 nostros
653 1596 799 1634 (Exceptis
819 1604 912 1626 tamen
937 1597 1050 1626 inferius
1070 1596 1232 1633 nominatis)

173 1641 304 1679 quotiens
319 1650 368 1675 per
376 1648 428 1668 nos
442 1637 525 1667 fuerit
538 1636 654 1672 desuper
668 1634 793 1672 legitime
806 1635 961 1672 requifitus,
981 1635 1014 1665 δε
1029 1643 1132 1665 extunc
1147 1637 1231 1665 etiam

173 1679 289 1710 debebit
301 1678 428 1708 diffidare
440 1675 512 1715 ipsos
527 1673 701 1712 Injuriatores
715 1673 748 1703 ὅ(
760 1671 915 1710 Inimicos,
933 1674 972 1703 eis
986 1673 1075 1712 palam
1089 1674 1123 1704 &
1139 1674 1236 1712 publi—

172 1727 208 1748 ce
220 1715 382 1747 intimando
395 1714 483 1755 ipsum
499 1712 571 1743 velle
583 1712 666 1742 nobis
680 1710 800 1741 affistere
808 1710 912 1749 nosque
922 1712 1035 1750 juvare,
1053 1722 1153 1742 eorum
1162 1722 1235 1743 con-

173 1756 256 1787 traria
270 1755 413 1785 voluntate
428 1751 645 1791 quomodolibet
661 1760 720 1779 non
743 1748 891 1788 obstante,
910 1750 943 1779 ὃ(
963 1751 1047 1780 etiam
1060 1751 1161 1780 servire
1182 1762 1234 1781 no-

172 1795 217 1824 bis
236 1802 305 1824 cum
327 1801 450 1822 numero
473 1790 705 1828 Armigermum,
724 1787 893 1826 Comitum,
911 1787 1070 1826 Baronum,
1087 1789 1235 1828 Militum,

174 1834 209 1864 &
224 1833 342 1862 aliorum
365 1830 535 1860 Militarium
557 1837 589 1858 ac
606 1826 773 1865 Clientum,
791 1827 827 1856 de
843 1837 901 1865 quo
921 1826 1013 1864 ipsum
1036 1837 1086 1867 pro
1106 1837 1235 1866 ternpore

173 1871 336 1902 duxerimus
351 1867 567 1908 requirendum,
587 1876 647 1896 non
667 1873 764 1895 tamen
780 1865 851 1895 ultra
873 1875 1025 1896 numerum
1049 1866 1236 1906 Qingento-

175 1920 240 1940 rum
258 1909 485 1944 Lanceatorum,
502 1906 552 1935 nisi
563 1905 662 1944 sponte
674 1903 813 1942 voluerit,

212 1947 401 1978 Concordato
414 1954 509 1975 tamen
523 1944 597 1982 prius
612 1944 645 1974 ὃς
660 1951 725 1973 ante
743 1943 840 1972 omnia
856 1943 929 1974 inter
948 1953 1000 1973 nos
1020 1945 1054 1976 ὅς
1069 1944 1159 1983 ipsum
1181 1945 1236 1975 Ar-

175 1987 386 2025 chiepiscopum
406 1984 443 2014 de
458 1982 670 2021 Stipendiorum
689 1981 873 2011 satisfactione
887 1982 1049 2019 hujusmodi
1071 1984 1237 2023 Armigero-

175 2035 243 2056 rum
258 2024 430 2065 fingulorum
452 2021 608 2053 secundum
623 2019 813 2050 Conditiones
832 2020 865 2051 ὃ(
888 2020 1121 2052 Circumstantias
1142 2022 1236 2060 perso-

174 2074 274 2096 narum

218 2087 350 2134 Nec²non
369 2101 484 2132 debebit
496 2099 572 2129 idem
586 2097 824 2139 Archiepiscopus
836 2098 977 2128 universos
991 2098 1025 2129 &
1039 2098 1161 2139 singulos
1174 2099 1238 2130 sub-

179 2140 254 2171 ditos
265 2140 393 2178 nostros,
412 2150 461 2178 per
473 2139 531 2176 ejus
544 2137 648 2167 Terras
662 2138 695 2168 &
711 2136 849 2166 Dominia
863 2137 1049 2175 transeuntes,
1068 2139 1112 2168 seu
1128 2148 1238 2169 moram

177 2180 329 2217 facientes,
347 2179 465 2209 fideliter
480 2176 630 2207 defendere
643 2184 774 2214 tanquam
791 2176 919 2213 proprios
932 2176 1056 2206 subditos
1070 2178 1150 2214 suos,
1164 2177 1239 2214 ipsls-

179 2228 236 2256 que
256 2219 322 2249 dare
343 2218 449 2248 salvum
466 2214 673 2251 Conductum,
699 2214 718 2243 fi
741 2214 912 2251 requiratur,
932 2215 1061 2251 quotiens
1083 2225 1153 2252 opus
1171 2216 1241 2253 erit,

180 2257 256 2287 salvo
271 2257 350 2295 quod
364 2255 495 2286 consueta
509 2253 622 2293 pedagia
638 2253 671 2283 ὃς
687 2252 850 2282 Theolonia
864 2252 960 2282 debite
973 2254 1178 2291 persolvantur;

220 2295 340 2333 Excepit
363 2292 552 2329 tamenjdem
572 2290 808 2328 Archiepiscopus
826 2292 855 2320 in
875 2291 1021 2330 praemiffis
1039 2292 1241 2323 sandiiffimum

181 2333 351 2365 Dominum
372 2332 496 2370 Papam,
514 2332 546 2361 &
567 2330 702 2360 Sanaam
723 2329 827 2359 Sedem
849 2328 1066 2369 Apostolicam,
1084 2330 1244 2368 Imperato-

180 2382 243 2404 rem
257 2372 303 2402 seu
318 2371 431 2410 Regem
446 2370 666 2405 Romanorum,
684 2377 756 2406 quos
768 2378 821 2405 pro
834 2374 963 2405 tempore
976 2368 1057 2399 habet
1070 2368 1113 2399 seu
1129 2370 1243 2401 habebit

182 2410 258 2441 idem
282 2409 467 2447 Archiepisco
489 2418 519 2438 us
541 2416 592 2446 pro
614 2406 728 2444 talibus,
746 2407 854 2437 sacrum
878 2405 1048 2437 Romanum
1073 2407 1244 2447 Imperium,

182 2449 306 2487 ejusdem
323 2449 437 2486 Imperii
483 2446 638 2476 oeleetores
649 2446 708 2475 suos
714 2467 724 2482 ,
739 2445 772 2475 &
787 2453 816 2475 ut
831 2445 914 2483 tales,
925 2445 1068 2483 Jofridum
1082 2446 1118 2476 de
1129 2447 1245 2487 Lynyn-

181 2496 237 2526 gen
250 2487 383 2519 Electum
399 2486 619 2525 Maguntinum,
642 2483 911 2521 Monasteriensem,
926 2485 958 2514 ὃς
969 2483 1226 2516 paderburnensem
1236 2509 1246 2524 ,

183 2527 357 2566 Episcopos,
378 2525 562 2561 Gelrensem,
583 2522 772 2562 Juliacensem
789 2545 798 2560 ,
832 2522 866 2552 &
887 2521 1107 2553 Montenensem
1130 2524 1245 2563 Duces,

185 2565 361 2604 ejusdemque
377 2563 573 2595 Montenenfis
586 2561 687 2600 Filios,
705 2560 937 2598 Consanguineos
952 2561 1079 2600 nostros,
1097 2561 1247 2593 Marchio-

187 2614 255 2635 nem
277 2603 430 2635 Badensem
452 2602 488 2632 de
508 2600 680 2631 Sarwerden.
700 2601 715 2616 ³*
736 2599 880 2637 Fratrem,
898 2599 931 2630 ὃς
954 2600 988 2629 de
1010 2600 1140 2638 Muerse,
1157 2601 1247 2632 Soro—

186 2645 277 2681 rium,
295 2643 373 2680 suos,
393 2639 600 2672 Clivensem&
612 2638 792 2668 Markensem
801 2636 933 2668 Comites
941 2637 1162 2670 Confoederatos
1170 2640 1248 2679 suos,

188 2681 345 2712 Civitatem
360 2678 585 2716 Coloniensem,
602 2677 756 2714 omnesque
767 2676 835 2707 alios
849 2676 932 2714 ipsius
948 2677 1162 2716 Archiepiscopi
1174 2678 1249 2708 Sub-

188 2721 262 2750 ditos
275 2721 307 2750 &
324 2719 350 2750 V
353 2719 477 2756 assaIlos,
496 2725 619 2756 quorum
632 2725 684 2754 pro
699 2724 827 2753 tempore
841 2716 893 2744 etit
913 2724 1012 2752 potens
1034 2718 1061 2745 in
1078 2718 1136 2752 jure
1159 2717 1191 2746 δε
1207 2718 1249 2754 iu-

190 2759 279 2796 stitia,
295 2758 314 2788 s1
335 2768 403 2788 cum
423 2757 473 2787 illis
493 2765 578 2792 agere
595 2755 775 2791 haberemus,
794 2761 878 2790 prout
897 2752 959 2783 haec
980 2756 1013 2784 ὃς
1029 2754 1079 2784 alia
1097 2755 1125 2783 in
1148 2754 1251 2786 Literis

190 2796 354 2827 Patentibus
369 2796 448 2833 ipsius
464 2793 695 2834 Archiepiscopi,
715 2791 780 2821 inde
795 2791 952 2830 confectis,
972 2792 1125 2832 Sigilloque
1141 2793 1189 2823 suo
1203 2804 1250 2824 ro-

189 2837 292 2865 boraris
305 2836 337 2865 &
354 2835 436 2864 nobis
454 2833 575 2870 traditis,
595 2831 704 2869 plenius
718 2832 896 2868 continetur,

227 2874 296 2904 Nos
309 2872 533 2903 consideratione
547 2869 777 2906 Praemifforum,
796 2870 828 2899 δε
837 2879 891 2905 pro
903 2878 939 2898 eo
953 2869 1031 2906 quod
1047 2869 1123 2900 idern
1133 2870 1252 2901 Archie-

193 2913 339 2952 piscopus,
363 2922 412 2949 per
431 2911 631 2940 Procuratores
651 2908 731 2946 suOS,
749 2907 933 2938 sufficientem
955 2907 1128 2939 Potestatem
1152 2910 1181 2939 in
1199 2910 1252 2940 hac

192 2960 269 2991 parte
283 2952 432 2987 habentes,
449 2949 626 2980 Fidelitatem
641 2947 674 2976 &
689 2946 868 2985 Homagium
891 2945 989 2975 Nobis
1004 2946 1092 2985 fecit,
1106 2958 1140 2978 ac
1161 2948 1255 2985 hujus-

193 2990 275 3022 modi
292 2989 438 3020 Fidelitatis
452 2989 486 3019 ὃς
501 2985 850 3025 HomagiiJuramentum
873 2985 955 3014 nobis
977 2985 1123 3024 praestitit,
1141 2986 1171 3016 in
1188 2987 1255 3017 For-

193 3038 240 3059 ma
256 3029 350 3059 debita
364 3028 397 3058 &
412 3026 561 3064 consueta,

232 3067 280 3098 De
294 3067 392 3097 Gratia
409 3064 502 3096 nostra
520 3063 629 3102 speciali
651 3061 868 3100 Conceffimus,
885 3061 1031 3100 dedimus,
1050 3064 1083 3094 ὃς
1105 3062 1256 3100 assignavi-

196 3115 276 3144 mus,
300 3105 514 3141 Concedimus,
534 3103 649 3139 damuS,
669 3103 700 3132 ὅ(
721 3101 888 3140 affigflamus
907 3111 955 3137 per
976 3101 1143 3140 Ptaesemes,
1162 3104 1255 3133 eidem

196 3143 436 3180 Archiepiscopo,
451 3142 485 3172 ad
505 3149 594 3172 totam
610 3140 705 3172 Vitam
726 3140 819 3177 suam,
837 3141 866 3169 in
888 3139 1036 3177 Feodum,
1055 3150 1089 3170 ac
1104 3141 1169 3170 loco
1184 3142 1257 3171 Feo-

194 3182 224 3212 di
232 3204 243 3221 ,
257 3182 427 3211 Peniionem
442 3181 577 3210 Annuam
589 3203 598 3217 ,
615 3179 696 3209 Mille
707 3178 856 3209 Librarum
871 3178 927 3207 sive
939 3178 1046 3208 Trium
1056 3179 1175 3209 Milium
1185 3180 1259 3210 No-

194 3222 298 3250 bilium
315 3219 446 3249 Monetae
461 3218 643 3260 Anglicanae,
659 3217 1002 3256 percipiendam,iingulis
1011 3217 1118 3255 Annis,
1131 3219 1164 3247 ad
1172 3219 1257 3248 Scae-

195 3260 304 3290 carium
320 3257 450 3287 nostrum
459 3280 468 3292 ,
487 3257 516 3285 in
529 3255 637 3285 Palatio
651 3254 750 3284 nostro
762 3254 1071 3293 Westmonasterienii,
1087 3256 1164 3293 juxta
1178 3256 1259 3287 Civi-

195 3306 285 3328 tatem
301 3295 426 3327 nostram
442 3293 621 3330 Londoniae,
637 3292 671 3322 ad
684 3292 839 3322 Terminos
860 3293 956 3323 Santi'ci
973 3293 1125 3324 Michaelis
1141 3296 1173 3326 ὃς
1196 3295 1259 3325 Pas-

197 3336 281 3373 chae,
297 3345 348 3373 per
360 3334 479 3371 aequales
495 3332 662 3368 Portiones;
679 3340 763 3369 quam
783 3331 898 3368 quidem
922 3331 1093 3362 Penfionem
1110 3332 1242 3363 Annuam

198 3374 274 3405 Mile
290 3374 458 3406 Librarum,
479 3371 654 3401 fivesTrium
670 3368 786 3399 Milium
801 3369 978 3407 Nobilium,
995 3371 1086 3400 eidem
1112 3358 1261 3409 Archiepss

196 3413 313 3450 scopo,.
323 3412 366 3441 seu
380 3412 437 3447 ejus
445 3409 623 3440 Procuratori
636 3407 805 3437 sufficienter
820 3408 853 3438 ἃ
867 3408 993 3445 legitime
1011 3408 1186 3442 constituto,
1203 3411 1259 3441 sive

197 3460 278 3483 certo
297 3450 438 3486 Nuncio,
453 3447 636 3478 sufficientem
662 3447 694 3476 ὃς
714 3446 865 3484 plenariam
889 3446 1085 3484 Quietantiam
1108 3449 1188 3477 nobis
1211 3449 1260 3478 da-

196 3499 280 3528 turo,
306 3489 412 3518 realiter
430 3488 463 3517 ὃς
482 3496 550 3516 cum
568 3484 690 3522 effeffli,
711 3494 760 3522 per
780 3483 849 3514 Nos
869 3493 916 3514 aut
937 3484 1048 3514 nostros
1063 3485 1166 3515 solvere
1189 3486 1260 3516 Pro-

197 3529 323 3560 mifimus
336 3549 345 3563 ,
377 3528 410 3557 ἃ
435 3525 633 3555 Promittimus
657 3533 707 3560 per
737 3522 887 3552 Praesentes
899 3547 908 3560 ,
942 3524 1028 3552 etiam
1062 3534 1127 3553 cum
1154 3524 1260 3555 Licen-

198 3564 415 3635 tiastasportandi
435 3562 595 3602 hujusmodi
615 3562 727 3594 Aurum
754 3560 789 3591 de
812 3561 913 3600 Anglia
928 3562 962 3593 &
981 3562 1017 3592 de
1035 3562 1090 3592 aliis
1113 3561 1259 3594 Dominiis

195 3616 235 3637 no
264 3615 297 3635 ris

236 3628 383 3682 Quo'dque
396 3640 560 3671 debebimus
573 3639 704 3677 deinceps
719 3637 809 3678 ipsum
826 3637 1079 3676 Archiepiscopum
1093 3648 1256 3670 manutene-

198 3694 243 3721 re,
261 3685 289 3713 in
303 3682 372 3720 Jure
392 3680 440 3710 suo
463 3688 610 3717 proregere
631 3679 663 3709 &
686 3678 771 3714 tueri,
790 3686 890 3706 contra
911 3677 1104 3715 quoscumque
1123 3678 1257 3716 (exceptis

197 3722 314 3752 inferius
332 3719 493 3755 nominatis)
513 3716 667 3747 secundum
684 3714 774 3745 Casus
794 3717 1017 3753 emergentiam,
1031 3716 1065 3744 ad
1088 3715 1256 3754 Requiiitio-

197 3771 266 3791 nem
278 3760 371 3795 suam,
389 3765 471 3794 prout
484 3756 521 3786 de
533 3757 594 3794 jure
610 3755 702 3784 bonus
716 3753 860 3783 Dominus
874 3753 1026 3783 Vaffallum
1048 3753 1127 3783 suum
1142 3754 1256 3785 fidelem

198 3798 349 3829 defendere
361 3803 468 3827 tenetur
476 3806 486 3832 3
495 3807 502 3814 ³

238 3836 275 3866 Et
290 3837 325 3866 de
339 3834 467 3874 ampliori
482 3832 563 3862 stabit
575 3832 604 3861 in
626 3830 724 3860 Gratia
745 3829 854 3867 nostra,
873 3829 1028 3859 secundum
1047 3829 1133 3860 Casus
1153 3840 1256 3860 occur-

199 3882 306 3912 rentes3
321 3872 483 3904 dummodo
495 3880 589 3901 tamen
603 3870 657 3905 ipse
674 3868 906 3906 Archiepiscopus
918 3867 986 3897 Nos
1000 3877 1052 3904 pro
1067 3877 1197 3907 tempore
1207 3879 1255 3905 per

203 3914 311 3943 Literas
323 3912 378 3940 suas
389 3909 584 3941 certificaverit
600 3907 625 3937 se
641 3916 765 3945 paratum
787 3907 946 3936 submittere
965 3905 990 3935 se
1013 3906 1137 3936 Arbitrio
1155 3906 1253 3937 nostro

203 3954 233 3982 in
245 3952 323 3989 jure,
338 3959 487 3988 parereque
496 3948 558 3986 Juri
573 3947 605 3976 &
616 3945 735 3983 Justitiae
749 3954 846 3975 coram
862 3945 958 3981 nobis,
977 3945 1137 3982 excopimus
1160 3955 1253 3975 tamen

202 3993 231 4021 in
250 3986 418 4025 Praemiffis,
433 3988 466 4017 ὃς
477 3986 630 4023 excipimus
643 3994 691 4022 per
698 3983 861 4020 Praesentes,
879 3985 1023 4011 Dominum
1038 3987 1172 4011 Summum
1185 3985 1255 4012 Pon-

203 4027 318 4065 tificem,
337 4027 370 4056 &¹
388 4026 515 4054 sanciam
531 4024 622 4054 Sedent
643 4021 837 4060 Apostolicam,
857 4023 952 4057 Regem
974 4023 1164 4057 Romanorum,
1185 4031 1255 4058 quos

200 4077 253 4107 pro
269 4073 398 4102 tempore
412 4063 563 4100 habemus,
581 4063 626 4092 seu
641 4061 805 4091 habebimus
820 4069 873 4097 pro
885 4059 998 4096 talibus,
1017 4062 1112 4096 Regem
1126 4061 1256 4097 Portuga-

203 4107 266 4140 liae,
284 4106 371 4131 Duces
389 4100 539 4138 Gelreizsem
561 4101 593 4130 ὃ(
614 4099 816 4138 Juliacensem,
834 4098 868 4128 δε
889 4099 1034 4134 Rupertum
1053 4100 1204 4135 Seniorem‚
1222 4099 1255 4129 δε

201 4140 512 4209 Βιιρῃη-ιῃῖἆιᾱνιὲανῖβ
523 4137 620 4169 Duces
639 4137 778 4177 Bavariae,
792 4135 952 4176 Johannem
970 4135 1001 4166 de
1023 4134 1136 4175 Infidis,
1154 4139 1256 4167 Ducem

242 4185 313 4212 Tam.
383 4201 390 4213 2
442 4200 450 4209 .
506 4199 514 4208 .

15 1144 106 1170 Franc.

17 1189 60 1207 21.
77 1181 104 1204 R.
116 1187 144 1206 2.

15 1226 51 1246 m.
70 1225 112 1252 ¹5·

31 2609 51 2631 Ψ
60 2611 146 2641 vm.

2225 248 2297 289 131

1243 325 1281 361 &a
1303 329 1526 356 Communitatem
1548 325 1579 354 de
1599 323 1722 362 Janua,
1748 321 1965 353 confoederatos
1986 320 2098 352 nostros
2111 342 2123 358 ‚
2145 319 2303 357 omniaque
2322 316 2398 348 Arm.
2409 315 2452 347 D.

1245 365 1385 395 Dominia
1408 364 1520 401 nostra,
1538 374 1569 393 ac
1590 362 1723 392 Subditos
1745 361 1778 391 &
1801 360 1938 391 Vaffallos
1960 359 2071 390 nostros
2112 358 2302 397 uoscumque‚
2344 363 2428 394 ¹397-

1245 413 1366 442 quorum
1382 413 1432 439 pro
1449 411 1577 439 tempore
1593 402 1697 431 erimus
1710 399 1860 437 Potentes,
1879 400 1907 428 in
1922 399 1983 436 jure
2002 398 2034 429 δε
2053 399 2085 437 ju
2113 395 2179 435 itia,
2198 396 2218 426 fi
2231 405 2301 436 prae-
2322 397 2374 423 Ric.
2394 404 2423 421 2.

1245 443 1314 472 fatus
1330 440 1566 478 Archiepiscopus
1580 439 1695 468 haberet
1710 446 1790 476 agere
1803 447 1870 468 cum
1884 437 1943 467 illis.

1283 479 1315 509 ln
1331 480 1409 516 cujus
1425 480 1461 507 rei
1476 478 1710 513 Testimonium,
1729 478 1775 506 has
1791 476 1895 505 Literas
1910 473 2015 504 nostras
2035 473 2164 504 Patentes
2177 471 2251 512 fieri,
2267 472 2302 504 &

1248 517 1354 555 Magni
1369 517 1455 555 Sigilli
1472 515 1559 545 nostri
1574 515 1732 544 munimine
1748 515 1868 544 fecimus
1882 511 2048 551 consignari.

1321 554 1388 586 Dat.
1406 554 1480 595 apud
1495 552 1770 593 Wstmonasterrum,
1789 552 1919 590 Septimo
1934 551 1978 581 die
1990 549 2069 589 JuliL

1930 630 1984 657 Per
2002 627 2084 667 ipficm
2102 628 2206 663 Regem.

1556 755 1605 786 De
1627 754 1777 798 Homagio
1800 753 1836 789 (ῤ’
1861 749 2002 791 Pensione.

1261 839 1386 898 REX
1403 838 1565 876 Omnibus,
1584 836 1619 867 ad
1639 846 1725 876 quos,
1741 837 1802 868 &c.
1824 835 1960 866 Salutem.

1356 878 1450 908 Sciatis
1467 877 1566 914 quod,
2333 861 2409 892 ΑΠΠ·
2425 857 2469 889 Do

1295 917 1392 953 Cum,
1407 915 1521 945 dilectus
1538 914 1636 951 nobis,
1655 913 1780 943 strenuus
1794 912 1861 950 Vir,
1880 911 2035 947 Wynandus
2049 910 2080 938 de
2094 908 2249 939 Holizheim
2257 908 2317 940 Mi·
2361 906 2445 937 1397-

1262 955 1300 985 les
1314 979 1323 992 ,
1339 955 1364 984 se
1379 953 1506 984 effecerit
1523 952 1678 983 Vasfallum
1695 953 1726 983 ἃ
1747 948 1947 989 Homagiale'm
1963 949 2107 986 nostrum,
2125 947 2184 981 (ἐι.
2197 948 2320 987 utsupra
2336 942 2389 966 Aa.
2404 945 2449 964 2¹·

1260 994 1340 1034 usque
1361 993 1414 1030 ibi,
1433 993 1501 1022 ultra
1521 990 1706 1027 Numerum,
1731 988 1767 1023 ὠ
1786 996 1848 1018 tunic
1863 989 1920 1028 fic,
1944 987 2140 1026 Qiadraginta
2161 987 2318 1016 Lanceato-
2337 982 2367 1005 R·
2386 986 2412 1019 23

1264 1043 1346 1069 rum,
1365 1030 1416 1065 <syc
1445 1037 1476 1059 ut
1485 1029 1569 1069 sicpra
1582 1028 1659 1068 usque
1681 1030 1735 1065 ibi,
1754 1028 1927 1066 persolvant,
1951 1027 1988 1061 όν
2004 1033 2067 1054 tunc
2075 1024 2131 1065 fic,
2155 1026 2266 1062 excepit
2280 1034 2320 1054 ta·
2375 1011 2440 1043 ¹⁶¹4·

1265 1081 1332 1101 men
1347 1069 1423 1099 idem
1439 1068 1625 1106 Wynandus,
1644 1068 1671 1096 in
1685 1065 1851 1103 Praemiffis,
1869 1064 2080 1095 Sandtiffimum
2101 1066 2247 1092 Dominum
2264 1065 2322 1091 Pa-

1261 1117 1343 1147 pam,
1358 1109 1391 1139 &
1407 1108 1536 1136 Sanctam
1551 1107 1642 1135 Sedem
1658 1103 1837 1144 Apostolicaem
1847 1126 1856 1142 ,
1873 1106 2080 1141 Imperatorem,
2097 1101 2141 1131 seu
2162 1103 2256 1137 Regem
2271 1104 2324 1129 Ro-

1265 1157 1422 1183 manorum,
1438 1155 1509 1183 quos
1523 1155 1576 1184 pro
1591 1153 1720 1182 ternpore
1736 1143 1835 1180 habet,
1852 1141 1897 1172 seu
1910 1142 2038 1178 habebit,
2057 1141 2132 1169 idem
2153 1138 2325 1177 Wymndus

1266 1196 1319 1223 pro
1334 1185 1448 1221 talibus,
1467 1187 1576 1212 Sacrum
1590 1186 1739 1212 Romanum
1758 1183 1916 1218 Imperium,
1931 1178 2044 1218 ejusdem
2060 1181 2166 1215 Imperii
2187 1177 2325 1206 Eleiflores

1261 1227 1341 1263 suos,
1357 1224 1389 1253 ὃ(
1414 1231 1444 1252 ut
1467 1221 1531 1252 tales
1544 1244 1554 1259 ,
1577 1222 1743 1250 Fredericum
1763 1218 1993 1257 Archiepiscopum
2016 1213 2209 1254 Coloni-ensem,
2225 1213 2328 1253 Joffri-

1268 1264 1330 1293 dum
1351 1262 1382 1290 de
1401 1263 1545 1300 Lenyngen
1563 1259 1699 1290 Electum
1722 1256 1945 1295 Maguntinum,
1963 1256 2196 1293 Monasreszeasem
2221 1256 2254 1285 &
2271 1256 2329 1283 Pa-

1271 1300 1470 1336 derburnensem
1479 1298 1650 1337 Episcopos,
1667 1295 1836 1334 Gelrensem,
1853 1293 2055 1333 Juliacensem,
2076 1293 2108 1323 &
2125 1291 2328 1331 filontenensem

1272 1340 1371 1369 Duces
1385 1362 1395 1375 ,
1420 1337 1599 1375 ejusdemque
1624 1335 1804 1374 Monteneufis
1825 1334 1922 1371 Filios,
1946 1332 2176 1370 Confanguinem
2201 1330 2330 1368 nostros,

1274 1378 1481 1408 Marchionem
1498 1375 1648 1405 Badensem
1666 1374 1701 1403 de
1713 1373 1884 1403 Sarwerden.
1900 1373 1933 1403 δε
1947 1373 1983 1402 de
2000 1370 2131 1407 Muerse,
2148 1368 2329 1406 Cliveni‘em‚

1273 1418 1306 1447 &
1329 1414 1511 1446 Marltensem
1532 1413 1679 1449 Comites,
1695 1415 1844 1441 Civitatem
1866 1409 2040 1449 Coloniensem
2053 1431 2063 1446 ,
2087 1408 2242 1444 omnesque
2265 1408 2332 1436 alios

1274 1455 1355 1491 ipsius
1371 1452 1584 1489 Archiepiscopi
1599 1451 1733 1481 Subditos
1751 1451 1784 1480 ὃς
1808 1447 1957 1487 Vassallos,
1977 1455 2099 1485 quorum
2123 1456 2176 1484 pro
2201 1454 2331 1483 tempore

1275 1494 1326 1523 erit
1343 1501 1458 1529 potens,
1476 1493 1503 1520 in
1515 1492 1576 1528 jure
1590 1490 1622 1520 ὃς
1635 1488 1755 1526 justitia,
1774 1488 1793 1518 si
1808 1497 1877 1518 cum
1893 1488 1943 1516 illis
1956 1495 2035 1525 agere
2046 1486 2228 1522 haberemus,

1315 1531 1401 1568 Nos,
1420 1539 1472 1568 pro
1489 1538 1525 1557 eo
1540 1528 1619 1567 quod
1634 1527 1708 1556 idem
1725 1526 1893 1565 Wynandus
1906 1524 2081 1556 Fidelitatem
2103 1523 2136 1553 ὃ(
2158 1522 2338 1560 Homagium

1276 1570 1360 1600 nobis
1378 1567 1551 1606 personaliter
1565 1568 1583 1586 ³*
1600 1566 1666 1596 fecit
1676 1588 1685 1603 ,
1700 1575 1732 1595 ac
1749 1564 1907 1601 hujusmodi
1923 1563 2073 1593 Fidelitatis
2085 1562 2118 1592 ὃ(
2133 1561 2216 1591 Hom
2254 1562 2270 1590 ii
2283 1560 2335 1598 Ju-
2356 1562 2374 1582 ⁴*
2385 1563 2468 1590 vm.

1278 1615 1461 1644 ramentum,
1478 1603 1538 1639 &a
1556 1611 1587 1634 ut
1601 1604 1683 1645 firpra
1696 1602 1776 1642 ustae
1790 1602 1846 1640 ibi,
1865 1601 2036 1632 Penfionem
2053 1600 2204 1637 Annuam,
2271 1606 2336 1628 tunc
2353 1610 2381 1638 5,

1271 1647 1326 1686 fic,
1351 1646 1488 1684 Qinqua
1508 1645 1566 1674 inta
1589 1642 1755 1672 Marcarurn
1782 1641 1838 1672 five
1857 1638 1985 1671 Centum
2006 1638 2183 1676 Nobilium,
2203 1637 2336 1669 Monetae

1278 1685 1459 1722 Anglicanae,
1477 1653 1538 1717 ἔτ.
1557 1688 1587 1711 ut
1598 1680 1692 1720 ficpra.

1316 1723 1384 1754 Dat.
1405 1731 1436 1753 ut
1454 1721 1540 1761 supra.

1890 1757 1944 1785 Per
1959 1753 2041 1793 ipfitm
2058 1756 2162 1792 Regem.

1601 1886 1648 1918 De
1670 1886 1820 1930 Homagio
1842 1892 1876 1915 ut
1895 1882 2002 1928 fhpra.

1377 1972 1407 2004 X
1427 1972 1588 2009 Omnibus,
1604 1970 1639 2001 ad
1654 1979 1743 2008 quos,
1759 1970 1822 2001 &c.

1378 2013 1475 2043 Sciatis
1490 2010 1571 2049 qubd
1581 2034 1591 2048 ,

1282 1974 1367 2031 RE
2359 1973 2436 2005 Ann.
2452 1970 2497 2003 D:

1317 2051 1399 2082 Cum
1415 2049 1569 2090 speetabilis
1580 2047 1732 2078 Fredericus
1748 2044 1858 2075 Comes
1873 2042 2056 2081 Muersenfis,
2075 2042 2219 2074 Dominus
2238 2041 2275 2073 de
2287 2041 2339 2073 Ba-
2358 2019 2471 2079 Λὲῗξῖ

1282 2099 1326 2129 re,
1344 2091 1463 2120 Amicus
1477 2089 1510 2120 δε
1525 2087 1610 2117 fidelis
1624 2085 1718 2116 noster
1732 2084 1903 2121 carissimus,
1921 2080 1980 2116 &a
1994 2089 2025 2111 ut
2033 2082 2118 2121 Jiapra
2134 2080 2275 2121 usqueibi,
2293 2089 2342 2110 ex·
2360 2094 2389 2117 R,
2406 2098 2432 2116 2,

1282 2129 1358 2166 cepit
1370 2137 1483 2165 tamen,
1501 2125 1539 2161 &
1554 2133 1618 2155 tunc
1627 2124 1684 2166 sic,
1699 2123 1778 2153 idern
1793 2120 1903 2152 Comes
1919 2121 1948 2149 in
1971 2120 2140 2158 Praemiffis,
2158 2118 2344 2158 Archiepzsco-
2400 2126 2466 2154 χει-,1,

1278 2176 1361 2206 pum,
1376 2168 1409 2198 ὃς
1432 2164 1575 2205 Ecclefiam
1597 2161 1786 2201 Colonienfim,
1803 2160 1901 2190 Duces
1921 2158 2072 2196 Gelrenlem
2095 2160 2128 2189 &
2145 2158 2347 2196 Jult'acense'm,

1284 2205 1414 2236 Comites
1428 2202 1594 2242 Clivenftm,
1614 2201 1804 2240 Markenftm,
1821 2200 1852 2228 de
1864 2198 2041 2235 Sarwerden,
2061 2199 2093 2228 &
2117 2197 2148 2226 de
2168 2197 2348 2234 Tekeneberg,

1284 2256 1316 2276 ac
1336 2247 1482 2273 Dominum
1505 2244 1537 2272 de
1560 2240 1736 2282 Heynsberg,
1752 2237 1893 2279 ipsiusmet
1907 2236 2043 2267 Subditos
2063 2237 2096 2267 ὅ(
2119 2235 2269 2274 Vassallos,
2288 2233 2348 2270 &a

1284 2291 1314 2313 ut
1342 2291 1418 2321 upra.

1322 2321 1391 2352 Dat.
1411 2329 1443 2352 ut
1464 2319 1550 2361 supra.

1951 2353 2005 2382 Per
2017 2350 2098 2390 ipst'tm
2113 2353 2217 2388 Regem.

1636 2485 1692 2516 Pro
1717 2483 1802 2515 Duce
1825 2482 1995 2512 Britanniis.

1293 2569 1438 2629 REX,
1465 2568 1599 2599 omnibus
1619 2567 1731 2598 Ballivis
1752 2567 1785 2597 &
1807 2564 1963 2604 Ministris,
1981 2575 2095 2595 necnon
2120 2563 2296 2594 Hominibus
2317 2563 2349 2594 ὃ(
2370 2559 2446 2590 Arm.
2463 2557 2507 2588 D.

1370 2609 1548 2639 Tenentibus
1564 2606 1687 2636 Manerii
1706 2604 1741 2635 de
1755 2604 2004 2644 Sevenhampton,
2023 2605 2055 2635 ἃ
2072 2602 2224 2633 Hundredi
2238 2601 2274 2631 de
2289 2600 2352 2631 He·
2393 2605 2479 2638 1397.

1291 2648 1385 2681 worth
1400 2649 1429 2676 in
1446 2646 1594 2676 Comitatu
1609 2643 1763 2681 Wiltefiae,
1783 2642 1915 2673 Salutem.
2372 2640 2425 2664 An.
2443 2646 2487 2663 21.

1330 2686 1428 2724 Cui-n,
1456 2684 1685 2723 Qartodecimo
1701 2682 1747 2712 die
1763 2681 1953 2719 Septembris,
1972 2679 2059 2710 Anno
2078 2679 2174 2719 Regni
2195 2678 2283 2709 nostri
2303 2677 2353 2707 Se·
2373 2680 2402 2702 R.
2424 2684 2449 2701 2-

1293 2725 1407 2762 cundo,
1426 2726 1496 2753 inter
1517 2722 1587 2760 alia,
1605 2722 1709 2751 Terras
1733 2720 1765 2750 &
1784 2719 1980 2756 Tenementa,
1998 2717 2126 2756 Johanm‘
2143 2720 2215 2747 Duri
2235 2719 2352 2745 Britan·
2372 2713 2510 2749 clausu.

1293 2767 1362 2802 niae,
1380 2763 1413 2793 &
1429 2761 1573 2830 ᾗώαηέῖ
1585 2770 1654 2828 [urge
1670 2762 1755 2828 [ἔσοντ’
1769 2757 1841 2802 ejus,
1859 2756 1966 2825 {morl-i)
1973 2756 2077 2800 nostrae
2092 2755 2239 2823 cariilgmae
2251 2755 2352 2784 defun-
2370 2756 2400 2779 R·
2418 2760 2444 2778 2·

1296 2802 1425 2871 ἓὲΐεήιῗὲι
1441 2809 1532 2869 0ῗᾶῗί
1545 2808 1677 2867 l‹islsl3reei't
1687 2859 1697 2874 ,
1712 2803 2236 2874 sztgeidffrtlubuxuffisogiseudnetditusss’c
2247 2794 2355 2861 Iligeri5
2372 2797 2427 2866 ’ΞΟ-Ζ
2434 2811 2440 2818 ⁸
2453 2798 2490 2816 m·

1296 2881 1353 2917 vit,
1370 2878 1447 2908 Data
1462 2878 1494 2908 &
1509 2875 1671 2908 Conceffa,

1335 2918 1383 2947 De
1397 2916 1571 2947 avisamento
1584 2915 1617 2944 &
1630 2911 1733 2943 affensu
1751 2909 1851 2949 Magni
1865 2909 1994 2940 Concilii
2009 2909 2098 2939 nostri
2107 2932 2116 2948 ,
2135 2908 2306 2939 Dederimus
2320 2908 2355 2939 &

1299 2955 1529 2986 Concefferimus
1541 2952 1657 2989 praefato
1671 2950 1748 2980 Duci
1765 2952 1797 2980 ὅτ
1810 2948 1950 2988 Johannae
1971 2957 2040 2978 tunc
2053 2948 2150 2978 Uxori
2165 2948 2237 2985 ejus,
2256 2946 2361 2976 Mane-

1300 2997 1372 3025 rium
1388 2994 1422 3023 dt:
1437 2992 1669 3029 Sevenhampton
1681 3012 1690 3027 ,
1707 2998 1775 3018 cum
1791 2987 1967 3018 Hundredro
1980 2987 2016 3016 de
2029 2985 2172 3016 Heworth
2183 3009 2192 3024 ,
2211 2986 2243 3016 &
2266 2986 2361 3015 omni-

1301 3035 1352 3064 bus
1367 3033 1425 3062 aliis
1442 3030 1585 3060 Membris
1598 3027 1720 3066 ejusdem
1735 3026 1858 3056 Manerii
1871 3026 1900 3055 in
1910 3024 2056 3055 Comitatu
2071 3024 2228 3062 Wiltesiae,

1335 3069 1509 3101 Habendum
1529 3069 1560 3096 &
1577 3066 1750 3097 Tenendum
1766 3064 1847 3094 dietis
1863 3063 1943 3094 Duci
1959 3065 1992 3095 ὃς
2009 3063 2150 3102 johannae
2168 3062 2266 3093 Uxori
2286 3062 2360 3099 ejus,

1302 3112 1334 3141 &
1350 3109 1516 3139 Haeredibus
1529 3106 1565 3136 de
1588 3105 1723 3143 Corpore
1743 3103 1823 3140 ipfius
1846 3102 1937 3132 Ducis
1955 3102 2134 3139 exeuntibus,
2148 3100 2183 3131 de
2203 3100 2301 3130 Nobis
2323 3101 2356 3130 &

1302 3148 1472 3179 Hem-edibus
1488 3144 1607 3182 nostris,
1623 3153 1672 3184 per
1688 3142 1884 3181 Homagium,
1903 3140 2005 3178 absque
2018 3140 2111 3180 aliquo
2126 3138 2222 3168 Nobis
2234 3137 2362 3167 autHae-

1300 3188 1413 3217 redibus
1427 3184 1529 3215 nostris
1546 3182 1611 3212 inde
1627 3181 1769 3212 reddendo
1780 3201 1790 3217 ‚
1814 3179 1947 3217 quamdiu
1962 3178 2072 3209 dietum
2090 3177 2224 3207 Castrum
2238 3177 2273 3206 de
2281 3175 2360 3206 Brest

1303 3228 1329 3256 in
1347 3235 1430 3255 manu
1446 3221 1555 3259 nostra,
1572 3219 1772 3252 &Haeredum
1788 3217 1949 3247 nostrorum
1986 3224 2154 3254 remaneret,
2171 3215 2204 3245 &
2216 3214 2361 3253 quousque

1302 3263 1457 3295 Restitutio
1471 3260 1592 3299 ejusdem
1608 3257 1700 3288 Castri
1712 3257 1747 3287 de
1762 3256 1841 3300 Brest
1854 3256 1933 3286 diCto
1946 3239 2025 3285 Duci
2034 3279 2043 3294 ,
2058 3255 2102 3285 seu
2115 3253 2237 3296 praefatae
2250 3252 2360 3291 Johan-

1303 3314 1346 3333 nae
1365 3302 1462 3332 Uxori
1478 3301 1547 3335 suae,
1565 3307 1611 3328 aut
1625 3298 1707 3327 dictis
1719 3294 1887 3325 Haeredibus
1900 3294 1979 3333 ipfius
1992 3294 2099 3330 Ducis,
2116 3292 2210 3329 fieret,
2227 3300 2300 3328 1uxra
2317 3299 2359 3320 te-

1304 3351 1404 3371 norem
1429 3339 1508 3369 certi.
1521 3334 1692 3373 Tradfflfis,
1718 3335 1790 3364 inter
1811 3333 1878 3363 Nos
1899 3334 1931 3363 ὃς
1947 3333 2094 3369 praefatum
2115 3330 2232 3360 Ducem
2255 3330 2283 3358 in
2307 3329 2360 3359 hac

1303 3389 1378 3420 parte
1391 3378 1477 3409 habiti
1492 3378 1524 3407 δί
1540 3374 1721 3410 concordati,
1739 3380 1822 3412 prout
1835 3372 1864 3401 in
1880 3371 1980 3401 Literis
1993 3370 2093 3400 nostris
2113 3368 2293 3406 Parentibus,
2311 3368 2358 3397 in-

1303 3420 1339 3449 de
1354 3416 1507 3452 confeffis,
1525 3413 1630 3450 plenius
1643 3413 1816 3448 continetur,

1341 3457 1429 3487 Vobis
1443 3453 1627 3489 Praecipimus
1641 3449 1720 3488 quod
1732 3449 1823 3479 eidem
1838 3447 1917 3477 Duci
1929 3446 1973 3484 id,
1990 3445 2067 3485 quod
2083 3446 2109 3475 ei
2128 3455 2143 3475 a
2158 3453 2233 3474 retro
2248 3444 2305 3482 est,
2321 3443 2359 3474 de

1304 3495 1471 3526 Retlditibus
1487 3492 1518 3521 ὃ(
1534 3490 1677 3527 Servitiis,
1696 3498 1728 3518 ac
1750 3486 1882 3517 omnibus
1899 3485 1956 3515 aliis
1970 3485 2130 3520 Oneribus,
2150 3483 2199 3513 sibi
2219 3493 2269 3522 per
2291 3492 2361 3520 vos,

1301 3545 1316 3564 a
1331 3533 1468 3573 ρῑιτεόιὸὶο
1484 3528 1713 3564 Quartodecimo
1724 3526 1771 3556 die
1784 3525 1974 3561 Septembris,
1991 3523 2090 3553 debitis
2104 3545 2112 3559 ,
2130 3521 2213 3559 usque
2225 3521 2259 3551 ad
2269 3520 2362 3550 Diem

1301 3583 1360 3615 quo
1382 3571 1491 3600 dictum
1519 3566 1652 3596 Castrum
1674 3565 1710 3594 de
1728 3563 1805 3594 Brest
1823 3563 1915 3592 eidem
1938 3561 2034 3599 Duct,
2058 3559 2234 3590 Restitutum
2259 3560 2360 3597 fuerit,

1303 3611 1411 3642 solvatis
1425 3609 1456 3639 «Sc
1474 3605 1652 3640 satisfaciatis,
1667 3605 1743 3639 juxra
1756 3602 1903 3632 Tenorem
1917 3599 2066 3630 Tradimus
2082 3597 2237 3636 supradicti.

1338 3647 1427 3680 Teste
1446 3645 1527 3684 Rege
1544 3642 1617 3681 apud
1638 3641 1906 3680 westmonasterium,
1923 3637 2020 3668 Nono
2034 3637 2164 3675 dieJulii.

1940 3716 1981 3744 Et
2000 3720 2062 3743 erat
2081 3715 2190 3743 Patens.

1454 3862 1512 3891 Pro
1537 3852 1770 3901 Homagialibns
1784 3855 1971 3898 praenotatis,
1996 3849 2031 3882 de
2051 3847 2203 3895 Requestu.

1355 3943 1434 3979 Ex,
1455 3940 1586 3972 universis
1604 3941 1638 3970 ὅ(
1659 3938 1770 3976 singulis
1791 3936 1982 3974 Principibus,
2010 3933 2160 3972 Ducibus,
2176 3934 2355 3978 Comhibus,
2375 3909 2507 3988 Aga?

1300 3946 1353 4000 R
1374 3981 1548 4016 Nobilibus,
1564 3988 1596 4008 ac
1613 3978 1746 4015 Populis,
1764 3975 1965 4015 cuiuscumque
1979 3972 2089 4010 Status,
2104 3971 2234 4011 Gradfis,
2251 3973 2352 4012 Digni·
2374 3991 2414 4014 An
2443 3997 2475 4014 Π

1301 4023 1378 4058 tatis,
1398 4019 1527 4049 Nationi-
1539 4041 1547 4055 ,
1567 4015 1768 4051 Conditionis,
1788 4012 1873 4043 Ritus
1891 4016 1934 4041 ieu
1950 4011 2032 4041 sectae
2045 4010 2165 4049 fuerint,
2179 4022 2228 4051 per
2243 4013 2353 4041 univer-
2373 4030 2392 4052 R
2419 4009 2436 4052 ’Ζ
2481 4008 2488 4014 “

1299 4061 1357 4090 sum
1379 4058 1491 4087 Orbem
1513 4054 1688 4091 constitutis,
1706 4052 1855 4082 Praesentes
1872 4050 1979 4080 Literas
1991 4049 2170 4088 inspecturis,
2187 4050 2311 4080 Salutem
2326 4050 2354 4077 in
2371 4045 2450 4090 Fr'ane
2463 4072 2495 4091 ῃ

1299 4098 1430 4129 omnium
1445 4095 1594 4125 Salvator-e.
2372 4105 2391 4128 R
2419 4111 2432 4127 2
2454 4085 2460 4090 ·
2500 4082 2510 4090 ⁶

1336 4135 1714 4168 UNIVERSITATEM
1751 4133 1953 4196 vizffRAM
1982 4125 2175 4164 multipliciter
2207 4125 2358 4192 honorflrbi-
2374 4122 2409 4166 m'.
2428 4122 2471 4174 ¹⁶4·

1856 4175 1876 4195 2
2313 4171 2360 4193 em
