2561 4251
6 260 133 309 ⁴amn-D.

24 318 110 356 ,1377-

3 355 55 382 ΒΖΕ.
73 358 98 378 2·

686 181 799 223 ET
883 182 1152 223 ACTA
1236 179 1719 222 PUBLICA.

147 269 390 302 Commotionern
410 268 444 299 &
464 265 622 299 Terrorem
634 291 645 306 ,
669 277 786 299 necnon
801 267 882 299 Pacis
897 267 1002 299 nostrae
1016 267 1203 306 perturbatio-

149 320 216 341 nem
233 306 423 340 manifestam:

186 348 272 386 Nos,
290 354 321 376 ut
335 345 448 376 Debata
461 346 494 376 &
511 344 704 376 Dissensiones
716 344 852 383 praedic'ta
868 345 968 376 melitis
982 344 1016 375 ὃς
1031 344 1147 375 celerius
1160 354 1207 384 pa-

150 387 311 422 cificentur,
331 385 365 416 &
377 394 429 421 pro
443 384 578 415 evitandis
592 383 725 414 Periculis
741 394 805 421 quae
820 393 854 413 ex
875 385 993 421 incepto
1009 382 1145 413 Facinore
1158 393 1209 413 ve-

150 424 299 456 rifimiliter
312 422 463 454 succedere
478 423 607 461 possent,
625 422 754 452 volentes
771 431 870 451 manus
881 421 988 451 nostras
1008 430 1148 458 apponere
1161 421 1210 451 ad-

148 464 277 503 jutrices,
295 461 330 492 &
349 471 398 492 eos
423 463 470 498 qui
490 463 519 491 in
538 461 591 490 hac
614 469 692 498 parte
711 460 878 497 deliquerint
899 460 994 490 debite
1008 459 1156 498 castigare,
1174 459 1210 490 de

149 502 319 532 avisamento
336 498 460 530 Cor-icilii
476 499 583 536 nostri,
600 499 728 534 cepimus
746 498 900 535 Qierelam
916 498 1079 535 praedictam
1097 500 1130 529 δε
1148 497 1212 528 De-

124 570 125 573 ,
147 538 296 579 pendentia
318 548 438 576 quaeque
460 538 496 568 ab
515 536 612 567 eadem
632 537 662 565 in
685 535 810 565 Manum
830 535 956 566 nostram
973 560 983 574 ,
1001 546 1099 567 coram
1114 536 1213 567 Nobis

12 1573 90 1607 Ann.
103 1572 145 1604 D.

38 1621 123 1651 1377-

10 1656 63 1681 An.
84 1661 107 1680 ι.

10 1695 40 1720 R.
62 1700 90 1718 2.

10 1727 98 1766 Claus.
121 1738 144 1756 1.

10 1772 40 1797 R.
57 1776 126 1795 2.m.

12 1815 60 1842 44·

13 1846 30 1861 ⁸
50 1844 116 1871 VII.

17 1881 78 1918 158.

150 580 184 610 &
204 576 343 646 dConcilio
363 576 462 607 nostro
481 574 622 615 Ρωεάἰᾶο
633 596 644 612 ,
667 573 702 604 ad
722 573 805 605 citius
821 584 880 613 quo
895 573 956 605 fieri
971 575 1074 613 poterit
1089 599 1099 614 ,
1115 576 1214 606 termi-

149 626 206 648 nan
227 625 290 646 am:

188 654 227 686 Et
244 654 434 686 Prohibernus
447 650 574 690 insuper,
593 651 762 682 auctoritate
776 650 873 682 nostra
890 651 984 691 Regia
1000 675 1009 689 ,
1028 651 1157 682 Partibus
1170 651 1214 682 su-

151 693 300 732 pradiffls,
319 694 356 723 ne
378 691 438 728 quis
463 690 632 721 eorumdem
668 690 718 720 sub
731 689 824 721 Poena
839 690 963 721 duorum
978 689 1097 720 Milium
1113 690 1215 720 Libra-

152 742 237 770 rum,
259 731 358 763 Nobis
375 729 574 760 solvendarum
588 752 598 766 ,
625 713 795 766 Dampnum
810 753 820 767 ,
840 728 971 766 Malum,
988 729 1034 759 seu
1049 727 1213 758 Gravamen

154 771 270 809 aliquod
290 779 339 807 per
364 767 407 806 se,
425 768 469 799 vel
491 778 542 806 per
559 767 663 805 aliurn,
682 767 831 797 occasione
846 767 1028 797 Debatorum
1046 767 1078 797 δε
1097 766 1214 796 Dissen-

155 810 267 841 sionum
301 806 484 838 raedietorum
493 806 588 845 ,alteri
601 805 684 837 faciat
696 813 744 836 aut
756 806 859 835 inferre
872 804 1019 845 praesumat
1033 805 1091 835 ullo
1107 804 1217 843 modo,

194 847 233 877 Et
256 848 264 876 i
286 847 323 876 eo
346 844 418 876 Tibi
436 846 615 883 praecipimus
636 844 716 882 quod
734 844 764 873 in
784 843 856 873 Villa
877 843 1011 881 praedicta
1026 867 1035 880 ,
1060 843 1093 873 δε
1107 843 1172 872 alibi
1186 843 1215 872 in

161 885 266 916 Balliva
285 893 331 915 tua
345 907 355 923 ,
380 884 427 914 ubi
447 883 546 914 melius
566 883 696 920 expedire
716 881 832 918 viderit,
851 882 965 918 publice
978 881 1162 919 proclamari,
1180 881 1214 911 &

159 933 194 954 ex
211 932 288 962 parte
308 922 403 954 nostra
419 921 535 952 firmiter
556 921 675 950 inhiberi
693 919 775 949 facias
788 921 825 949 ne
841 920 930 958 Qis,
948 919 1151 957 cujuscumque
1163 918 1216 949 sta-

158 961 206 994 tfis
227 962 273 992 seu
294 961 466 993 conditionis
486 960 590 997 fuerit,
613 958 664 989 sub
682 956 775 988 Poena
795 958 928 995 praedicita
941 982 951 996 ,
976 958 1010 988 &
1033 957 1220 988 ForisfaCtura

157 1001 291 1032 omnium
306 1010 371 1038 quae
384 998 468 1028 nobis
482 997 641 1028 forisfacere
674 998 772 1034 oterit‚
790 997 960 1035 Dampnum
977 995 1023 1027 vel
1037 995 1150 1026 Malum
1170 995 1218 1025 ali-

157 1039 236 1077 quod
259 1038 339 1068 alicui
355 1061 365 1075 ,
389 1036 425 1067 de
444 1036 567 1073 partibus
586 1045 643 1072 prae
665 1035 727 1065 ictis
743 1057 753 1073 ,
769 1044 802 1064 ex
817 1037 895 1066 causa
909 1034 1060 1074 praedieca,
1076 1034 1158 1064 faciat
1173 1042 1219 1065 aut

158 1079 219 1109 fieri
231 1084 382 1115 procuret,
400 1083 500 1105 contra
512 1073 717 1104 Inhibitionem
733 1073 858 1104 nostram
871 1073 1073 1112 supradicstam3
1093 1073 1127 1104 ὃς
1142 1073 1216 1112 hoc,

160 1117 211 1148 sub
224 1113 383 1152 hujusmodi
394 1113 486 1143 Poena
501 1114 534 1144 &
551 1112 752 1150 Forisfatftura,
771 1112 926 1143 nullatenus
938 1113 1060 1143 omittas.

195 1153 286 1185 Teste
301 1152 388 1191 Rege
402 1151 477 1190 apud
491 1150 779 1182 Westmonasterium
788 1174 798 1189 ,
816 1151 990 1182 duodecimo
1002 1150 1048 1181 die
1058 1149 1136 1189 Julii.

748 1231 803 1258 Per
818 1231 952 1266 Magnum
965 1226 1117 1258 Concilium.

198 1306 350 1348 consimilia
371 1309 479 1337 Brevia
501 1307 656 1343 diriguntur
678 1308 829 1336 Vicecomiti
847 1305 1028 1342 Cantebrigiae
1043 1325 1053 1343 ,
1071 1314 1104 1332 ac
1117 1303 1225 1341 Majori

156 1345 199 1381 ’ὠ
216 1345 337 1376 Ballivis
350 1346 432 1377 Villae
446 1345 478 1375 de
490 1348 584 1375 Lenne
593 1366 604 1382 ,
621 1349 736 1374 mutatis
751 1345 905 1383 mutandis,
916 1342 968 1384 fich
984 1343 1074 1373 eadem
1087 1345 1178 1371 Data.

220 1487 270 1518 De
282 1483 409 1531 processu
428 1486 464 1522 ό*
485 1479 734 1516 Formalitatibns
750 1482 796 1515 ad
811 1484 1034 1516 Coronationem
1053 1482 1150 1525 Regis.

164 1575 283 1640 DIE
308 1578 380 1606 vero
395 1576 491 1606 Sancti
506 1575 555 1606 Sw
575 1576 663 1614 thini,
683 1576 748 1613 post
764 1575 937 1615 Prandium,
958 1576 1125 1615 Magnates,
1145 1575 1227 1606 Mili-

251 1624 291 1647 tes
303 1639 313 1652 ,
336 1624 369 1644 ac
393 1613 490 1653 Major
505 1637 515 1652 ,
569 1616 738 1645 icecornites
752 1639 762 1653 ,
783 1614 983 1652 Aldermanni,
1002 1617 1035 1646 &
1051 1615 1228 1653 quamplures

163 1654 251 1685 Cives
267 1652 446 1691 Londoniae,
465 1653 499 1683 δε
512 1652 556 1682 alii
569 1654 597 1682 in
615 1662 721 1692 niagno
736 1663 860 1684 numero
873 1653 1008 1692 Equites,
1027 1652 1160 1683 decenter
1169 1652 1228 1682 Or-

162 1693 233 1731 nati,
253 1693 282 1722 in
303 1691 428 1730 quodam
448 1690 534 1721 Loco
551 1693 570 1711 *ἕ
590 1701 684 1723 vacuo
703 1693 780 1730 juxta
795 1692 916 1722 Turrim
934 1692 1097 1723 Londoniae
1117 1702 1227 1722 conve-

163 1739 264 1762 nerunt

200 1769 255 1808 Et,
271 1753 342 1800 :cum
358 1778 408 1807 per
423 1767 573 1798 modicum
587 1769 706 1806 spatium
722 1768 830 1799 ibidem
846 1768 1014 1806 pausalient,
1031 1769 1098 1799 exiit
1121 1767 1230 1798 Domi-

168 1819 222 1839 nus
243 1812 303 1838 Rex
323 1806 360 1837 de
383 1807 471 1837 Turri
492 1806 540 1837 sua
552 1807 706 1844 praedicta,
725 1807 793 1838 albis
805 1808 918 1837 inclutus
932 1808 1072 1844 vestibus,
1089 1807 1145 1836 una
1157 1816 1228 1836 cum

165 1848 274 1888 ingenti
289 1845 467 1876 multitudine
481 1844 659 1884 Procerum,
677 1845 867 1884 Magnarum,
887 1845 1015 1876 Militum
1025 1868 1034 1884 ,
1048 1846 1081 1877 &
1099 1845 1230 1883 Armige-

165 1896 267 1918 rorum
286 1886 315 1914 in
337 1884 419 1914 Seeta
441 1883 486 1914 sua
499 1906 509 1922 ,
534 1884 561 1914 se
581 1883 823 1916 circumstantium
836 1909 846 1923 ,
872 1894 987 1915 necnon
1000 1884 1182 1916 Servientum
1197 1883 1232 1913 ad

164 1925 270 1963 Arma,
291 1923 478 1953 Armatorum
494 1922 717 1960 praecedentium
725 1946 735 1961 ‚

202 1963 241 1994 Et
262 1961 369 1992 ibidem
389 1971 447 1992 con
483 1963 572 1999 egan,
591 1971 661 1992 cum
676 1962 770 1992 Tubis
784 1963 817 1994 &
831 1961 965 1993 universis
980 1961 1038 1992 aliis
1053 1960 1146 1991 modis
1160 1959 1233 1990 Mo-

165 2002 360 2039 dulationum,
377 2009 427 2038 per
465 1999 574 2030 ublicos
587 1999 678 2030 Vicos
694 2000 859 2031 Londoniae
875 2023 884 2038 ,
911 2000 997 2039 usque
1013 2000 1139 2030 nobilem
1154 2002 1233 2028 Stra-

168 2049 227 2071 tam
242 2045 371 2070 vocatam
390 2038 419 2068 la
442 2037 526 2078 Chepe
546 2038 583 2068 de
605 2037 760 2069 Londonia
775 2063 785 2078 ‚
803 2040 837 2070 &
849 2038 949 2069 abinde
962 2039 1048 2076 usque
1062 2037 1232 2076 Fletellrete,

167 2082 202 2113 &
224 2079 261 2109 sic
282 2077 390 2108 directe
409 2078 495 2115 usque
516 2076 627 2108 dietum
642 2076 773 2115 Regium
790 2076 931 2107 Palatium
944 2076 1234 2116 Wslmonasteriense,

168 2118 351 2156 solempniter
363 2116 537 2154 equitantes,
554 2115 588 2146 ad
602 2125 736 2156 magnam
757 2115 861 2147 Aulam
880 2115 1010 2154 praedicti
1024 2115 1121 2146 Palatii
1135 2124 1234 2155 perve-

171 2165 275 2188 nerunt

208 2195 245 2226 Et
259 2179 368 2232 irisuper
382 2192 475 2224 dietus
488 2192 635 2225 Dominus
650 2196 709 2224 Rex
719 2217 729 2232 ,
749 2203 818 2225 cum
832 2193 1017 2232 Proceribus,
1035 2192 1220 2230 Magnatibus
1229 2215 1238 2230 ,

172 2236 206 2267 δε
229 2234 287 2264 aliis
303 2232 518 2271 quampluribus
539 2231 680 2264 Fidelibus
702 2233 754 2264 suis
768 2257 778 2270 ,
803 2232 837 2263 ad
852 2232 955 2262 Altam
972 2231 1097 2271 Mensam
1111 2235 1239 2261 Marmo-

171 2283 246 2303 ream
267 2273 297 2302 in
315 2270 415 2302 eadem
438 2270 511 2301 Aula
531 2271 669 2302 accedens
680 2296 690 2310 ,
716 2272 796 2310 petiit
815 2270 927 2302 Vinum
940 2294 951 2310 ,
969 2271 1002 2302 &
1018 2271 1132 2302 allatum
1146 2270 1238 2308 bibit,

173 2312 325 2349 caeterique
337 2308 563 2341 Circumstantes
576 2310 699 2341 {imiliter
714 2310 866 2349 biberunt,

213 2350 286 2389 Qio
310 2349 388 2379 facto
409 2347 515 2379 seceffit
527 2351 605 2388 Rex,
625 2358 694 2380 cum
709 2348 874 2387 quibusdam
890 2348 1061 2380 Proceribus
1075 2349 1108 2380 &
1121 2347 1239 2378 Familia

174 2388 243 2426 sua,
269 2389 299 2418 in
320 2387 473 2418 Cameram
495 2387 571 2418 suam
585 2411 595 2427 ,
618 2389 652 2419 &
665 2411 675 2426 ,
693 2387 838 2425 completa
851 2386 1061 2426 Caeanore
1076 2387 1189 2427 Regio,
1205 2387 1239 2417 &

174 2425 386 2495 ipsoalDomino
396 2425 498 2495 {aegffi
515 2434 547 2458 ut
560 2426 696 2465 decebat,
713 2425 856 2465 Balniato,
872 2427 980 2465 quievit
1002 2429 1062 2457 Rex
1073 2450 1083 2465 ‚
1101 2427 1135 2458 &
1148 2425 1245 2456 simili-

176 2470 220 2496 'ter
257 2476 276 2495 ιι
291 2470 399 2503 quieice
437 2473 476 2495 nt.

219 2503 312 2545 Mane
329 2511 425 2534 autem
448 2503 525 2534 facto
546 2504 662 2535 surrexit
682 2506 743 2534 Rex
755 2529 766 2543 ,
791 2504 825 2536 ὃς
840 2527 851 2543 ,
873 2503 976 2534 auditis
997 2506 1124 2534 Servitiis
1137 2506 1192 2533 Dei
1206 2501 1246 2538 ὠ

180 2541 269 2582 Missa
283 2565 293 2581 ,
315 2540 432 2573 indutus
456 2541 649 2573 Mundissimis
669 2542 801 2574 Vestibus
816 2567 825 2581 ,
858 2544 892 2574 ὃς
913 2542 1019 2581 Caligis
1040 2542 1245 2573 tantummodo

181 2580 326 2611 Calciatus
339 2604 348 2618 ,
373 2581 516 2620 egrediens
536 2581 573 2612 de
593 2581 716 2613 Camera
740 2581 785 2612 sua
800 2604 810 2620 ,
835 2581 1021 2612 descendebat
1036 2581 1065 2611 in
1082 2580 1246 2618 praedic-:tam

181 2619 322 2689 Mffnarn
338 2620 458 2658 Aulam,
476 2629 545 2650 curn
559 2621 685 2651 maximo
701 2630 824 2651 numero
836 2619 998 2651 Procerum
1014 2621 1048 2651 ὃς
1062 2619 1244 2658 Magnarum.

249 2669 259 2688 t
275 2667 462 2689 occurrerunt
483 2660 509 2689 ei
524 2661 613 2689 Simon
626 2658 843 2698 Archiepzjlc'opus
854 2657 1056 2727 Cantuariengzs
1069 2668 1101 2688 ac
1115 2658 1158 2688 alii
1172 2657 1247 2688 Prae-

182 2696 228 2727 lati
243 2696 475 2735 pontificalibus,
492 2697 526 2728 δε
540 2696 643 2728 Clerus
659 2697 757 2736 Regni
770 2697 856 2735 Capis
870 2698 971 2728 Sericis
985 2698 1013 2727 in
1037 2697 1075 2727 uti
1089 2721 1098 2733 ,
1120 2696 1247 2726 multitu-

181 2734 221 2765 do
243 2744 278 2764 ue
286 2734 380 2765 Plebis
390 2734 533 2775 Copiosa,
550 2735 625 2774 apud
638 2735 744 2766 dictam
754 2736 849 2766 Altam
859 2735 992 2766 Mensam
1005 2737 1034 2773 in
1049 2735 1147 2765 eadem
1156 2734 1229 2764 Aula
1237 2757 1246 2772 ,

250 2782 278 2811 t,
296 2775 407 2804 Sedente
422 2777 492 2811 Rege
505 2778 534 2803 in
546 2773 611 2804 Sede
618 2774 673 2812 sua
688 2773 803 2813 Regali,
816 2774 926 2805 ibidem
940 2782 1107 2812 paraverunt
1122 2773 1249 2810 praedieti

186 2809 298 2841 Praelati
313 2819 395 2850 atque
410 2810 512 2842 Clerus
527 2812 743 2843 Processionem
757 2813 852 2850 suam,

225 2848 389 2887 Medioque
402 2857 535 2889 ternpore
569 2849 701 2882 raedic'cus
718 2849 882 2881 Willielmus
897 2851 928 2880 de
946 2853 1096 2889 Latymer‚
1115 2858 1249 2888 tanquam

184 2887 404 2919 Elemosinarius
439 2898 488 2926 per
503 2887 530 2919 se
592 2887 753 2926 Deputatos
765 2889 839 2926 suos,
857 2889 1021 2927 sternebat,
1039 2889 1074 2918 ab
1088 2888 1161 2919 Aula
1179 2899 1251 2926 prae-

183 2926 262 2957 dicta
274 2951 284 2965 ,
308 2926 395 2965 usque
411 2912 562 2965 'Pulpitum
577 2928 606 2957 in
622 2926 746 2958 Ecclesia
759 2926 855 2958 Sancti
869 2927 944 2958 Petri
961 2928 1003 2957 W
1004 2927 1251 2957 estmonasterien-

182 2966 234 3004 fis,
251 2965 386 3004 quosdam
394 2964 514 2995 Rubeos
522 2965 635 2996 Pannos
650 2966 785 3004 radiatos,
803 2966 882 3006 super
897 2976 968 3004 quos
977 2965 1042 2996 Rex
1056 2966 1090 2996 &
1105 2965 1150 2997 alii
1159 2966 1248 3004 Mag-

184 3012 262 3035 nates
277 3004 407 3042 praedicti
420 3004 585 3035 incederent
599 3003 633 3035 ad
645 3004 801 3036 Ecclesiam
814 3005 1006 3043 supradicffam.

223 3042 280 3081 Et,
294 3042 402 3073 sublato
414 3041 514 3082 Rege,
532 3042 709 3082 praecedebat
725 3053 809 3080 eum,

185 3120 204 3151 s
223 3082 467 3150 Diclgigominus
479 3085 549 3111 Dux
564 3091 633 3113 cum
648 3082 786 3120 praedicto
799 3081 1065 3120 PrincipaliGladio
1073 3105 1083 3121 ,
1101 3090 1132 3113 ut
1147 3083 1177 3112 in
1188 3082 1251 3121 jure

198 3129 236 3151 uo
252 3130 285 3158 pr
332 3130 339 3149 i
371 3130 408 3158 ο,

221 3159 380 3200 Εάπιιιηιίιις
401 3161 489 3188 Comes
503 3158 639 3189 Marchiae
658 3170 714 3190 cum
728 3159 887 3190 Secundario
902 3157 1001 3190 Gladio
1024 3157 1063 3194 ῥ’
1078 3158 1251 3198 calcarihus,

186 3196 216 3226 in
226 3205 289 3233 Jure
302 3196 432 3234 praedicti
448 3200 557 3227 Comitis
569 3197 768 3236 Pembrochiae‚

220 3235 374 3304 2³{i-ffict'omes
388 3236 542 3302 ίῑέῐῐανωίειε
563 3246 620 3265 cum
639 3239 728 3266 Tertio
749 3235 864 3275 Gladio,
882 3237 912 3267 in
924 3236 988 3275 jure
1000 3236 1050 3268 suo
1065 3237 1200 3276 proprio,
1219 3245 1250 3268 ut

205 3282 218 3302 r
266 3283 274 3302 1
308 3282 356 3303 um
371 3282 386 3303 e
419 3297 428 3310 ,

184 3283 205 3312 p
222 3311 269 3342 Ac
286 3311 445 3341 Edmundus
456 3314 546 3340 Comes
559 3312 740 3349 Cantebrigiae
749 3335 759 3350 ,
777 3321 846 3343 cum
862 3315 926 3342 Una
941 3316 1027 3351 Virga
1042 3313 1154 3351 Regali,

222 3349 261 3380 Et
280 3349 395 3379 Thomas
411 3349 443 3379 de
464 3348 601 3388 VVodestok
616 3372 627 3388 ‚
649 3360 718 3381 cum
736 3350 810 3380 Alia
833 3353 920 3389 Virga
941 3352 1054 3391 Regali,
1073 3354 1102 3382 in
1118 3352 1249 3382 manibus

184 3388 254 3426 suis,
272 3387 308 3418 de
320 3387 470 3425 Praecepto
487 3387 514 3417 R
552 3389 586 3425 is,

223 3425 259 3456 In
274 3435 393 3464 quarurn
409 3425 526 3464 quidem
570 3427 691 3465 irgarum
706 3426 843 3458 Sumitate
856 3436 934 3458 erant
948 3427 1026 3459 Duae
1038 3427 1214 3466 Columbae,

221 3464 260 3495 Et
274 3473 340 3496 ante
351 3474 400 3494 eos
420 3467 462 3494 A.
482 3464 653 3505 Menevenfis
676 3464 835 3504 Episcopus,
855 3465 1036 3496 Cancellarius
1052 3465 1183 3504 Angliae,
1202 3467 1251 3497 de-

186 3502 279 3538 ferens
295 3503 325 3533 in
341 3502 478 3533 Manibus
500 3503 552 3533 suis
568 3502 710 3542 quendam
725 3503 841 3534 Calicem
855 3505 952 3544 magni
973 3506 1072 3543 pretii,
1090 3503 1252 3545 Sanblifica-

187 3549 247 3571 lum
388 3570 390 3572 .

224 3565 263 3611 E}
282 3587 346 3610 ante
367 3589 433 3611 eum
455 3581 496 3608 H.
516 3579 657 3618 Episcopus
680 3580 871 3622 PVygornienfis
886 3604 896 3620 ‚
913 3580 1109 3620 Thefizurarius
1123 3580 1253 3621 Angliae,

187 3621 309 3649 Portam
323 3619 352 3649 in
367 3618 496 3648 manibus
508 3618 559 3647 suis
573 3618 714 3656 quandam
732 3622 867 3649 Patenam
875 3644 885 3659 ‚

225 3656 264 3726 {t-
282 3665 347 3725 {nte
367 3666 416 3687 eos
435 3656 615 3696 quamplures
634 3657 679 3687 alii
697 3657 809 3689 Praelati
832 3660 865 3689 ὅ(
886 3657 931 3688 alii
955 3657 991 3688 de
1005 3657 1145 3696 praedidlo
1161 3656 1251 3689 Clero

185 3704 235 3733 gra
257 3706 282 3726 ie
303 3704 399 3733 antur,

227 3733 297 3765 Post
311 3733 425 3772 Regem
447 3735 518 3764 vero
538 3733 687 3764 veniebant
702 3733 855 3771 praedictus
868 3734 1001 3773 Archiepi
1014 3742 1101 3773 copus,
1119 3735 1163 3764 W.
1175 3737 1253 3764 Lon-

190 3771 293 3811 doniae,
313 3773 348 3804 &
363 3774 406 3803 W
425 3774 597 3811 lnyntoniae2,
619 3771 754 3810 Episcopi,

224 3809 261 3840 Et
283 3811 321 3841 fic
335 3811 503 3842 incedebant
524 3813 584 3840 Rex
596 3811 630 3841 &
643 3820 744 3841 omnes
755 3810 799 3840 alii
813 3810 942 3848 praedicti
956 3810 1202 3842 Proceffionaliter
1217 3810 1252 3842 ad

190 3847 356 3886 praedictam
371 3849 536 3881 Ecclesiam.

228 3884 267 3916 Et
285 3886 454 3926 Prostratum
475 3890 571 3926 Regem
585 3911 596 3925 ,
618 3896 716 3918 coram
739 3885 851 3917 summo
864 3886 954 3918 Altari
965 3886 1091 3926 ibidem,
1109 3886 1253 3919 benedixit

192 3923 342 3962 praedi&us
356 3926 460 3956 Archie
476 3926 572 3965 iscopus
581 3950 591 3964 ‚

228 3961 266 3992 Et
287 3961 424 4006 sublatum
446 3934 589 3996 [sucebant
609 3963 736 4002 praedicti
756 3963 868 3994 Praelati
885 3963 918 3993 &
935 3963 1084 4003 Magnates
1109 3963 1142 3994 ad
1156 3964 1255 4003 Pulpi-

192 4008 272 4038 tum,
288 4010 316 4030 in
330 4002 456 4038 quodam
471 4003 557 4034 Loco
574 4003 727 4040 eminenti,
746 4003 774 4032 in
791 4001 916 4032 Ecclesia
935 4003 1068 4041 praedffia
1082 4002 1116 4032 ad
1131 4003 1188 4033 hoc
1204 4014 1251 4033 or-

190 4039 289 4069 dinato
301 4063 321 4085 ,A
337 4039 371 4069 &
391 4040 542 4077 posuerunt
564 4051 630 4072 eum
651 4041 757 4071 ibidem
778 4041 807 4070 in
830 4039 970 4070 Cathedrd
984 4040 1080 4079 Regali
1092 4041 1254 4072 honorifice

192 4077 342 4116 decorata,
358 4085 490 4108 cernente
506 4080 635 4112 universo
650 4078 765 4118 Populo
779 4086 846 4110 tunc
862 4079 996 4118 praesente
1010 4102 1020 4117 ,

2251 184 2300 234 63

1280 265 1319 297 Et
1339 264 1502 297 deferebant
1515 289 1524 305 ,
1550 273 1613 297 toto
1634 263 1689 296 isto
1711 273 1858 303 tempore,
1877 268 1997 294 Baroues
2012 262 2141 304 §Quinque
2155 264 2301 304 Portuum,
2320 265 2395 296 Ann.
2409 263 2449 295 D.

1245 304 1321 335 ultra
1348 308 1443 341 Regem
1469 305 1603 346 quendam
1631 306 1757 333 Pannum
1779 305 1942 341 Purpureum
1962 304 1994 333 de
2014 307 2097 333 Serico
2115 304 2281 343 quadratum
2296 325 2306 342 ‚
2342 314 2428 344 1377.

1245 343 1376 382 gluatuor
1391 344 1486 383 Hastis
1500 344 1684 379 deargentatis
1699 345 1903 380 Supportatum,
1922 353 1978 371 cum
1999 341 2130 410 {Qffinuor
2146 343 2306 381 Campanel—
2322 347 2375 373 Rie.
2393 355 2420 373 2.

1245 383 1448 450 lissi-Argentea
1468 384 1604 411 deauratis
1626 380 1780 419 (videlicet)
1801 380 1836 411 ad
1856 381 2009 418 quamlibet
2063 381 2151 411 astam
2172 383 2306 421 Qatuor

1246 430 1262 451 a
1284 429 1372 456 ignati

1285 444 1406 488 Sedenie
1416 466 1510 488 antem
1523 457 1608 494 Rege
1622 458 1650 487 in
1663 456 1806 488 Cathedra
1822 456 1955 495 praedieta
1972 480 1981 495 ,
1999 458 2075 487 venit
2090 457 2241 488 Richardus
2255 460 2306 487 Co-

1248 507 1300 527 mes
1322 495 1486 526 Arundellae
1498 518 1508 533 ,
1532 496 1659 525 deferens
1680 497 1708 525 in
1731 497 1861 526 manibus
1882 496 1934 526 suis
1946 520 1956 534 ,
1981 495 2017 526 de
2036 507 2181 534 praecepto
2199 497 2307 535 Regis,

1249 535 1393 566 Nobilem
1409 538 1539 564 Coronam
1553 536 1679 571 Regiam,

1286 573 1325 604 Et
1345 573 1469 604 similiter
1491 571 1653 602 Willielmus
1675 575 1763 601 Comes
1777 571 1924 610 Suffiilciae‚
1941 571 1976 603 de
1991 572 2146 610 hujusmodi
2161 581 2309 613 praecepto

1249 611 1340 649 Regis
1374 610 1508 642 afferebat
1521 614 1656 648 Sceptrum
1671 610 1783 648 Regale,
1803 612 1831 640 in
1848 612 1927 648 cujus
1939 611 2097 642 summ-itare
2110 622 2167 642 erat
2184 611 2264 643 Crux

1289 635 1444 681 Deserebat
1465 650 1550 679 etiam
1574 649 1649 679 idem
1664 652 1752 678 Comes
1768 648 1897 686 Suffiilciae
1915 649 2059 687 quoddam
2073 649 2232 680 Pretiosum
2248 637 2308 681 V’e-

1250 688 1438 727 stimentum,
1463 689 1496 719 &
1519 686 1683 717 Willielmus
1704 690 1794 716 Comes
1817 691 1914 716 Sarum
1937 687 2010 717 aliud
2032 688 2195 726 hujusmodi
2213 688 2309 719 Vesti-

1250 736 1398 764 mentum,
1418 727 1520 764 quibus
1536 725 1721 763 postmodum
1739 724 1904 755 induebatur
1919 724 2064 756 Dominus
2078 726 2160 765 Rex,

1288 765 1549 802 Subsequenterque
1562 773 1647 801 capto
1661 773 1710 800 per
1724 764 1869 801 praefatum
1878 763 2132 803 Archiepiscopum
2145 766 2311 797 Sacramen-

1252 812 1284 834 to
1299 803 1424 833 Domini
1440 803 1528 841 Regis
1543 803 1701 841 corporali,

1289 844 1334 871 De
1348 841 1514 870 Concedendo
1531 838 1569 875 ῤ’
1582 841 1740 878 Servanda,
1759 851 1816 870 cum
1830 843 2000 869 sacramenti
2018 841 2216 883 confirmatione
2227 867 2236 881 ‚
2255 844 2312 872 Le-

1249 890 1293 917 ges
1308 877 1346 913 &
1363 878 1583 918 Confitetudines,
1603 879 1638 907 ab
1653 883 1791 918 antiquis,
1803 878 1884 917 justis
1897 880 1930 909 &
1947 881 2005 908 Deo
2023 881 2041 899 *ὃ
2058 881 2181 919 devotis,
2200 881 2311 919 Regibus
2331 878 2349 898 ²*
2368 879 2434 907 VII·

1253 917 1385 956 Angliae,
1404 918 1618 955 Progenitoribus
1634 917 1709 956 ipfius
1724 920 1802 954 Regis
1814 941 1823 954 ,
1843 915 1920 946 Plebi
1935 919 2019 954 Regni
2032 919 2146 956 Angliae
2165 920 2289 958 concessas
2302 942 2312 957 ‚
2333 928 2341 945 i
2349 927 2396 953 59.

1253 954 1292 991 ὠ
1309 956 1461 995 praesertim
1484 958 1570 992 Leges
1585 979 1594 992 ,
1613 955 1834 994 Consuetudines‚
1852 953 1890 988 ἐφ’
1905 955 2081 994 Lzbertates,
2099 968 2117 985 a
2133 957 2313 999 Gloriofiffimo

1252 992 1291 1029 ὠ·
1305 994 1469 1034 Sanc‘liffimo
1483 997 1552 1032 Rege
1565 994 1709 1024 Edwardo
1723 993 1797 1023 clero
1817 992 1963 1033 Populoque
1984 996 2068 1032 Regni
2078 996 2203 1033 praedic‘li
2215 1007 2315 1026 conces-

1245 1033 1295 1072 Jas
1305 1056 1314 1070 ‚

1291 1074 1332 1101 Et
1348 1072 1379 1102 de
1386 1071 1526 1111 servando
1539 1074 1613 1109 Deo,
1631 1068 1669 1105 &⁴
1684 1069 1806 1108 Ecclefiae
1820 1070 1925 1100 saneta
1940 1072 1995 1099 Dei
2010 1093 2020 1108 ‚
2036 1069 2161 1111 Cleroque
2174 1070 2212 1106 ὅγ’
2228 1075 2314 1112 Popu-

1255 1109 1297 1149 lo,
1317 1112 1412 1139 Pacem
1429 1110 1467 1144 ῤ’
1481 1110 1655 1140 Concordiam
1668 1108 1772 1146 integre*
1785 1112 1813 1136 in
1831 1111 1904 1146 Deo,
1916 1110 2006 1147 juxta
2021 1112 2094 1138 vires
2101 1110 2185 1149 suas,

1295 1150 1336 1178 Et
1357 1149 1389 1178 de
1399 1148 1526 1188 faciendo
1537 1148 1604 1189 fieri
1621 1170 1631 1186 ,
1646 1150 1674 1177 in
1689 1146 1808 1177 omnibus
1822 1146 2021 1185 Judiciisfiaeis,
2039 1159 2145 1187 aequam
2161 1149 2200 1184 ῤ’
2215 1150 2317 1179 restam,

1258 1186 1405 1227 Justitiam
1421 1185 1458 1222 ἄν
1472 1187 1663 1226 Diliretionem
1676 1189 1705 1216 in
1720 1184 1906 1223 Misericordia
1922 1187 1959 1220 &
1973 1190 2094 1215 ‘if-eritate
2103 1211 2112 1224 ‚

1297 1228 1338 1255 Et
1360 1229 1444 1255 etiam
1465 1227 1497 1255 de
1519 1226 1639 1254 Tenendo
1653 1223 1690 1259 (ᾤ’
1703 1224 1872 1262 eustodiendo
1885 1223 1985 1263 Justas
2001 1227 2083 1261 Leges
2095 1223 2133 1259 &
2148 1225 2319 1265 Confitetudi-

1258 1275 1304 1294 nes
1317 1266 1344 1293 E
1349 1263 1442 1304 cclefiae
1451 1287 1460 1301 ,
1475 1275 1506 1293 ac
1521 1265 1552 1293 de
1557 1263 1703 1303 faciendo,
1715 1270 1762 1301 per
1777 1262 1857 1301 ipsam
1869 1265 2014 1291 Dominum
2029 1266 2124 1300 Regem
2137 1276 2180 1293 eas
2195 1265 2243 1304 effe
2254 1274 2318 1303 pro-

1259 1304 1386 1340 tegendas
1406 1301 1444 1337 &
1466 1304 1506 1332 ad
1523 1305 1657 1333 Honorem
1680 1304 1734 1331 Dei
1755 1300 1961 1330 corroborandas
1975 1323 1984 1339 ,
2009 1312 2077 1341 quas
2089 1302 2183 1340 vulgus
2198 1303 2266 1343 justo
2280 1302 2318 1339 &-

1262 1340 1462 1371 rationabiliter
1472 1341 1577 1378 elegerit
1586 1365 1596 1378 ,
1607 1341 1696 1378 juxta
1711 1343 1786 1369 vires
1799 1339 1910 1378 ejusdem
1925 1343 2034 1369 Domini
2048 1343 2140 1378 Regis,

1298 1379 1432 1410 Praefatus
1449 1379 1701 1417 Archiepiscopus,
1718 1379 1751 1408 ad
1769 1378 1900 1416 Qatuor
1914 1387 2000 1415 partes
2015 1378 2117 1416 Pulpiti
2132 1380 2258 1417 praediCti
2274 1391 2321 1411 ac-

1263 1417 1383 1454 cedenS,
1400 1419 1524 1455 exposuit
1538 1419 1570 1448 &
1585 1419 1722 1447 enarravit
1737 1417 1863 1447 universo
1876 1416 2005 1455 Populo,
2025 1419 2140 1453 qualiter
2155 1419 2246 1448 dictus
2256 1419 2322 1449 Do-

1264 1458 1358 1486 minus
1374 1456 1439 1485 Rex
1454 1456 1611 1494 hujusmodi
1625 1455 1751 1493 praestitit
1765 1455 1995 1492 Sacramentum,
2015 1456 2155 1492 inquirens
2170 1457 2205 1486 ab
2220 1458 2322 1487 eodem

1264 1495 1378 1533 Populo
1401 1495 1420 1524 si
1437 1494 1485 1535 ipfi
1506 1493 1648 1532 consentire
1665 1493 1769 1523 vellent
1789 1495 1827 1522 ad
1845 1492 1996 1522 habendum
2008 1493 2088 1531 ipsum
2103 1497 2196 1531 Regem
2210 1494 2248 1529 ςζν
2264 1499 2323 1525 Do-

1264 1537 1365 1563 minum
1377 1532 1456 1573 sicum
1476 1535 1606 1571 Ligerem,
1625 1531 1663 1567 ὠ·
1678 1532 1716 1561 ad
1728 1532 1897 1560 obediendum
1911 1535 1934 1560 ei
1947 1538 2080 1570 tanquam
2093 1536 2158 1570 Regi
2173 1533 2210 1568 &0
2227 1537 2323 1564 Domi·

1265 1584 1299 1602 no
1314 1575 1395 1610 Ligeo
1404 1595 1413 1610 7

1304 1611 1365 1649 Qui
1381 1612 1477 1648 utique
1493 1610 1662 1640 unanimiter
1676 1608 1888 1645 consenserunt,

1303 1649 1368 1680 Hiis
1382 1651 1473 1687 itaque
1489 1650 1605 1686 pera-Stis
1618 1649 1769 1685 incipiebat
1782 1646 2018 1684 Archirspiscopus
2031 1669 2041 1685 ,
2058 1646 2111 1677 alta
2124 1658 2216 1687 voce,
2231 1649 2327 1688 Ymp-

1267 1698 1338 1719 num
1355 1691 1419 1718 Veni
1433 1691 1546 1717 Creator
1557 1690 1670 1725 Spiritus
1679 1709 1689 1725 ‚

1304 1727 1377 1765 Qio
1401 1726 1482 1756 finito
1497 1750 1506 1763 ,
1531 1725 1668 1763 dictisque
1686 1724 1722 1754 ab
1741 1723 1845 1754 eodem
1862 1723 2086 1761 Arcliiepiscopo
2100 1724 2264 1762 quibusdam
2279 1726 2328 1756 de-

1266 1767 1341 1796 votis
1361 1766 1533 1794 orationibus
1552 1765 1632 1803 super
1653 1762 1766 1801 Regem
1781 1785 1791 1801 ,
1816 1763 1848 1792 &
1872 1762 1987 1791 cantata
2007 1761 2131 1800 solempni
2146 1764 2266 1793 Lisania'
2280 1774 2330 1802 per

1268 1804 1396 1842 praefatos
1410 1802 1543 1833 Praelatos
1560 1804 1592 1833 &
1609 1801 1747 1839 Clerum,
1766 1800 1915 1841 praedictus
1929 1804 2060 1830 Dominus
2075 1805 2152 1838 Rex,
2168 1801 2252 1832 sciffis
2269 1803 2330 1833 Ve-
2354 1838 2358 1839 ⁷

1270 1842 1357 1873 stibus
1377 1842 1478 1880 quibus
1498 1842 1574 1879 prins
1596 1840 1760 1870 induebatur
1774 1864 1783 1877 2
1806 1838 1871 1868 oleo
1893 1840 1991 1867 Saucia
2005 1846 2087 1879 atque
2102 1841 2233 1878 Crismate
2248 1843 2275 1871 in
2290 1842 2333 1872 di-

1269 1881 1353 1912 versis
1373 1881 1494 1917 partibus
1516 1879 1653 1915 Corporis
1677 1878 1715 1908 sui
1729 1902 1737 1916 ,
1755 1887 1786 1908 ut
1803 1877 1844 1907 est
1858 1878 1962 1915 moris,
1979 1888 2027 1914 per
2043 1887 2140 1908 manus
2155 1879 2260 1916 praefari
2275 1880 2333 1911 Ar-

1270 1919 1460 1957 chiepiscopi,
1478 1919 1610 1948 Inunctus
1623 1917 1712 1947 extitit
1722 1917 1757 1947 ad
1774 1915 1906 1946 Gradum
1919 1915 2069 1946 Cathedrae
2084 1916 2139 1946 suae
2152 1940 2162 1955 ,
2188 1919 2221 1949 &
2238 1917 2333 1950 statim

1270 1962 1419 1988 Coronatus

1308 1997 1372 2035 Ac,
1392 1982 1460 2027 daiis
1477 1994 1663 2033 postmodum
1683 1995 1716 2026 &
1739 1993 1874 2034 impositis
1894 1992 1986 2023 eidem
2002 1995 2127 2022 Dominio
2142 1996 2207 2031 Regi
2220 1995 2335 2035 Gladio,

1272 2037 1322 2074 qui
1336 2043 1454 2066 vocatur
1468 2038 1594 2063 Cartana
1608 2056 1618 2071 ,
1642 2036 1763 2071 Sceptro,
1782 2031 1894 2069 Anulo,
1915 2030 2089 2070 CalcarJhus,
2107 2032 2140 2063 &
2154 2034 2217 2062 aliis
2228 2034 2336 2071 Regali-

1272 2074 1338 2113 bus,
1355 2082 1440 2112 prout
1462 2073 1577 2111 decuit,
1597 2071 1748 2109 Magnates
1762 2072 1795 2102 &
1811 2070 1938 2101 Domini
1954 2070 2179 2101 Circumstantes
2195 2073 2334 2104 elevatum

1272 2112 1365 2151 ipsum
1380 2111 1546 2142 Dominum
1560 2112 1673 2149 Regem
1689 2111 1839 2148 posuerunt
1852 2110 1883 2139 in
1898 2108 2039 2139 Cathedra
2053 2109 2203 2148 praedicta,

1312 2151 1445 2182 PraediCti
1461 2149 1573 2180 Praelati
1587 2151 1621 2181 δε
1637 2148 1756 2186 Clerus,
1774 2147 1922 2178 decantato
1938 2147 2059 2177 Devoto
2074 2147 2186 2178 Psalmo
2201 2152 2237 2178 Te
2248 2153 2335 2180 Deum

1275 2193 1452 2227 Laudamus,
1471 2189 1557 2227 usque
1569 2188 1724 2219 Summum
1737 2187 1833 2218 Altare
1845 2185 2033 2226 praedictum,
2050 2185 2084 2216 ad
2099 2186 2203 2216 Altam
2223 2192 2270 2218 Mi
2291 2201 2336 2218 am

1274 2228 1460 2259 celebrandam
1468 2251 1479 2266 ,
1495 2227 1685 2265 accesserunt,

1312 2267 1350 2299 Et
1360 2291 1369 2306 ,
1387 2268 1416 2297 in
1431 2266 1527 2297 medio
1543 2266 1664 2305 ejusdem
1680 2264 1776 2296 Missae
1786 2287 1796 2303 ,
1816 2263 1891 2294 idem
1906 2265 2038 2293 Dominus
2053 2265 2112 2293 Rex
2127 2288 2136 2302 ‚
2155 2263 2340 2296 Descendens

1279 2306 1316 2337 de
1333 2307 1419 2337 Loco
1432 2306 1480 2336 suo
1495 2306 1580 2344 usque
1594 2305 1628 2334 ad
1636 2304 1769 2335 Gradum
1783 2313 1847 2333 ante
1854 2302 1947 2333 Altare
1960 2302 2146 2340 praedietum,
2163 2314 2245 2332 unam
2256 2307 2339 2334 Mar-

1277 2357 1336 2375 cam
1355 2347 1432 2374 Auri
1452 2344 1558 2375 ibidem
1579 2343 1709 2382 offerebat
1724 2365 1734 2382 ,
1761 2343 1793 2373 &
1814 2343 1916 2372 iterum
1936 2341 2086 2371 ascendens
2099 2342 2232 2379 repositus
2246 2343 2297 2373 fuit
2310 2344 2340 2373 in

1279 2383 1421 2414 Cathedra
1433 2383 1477 2413 sua
1490 2382 1624 2421 praedicta
1633 2407 1642 2421 ‚

1317 2422 1354 2453 Et
1368 2431 1452 2460 tunc,
1469 2421 1542 2453 dum
1554 2421 1641 2452 iidem
1655 2420 1766 2451 Praelati
1779 2420 1812 2450 &
1826 2418 1927 2449 Clerus
1941 2419 2014 2448 circa
2022 2417 2258 2456 Solempnitatem
2268 2419 2340 2450 Mis-

1280 2462 1316 2493 sae
1336 2461 1480 2500 praedidtae
1497 2462 1630 2498 occupati
1647 2461 1760 2490 fuerunt
1774 2483 1783 2496 ,
1798 2457 1898 2489 diversi
1912 2461 2023 2487 Domini
2034 2467 2072 2490 „rw
2093 2461 2240 2494 Magnetes
2256 2459 2341 2497 (quo-

1283 2510 1347 2531 rum
1362 2501 1480 2531 nomina
1493 2499 1707 2537 subsequuntur)
1722 2501 1883 2534 Homagium
1891 2495 1971 2536 ficum
1986 2498 2099 2533 Ligeum
2107 2496 2229 2537 praefato
2243 2501 2338 2527 Domi-

1281 2550 1315 2569 no
1330 2537 1417 2579 nostro
1427 2541 1493 2576 Regi
1498 2538 1660 2579 faciebant,
1681 2538 1829 2574 videlicet,

1282 2614 1428 2654 Johannes
1440 2619 1509 2645 Dux
1524 2613 1694 2653 Lancastriae
1702 2639 1712 2652 ‚

1284 2655 1443 2683 Edmuna'us
1460 2658 1548 2683 Comes
1563 2653 1757 2691 Cantebrigiae,

1283 2692 1429 2731 Johannes
1446 2696 1535 2722 Comes
1546 2691 1739 2722 Richemondiae
1747 2716 1758 2730 ,

1284 2731 1436 2760 edmundus
1452 2735 1539 2761 Comes
1554 2731 1690 2760 Marchiae
1699 2753 1709 2769 ,

1283 2770 1415 2799 Ricardus
1427 2772 1516 2799 Comes
1532 2769 1694 2798 Arundellae
1703 2791 1712 2807 ‚

1284 2808 1400 2838 Thomas
1431 2809 1463 2838 de
1499 2808 1670 2847 Beauchamp
1703 2811 1794 2836 Comes

1832 2614 1947 2649 Rogerus
1968 2611 1991 2642 le
2007 2615 2140 2650 straunge
2159 2612 2191 2642 de
2212 2612 2346 2651 Knokyn,

1833 2651 1977 2689 Johannes
1992 2650 2109 2688 Lovell,

1833 2688 1975 2728 Johannes
1991 2689 2019 2718 la
2035 2691 2150 2728 marre,

1835 2727 2041 2768 l'Valterusfitz
2057 2730 2189 2766 Wauter,

1836 2768 1879 2796 W
1877 2766 1999 2795 illielmus
2009 2767 2040 2795 de
2052 2765 2187 2804 Bardolf,

1832 2804 1977 2842 Johannes
1989 2804 2020 2833 de
2037 2807 2169 2842 Montagu
2177 2827 2188 2842 ,

1325 2849 1472 2877 Warwicae
1481 2870 1490 2885 ‚
1833 2842 1970 2872 Gilbertus
1985 2842 2099 2880 Talbot,

1286 2885 1450 2916 Willielmus
1463 2887 1495 2915 de
1507 2883 1618 2923 Uffird,
1633 2888 1722 2914 Comes
1731 2885 1796 2924 Suf—
1834 2880 1979 2919 Johannes
1993 2881 2024 2910 a'e
2039 2883 2218 2918 buttecourt,

1321 2924 1407 2962 fhlciae
1415 2947 1425 2962 ,
1834 2922 1929 2959 Henry
1941 2921 1972 2949 de
1986 2923 2070 2957 Greye
2084 2919 2115 2947 de
2130 2920 2172 2948 W
2170 2918 2255 2958 illan,

1286 2965 1367 3000 Hugo
1381 2967 1470 2992 Comes
1486 2959 1642 2999 Stzffbrdiae
1651 2984 1660 2999 ,

1287 3004 1330 3032 W
1329 3001 1451 3032 illielmus
1462 3001 1493 3029 de
1507 3002 1603 3029 Monte
1617 3003 1713 3029 Acuto
1721 3021 1732 3038 ,
1748 3002 1797 3029 Co-

1326 3051 1379 3070 mes
1393 3043 1506 3076 Sarum,

1288 3081 1420 3108 Hearicus
1434 3079 1464 3107 de
1477 3079 1557 3115 Percy
1566 3100 1576 3114 ,

1287 3118 1402 3148 Thomas
1418 3117 1448 3145 de
1462 3118 1529 3144 Roos
1547 3115 1578 3144 a'e
1593 3113 1733 3144 Hamelak
1742 3138 1752 3153 ,

1286 3155 1441 3195 Radulphus
1457 3153 1549 3192 Baffit
1561 3153 1593 3182 de
1607 3156 1733 3191 Drayton
1742 3177 1752 3191 ,

1287 3195 1432 3234 Johannc’s
1445 3193 1476 3221 de
1491 3190 1608 3228 chill,

1288 3234 1443 3264 Adamarus
1458 3232 1489 3260 de
1504 3232 1601 3259 Sandlo
1614 3230 1763 3269 Amaside,

1287 3271 1449 3310 Reginaldus
1463 3272 1517 3298 Gre
1530 3279 1547 3297 'e
1559 3269 1591 3297 de
1603 3268 1714 3306 Ruthyn
1722 3292 1732 3307 ,

1287 3310 1410 3350 Jacobus
1424 3309 1506 3338 Aua'e
1518 3318 1532 3336 e
1545 3308 1576 3336 de
1591 3306 1712 3344 Helegh,

1289 3352 1332 3381 W
1331 3348 1453 3379 illielmus
1467 3348 1498 3376 de
1506 3348 1531 3375 Z
1534 3345 1613 3375 ouche
1626 3347 1657 3375 de
1666 3348 1796 3386 Haryng-

1325 3387 1418 3417 worth

1285 3426 1418 3456 Robertus
1426 3410 1463 3453 ’de
1479 3421 1623 3463 Wlughby
1631 3445 1641 3461 ,

1287 3468 1402 3503 Rogerus
1416 3465 1447 3494 de
1460 3460 1564 3499 Scalas,

1833 2957 1979 2996 Johannes
1993 2960 2024 2987 de
2040 2957 2180 2997 IsVelynton
2189 2979 2199 2996 ,

1833 2996 1971 3035 Philippus
1987 2999 2096 3035 Darcy,

1834 3038 1861 3065 T
1857 3035 1948 3065 homas
1960 3036 1991 3064 de
2006 3033 2136 3072 Berkde,

1836 3073 1960 3103 fllichael
1972 3074 2003 3102 de
2016 3073 2043 3102 la
2062 3072 2140 3111 Pale,

1835 3110 1915 3150 Hugo
1932 3112 1960 3141 la
1976 3111 2080 3142 Zouche
2093 3112 2124 3141 de
2136 3109 2313 3149 Foulbourne,

1835 3150 1990 3189 Radulphus
2006 3152 2037 3180 de
2052 3149 2226 3187 Croumwell,

1837 3189 1999 3220 lVillielmus
2014 3192 2136 3218 Botreux
2145 3211 2154 3226 ,

1836 3228 1967 3257 Ricardus
1983 3231 2104 3267 Seymour
2117 3227 2147 3255 de
2159 3224 2305 3262 Somerset‚

1834 3266 1992 3305 Radulphus
2006 3269 2080 3294 Baro
2096 3266 2127 3294 de
2140 3263 2282 3303 GreJstok,

1836 3307 1879 3335 W
1877 3304 1999 3334 illielmus
2014 3305 2045 3333 de
2059 3302 2210 3340 Furnival,

1833 3343 2021 3373 Archibaldus
2037 3343 2068 3371 de
2087 3340 2179 3378 Grelly
2194 3362 2204 3378 ‚
2231 3341 2344 3378 Capita-

1874 3392 1937 3411 neus
1950 3383 1981 3410 de
1997 3381 2024 3410 la
2040 3379 2161 3417 Bouche,

1837 3420 1873 3450 Et
1887 3419 2059 3450 Smebrondus
2073 3419 2103 3448 de
2117 3421 2233 3455 Curton,

1327 3538 1480 3579 Completzi
1499 3538 1604 3568 etenim
1626 3537 1806 3575 solempniter
1828 3534 1905 3566 diet&
1926 3533 2012 3565 Missa
2025 3558 2034 3572 ‚
2055 3533 2181 3572 praefatus
2197 3532 2345 3563 Dominus

1287 3579 1368 3618 Rex,
1387 3589 1455 3609 cum
1471 3576 1598 3607 universo
1613 3575 1705 3607 Coetu
1720 3576 1864 3606 dictorum
1880 3573 2064 3603 praelatorum
2077 3597 2086 3610 ,
2107 3571 2291 3613 lkiagnatum,
2310 3572 2343 3601 ὃς

1288 3617 1445 3649 Procerum
1455 3639 1464 3654 ,
1481 3614 1516 3644 dc
1530 3614 1663 3652 pioedieta
1676 3614 1800 3644 Ecclesia
1816 3614 1908 3643 exiens
1918 3611 1967 3649 ,ad
1982 3612 2091 3642 dicium
2108 3611 2243 3640 Palatium
2252 3611 2342 3647 suum,

1287 3667 1337 3695 per
1358 3656 1484 3687 medium
1498 3653 1640 3691 praedictae
1657 3652 1774 3691 Magnae
1787 3651 1886 3688 Aulae,
1904 3651 1933 3680 in
1946 3652 2085 3688 privatam
2099 3648 2251 3679 Cameram
2267 3648 2344 3678 suam

1304 3695 1462 3726 erveniebat

1283 3705 1302 3735 p
1326 3733 1382 3772 Et,
1401 3715 1541 3770 quiescens
1561 3730 1601 3759 ibi
1624 3739 1672 3766 per
1694 3727 1872 3758 moderatum
1888 3727 2022 3765 spatium,
2039 3725 2223 3756 descendebat
2237 3726 2265 3754 in
2283 3725 2345 3755 Au-

1287 3772 1343 3803 lam
1359 3795 1369 3810 ,
1390 3771 1506 3807 lotisque
1527 3767 1663 3797 Manibus
1686 3767 1737 3797 suis
1756 3768 1846 3797 statim
1871 3766 1981 3796 sedebat
2003 3767 2032 3794 in
2046 3765 2120 3795 Sede
2134 3764 2179 3794 sua
2194 3763 2294 3803 Regali
2308 3763 2342 3794 ad

1289 3810 1386 3841 Altam
1402 3808 1548 3843 Mensam,
2340 3842 2344 3846 ῃ

1327 3849 1345 3868 ²¹¹
1366 3845 1586 3877 Recumbebant
1606 3845 1699 3881 itaque
1718 3854 1785 3874 cum
1807 3853 1843 3873 eo
1858 3867 1867 3880 ,
1881 3842 1915 3872 ad
1929 3840 2048 3883 eandem
2065 3822 2213 3879 Mensam,
2232 3840 2347 3879 plurimi
2366 3845 2380 3860 ¹·
2401 3845 2467 3870 Vll.

1287 3887 1470 3918 Praelatorum
1485 3883 1685 3920 praedffiiorum
1699 3891 1732 3912 ex
1746 3892 1861 3919 utraque
1876 3891 1951 3918 parte
1964 3883 2024 3916 lua,
2369 3884 2430 3909 160.

1328 3924 1373 3955 Ad
1403 3923 1539 3953 Dextram
1560 3923 1631 3951 vero
1653 3919 1773 3950 Costam
1797 3920 1881 3950 dletae
1900 3918 1982 3949 Aulae
2001 3917 2134 3948 tenebant
2154 3917 2345 3956 Principalem

1289 3963 1420 3994 Mensam
1435 3961 1554 3991 Ramnes
1574 3959 1712 3997 Qinque
1725 3959 1879 3994 Portuum,

1328 4001 1364 4031 Et
1385 3999 1582 4030 Secundariam
1603 3997 1709 4028 Clerici
1729 3998 1766 4027 de
1786 3994 1958 4026 Cancellaria
1978 3994 2102 4025 Domini
2113 3995 2215 4034 Regis,
2235 3995 2270 4025 de
2285 3993 2345 4023 Pri-

1291 4050 1338 4070 ma
1355 4041 1387 4071 &t
1401 4037 1529 4068 Secunda
1544 4035 1666 4073 Forma,
1686 4045 1734 4072 per
1749 4034 1973 4073 Affignationctn
1990 4033 2111 4064 Domini
2126 4034 2286 4068 Senescalli,
2328 4069 2333 4073 η

1329 4077 1364 4107 Et
1388 4076 1420 4106 ad
1442 4074 1504 4106 aliae
1527 4074 1639 4105 Mensae
1660 4074 1823 4110 inferiores,
1842 4073 1870 4102 in
1884 4072 1982 4102 eadem
1998 4071 2104 4110 Costa,
2122 4067 2349 4110 sedebantjusti-

2297 4114 2355 4136 cia-
