2561 4251
193 171 244 212 14

37 241 116 273 Aru.
133 239 176 270 D.

63 279 148 324 i387.

40 323 92 347 Ric.
115 327 141 345 τ..

547 331 598 363 De
622 333 698 363 Cera
718 328 911 363 Renovanda.

43 382 129 452 Αιζξ
135 419 176 449 D.
201 415 369 471 RIcardus
382 437 392 453 ,
418 414 475 444 Dei
496 414 600 454 gratia,
624 418 683 443 Κατ
705 414 818 452 Angliae
838 413 876 449 ὠ
896 417 1037 454 Franciae,
1063 414 1097 445 &
1119 412 1266 445 Dominus

67 460 151 498 1387,
272 453 439 492 Hiberniae,
455 453 640 484 Thesaurario
655 454 687 483 (x
703 452 869 484 Caiiierariis
883 452 948 491 suis,
967 454 1098 484 Salutem.

44 502 99 526 Aa.
118 508 160 524 11.
240 492 411 522 mandamus
430 493 511 522 vobis
535 492 614 529 quod
632 491 752 530 Coram,
771 491 937 523 existentem
953 494 1028 523 circa
1043 492 1173 532 Corpus,
1191 492 1266 523 cele-

44 541 75 564 R.
97 547 120 563 2.
204 531 258 560 bris
280 533 446 569 memoriae,
467 530 590 560 Donzini
613 531 649 558 E.
673 541 760 569 nuper
779 533 857 568 Regis
877 531 1008 569 Angliae,
1034 532 1096 561 Filii
1119 532 1206 570 Regis
1226 533 1267 561 H.

45 574 133 609 Claus
204 569 392 607 progenitoris
405 569 545 606 nostri,in
564 568 688 598 Eccleiia
700 570 772 600 beati
791 570 864 599 Petri
877 570 1184 600 Westmonasterieniis
1199 569 1267 600 Hu—

52 623 61 639 1
72 622 93 639 1.
111 616 139 638 A.
150 620 174 637 2.
201 618 328 646 marim,
345 607 381 637 de
398 607 527 638 Denariis
542 606 644 637 nostris
658 606 805 639 Renovari
820 608 943 647 faciatis,
964 617 1048 646 prout
1062 609 1195 639 haetenus
1209 608 1269 638 fieri

57 660 84 678 n.
124 652 149 676 6.
195 646 350 676 consuevit.

48 661 58 678 ⁷
103 660 120 685 ÷
237 685 325 715 Teste
350 684 431 722 Rege
452 684 526 721 apud
551 683 809 724 tWstmonaste-rium
822 706 833 722 ,
863 684 1002 716 vicefimo
1023 685 1100 716 sexro
1121 685 1167 716 die
1182 685 1268 725 julii,

202 724 291 754 Anno
308 723 403 762 Regni
417 723 506 754 nostri
521 723 686 753 undecimo.

515 862 573 892 Pro
595 855 803 904 Ambaffittore
829 857 954 905 Januae.

49 950 127 982 Ann.
137 949 181 980 D.

202 945 328 1005 REX
339 970 347 981 ,
365 944 514 976 Universis
530 945 563 975 ὃς
579 943 700 983 Singulis
715 943 890 982 Admitallis,
905 945 967 976 &c.
980 946 1113 977 Salutem.

70 990 157 1029 1337,
314 985 566 1029 Ctiin-Damianus
579 986 717 1019 catanus,
734 983 846 1028 Legum
861 983 979 1014 1)οᾶοῑ
993 985 1027 1015 &
1038 984 1182 1029 januensis
1198 986 1270 1018 Am-

48 1032 101 1056 Ar..
123 1038 165 1056 ii.
202 1025 338 1063 bassstor,
359 1034 406 1062 qui
425 1033 476 1061 pro
490 1025 566 1052 Duce
581 1032 613 1050 ac
628 1025 798 1051 Comum-tate
810 1021 937 1061 Januae,
955 1033 1024 1053 curn
1038 1023 1146 1068 Viginti
1160 1025 1270 1055 Homi-

50 1071 78 1095 Β.
97 1077 122 1094 z.
204 1064 303 1101 nibus,
322 1063 510 1093 Servienibus
529 1061 562 1091 δε
587 1060 707 1090 Famulis
721 1061 790 1098 suis,
806 1070 840 1090 ac
857 1060 963 1099 Viginti
979 1062 1082 1101 Equis,
1099 1073 1128 1092 in
1144 1063 1271 1094 Comiti-

50 1109 137 1132 Franc.
203 1112 239 1133 va
256 1102 317 1139 sua,
334 1112 387 1141 pro
408 1101 531 1140 ipsorum
548 1097 640 1129 Ducis
653 1097 924 1142 &tCotnmunitatis
936 1099 1088 1140 Negotiis,
1107 1102 1141 1132 ὃς
1158 1101 1271 1133 Volun-

55 1153 64 1170 ι
75 1153 97 1170 1.
117 1147 145 1169 R.
158 1152 183 1169 2.
205 1149 262 1171 tate
282 1141 362 1178 super
377 1140 457 1169 certis
473 1137 600 1168 Materiis
615 1136 712 1167 Nobis
727 1137 759 1167 &
775 1135 914 1167 Concilio
927 1138 1026 1169 nostro
1041 1141 1165 1179 expresse
1179 1141 1272 1171 decla-

50 1191 88 1208 m.
102 1191 146 1215 27.
206 1178 308 1215 rand-a,
334 1188 417 1217 penes
440 1177 620 1208 Praesentiam
641 1175 786 1212 nostram,
814 1176 886 1206 infra
905 1176 1041 1216 Regnum
1059 1178 1188 1209 nostrum
1211 1180 1272 1210 An-

204 1219 288 1254 gliae,
309 1226 397 1254 nuper
421 1216 545 1253 venerit,
563 1215 595 1245 &
613 1215 642 1244 in
656 1213 759 1243 eodem
773 1213 883 1252 Regno
898 1225 932 1246 ex
947 1216 1001 1247 hac
1015 1217 1093 1248 causa
1109 1217 1200 1249 adhuc
1216 1219 1272 1248 exi-

205 1256 273 1293 stat,
293 1254 423 1286 Licentia
438 1253 532 1284 nostra
546 1252 706 1290 mediante,

244 1294 312 1324 Nos
330 1299 403 1331 (pro
422 1302 523 1323 eorum
547 1290 636 1322 Mora
654 1292 686 1321 ἃ
709 1289 833 1334 Recessit
852 1291 951 1323 securis
965 1293 998 1323 ὃς
1013 1294 1113 1331 quietis
1128 1294 1269 1334 volentae,

204 1341 235 1363 ut
258 1333 411 1369 convenit,
437 1329 600 1368 providere)
629 1328 805 1366 Suscepimus
826 1330 917 1367 ipsum
937 1330 1134 1371 Damianum‚
1158 1343 1272 1365 necnon

207 1371 317 1411 Viginti
337 1370 500 1407 Homines,
520 1368 702 1399 *Servientes
717 1368 750 1398 &
774 1367 906 1399 Famulos
927 1369 1006 1409 suos,
1024 1371 1094 1401 infra
1113 1371 1190 1402 idem
1213 1372 1274 1403 Re-

205 1419 297 1450 gnum
316 1409 461 1446 nostrum,
486 1417 519 1437 ex
540 1408 592 1437 hac
612 1406 711 1444 causa,
731 1407 887 1444 morando,
907 1408 940 1438 &
962 1409 1062 1440 exinde
1083 1410 1118 1440 ad
1138 1410 1274 1450 Propria,

227 1459 256 1479 er
273 1449 447 1479 Dominium
461 1447 494 1477 &
512 1444 683 1477 potestatem
701 1444 812 1481 nostra,
831 1447 891 1476 tam
904 1456 953 1485 per
966 1448 1105 1486 Terram,
1123 1451 1208 1488 quam
1224 1459 1273 1490 per

249 1497 294 1517 are
308 1509 318 1525 ,
338 1485 482 1516 redeundo
496 1508 505 1523 ,
521 1494 636 1516 necnon
663 1483 757 1522 Bona,
778 1483 854 1526 Res,
872 1484 984 1524 Equos,
1006 1486 1156 1518 Monetam
1189 1488 1274 1526 Joca-

208 1526 261 1564 lia,
277 1526 310 1556 ὃ(
332 1524 469 1555 Hetnesia
490 1524 535 1554 sua
572 1532 755 1559 uaecumque,
774 1523 803 1552 in
823 1523 928 1553 salvum
954 1525 987 1554 ὃς
1006 1524 1132 1556 securum
1173 1527 1275 1557 ‘ondu-

209 1565 290 1595 &um
307 1563 454 1600 nostrum,
469 1572 502 1592 ac
519 1564 549 1592 in
591 1562 797 1599 roteffionem,
816 1560 1008 1602 Tuitionern,
1028 1564 1062 1595 &
1077 1564 1193 1595 Salvam
1210 1576 1274 1603 gar-

209 1603 287 1634 diatn
298 1601 404 1632 nostras
418 1601 545 1639 speciales
553 1625 562 1638 ,

247 1641 391 1671 Nolentes
414 1638 494 1677 quocl
513 1638 642 1679 praefatus
665 1641 836 1677 numianus,
852 1648 898 1670 aut
916 1640 1012 1678 aliquis
1028 1640 1194 1673 Hominum
1210 1643 1276 1675 Ser-

211 1681 341 1710 vientum
353 1678 398 1709 seu
415 1677 599 1709 Famulorum
612 1678 742 1714 suorum,
762 1680 847 1714 usque
859 1679 892 1708 ad
907 1678 1018 1708 dietum
1035 1681 1199 1712 Numerum
1209 1706 1218 1721 ,
1230 1684 1276 1714 seu

211 1718 291 1750 Bona
306 1742 315 1757 ,
334 1717 393 1747 Res
408 1739 416 1754 ,
436 1716 530 1756 Equi,
551 1715 672 1746 Moneta
687 1738 697 1754 ,
713 1715 838 1753 jocalia,
857 1717 902 1746 vel
924 1717 1061 1748 Herneiia
1080 1719 1143 1758 sua,
1162 1721 1276 1753 durante

212 1757 338 1795 praesenti
357 1754 515 1786 Conduetu
532 1754 646 1792 nostro,
664 1755 825 1793 capiantur,
841 1755 1033 1794 detineantur,
1053 1757 1097 1788 seu
1113 1760 1276 1797 quomodo-

210 1796 279 1826 libet
293 1793 458 1831 arestentur3

251 1833 288 1864 Et
310 1834 378 1863 ideo
393 1833 474 1863 vobis
490 1831 661 1862 Mandamus
673 1831 752 1870 quod
766 1831 854 1869 ipsum
871 1832 1068 1873 Damianum,
1085 1835 1145 1866 &c.
1162 1847 1221 1867 non
1236 1838 1279 1867 in—

211 1872 348 1909 ferentes,
364 1871 424 1901 &c-
459 1870 495 1901 Et
511 1871 531 1901 si
545 1870 629 1910 quid,
646 1870 706 1900 δερ.

251 1910 285 1940 ln
301 1910 395 1947 cujus,
410 1910 470 1939 &c-
486 1908 570 1948 usque
583 1909 616 1939 ad
632 1908 896 1941 Sextumdecimum
909 1909 987 1940 diem
1000 1910 1278 1953 Augusti,proxitno

214 1949 341 1980 futurum
351 1971 360 1985 ,
377 1948 526 1977 duraturas.

249 1986 339 2018 Teste
355 1986 436 2027 Rege
450 1985 523 2026 apud
539 1984 816 2026 l½stm07zasterium,
834 1996 934 2027 quarto
949 1988 995 2018 die
1007 1988 1083 2027 Julii.

52 1383 72 1403 ¹³
92 1385 159 1411 VII.

52 1432 118 1458 557-

897 2065 951 2094 Per
969 2065 1122 2097 Concilium.

376 2202 425 2234 De
443 2196 672 2232 Protefflombus
685 2226 695 2241 ,
715 2198 806 2245 fizper
824 2201 922 2232 Mora
940 2203 971 2232 in
988 2200 1121 2247 Ispania.

66 2291 145 2322 Arm,
160 2291 200 2324 D,
223 2287 280 2349 C
289 2284 437 2317 Ariffimus
452 2284 544 2314 Frater
558 2283 646 2327 Regis
659 2283 803 2322 Johannes
817 2285 848 2314 de
863 2284 977 2327 Holand
990 2285 1093 2325 Miles,
1113 2288 1160 2326 qui
1174 2290 1203 2319 in
1217 2289 1283 2320 Ob-

89 2331 173 2371 1387-
298 2325 424 2362 sequium
441 2323 544 2362 Regis,
562 2333 590 2352 iri
606 2321 769 2360 Comitiva,
789 2324 920 2353 carissimi
938 2324 1030 2354 Patrui
1048 2326 1154 2365 Regis,
1169 2327 1285 2365 Johan-

66 2373 118 2397 An.
139 2380 180 2397 ii.
220 2367 262 2394 nii·
280 2366 358 2399 Regis
378 2361 498 2401 Castellae
519 2360 557 2396 όν
576 2364 701 2398 Legionis
722 2360 813 2391 Ducis
827 2361 1014 2401 Lancastriae,
1035 2364 1063 2394 in
1079 2366 1200 2401 partibus
1214 2366 1285 2407 Ispa-

69 2413 98 2435 R.
120 2419 144 2435 2,
220 2404 275 2432 nice
299 2410 441 2438 moratur,
458 2400 542 2430 habet
561 2400 666 2429 Literas
689 2399 776 2438 Regis
795 2400 831 2429 de
849 2399 1049 2440 Proteffione,
1068 2412 1137 2434 curn
1156 2403 1284 2438 Clausula

69 2450 147 2473 franc
219 2441 369 2509 νοὲιπιὲἷ,
389 2450 437 2480 per
452 2448 540 2469 unum
555 2438 674 2469 Annum
688 2438 837 2468 duraturas.

159 2505 164 2511 .
280 2489 302 2508 r.
354 2488 380 2507 c.

69 2489 201 2557 :nt'gf'
293 2515 382 2546 Teste
396 2514 479 2554 Rege
492 2515 565 2554 apud
581 2512 856 2554 W'estmonasterium,
873 2515 986 2555 Qiinto
1001 2515 1060 2547 Die
1066 2517 1143 2557 Julii,

659 2594 709 2621 Per
726 2591 829 2621 Billam
843 2593 875 2621 de
893 2595 1010 2623 Privato
1026 2594 1127 2633 Sigillo.

456 2667 623 2698 Consimilcs
646 2667 750 2698 Literas
772 2668 874 2700 liabent
893 2669 1053 2709 subscripti,

261 2746 383 2778 Thomas
400 2745 431 2774 de
450 2743 591 2783 Driffi'eld,
611 2744 750 2784 Armiger.

262 2784 401 2817 PValterus
417 2783 514 2813 Smale.

258 2823 409 2854 Richardus
428 2825 559 2853 Dominus
578 2822 610 2851 de
629 2823 780 2861 szynges,

259 2862 355 2893 Miles.

410 2998 504 3042 Super
526 2996 674 3028 Elec‘lione
695 2993 828 3028 Abbatis
849 2994 1104 3041 bWstmonasterii.

76 3086 152 3116 Ann.
168 3084 211 3116 D.
229 3081 417 3144 URbanur
441 3080 598 3120 Episcopus,
616 3081 717 3111 Servus
737 3081 890 3112 Servorum
910 3082 984 3121 Dei,
1003 3083 1143 3115 cariffimo
1156 3085 1186 3114 in
1202 3085 1288 3115 Chri-

100 3125 184 3164 1387.
320 3120 364 3151 sto
386 3119 458 3149 Filio
473 3143 482 3157 ,
498 3120 630 3149 Richards
650 3122 715 3157 Regi
737 3119 849 3157 Angliae
871 3120 972 3152 illustri
986 3145 996 3160 ,
1012 3123 1138 3154 Salutem
1156 3123 1189 3154 &
1207 3123 1288 3161 Apo-

75 3166 129 3191 Av.
148 3173 191 3192 ii.
230 3160 357 3192 stolicam
374 3157 613 3188 Benedietionem.

78 3205 106 3229 r.
126 3212 152 3228 2.
264 3198 372 3229 Gratia:
393 3196 510 3227 Divinae
527 3196 683 3226 Praemium
699 3197 732 3228 ὅ(
747 3196 880 3227 humanae
895 3198 979 3229 laudis
995 3199 1175 3230 Praeconium
1191 3203 1284 3240 acqui-

76 3243 118 3265 Lx
134 3240 207 3276 orig.
227 3238 296 3268 iitur
329 3236 366 3274 fi,
384 3245 432 3273 per
453 3234 595 3265 Seculares
618 3234 778 3272 Principes,
797 3235 922 3266 Personis
945 3237 1158 3276 Ecclesiasticis,
1176 3241 1287 3277 praeser-

77 3277 104 3302 in
123 3279 184 3304 Tur.
224 3277 280 3345 ξφ
295 3261 442 3342 ῥίἓηίῑαὲε
456 3273 594 3312 praeditis,
613 3275 748 3311 oportuni
762 3273 875 3304 Favoris
891 3274 1057 3308 Praelidium
1071 3279 1104 3309 &
1118 3276 1224 3308 Honor
1238 3278 1287 3309 de-

247 3322 300 3345 itus
314 3322 409 3350 imperi
429 3321 497 3342 atur.

263 3352 396 3383 Exhibita
419 3350 552 3389 siqnidem
573 3349 672 3380 Nobis
693 3357 800 3388 nuper,
823 3360 875 3388 pro
894 3361 986 3391 parte,
1010 3354 1179 3383 dileetorum
1202 3354 1288 3384 Filio-

228 3400 311 3429 rum,
332 3388 474 3419 Willielmi
492 3388 619 3418 Abbatis
634 3390 667 3419 ὃς
683 3388 852 3420 Conventus
866 3391 1031 3422 Monasterii
1047 3391 1287 3431 westmonasterii,

229 3430 374 3460 Romanae
392 3427 528 3458 Ecclesiae
542 3427 704 3458 immediate
718 3426 842 3461 Sirbis-eti
852 3451 860 3466 ,
880 3429 998 3460 Ordinis
1011 3431 1107 3461 Saneti
1123 3430 1286 3469 Benedicti,

229 3467 424 3499 Londoniensi
440 3466 589 3504 Dioecese,
607 3465 711 3495 Petitio
724 3467 902 3504 continebar,

267 3505 361 3544 QuOd
383 3505 473 3541 olim,
493 3503 674 3534 Monasterio
693 3503 768 3542 ipso,
787 3515 833 3543 per
855 3506 977 3535 Obitum
1001 3507 1147 3546 quondam
1160 3507 1287 3545 Nicolai,

229 3544 298 3574 dieti
317 3542 485 3573 hflonasterii
501 3542 641 3581 Affatis,
659 3551 733 3572 extra
750 3543 916 3574 Romanam
931 3544 1047 3575 Curiam
1065 3545 1220 3584 Defuneti,
1239 3557 1287 3576 va-

228 3591 329 3620 cante,
348 3581 467 3611 Abbatis
481 3580 638 3617 Regimine
652 3579 802 3619 destituto,
820 3582 889 3612 dieti
902 3581 1087 3621 Conventus,
1104 3585 1210 3614 vocatis
1221 3594 1286 3613 om-

230 3622 312 3650 nibus
325 3620 372 3657 qui
386 3619 554 3656 voluerunt,
571 3620 744 3656 debuerunt,
763 3621 796 3650 ὃς
810 3629 959 3659 potuerunt
973 3621 1115 3653 Electioni
1129 3622 1286 3660 hujusmodi

229 3657 391 3688 commode
413 3657 538 3687 interesse
554 3681 565 3696 ,
587 3657 645 3687 Die
665 3658 698 3686 ad
720 3656 890 3697 Eligendurn
913 3659 1024 3698 praefixa
1039 3683 1048 3697 ,
1075 3669 1106 3691 ut
1126 3661 1210 3690 moris
1229 3660 1285 3698 est,

229 3695 444 3726 Convenientes
463 3696 492 3724 in
509 3705 598 3726 unum
614 3695 783 3732 praedietum
798 3697 839 3725 W
842 3697 1006 3735 illielmum,
1025 3699 1105 3736 ipsius
1120 3698 1286 3728 Monasterii

232 3733 429 3771 Monachum,
453 3733 594 3764 Ordinem
616 3734 705 3772 ipsum
727 3734 849 3771 expresse
869 3736 1041 3774 professum,
1058 3738 1091 3767 ὃ(
1106 3738 1135 3767 in
1150 3736 1287 3767 Sacerdo-

230 3772 271 3801 tio
291 3771 494 3808 constitutum,
511 3773 539 3801 in
552 3782 650 3801 eorum
666 3773 698 3802 &
712 3773 781 3802 ἀίέῒί
798 3772 965 3804 Monasterii
978 3775 1121 3805 Abbatem
1137 3776 1288 3805 concordi-

230 3817 273 3839 ter
293 3809 446 3847 elegerunt,
464 3809 575 3848 ipseque
595 3809 768 3839 willielmus
788 3810 932 3841 Ele&ioni
955 3813 1111 3849 hujusmodi
1131 3813 1218 3851 illius,
1239 3814 1289 3844 sibi

232 3846 396 3888 praesentato
411 3847 554 3886 Deci-eto,
573 3847 725 3886 consensit,
742 3849 772 3878 iri
783 3849 835 3878 hiis
844 3852 976 3880 omnibus
992 3851 1105 3882 Statutis
1118 3861 1133 3882 a
1145 3853 1202 3890 jure
1216 3860 1289 3882 tem-

230 3884 344 3923 poribus
357 3885 511 3915 observatis.

271 3921 385 3959 Qare,
403 3932 455 3958 pro
477 3932 553 3959 parte
572 3923 722 3955 willielmi
743 3924 877 3963 Abbatis‚
894 3927 927 3956 ὃς
947 3926 1118 3958 Conventus
1139 3928 1293 3964 praeditsto—

231 3969 299 3992 rum
313 3982 323 3996 ,
348 3960 428 3988 nobis
449 3960 501 3990 fuit
522 3962 663 3992 humiliter
683 3963 864 4001 supplicatum
885 3973 914 3993 ut
934 3965 1112 3997 Electionem
1134 3967 1291 4005 hujusmodi

232 3997 404 4069 coglfirmare
419 3997 590 4037 Benignitate
604 4000 769 4039 Apostolica
782 4000 974 4041 dignaremur,

230 4070 243 4078 L
304 4045 336 4067 os
350 4043 448 4075 igitur,

81 3324 107 3341 n.
131 3324 172 3343 10,

651 154 1466 205 CONVENTIONES,

1306 240 1378 271 Post
1394 242 1643 282 deliberationem,
1659 253 1747 282 quam
1768 243 1847 283 super
1867 245 1919 274 hiis
1941 223 2010 275 cum
2028 242 2169 278 Fratribus
2191 243 2294 277 nostris
2314 245 2365 278 ha·
2379 244 2456 315 Αιπέ.
2466 242 2508 277 D.
2540 243 2542 245 ’

2400 293 2433 324 13
2458 293 2485 319 7.

1523 154 1911 205 LITERAE,

1301 280 1412 311 buimus
1426 281 1602 321 diligentem,

1340 318 1497 359 Religionis
1510 319 1603 359 Zelo‚
1622 319 1790 351 Litterarum
1806 320 1938 359 scientia,
1956 319 2035 351 Vitae
2047 322 2200 363 munditiei,
2219 322 2364 354 honestate
2378 325 2430 352 Ric.
2451 333 2478 351 2.

1304 356 1448 397 Morum,
1467 358 1577 398 aliisque
1599 359 1801 398 multiplicium
1823 358 1972 389 Virtutum
1993 358 2105 398 Bonis,
2121 362 2220 400 quibus
2242 361 2366 393 Persona

1303 391 1376 427 dieti
1397 396 1563 435 Willielmi,
1579 406 1663 436 prout
1684 397 1892 436 fidedignorum
1913 396 2100 428 Testimoniis
2118 408 2186 431 acce
2207 402 2296 440 imus,
2310 401 2369 431 illa-

1302 444 1367 464 rum
1390 434 1538 474 Largitor,
1558 436 1704 466 Dominus
1726 437 1885 476 insignivit,
1903 445 2019 466 necnon
2041 436 2167 473 ipsorum
2208 438 2369 478 onventfis,

1302 471 1413 517 distum
1431 474 1626 505 Willielmum
1648 474 1838 515 Eligentium,
1857 473 1998 506 concordi
2010 475 2170 515 voluntate,
2185 478 2289 510 attenta
2300 477 2370 509 Me-

1302 511 1438 542 ditatione
1451 514 1583 552 pensatiS,

1342 549 1513 586 Huiusmodi
1527 551 1784 589 Supplicationibus
1800 552 1945 592 inclinati,

1343 588 1558 658 {Elpdtionem
1574 590 1660 628 ipsam
1676 590 1780 621 Raram
1794 591 1926 622 habentes
1939 591 1973 623 &
1989 590 2128 630 Oratam,

1374 637 1391 658 c
1427 637 1462 667 up

1307 665 1337 694 in
1350 665 1448 696 eadem
1464 628 1628 704 Elleffione,

1343 703 1438 743 Ipsum
1455 705 1723 742 (Refer-vationibus
1739 705 1912 744 Apostolicis
1925 715 1985 736 non
1999 706 2177 738 obstantibus
2191 708 2372 746 quibuscum-

1308 743 1382 780 que)
1416 744 1591 775 Auctoritate
1623 743 1792 783 Apostolica
1806 767 1816 783 ‚
1849 745 1969 775 Tenore
2000 744 2158 776 Literarum
2191 746 2350 778 nostrarum
2363 771 2374 786 ,

1309 780 1338 811 C
1347 791 1367 811 o
1378 790 1400 812 N
1411 791 1429 812 F
1437 792 1448 812 1
1459 792 1480 813 R
1492 791 1519 813 M
1530 792 1548 812 A
1559 793 1578 812 ν
1588 792 1600 812 1
1611 791 1638 812 M
1646 791 1669 812 u
1680 792 1692 813 s
1707 806 1717 821 ,
1740 782 1850 813 Curam
1865 806 1874 821 ‚
1900 781 2044 822 Regimen
2059 805 2069 821 ,
2093 785 2127 814 &
2146 784 2373 817 Administratio-

1308 830 1376 850 nem
1396 821 1466 851 dieti
1484 820 1651 851 Monasterii
1667 821 1727 851 Sibi
1740 822 1769 851 in
1783 821 1975 860 Spiritualibus
1990 821 2113 859 plenarie
2127 824 2354 864 committendo,

1346 858 1440 901 Firma
1459 860 1506 897 spe
1524 860 1684 897 fiduciaque
1707 870 1800 892 conce
1822 862 1854 890 tis
1873 860 1972 901 quod,
1990 859 2125 900 dirigente
2139 860 2274 893 Domino
2285 863 2376 894 Actus

1308 897 1390 934 ipsius
1412 897 1554 928 Willielmi
1571 899 1714 937 Abbatis,
1730 909 1767 936 pr*
1810 900 1902 930 iCtum
1919 897 2132 930 Monasterium
2143 921 2151 936 ‚
2169 909 2219 937 per
2234 899 2290 931 suae
2307 899 2376 932 Cir-

1308 936 1527 975 cumspeffionis
1549 936 1716 967 Industriam
1729 938 1763 968 &
1775 937 1909 968 Studium
1920 937 2074 968 fruetosum
2084 960 2094 976 ,
2112 937 2240 976 Regetur
2254 939 2375 979 utiliter,

1308 975 1343 1005 δε
1364 975 1495 1014 prospere
1512 975 1676 1013 Dii-ioeetur,
1690 985 1723 1006 ac
1738 984 1814 1014 grata
1827 977 1858 1006 in
1871 975 1976 1006 eisdem
1989 975 2182 1014 Spiritualibus
2195 976 2228 1007 &
2242 976 2377 1018 Tempo-

1309 1012 1409 1044 ralibus
1423 1014 1556 1051 Suscipiat
1587 1022 1771 1052 ncrementa3

1332 1051 1427 1095 'Cum
1450 1053 1533 1091 igitur
1550 1052 1624 1083 (Fili
1645 1052 1798 1096 cariffime)
1819 1052 1851 1083 fit
1870 1053 1980 1097 virtutis
1999 1063 2018 1083 o
2042 1063 2071 1083 us
2086 1053 2152 1096 ‘Dei
2166 1052 2316 1085 Ministros
2329 1055 2380 1086 be-

1309 1098 1399 1168 ἱὲξὲῗέ
1418 1090 1986 1173 {2133ss,p53l235:5‚}⁶er{3{2{25;b{25ss
2010 1093 2163 1169 κίἒὲῗέἐ
2179 1092 2381 1163 ἕὲοὴέῗὲἓξὲἕ

1310 1169 1416 1197 attente
1439 1176 1566 1206 quatinus
1585 1168 1707 1198 eundem
1728 1168 1921 1199 Willielmum
1941 1168 2108 1206 Abbatem,
2123 1169 2156 1200 &
2171 1169 2380 1201 Monasterium

1310 1205 1365 1236 suae
1379 1205 1468 1237 Curre
1482 1206 1687 1245 commissum,
1703 1206 1807 1237 habens
1821 1217 1874 1247 pro
1889 1206 1999 1237 Divina
2011 1208 2046 1239 ὃς
2058 1206 2171 1238 Nostra
2181 1218 2214 1238 ac
2233 1209 2380 1246 Apostoli-

1313 1254 1357 1275 cae
1373 1244 1451 1275 Sedis
1468 1244 1640 1275 Reverentia
1654 1245 1815 1285 propensius
1829 1245 2028 1284 comendatos,
2035 1245 2073 1276 sic
2085 1256 2134 1276 eos
2151 1246 2267 1284 benigni
2279 1246 2384 1278 favoris

1311 1283 1415 1314 auxilio
1429 1284 1612 1326 prosequaris,
1631 1284 1712 1322 quod
1727 1284 1804 1314 idem
1816 1284 1926 1322 Abbas,
1943 1293 1999 1315 tuae
2015 1283 2196 1315 Celsitudinis
2208 1285 2292 1315 fultus
2307 1296 2384 1324 prae-

1312 1322 1397 1360 fidio,
1417 1323 1445 1352 in
1468 1322 1625 1352 commisso
1646 1323 1696 1353 fibi
1710 1321 1864 1362 Regimine
1879 1323 2005 1361 praedieti
2020 1322 2189 1354 Monasterii
2203 1323 2300 1354 utilius
2313 1333 2384 1364 pro-

1313 1359 1397 1390 ficere
1412 1361 1518 1398 valeat,
1533 1360 1620 1399 tuque
1633 1361 1755 1400 proinde
1767 1369 1882 1392 aeterriae
1896 1361 2045 1392 Felicitatis
2058 1361 2179 1392 Praemia
2191 1362 2385 1401 consequaris,

1312 1408 1346 1429 ac
1361 1398 1431 1429 Nos
1446 1397 1651 1430 Cellitudinem
1664 1407 1742 1430 tuam
1757 1399 1879 1439 Regiam
1893 1400 2042 1439 condignis
2053 1399 2190 1438 poffimus
2203 1401 2233 1430 in
2247 1400 2382 1432 Domino

1312 1437 1437 1468 laudibus
1454 1437 1667 1468 commendare.

1349 1474 1418 1507 Dat.
1437 1479 1522 1506 Lucae
1540 1477 1645 1509 oCtavo
1662 1476 1704 1508 Id.
1716 1476 1802 1516 Julii,
1817 1476 2004 1508 pontificatus
2018 1477 2106 1508 nostri
2120 1477 2211 1509 Anno
2223 1476 2361 1509 Decimo.

1384 1613 1443 1644 Pro
1471 1610 1554 1643 Clero
1585 1613 1748 1643 Provinciae
1771 1608 1974 1657 Burdqgalk,
1999 1609 2035 1642 de
2057 1622 2114 1642 non
2131 1610 2312 1652 Gravando.

1321 1695 1473 1752 REX*
1490 1695 1614 1727 Dilectis
1630 1696 1839 1764 fibi’stl‘gm'
1857 1695 2030 1734 Submajori,
2047 1694 2204 1736 Praepofito
2238 1696 2358 1728 Clerico
2397 1696 2474 1728 Ann.
2489 1697 2536 1734 D,=
2558 1700 2559 1703 ’

2186 1784 2224 1804 rae
2239 1775 2382 1812 Burdega-
2400 1737 2518 1804 Ait-383¹..

1385 1859 1402 1880 x
1415 1852 1494 1889 gravi
1507 1852 1567 1882 tam
1582 1850 1775 1890 Qerimonia
1788 1849 1865 1880 Cleri
1879 1849 1984 1880 nostrae
1998 1849 2156 1889 Dioecefis,
2173 1851 2207 1881 &
2221 1849 2385 1882 Provinciae
2403 1818 2480 1890 aasz*
2495 1862 2504 1880 1
2514 1855 2539 1883 ιζ

1399 1734 1598 1773 Procuratori,
1619 1734 1738 1773 Juratis,
1788 1734 1895 1773 ivibus,
1914 1733 2114 1773 Burgenfibus‚
2137 1735 2171 1766 &
2188 1721 2244 1766 al’iis
2266 1720 2381 1774 quibuss

1317 1781 1461 1811 cumque,
1480 1773 1680 1804 Habitantibus
1701 1773 1734 1804 &
1754 1772 1968 1803 Habitatoribus
1985 1776 2119 1802 Civitatis

1318 1810 1382 1880 [ἐι-ἐ
1398 1813 1447 1850 qui
1468 1822 1546 1842 nunc
1566 1813 1643 1850 sunt,
1658 1812 1701 1855 vel
1713 1812 1760 1856 qui
1776 1821 1829 1849 pro
1843 1820 1973 1850 tempore
1986 1811 2107 1849 fuerint,
2125 1811 2144 1841 S
2190 1820 2258 1843 tem.

1493 636 1569 658 entes
1582 637 1703 659 omnem
1718 628 1876 659 Defectutn
1883 652 1894 668 ,
1912 631 1995 669 siquis
2007 629 2158 661 Eieettone
2173 630 2372 672 intervenerit,
2385 590 2480 667 355}ss

1319 1888 1393 1919 Burd
1430 1889 1541 1928 alensis,
1559 1899 1643 1929 quam
1663 1898 1696 1918 ex
1717 1887 1869 1919 Relatione
1883 1888 2091 1927 quamplurium
2106 1887 2257 1928 Ligiorum
2273 1888 2385 1920 nostro·
2405 1896 2434 1919 R.
2456 1901 2483 1919 2.

1320 1936 1384 1957 rum
1423 1928 1611 1968 dedignorum
1627 1927 1755 1959 Partium
1769 1926 1894 1966 illarum,
1913 1926 2013 1957 nostris
2031 1925 2072 1957 est
2085 1926 2209 1959 Auribus
2226 1928 2389 1959 intimatum
2407 1939 2443 1958 m.
2458 1931 2485 1956 6.

1320 1966 1400 2005 quod
1420 1977 1486 2005 vos,

1360 2004 1493 2036 Dile<stos
1515 2006 1597 2036 nobis
1632 2003 1800 2035 Canonicos
1815 2003 2005 2035 Ecclefiamm
2019 2003 2192 2036 Sanstorum
2207 2003 2331 2036 Andreae
2349 2004 2384 2036 ὃς

1322 2042 1466 2083 Severini,
1485 2044 1570 2074 dietae
1585 2028 1714 2074 Civitatis
1726 2043 1830 2073 nostrae
1842 2042 2014 2082 Burdegaliae
2022 2066 2033 2082 ,
2046 2044 2079 2074 &
2094 2043 2162 2074 alios
2176 2042 2211 2073 de
2229 2042 2318 2074 Clero
2332 2054 2386 2074 no-

1323 2081 1382 2112 stro
1401 2081 1543 2114 Dioecefis
1562 2084 1594 2113 &
1610 2081 1772 2112 Provincia:
1787 2081 2009 2121 Burdegaienfis‚
2024 2090 2124 2112 contra
2138 2082 2315 2112 Libertatem
2329 2081 2387 2114 Ec·

1322 2120 1520 2159 clesiasticam,
1538 2122 1698 2161 opprimere
1714 2121 1746 2151 &
1763 2120 1888 2151 infestare
1904 2119 2092 2157 multipliciter
2106 2119 2273 2161 satagentes,

1362 2158 1436 2196 Ipsos
1459 2159 1641 2197 Canonicos‚
1660 2159 1692 2190 &
1715 2159 1777 2189 alias
1799 2158 1931 2190 Personas
1951 2157 2172 2197 Ecclefiasticas,
2196 2160 2253 2190 tam
2270 2160 2299 2188 in
2313 2158 2390 2190 ditsta

1325 2196 1448 2229 Civitate
1471 2198 1661 2237 Burdegaliae,
1680 2199 1768 2236 quam
1786 2206 1878 2235 extra,
1897 2199 1926 2227 in
1951 2197 2020 2227 Fide
2040 2197 2073 2228 &
2095 2195 2268 2228 Obedientia
2291 2197 2392 2228 nostris

1324 2236 1470 2267 existentes
1485 2261 1495 2276 ,
1525 2239 1621 2267 colore
1644 2235 1829 2274 quarumdam
1853 2235 2012 2266 Literarum
2032 2234 2191 2267 nostrarum
2213 2235 2393 2275 Patentium,

1324 2285 1373 2313 per
1385 2285 1496 2306 certum
1513 2284 1623 2315 ternpus
1638 2275 1850 2312 duraturarum,

1363 2313 1417 2344 Per
1439 2324 1506 2353 quas
1520 2313 1721 2344 Conceffimus
1734 2314 1815 2343 vobis
1828 2312 1969 2352 quandam
1983 2312 2027 2343 Im
2068 2311 2196 2342 sirionem
2211 2311 2382 2350 (videlicet)

1326 2350 1496 2383 Duodecim
1518 2351 1712 2383 Denariorum
1726 2351 1762 2382 de
1776 2351 1860 2382 Libra
1876 2351 2007 2381 Monetae
2053 2353 2184 2390 urrentis,
2202 2351 2280 2390 super
2292 2352 2391 2382 omni-

1324 2391 1377 2421 bus
1399 2391 1564 2421 Rebellibus
1585 2392 1618 2422 &
1640 2389 1769 2421 Inimicis
1788 2389 1909 2428 nostris,
1929 2391 1962 2420 &
1977 2389 2031 2420 Sex
2047 2389 2239 2420 Denariorum
2253 2390 2288 2420 de
2304 2389 2391 2421 Libra

1325 2429 1360 2460 de
1381 2429 1480 2460 eadem
1502 2429 1623 2460 Moneta
1643 2428 1723 2467 super
1741 2429 1791 2458 illis
1811 2429 1860 2466 qui
1881 2428 1980 2459 Nobis
2002 2427 2174 2458 Obedientes
2192 2427 2331 2466 existunt,
2345 2439 2394 2459 ca-

1346 2468 1430 2499 iendo
1451 2478 1536 2499 unam
1561 2467 1748 2498 Medietatem
1762 2468 1798 2498 de
1812 2466 1990 2505 Venditore²
2009 2467 2042 2498 &
2057 2466 2141 2497 aliam
2158 2465 2344 2497 Medietatem
2356 2466 2392 2497 de

1325 2477 1482 2575 ἓῐιηρῑοτε,
1500 2507 1535 2537 de
1556 2505 1743 2537 Mercandifis
1765 2516 1828 2544 quae
1850 2507 1879 2535 in
1899 2504 2023 2537 Civitate
2043 2504 2181 2546 praedieta
2206 2505 2394 2536 venderentur

1325 2555 1362 2576 ve
1387 2554 1544 2575 emerentur

1365 2584 1410 2614 Ad
1432 2568 1595 2614 solvendum
1617 2583 1755 2622 Quinque
1768 2581 1895 2619 Solidos,
1914 2581 2073 2620 hujusmodi
2089 2581 2220 2612 Monetae
2256 2592 2307 2620 pro
2319 2592 2394 2622 quo-

1327 2622 1394 2653 libet
1411 2621 1502 2652 Dolio
1516 2622 1583 2652 Vini
1598 2623 1722 2659 ipsorum
1734 2620 1949 2651 canonicorum
1964 2620 1998 2650 &
2014 2618 2202 2650 Personarum
2217 2605 2390 2651 Ecclesiasti-

1328 2670 1425 2691 carum
1435 2684 1444 2699 ‚
1463 2671 1511 2698 per
1532 2660 1604 2700 ipsos
1623 2660 1668 2690 seu
1684 2669 1786 2690 eorum
1803 2658 1959 2689 Servientes
1973 2659 2003 2688 in
2017 2657 2092 2688 dieta
2107 2656 2232 2689 Civitate
2245 2658 2391 2697 Vendito,

1328 2701 1377 2738 &‚
1395 2708 1508 2738 propter
1528 2699 1603 2738 hoc,
1622 2699 1713 2738 plures
1734 2698 1795 2728 alias
1809 2697 1912 2728 Tallias
1927 2697 1960 2728 &
1974 2696 2105 2727 Summas
2119 2696 2324 2736 Pecuniarum,
2341 2707 2389 2728 au—

1329 2739 1459 2768 ctoritate
1474 2737 1563 2768 vestra
1579 2737 1709 2775 propria,
1726 2736 1827 2775 absque
1841 2745 1942 2765 eorum
1957 2734 2074 2765 Ass'ensu
2089 2735 2124 2766 δε
2139 2734 2312 2773 Voluntate,
2329 2736 2391 2767 abs-

1327 2787 1382 2816 que
1401 2778 1483 2807 etiam
1499 2776 1592 2820 Regia
1607 2776 1798 2812 Auctoritate,
1817 2773 1916 2812 saepius
1928 2774 2099 2814 compellere
2113 2774 2337 2814 praesumpsistis,
2355 2775 2388 2806 &

1328 2816 1417 2846 indies
1430 2816 1598 2854 compellitis
1611 2816 1703 2845 minus
1713 2812 1789 2852 juste
1807 2822 1814 2842 ι

1364 2854 1409 2884 Ac
1431 2855 1515 2884 etiam
1533 2853 1612 2894 quod
1630 2852 1706 2891 Vos,
1725 2852 1825 2882 colore
1836 2850 2023 2891 quarumdam
2037 2849 2195 2881 Literarum
2214 2849 2392 2889 Patentium,

1330 2891 1454 2922 Domini
1470 2895 1506 2920 E.
1520 2902 1607 2930 nuper
1622 2894 1701 2928 Regis
1715 2889 1845 2928 Angliae,
1866 2890 1922 2920 Avi
1937 2889 2044 2926 nostri,
2059 2889 2147 2918 Antio
2164 2888 2260 2927 Regni
2273 2889 2312 2918 sui
2328 2889 2391 2919 An-

1327 2930 1391 2967 gliae
1411 2931 1572 2961 Tricesimo
1594 2929 1718 2961 secundo
1738 2929 1895 2966 factarum,
1912 2928 1946 2958 ad
1968 2926 2152 2957 Voluntatem
2168 2927 2250 2965 ipsius
2263 2926 2320 2958 Avi
2335 2937 2389 2957 no-

1329 2968 1375 2998 stri
1389 2969 1582 2999 duraturarum
1591 2992 1600 3007 ,
2233 3003 2238 3008 ·

1365 3006 1420 3037 Per
1432 3018 1498 3045 quas
1512 3005 1650 3037 concessit
1665 3006 1745 3036 vobis
1759 3004 1838 3043 quoti
1852 3004 1923 3033 nulli
1937 3004 1998 3041 alii,
2017 3010 2115 3040 praeter
2127 3002 2276 3041 vos,Vina
2290 3004 2320 3033 in
2327 3003 2388 3033 Ta-

1327 3045 1431 3083 berna,
1450 3047 1478 3075 in
1496 3045 1620 3075 Ciuitate
1634 3043 1786 3082 praedieta,
1805 3054 1819 3073 a
1840 3042 1925 3072 Festo
1950 3040 2132 3071 Pentecostcs
2145 3064 2155 3079 ‚
2174 3041 2259 3079 usque
2277 3041 2312 3072 ad
2336 3042 2389 3072 Fe-

1329 3084 1403 3114 stum
1419 3084 1513 3113 &insti
1530 3083 1693 3115 Michaelis„
1711 3082 1832 3110 vendere
1844 3080 1972 3119 possent,

1366 3121 1440 3159 Ipsos
1457 3121 1621 3152 Canonicos
1633 3122 1665 3150 &
1685 3119 1818 3149 Personas
1837 3117 2042 3148 ecclesiasticas
2060 3117 2222 3157 praedietas,
2239 3119 2392 3157 quominus

1328 3161 1375 3197 ipsi
1391 3160 1463 3189 Vina
1477 3161 1521 3189 sua
1535 3159 1645 3198 propria
1658 3181 1666 3195 ,
1684 3159 1713 3187 in
1737 3157 1861 3187 Civitate
1882 3156 2014 3195 praedit‘h
2026 3179 2036 3194 ,
2054 3167 2070 3186 a
2091 3156 2177 3186 Festo
2197 3156 2393 3196 Pemecostes,

1328 3199 1411 3237 usque
1427 3199 1460 3228 ad
1474 3198 1584 3228 dictum
1598 3195 1713 3226 Festum
1727 3195 1823 3226 SanCti
1839 3195 2001 3231 Michaelis,
2020 3204 2069 3234 per
2084 3194 2121 3225 Se
2141 3194 2186 3225 vel
2209 3205 2309 3226 eorum
2326 3195 2391 3226 Ser-

1327 3238 1448 3274 vientes,
1468 3245 1550 3273 prout
1568 3236 1702 3265 haetenus
1723 3234 1800 3264 licite
1814 3235 1906 3265 facere
1929 3233 2137 3265 consueverunt
2151 3256 2161 3272 ,
2185 3233 2218 3264 &
2238 3233 2392 3271 debererit,

1327 3276 1434 3305 temere
1448 3274 1627 3311 impedivistis
1641 3275 1673 3304 δε
1692 3273 1849 3313 impeditis,
1866 3281 2038 3311 quamquam
2052 3271 2210 3310 hujusmodi
2231 3271 2388 3302 Conceffio

1326 3314 1433 3382 praefati
1445 3313 1502 3343 Avi
1518 3312 1605 3343 nostri
1619 3312 1731 3343 ulterius
1745 3312 1829 3352 quam
1844 3312 1949 3342 vixerat
1961 3311 2060 3341 locum
2078 3319 2138 3340 non
2155 3310 2252 3340 habuit
2271 3321 2324 3342 nec
2339 3320 2389 3341 va-

1336 3352 1401 3421 ebffi
1410 3376 1554 3429 similiter,
1572 3390 1679 3420 disturn
1694 3388 1813 3419 Clerum
1829 3389 1889 3427 plus
1900 3397 2012 3436 gravare
2029 3388 2164 3425 nitentes,
2186 3386 2299 3417 Divino
2321 3385 2388 3416 Ho-

1327 3439 1400 3459 nore
1416 3429 1591 3467 postposito,
1610 3428 1707 3458 Portas
1723 3428 1756 3458 &
1768 3427 1870 3465 Januas
1885 3427 2015 3457 Civitatis
2032 3436 2065 3456 ac
2089 3425 2172 3455 Villae
2194 3434 2294 3455 contra
2316 3425 2388 3464 ipsos

1325 3467 1490 3498 Canonicos
1527 3468 1559 3498 &
1575 3477 1677 3498 eorum
1691 3466 1834 3496 Homines
1848 3467 1880 3496 ὃς
1896 3465 2062 3502 Servientes,
2079 3464 2230 3503 quominus
2243 3463 2293 3501 ipsi
2309 3462 2389 3494 *Ec-
2410 3472 2429 3491 :ir
2446 3474 2514 3501 νη.

2407 3521 2424 3547 5
2427 3520 2444 3548 5
2447 3521 2474 3546 9-
2496 3539 2503 3546 .

1325 3507 1418 3537 clesias
1431 3491 1594 3545 praedicitas,
1614 3507 1688 3535 horis
1700 3504 1814 3541 debitis,
1832 3504 1918 3533 libere
1930 3503 2039 3541 ingredi
2053 3503 2087 3533 &
2106 3502 2181 3532 exire
2195 3525 2205 3540 ,
2227 3501 2272 3532 seu
2296 3501 2387 3540 Vina,

1327 3545 1427 3583 Blada,
1445 3546 1478 3575 ὃς
1494 3545 1545 3575 alia
1559 3544 1638 3574 Bona
1651 3544 1695 3573 sua
1708 3543 1742 3572 ad
1759 3541 1875 3572 Domos
1889 3542 1945 3572 suas
1961 3542 2070 3572 ibidem
2091 3541 2196 3571 ducere
2216 3540 2250 3571 δε
2275 3540 2383 3583 deferre

1326 3584 1451 3622 valeant,
1471 3583 1541 3614 sicut
1554 3583 1692 3619 solebant,
1710 3581 1743 3610 &
1760 3588 1790 3610 ut
1804 3580 1875 3617 ipsos
1891 3580 1982 3611 facere
1993 3587 2154 3618 oporteret,
2171 3579 2280 3609 temere
2297 3577 2330 3608 &
2341 3587 2384 3608 in-

1322 3621 1397 3660 juste
1413 3622 1552 3657 impeditis
1564 3620 1661 3658 saepius
1675 3620 1707 3649 ὅ(
1723 3618 1759 3648 de
1772 3619 1863 3649 farfto:

1362 3660 1399 3690 Et
1414 3660 1536 3697 insuper,
1555 3658 1670 3697 quando
1683 3657 1826 3694 contingit
1861 3657 1918 3687 uod
1933 3657 1967 3687 ali
1989 3666 2032 3686 uae
2045 3655 2155 3687 Gentes
2169 3654 2337 3698 Armorum,
2349 3654 2386 3685 de

1327 3698 1432 3733 Regno
1451 3698 1548 3727 nostro
1564 3697 1695 3734 Angliae,
1712 3696 1754 3726 vel
1769 3696 1842 3726 aliun
1865 3706 1897 3733 e,
1913 3706 1966 3733 pro
2012 3695 2151 3724 efensione
2165 3691 2266 3735 Patriae
2281 3692 2390 3724 &Do-

1327 3730 1407 3766 minii
1423 3735 1510 3766 nostri
1523 3735 1646 3773 ibidem,
1663 3734 1709 3764 seu
1721 3733 1772 3764 alia
1795 3734 1891 3764 Causa
1917 3734 2033 3764 veniunt
2046 3755 2056 3770 ‚
2078 3733 2166 3771 ipsas,
2189 3739 2219 3759 in
2241 3729 2389 3775 Domibus

1327 3775 1383 3805 sive
1397 3775 1531 3812 Hospitiis
1544 3774 1666 3813 ipsorum
1679 3772 1896 3803 canonicorum
1906 3793 1915 3808 ‚
1930 3772 1963 3802 &
1986 3771 2167 3815 Personarum
2189 3766 2390 3800 Ecclesiastica-

1328 3823 1410 3852 ’Μ’
1428 3814 1500 3881 ³¹33}
1518 3810 2071 3883 ἧῧιὲῗέἓᾟοῗέῐῗὲῗὲιὲ“ἕέἒὲἓ“ἓέἑῗ
2078 3807 2268 3881 spissis}
2282 3817 2388 3877 323?

1328 3861 1628 3933 giissffiuarnerbentes
1643 3888 1697 3917 illae
1712 3889 1742 3917 in
1754 3887 1810 3917 aliis
1823 3868 1969 3952 Domlibtl‘s
1983 3884 2039 3928 sive
2048 3881 2186 3936 ‘Hospitiis
2202 3869 2387 3923 Burgenfiun}

1330 3928 1417 4002 dldgtae,
1431 3926 2112 4004 {affiagisetpqffieigtstc’ossp'estggzniocgisitggi,lias
2132 3958 2267 4004 Personas
2287 3959 2389 4004 Eccle-

1328 4003 1461 4041 siasticas,
1477 4002 1579 4040 absque
1594 4002 1727 4032 Processu
1747 4002 1781 4031 &
1800 3999 1899 4030 Causae
1912 3997 2118 4042 ‘Cognitionest
2136 4006 2212 4041 extra
2230 3997 2388 4042 Ciwtatem

1329 4041 1510 4079 praedietam,
1529 4041 1621 4072 subito
1635 4040 1732 4079 expelli
1747 4039 1780 4070 &
1793 4046 1919 4069 amoveri
1933 4036 2036 4075 facitis,
2055 4038 2105 4067 nili
2119 4036 2260 4076 praedietis
2269 4035 2394 4106 ἓξὲξ
